4059 6317
550 4586 693 4628 Homo

496 4647 676 4690 unctus

504 4719 658 4764 speon·

712 470 830 532 420

1803 458 2222 529 SERMONES
2263 459 2364 527 DE
2401 459 2795 530 TEMPORE.

705 616 1038 686 nunquam
1062 597 1362 665 evacuari
1384 602 1617 683 posset,
1646 602 2241 684 quantumcumque
2347 596 2485 686 rius
2536 615 2650 681 per
2700 595 3094 680 disciplinam
3153 596 3328 661 vitae.
3384 594 3748 661 Bernardus
3794 595 3819 632 ‘
3870 618 3889 661 ι

707 708 855 774 inde
898 706 1308 790 acciperetur.
1356 704 1523 772 Talis
1569 707 1761 790 pyxis
1810 708 1905 771 est
1956 703 2243 774 Christus

707 820 928 882 tenens
969 815 1325 882 mercedem
1377 819 1661 881 nostram
1713 813 2237 881 inevacuabilem.

710 923 730 959 ¹
760 945 792 984 α
814 921 935 1001 Qui
959 921 1195 988 timetis
1228 921 1594 1005 Dominum,
1620 923 1857 990 credite
1879 923 1993 999 illi,
2025 925 2090 986 et
2114 936 2245 998 non

710 1028 1125 1093 evacuabitur
1177 1047 1420 1095 merces
1480 1034 1714 1097 vestra.
1763 1053 1795 1092 ι
1854 1029 2043 1096 vides
2086 1044 2247 1109 ergo

710 1134 883 1217 quod
931 1151 1173 1201 merces
1216 1135 1325 1202 illa
1369 1154 1502 1202 non
1543 1141 1641 1203 est
1675 1136 2038 1202 transitoria
2064 1183 2083 1215 ,
2108 1134 2248 1199 -sed

714 1244 979 1307 aeterna.
1017 1241 1420 1325 Augustinus
1442 1246 1505 1309 ¹:
1544 1266 1577 1306 α
1602 1243 1651 1312 O
1678 1244 1995 1327 regnum!
2034 1260 2075 1307 o
2106 1240 2251 1322 glo-

713 1348 882 1413 riam
910 1366 1163 1433 semper
1186 1368 1501 1432 veracem,
1526 1354 1588 1416 et
1605 1350 1915 1416 veraciter
1925 1349 2250 1431 sempiter-

716 1472 893 1533 nam,
924 1457 1127 1538 cujux
1160 1455 1278 1522 lux
1300 1457 1558 1538 verim,
1590 1460 1774 1542 cnjus
1796 1456 1904 1521 lex
1932 1455 2011 1538 (a)
2043 1455 2253 1520 chari-

717 1566 843 1641 tas,
885 1566 1072 1646 cujus
1112 1565 1342 1631 modus
1392 1566 1729 1631 aeternitas.
1758 1586 1789 1625 n
1827 1564 1944 1628 Hae
1979 1567 2255 1645 quatuor

722 1672 980 1735 aeternae
1055 1671 1362 1736 mercedis
1432 1671 1823 1737 conditiones
1879 1670 2253 1752 significatae

721 1776 954 1842 suntin
980 1778 1277 1860 praesenti
1302 1776 1675 1859 Evangeli0.
1705 1776 2046 1843 Considera
2060 1795 2259 1860 quan-

722 1883 827 1963 do,
867 1900 907 1947 a
945 1901 1075 1967 quo
1090 1932 1113 1964 ,
1144 1884 1249 1949 cui
1266 1933 1283 1966 ,
1313 1884 1469 1967 quid
1507 1884 1714 1950 detur.
1764 1883 2070 1961 Quando?
2104 1884 2258 1967 quia

723 2007 889 2055 sero.
917 1991 973 2054 A
998 1995 1170 2073 quot
1211 1990 1365 2074 quia
1394 2009 1434 2055 a
1455 1994 1886 2074 procuratore.
1913 1989 2029 2055 Cui
2047 1991 2081 2053 Ἰ
2105 1991 2259 2074 quia

723 2096 1095 2164 novissimo.
1140 2096 1348 2176 Quid?
1392 2097 1543 2180 quia
1586 2096 1905 2162 denarius.
1938 2095 2259 2179 Recipitur

724 2222 968 2271 merces
1001 2208 1243 2270 aeterna
1285 2204 1610 2283 celeriter3
1654 2203 1825 2269 unde
1850 2203 2064 2268 statim
2091 2221 2256 2284 ser0,

725 2310 791 2375 id
812 2318 907 2377 est
928 2315 1155 2392 morte,
1175 2311 1384 2392 datm,
1417 2312 1599 2376 finito
1627 2310 1855 2376 diurno
1882 2311 2083 2395 hujus
2108 2311 2259 2377 vitae

726 2420 963 2485 labore.
1009 2420 1371 2485 Secundum
1415 2419 1589 2485 enim
1633 2419 1847 2500 legem
1891 2419 2115 2483 eodem
2158 2418 2261 2483 die

727 2545 969 2593 merces
994 2526 1230 2592 laboris
1252 2525 1573 2591 reddenda
1599 2529 1727 2603 est,
1757 2526 1926 2590 sicut
1953 2525 2185 2592 dicitur
2212 2527 2256 2593 ⁸.

727 2634 1116 2701 Persolvitur
1142 2633 1335 2699 etiam
1360 2632 1668 2714 largiter;
1696 2631 1868 2696 unde
1885 2649 2015 2696 non
2039 2634 2122 2697 ab
2142 2652 2259 2698 an-

730 2743 901 2824 gele,
941 2760 1072 2806 non
1095 2742 1178 2805 ab
1217 2739 1431 2823 aliquo
1458 2743 1675 2805 sancto
1696 2787 1716 2819 ‚
1755 2740 1865 2804 sed
1890 2758 1932 2803 a
1958 2759 2262 2824 procura-

727 2852 886 2928 tore,
914 2847 979 2912 id
1003 2850 1101 2911 est
1134 2865 1175 2911 a
1207 2847 1486 2926 Christo,
1517 2848 1628 2929 qui
1657 2847 2141 2913 liberalissimus
2166 2854 2262 2914 est

728 2956 933 3021 dator.
966 2954 1328 3022 Deservitur
1355 2955 1649 3034 faciliter3
1703 2955 1873 3021 unde
1907 2956 2265 3023 novissimis

728 3066 979 3129 tantum
1021 3079 1155 3128 una
1196 3061 1358 3127 hora
1400 3060 1831 3127 laborantibus
1866 3061 2077 3141 datur,
2104 3063 2266 3130 sicut

727 3168 960 3234 latroni
976 3169 1046 3233 in
1068 3186 1276 3234 cruce.
1298 3167 1664 3234 Possidetur
1681 3170 2062 3251 perenniter3
2093 3173 2265 3238 unde

729 3275 1028 3341 denarius
1052 3274 1274 3354 datur,
1312 3274 1424 3358 qui
1463 3291 1580 3340 sua
1605 3277 1989 3343 rotunditate
2015 3280 2264 3345 aeterni·

729 3385 923 3447 tatem
949 3382 1292 3466 significat.

1268 3560 1557 3632 SERMO
1601 3562 1722 3635 IV.

803 3705 909 3771 Sic
952 3709 1138 3772 erunt
1187 3704 1532 3772 novissimi
1565 3705 1799 3788 primi,
1828 3711 1886 3773 ct
1907 3708 2111 3789 primi
2149 3705 2259 3776 no·

723 3813 984 3880 vissimi
1013 3812 1059 3876 ⁴.
1089 3811 1372 3878 Verbum
1402 3811 1573 3877 istud
1612 3813 1876 3895 plenum
1905 3818 2000 3878 est
2033 3831 2255 3879 conso-
2299 3837 2307 3846 ·

721 3920 978 3998 latione,
1009 3922 1073 3983 et
1096 3918 1532 4002 trepidatione.
1552 3916 1779 3985 Videre
1805 3925 2018 3985 autem
2046 3939 2266 4003 possu-

721 4046 868 4093 mus
905 4029 977 4093 in
1016 4027 1166 4108 Dee,
1216 4028 1287 4091 in
1329 4028 1610 4110 angelis,
1651 4028 1721 4092 in
1758 4029 2163 4111 hominibus,
2200 4035 2265 4095 et

719 4135 1141 4215 daemonibus,
1162 4135 1332 4218 quod
1350 4136 1538 4219 primi
1561 4135 1891 4202 novissimi
1906 4137 2052 4202 facti
2078 4141 2250 4203 sunt.

719 4242 1203 4309 Consideremus
1244 4242 1595 4325 primatum
1636 4242 1931 4309 divinum
1953 4291 1972 4321 ‚
2005 4245 2255 4327 angeli·

718 4368 891 4432 cum,
923 4351 1286 4414 humanum
1301 4397 1318 4428 ,
1348 4349 1756 4415 diabolicum.
1799 4349 2055 4416 Primus
2081 4352 2255 4417 enim

718 4456 884 4522 Deus
893 4460 988 4522 est
997 4457 1348 4522 aeternitate
1362 4456 1388 4493 ⁸
1408 4478 1425 4519 ι
1455 4478 1486 4518 c
1504 4456 1760 4522 Primus
1779 4457 1945 4522 dicet
1970 4458 2051 4523 ad
2071 4457 2257 4524 Sion:

718 4562 875 4629 Ecce
902 4563 1150 4629 adsum.
1188 4584 1221 4623 n
1251 4561 1405 4629 Sion
1451 4562 1816 4644 Ecclesiam,
1850 4564 1949 4629 vel
1973 4565 2258 4639 animam

716 4657 1029 4754 sanctam,
1060 4691 1207 4758 quae
1241 4673 1567 4758 speculum
1601 4673 1710 4739 Dei
1745 4678 1842 4739 est
1860 4723 1879 4754 ‚
1912 4674 2252 4757 significat.

477 4768 691 4877 ’.ῗῗοὲῗ
717 4781 1172 4865 Interpretatur
1203 4780 1376 4845 enim
1401 4780 1746 4862 speculum.
1777 4780 2121 4864 Speculum
2149 4803 2261 4849 au.

476 4905 600 4939 nm

713 4893 845 4956 tem
868 4889 1208 4956 hominum
1235 4891 1298 4953 et
1319 4887 1464 4966 Dei,
1493 4887 1689 4953 homo
1716 4893 1993 4954 sanctus.
2024 4888 2257 4973 Specu-

712 4996 852 5062 lum
889 4996 999 5062 Dei
1040 4999 1137 5062 est
1172 4994 1442 5060 interius
1488 5012 1601 5077 per
1640 4994 2024 5062 munditiam
2075 5015 2258 5062 cons-

712 5104 994 5184 cientiae3
1040 5101 1373 5187 speculum
1412 5105 1634 5168 autem
1677 5102 2022 5170 hominum
2067 5108 2255 5171 exte-

774 5298 999 5362 [Ea-li„
1033 5311 1098 5362 ιι,
1133 5301 1183 5351 8.
1210 5325 1274 5338 -
1311 5300 1330 5331 ²
1365 5300 1496 5366 Aug.
1526 5326 1588 5338 —
1620 5300 1640 5332 ³
1686 5301 1855 5362 Dent„
1895 5313 2040 5363 xxw,
2077 5305 2159 5353 14.
2194 5327 2256 5341 -

709 5378 733 5414 ὁ
757 5371 961 5429 Natta„
989 5383 1080 5436 xx,
1108 5373 1190 5424 16.
1214 5397 1277 5409 —
1303 5372 1326 5407 ⁸
1350 5374 1470 5429 Ῑεα..
1500 5383 1608 5435 xm,
1635 5374 1716 5425 27.
1746 5399 1809 5411 -
1833 5375 1856 5410 ⁶
1888 5374 2155 5439 Bernard.,
2183 5373 2246 5426 de

710 5441 931 5508 consid„
959 5442 1047 5496 lib.
1078 5443 1165 5511 lv,
1191 5457 1247 5495 n.
1270 5445 1319 5498 2.
1353 5469 1415 5484 -
1444 5445 1461 5474 ⁷
1485 5443 1608 5506 lea„
1634 5455 1743 5511 xm,
1777 5446 1827 5497 4.
1847 5471 1912 5488 -
1938 5447 1958 5478 ⁸
1989 5446 2162 5514 Apoc„
2196 5459 2231 5510 ι,

2359 725 2392 765 α
2443 704 2613 782 Quos
2653 721 2788 787 prae
2830 703 3030 769 oculis
3075 701 3310 781 habes,
3354 704 3445 767 ita
3490 702 3567 785 (b)
3613 703 3896 768 ordinati

2351 810 2479 874 sint
2502 811 2604 893 (c),
2634 811 2724 875 ita
2734 811 3053 876 informati
3079 810 3208 875 sint
3229 810 3327 895 (ο),
3355 813 3671 893 quatenus
3688 809 3781 892 (d)
3802 814 3896 875 to-

2351 917 2482 981 tius
2514 916 2864 982 honestatis
2888 921 2953 983 et
2978 916 3219 982 ordinis
3242 916 3366 1001 ipsi
3401 917 3530 981 sint
3555 916 3628 1000 (c)
3665 933 3896 1000 specu-

2354 1021 2515 1103 lum,
2537 1022 2660 1106 ipsi
2685 1023 2810 1088 sint
2838 1025 2911 1106 (c)
2940 1024 3168 1090 forma.
3198 1045 3231 1084 n
3265 1022 3388 1090 Sed
3413 1024 3667 1107 primus
3690 1024 3898 1090 tactus

2356 1136 2453 1196 est
2499 1131 2885 1196 novissimus
2926 1132 2993 1197 in
3036 1133 3328 1215 passione
3342 1180 3364 1211 ‚
3412 1130 3567 1214 quia
3606 1131 3693 1196 ad
3744 1149 3898 1196 eum

2357 1238 2710 1304 humanam
2745 1243 3069 1316 naturam,
3110 1256 3259 1323 quae
3297 1238 3647 1305 novissimo
3687 1243 3900 1304 creata

2359 1349 2477 1425 est,
2517 1347 2996 1411 assumendo-⁷:
3038 1368 3071 1408 α
3106 1346 3249 1428 Ego
3284 1347 3586 1413 Dominus
3648 1346 3898 1430 primus

2359 1455 2425 1517 et
2448 1452 2852 1518 novissimus.
2878 1475 2910 1514 n
2945 1451 3069 1518 Sed
3109 1454 3458 1520 notandum
3496 1456 3673 1538 quod
3704 1456 3899 1520 etiam

2360 1559 2712 1625 secundum
2744 1560 3215 1627 humanitatem
3253 1560 3539 1627 Christus
3570 1564 3645 1627 in
3681 1562 3901 1646 aliquo

2362 1669 2578 1732 tamen
2624 1671 2719 1731 est
2759 1667 3028 1750 primus,
3082 1672 3147 1733 et
3187 1685 3319 1732 non
3368 1668 3797 1747 novissimus;
3832 1669 3903 1732 in

2363 1772 2576 1855 aliquo
2595 1773 3004 1856 novissimus,
3029 1778 3092 1839 et
3111 1792 3246 1840 non
3272 1777 3546 1860 primus;
3580 1776 3655 1841 in
3680 1776 3897 1860 aliquo

2364 1880 2639 1961 primm,
2692 1884 2755 1945 et
2809 1883 3238 1962 novissimus3
3292 1883 3365 1947 in
3411 1883 3631 1967 aliquo
3691 1901 3903 1967 neque

2364 1986 2612 2068 primus
2627 2037 2644 2069 ,
2676 2006 2883 2072 neque
2917 1990 3325 2056 novissimus.
3358 1990 3644 2072 Primus,
3676 1994 3747 2056 et
3770 2008 3903 2056 non

2365 2095 2750 2161 novissimus
2799 2101 2895 2161 est
2938 2098 3009 2161 in
3064 2097 3521 2163 resurrectione
3560 2097 3650 2163 ad
3697 2097 3901 2162 vitam

2368 2202 2790 2269 immortalem
2820 2222 2838 2268 ε
2867 2204 3088 2270 nullus
3112 2204 3285 2269 enim
3322 2207 3468 2268 ante
3506 2222 3661 2269 eum
3684 2221 3899 2269 resur·

2366 2308 2534 2373 rexit
2569 2310 3012 2377 immortaliter
3042 2313 3066 2349 ⁸
3097 2334 3113 2377 ε
3153 2335 3185 2374 α
3210 2311 3691 2394 Primogenitus
3726 2328 3901 2376 mor-

2366 2420 2649 2497 tuorum,
2680 2437 2710 2477 ¹»
2744 2423 2866 2483 etc.
2894 2419 3052 2484 Item
3080 2419 3490 2497 novissimus,
3517 2421 3583 2483 et
3611 2436 3746 2483 non
3772 2418 3900 2501 pri-

2370 2540 2515 2587 mus
2542 2524 2871 2609 injudicio
2898 2531 3186 2592 extremo
3217 2548 3234 2590 z
3264 2527 3399 2609 lpse
3437 2525 3611 2591 enim
3650 2544 3787 2589 non
3811 2528 3904 2589 est

2368 2632 2617 2714 primus
2643 2634 2756 2716 qui
2777 2634 3279 2716 fecitjudicium3
3309 2634 3421 2699 sed
3449 2634 3575 2698 erit
3607 2633 3899 2699 ultimus.

2370 2739 2526 2804 Item
2553 2741 2819 2823 primus,
2863 2746 2928 2807 et
2963 2742 3350 2808 novissimus
3384 2742 3452 2805 in
3474 2741 3795 2807 nascendo
3821 2757 3904 2805 ex

2368 2844 2654 2928 Virgine,
2702 2849 2856 2931 quia
2890 2867 3101 2932 neque
3136 2853 3283 2914 ante
3320 2867 3473 2914 eum
3511 2850 3757 2914 factum
3781 2850 3896 2927 aet,

2369 2971 2577 3036 neque
2614 2958 2757 3037 post
2805 2973 2953 3020 eum
2993 2956 3120 3021 flet.
3166 2957 3325 3022 Item
3364 2974 3578 3041 neque
3626 2955 3894 3041 primus,

2368 3077 2578 3144 neque
2625 3061 3013 3128 novissimus
3059 3062 3129 3127 in
3184 3063 3475 3146 passione
3495 3111 3514 3141 ,
3552 3064 3712 3148 quia
3760 3065 3901 3126 ante

2369 3183 2520 3231 eum
2560 3171 2623 3231 et
2648 3170 2789 3250 post
2808 3186 2977 3254 ‚eum
3010 3168 3199 3234 multi
3235 3163 3428 3253 passi.
3458 3169 3715 3236 Primus
3740 3184 3896 3252 quo-

2369 3291 2498 3356 que
2541 3279 2639 3339 est
2674 3274 2945 3357 angelus
2985 3276 3296 3358 dignitate
3342 3300 3359 3343 :
3404 3278 3679 3360 angelus
3730 3275 3896 3342 enim

2369 3380 2601 3463 angelo
2653 3382 2910 3463 dignior
2950 3386 3064 3448 est.
3115 3383 3292 3450 Unde
3340 3385 3614 3467 angelus
3665 3381 3897 3451 Danieli

2368 3489 2531 3553 dixit
2554 3490 2576 3526 ⁹
2613 3510 2631 3555 ε
2673 3512 2705 3552 α
2728 3490 2996 3555 Michael
3028 3493 3208 3555 unus‘
3239 3491 3319 3556 de
3344 3492 3736 3576 principibus
3769 3489 3897 3573 pri-

2369 3614 2517 3662 mus
2553 3598 2734 3664 venit
2776 3598 2858 3662 ad
2900 3598 3292 3682 adjutorium
3337 3599 3520 3664 mihi.
3574 3621 3607 3661 a
3666 3599 3753 3664 De
3794 3596 3892 3661 his

2368 3705 2615 3787 primus
2648 3705 2770 3770 ruit
2811 3705 3063 3772 Lucifer
3073 3710 3191 3787 „et
3226 3706 3488 3791 quidam
3524 3706 3634 3771 alii
3660 3707 3740 3773 de
3763 3723 3891 3770 cor-

2364 3811 2702 3877 ruentibus
2741 3834 2758 3877 :
2803 3813 3221 3896 superbiendo
3250 3814 3454 3879 factus
3486 3819 3584 3880 est
3623 3812 3889 3879 novissi-

2366 3937 2515 3985 mus
2559 3923 2624 3984 et
2668 3919 3205 4002 profundissimus
3242 3920 3313 3985 in
3346 3921 3699 3987 inferno¹⁹2
3748 3943 3780 3984 α
3802 3918 3889 3984 lbi

2365 4028 2565 4093 Assur
2578 4074 2600 4107 ,
2647 4031 2712 4092 et
2754 4027 2962 4100 omnis
3008 4027 3350 4093 multitudo
3394 4031 3567 4110 ejus,
3619 4044 3887 4114 qnorum

2366 4136 2513 4200 data
2540 4138 2692 4200 sunt
2725 4135 3062 4217 sepulchra
3082 4134 3154 4200 in
3172 4135 3535 4202 novissimis
3562 4136 3705 4216 laci,
3734 4132 3887 4199 scili-

2365 4246 2465 4308 cet
2488 4242 2563 4327 (e)
2608 4242 2862 4308 inferni.
2889 4264 2921 4304 a
2957 4242 3263 4327 Sepulcra
3272 4247 3422 4309 sunt
3446 4244 3886 4327 profunditates

2365 4368 2697 4433 poenarum
2719 4396 2741 4429 ,
2779 4350 2850 4415 in
2884 4351 3119 4434 quibus
3170 4356 3323 4416 sunt
3359 4353 3662 4434 speciales
3710 4348 3884 4417 amici

2363 4457 2637 4523 Luciferi
2649 4458 2692 4494 ¹¹
2707 4474 2724 4522 ε
2756 4479 2788 4518 α
2801 4456 3088 4523 Mortuus
3098 4461 3192 4523 est
3206 4458 3407 4537 dives,
3424 4461 3489 4523 et
3500 4459 3783 4543 sepultus
3796 4457 3884 4520 est

2364 4564 2434 4628 in
2457 4564 2723 4629 inferno.
2745 4585 2779 4625 ι»
2817 4563 2995 4629 Unde
3022 4551 3267 4630 inridet
3278 4566 3523 4631 homini
3548 4564 3884 4632 novissimo

2363 4671 2727 4737 ascendenti
2751 4670 2834 4737 ad
2861 4672 3205 4754 primatum
3230 4689 3425 4736 suum
3451 4673 3520 4736 in
3541 4674 3721 4739 coelo.
3741 4670 3880 4736 Gre-

2366 4779 2592 4860 gorius
2623 4779 2669 4814 ί*
2705 4796 2723 4843 :
2768 4777 3088 4843 lmmundi
3145 4778 3405 4862 spiritus
3447 4783 3624 4846 tanto
3687 4775 3881 4859 magis

2362 4887 2700 4952 ascendere
2724 4885 2914 4951 corda
2936 4885 3277 4950 hominum
3313 4885 3634 4967 invident,
3662 4886 3881 4971 quanto

2362 5015 2405 5060 a
2430 4994 2784 5061 coelestibus
2808 5011 2875 5059 se
2911 5011 3025 5077 per
3054 4993 3344 5060 elationis
3377 5011 3517 5060 suae
3542 4991 3873 5060 immundi·

2362 5105 2519 5169 tiam
2533 5105 2840 5187 projectos
2860 5100 3103 5169 vident.
3123 5123 3156 5162 n
3181 5100 3434 5168 Primus
3466 5102 3658 5168 etiam
3681 5099 3876 5168 estho-

2362 5222 2412 5272 5.
2434 5244 2497 5257 —
2525 5219 2545 5250 ⁰
2573 5220 2724 5280 Dan„
2754 5229 2809 5279 x,
2838 5219 2916 5270 13.
2943 5242 3004 5256 —
3027 5216 3284 5278 ¹⁰Ezech„
3309 5228 3479 5283 xxxu,
3499 5220 3580 5270 22.
3598 5244 3665 5258 -
3686 5219 3724 5254 ¹¹
3749 5216 3871 5274 Luc-2

2361 5303 2470 5354 xvr,
2494 5293 2572 5342 22.
2604 5314 2666 5329 -
2693 5290 2737 5324 ¹²
2763 5290 2918 5353 Greg.

2424 5372 2499 5436 (α)
2544 5370 2669 5422 Coet.
2701 5367 2826 5421 edit.
2871 5368 2979 5420 lux.
3022 5394 3086 5407 —
3127 5369 3198 5435 (ὁ)
3239 5370 3363 5420 Item
3402 5369 3552 5422 intra.
3593 5367 3730 5436 -(c)
3762 5364 3872 5417 uem

2361 5448 2498 5500 sunt.
2519 5469 2582 5488 .-
2602 5440 2677 5507 (d)
2713 5442 2838 5500 Item
2857 5440 3013 5512 quod.
3041 5467 3105 5480 —
3138 5441 3201 5507 (e)
3230 5441 3354 5493 Item
3376 5441 3520 5498 locis.

3974 1470 4059 1512 nou

3926 1530 4036 1576 dum.
