4059 6317
1065 567 1444 637 nummos
1479 570 1563 635 111
1604 569 2056 639 ADVENTUS.
2100 569 2367 640 SERMO
2407 573 2458 639 Ι.
3266 579 3343 641 27

194 721 371 773 socom
393 719 622 783 m,
652 703 892 772 scilicet
917 722 1039 788 per
1063 704 1318 771 auditus
1341 705 1691 770 inclinatio-

192 831 314 878 nem
331 861 349 892 ,
390 817 447 876 et
484 813 693 895 operis
733 813 1181 879 executionem
1206 833 1225 892 3
1255 819 1316 881 et
1363 816 1693 897 aperuerit

192 922 327 987 uuiti
358 938 466 1002 per
506 922 740 1002 peccati
782 921 1247 986 confessionem
1284 924 1349 985 et
1393 921 1689 986 desertio·

190 1045 306 1092 nem
322 1074 343 1105 ,
372 1029 616 1095 intrabo
639 1030 732 1094 ad
756 1028 950 1095 illum
972 1046 1087 1111 per
1105 1029 1512 1110 iustificantis
1543 1047 1694 1110 gra-

188 1136 273 1199 tiae
310 1136 859 1214 inhabitationem3
914 1142 979 1204 et
1025 1137 1276 1204 coenabo
1324 1152 1538 1204 secum
1576 1155 1694 1220 per

188 1241 573 1325 spiritualium
618 1244 915 1309 ciborum
968 1263 1234 1310 suavem
1273 1246 1353 1325 (a)
1394 1244 1689 1309 refectio·

188 1370 329 1416 nem.
358 1351 527 1417 Unde
554 1354 961 1435 Augustinus
982 1403 1004 1434 ,
1034 1371 1227 1437 super
1270 1354 1563 1422 Genesim
1605 1351 1695 1420 ad

184 1461 428 1528 lidorum
451 1461 471 1498 ¹
500 1482 516 1525 ε
546 1485 579 1522 α
602 1461 1003 1544 Principium
1031 1461 1353 1527 rationalis
1378 1466 1691 1525 creaturae

185 1569 251 1632 ab
273 1574 495 1634 aeterno
518 1574 618 1634 est
648 1573 891 1634 aeterna
929 1569 1239 1653 sapientia
1254 1618 1273 1650 ‚
1317 1586 1469 1653 quae
1513 1568 1695 1633 nullo

187 1677 346 1741 modo
389 1681 587 1741 cessat
630 1677 882 1742 occulta
922 1676 1352 1761 inspirationis
1376 1676 1694 1741 locutione

133 1863 139 1867 ⁸
186 1784 333 1868 loqui
368 1791 715 1864 creaturae,
763 1804 914 1868 qnae
957 1786 1041 1851 ab
1080 1788 1215 1869 ipsa
1251 1787 1523 1851 formata
1564 1791 1690 1865 est,

187 1897 247 1956 nt
264 1893 335 1957 ad
358 1894 555 1975 ipsam
577 1897 1021 1973 convertatur,
1046 1894 1195 1977 quia
1219 1893 1404 1958 aliter
1429 1893 1700 1975 perfecta

188 2019 301 2066 esse
323 2019 443 2065 non
492 2003 732 2084 potest.
760 2022 793 2059 ιο
830 2000 1126 2064 Secundo
1159 2000 1330 2065 stetit
1370 2005 1446 2064 ut
1480 1999 1702 2064 doctor

190 2108 670 2191 sapientissimus
693 2107 773 2172 ad
797 2107 1293 2172 illuminandum
1315 2107 1697 2189 ignorantes

187 2217 355 2281 verbo
376 2215 712 2281 doctrinae.
752 2214 933 2280 Unde
960 2213 1236 2280 loannes
1260 2221 1288 2256 ¹
1318 2234 1334 2277 z
1366 2216 1446 2280 In
1480 2217 1700 2283 novis-

189 2324 324 2388 simo
367 2327 580 2389 cutem
625 2320 736 2389 die
772 2338 1025 2404 muqnoe
1073 2322 1450 2401 festivitatis
1492 2322 1705 2389 stabat

184 2431 367 2507 Iesus,
392 2432 467 2494 ut
491 2447 702 2494 verus
730 2428 981 2507 doctor3
1026 2433 1089 2495 ec
1122 2427 1469 2508 clamabat,
1518 2429 1701 2512 quasi

186 2537 313 2601 tuba
334 2538 631 2601 exaltans
656 2555 882 2602 vocem
908 2555 1096 2601 suam
1112 2583 1129 2615 ‚
1160 2537 1371 2602 dicens
1403 2555 1420 2600 ε
1454 2536 1528 2604 Si
1552 2539 1702 2619 quis

183 2647 301 2710 mit
320 2645 631 2708 baustum
672 2643 956 2709 scientiae
982 2643 1274 2708 salutaris
1290 2693 1308 2723 ,
1345 2646 1570 2711 veniat
1614 2642 1704 2710 ad

187 2769 263 2819 me
292 2753 628 2818 humiliter
669 2753 940 2835 petendo
986 2753 1126 2817 sine
1166 2752 1509 2835 pertinacia
1552 2771 1701 2816 con·

189 2860 513 2942 temptionis
529 2909 553 2940 ,
619 2865 678 2927 et
726 2860 897 2927 cetat
942 2858 1125 2923 dulce
1167 2860 1318 2925 vitae
1356 2860 1660 2943 poculum
1680 2905 1701 2937 ,

183 2967 324 3050 quod
338 2968 395 3032 ei
421 2968 499 3032 de
516 2966 762 3050 pelago
785 2966 1068 3031 scientiae
1095 2967 1464 3049 propinabo.
1488 2965 1704 3032 Tertio

186 3074 326 3137 wit
369 3079 441 3138 ut
480 3091 614 3139 rex
654 3072 1132 3156 potentissimus
1172 3074 1251 3138 ad
1302 3073 1705 3139 liberandum

182 3181 527 3262 impotentes
556 3181 644 3245 de
684 3180 857 3245 malo
887 3197 1120 3262 pcenae.
1156 3179 1335 3245 Unde
1370 3180 1602 3245 dicitur
1629 3184 1653 3221 ⁸
1683 3201 1702 3246 :

192 3287 365 3355 Video
407 3287 605 3355 coelos
644 3295 900 3370 apertos
919 3335 941 3366 ,
982 3293 1042 3354 et
1083 3287 1297 3354 sesam
1350 3293 1621 3355 stantem
1663 3306 1708 3355 a

184 3393 401 3462 dextris
441 3395 724 3462 virtutis
750 3393 876 3460 Dei
917 3411 941 3457 .·
993 3393 1148 3458 dum
1191 3393 1373 3458 Jesus
1422 3393 1707 3459 Christus

186 3501 431 3566 existens
470 3522 513 3566 a
564 3501 811 3566 dextris
832 3548 853 3579 ,
903 3500 969 3563 id
1019 3504 1113 3564 est
1155 3501 1235 3565 ad
1275 3502 1708 3583 aequalitalem

188 3604 363 3672 Patris
385 3609 455 3673 in
478 3612 806 3692 quantum
831 3606 1037 3686 Deus,
1072 3607 1228 3672 etin
1260 3608 1448 3673 bonis
1495 3610 1709 3692 potio-

185 3714 343 3780 ribus
366 3719 509 3800 ejus
538 3716 611 3779 in
638 3694 956 3798 quantum
982 3714 1177 3779 homo
1204 3713 1371 3781 Deus
1396 3765 1414 3792 ,
1443 3735 1573 3781 non
1604 3735 1708 3781 so-

186 3821 302 3885 lum
344 3824 664 3905 dignatus
702 3825 797 3886 est
862 3820 1319 3906 Protomartyri
1372 3826 1709 3890 sustinenti

186 3928 327 3993 ictus
346 3929 644 4013 lapidum
672 3946 789 4012 pro
814 3930 957 4010 eJus
982 3929 1242 3994 nomine
1270 3930 1471 3995 facere
1496 3931 1710 3996 abun-

186 4039 416 4104 dantem
441 4045 837 4124 proventum
865 4041 1093 4121 gratiae
1109 4088 1130 4118 ‚
1158 4059 1275 4123 per
1303 4060 1498 4125 quam
1528 4061 1711 4127 supe-

185 4149 344 4213 rabat
368 4148 840 4212 immanitatem
869 4146 903 4211 J
907 4146 1244 4212 udaeorum
1270 4167 1384 4232 per
1424 4150 1712 4232 benigni-

187 4261 359 4321 tatem
406 4257 758 4334 orationis;
809 4255 917 4320 sed
966 4256 1272 4337 dignatus
1317 4263 1414 4323 est
1467 4260 1713 4342 aperire

186 4364 358 4428 eoelos
376 4413 397 4444 ,
426 4367 495 4430 et
523 4365 809 4446 seipsum
836 4362 897 4427 ei
924 4363 1254 4429 ostendere
1295 4366 1478 4447 quasi
1515 4367 1586 4430 in
1623 4365 1713 4429 si·-

188 4484 403 4549 gnum,
430 4470 609 4554 quod
651 4487 802 4534 eum
828 4468 1309 4535 introducturus
1336 4474 1474 4536 erat
1499 4470 1569 4535 in
1597 4473 1714 4536 bo-

185 4593 333 4641 num
359 4576 593 4641 similis
619 4577 865 4659 gloriae.

254 4682 559 4766 Sequitur
608 4682 876 4748 tertium
917 4701 935 4747 ε
987 4683 1186 4764 Quem
1238 4698 1349 4750 vos
1405 4684 1708 4762 nescium

190 4790 291 4853 ubi
341 4790 565 4872 arguit
603 4789 979 4854 Judaeorum
1029 4790 1461 4872 ignorantiam
1485 4837 1507 4869 ,
1568 4809 1715 4873 quae

188 4898 605 4979 consurgebat
628 4896 865 4980 triplici
891 4895 972 4961 de
998 4914 1188 4961 causa
1219 4916 1238 4960 z
1272 4896 1480 4979 primo
1520 4915 1718 4981 prop-

194 5008 281 5068 ter
323 5006 637 5069 defectum
695 5003 1183 5069 illuminationis
1231 5023 1563 5088 supernae3
1613 5025 1712 5071 se·-

198 5113 393 5176 cundo
412 5159 437 5191 ,
466 5117 721 5194 propter
746 5111 1281 5193 impedimentum
1309 5117 1718 5194 argumenta-

200 5219 379 5283 tionis
400 5219 790 5302 sophisticae3
823 5220 1046 5298 ternu,
1090 5223 1346 5303 propter
1389 5221 1611 5286 odium
1637 5239 1721 5285 ω-

257 5344 276 5378 ²
304 5345 458 5409 Aug„
487 5343 545 5395 de
574 5344 700 5396 Gen.
737 5342 814 5394 ad
849 5341 976 5407 titt„
1010 5342 1101 5395 lib.
1136 5344 1184 5407 1,
1220 5359 1274 5396 n.
1308 5349 1384 5397 10.
1410 5372 1474 5383 —
1499 5349 1522 5382 ¹
1552 5347 1718 5410 loon„

206 5421 297 5473 ru,
337 5416 416 5464 37.
444 5439 499 5451 —
534 5415 554 5446 ³
586 5416 722 5479 Act„
765 5424 871 5477 vn,
910 5415 989 5464 55.
1025 5439 1087 5452 -
1126 5413 1145 5444 ⁴
1185 5413 1318 5466 Ptol.
1354 5427 1543 5481 Lxxn,
1580 5419 1628 5467 5.
1659 5441 1719 5455 -

202 5485 221 5513 ⁸
244 5485 409 5544 Pron..
442 5496 499 5548 iv,
528 5489 598 5538 19.
627 5514 684 5524 -
722 5487 744 5518 ⁸
772 5485 921 5547 Bar„
956 5495 1048 5548 ιιι,
1075 5486 1154 5536 23.
1183 5487 1463 5539 -1Psat.
1495 5492 1719 5551 xv1‚1¹.

209 5579 257 5589 -·
283 5555 549 5622 ⁸1oe.,1n,
578 5561 657 5610 15.

1801 707 2168 772 mutationis
2208 709 2520 772 fraternae.
2574 707 2790 772 Primo
2849 707 3133 773 nascitur
3172 707 3346 773 Chri·

1800 818 1936 878 stus
1961 820 2218 898 propter
2243 815 2558 881 defectum
2591 814 3075 879 illuminationis
3115 831 3341 897 super·

1802 938 1928 984 nae.
1978 920 2152 986 Unde
2193 924 2263 986 in
2312 923 2559 985 Psalmo
2593 926 2617 963 ⁸
2661 943 2677 984 ε
2722 921 3101 989 Nescierzmt
3145 938 3343 1005 neque

1802 1028 2256 1096 intetleaeermzt
2271 1078 2293 1108 ,
2347 1032 2422 1094 in
2464 1028 2737 1096 tenebris
2780 1027 3108 1096 ambulant
3136 1051 3161 1093 .·
3189 1030 3343 1112 quia

1802 1153 1932 1200 non
1955 1136 2324 1218 intelligunt
2350 1136 2621 1201 verbum
2656 1135 2943 1199 veritatis
2965 1183 2982 1212 ‚
3015 1137 3183 1217 quod
3210 1144 3347 1200 erat

1803 1243 1895 1307 eis
1919 1260 2203 1324 praesens
2231 1260 2346 1326 per
2377 1243 2735 1306 essentiam.
2787 1242 3053 1325 Propter
3096 1242 3344 1307 caecita-

1802 1354 1932 1413 tem
1962 1351 2222 1415 malitiae
2250 1350 2478 1415 absens
2503 1350 2625 1415 fuit
2652 1367 2768 1432 per
2807 1350 3098 1414 notitiam
3120 1399 3138 1430 ,
3184 1349 3347 1415 sicut

1803 1456 1896 1521 sol
1951 1463 2046 1521 est
2089 1474 2371 1540 praesens
2414 1473 2584 1521 caeco
2602 1504 2619 1533 ,
2668 1461 2732 1520 et
2772 1474 3183 1539 nequaquam
3229 1476 3342 1540 ap-

1803 1567 2224 1650 prehenditur
2247 1569 2329 1631 ab
2356 1568 2529 1644 ipso:
2556 1567 2699 1631 ideo
2726 1567 3088 1630 nescierunt
3113 1567 3346 1649 fugere

1808 1675 2051 1739 malum
2091 1674 2297 1757 culpae
2312 1723 2330 1754 ,
2361 1692 2479 1739 nec
2522 1676 2729 1739 facere
2765 1673 3037 1756 justitias
3075 1675 3343 1740 bonum.

1804 1780 1965 1847 Nam
2011 1781 2231 1846 nullus
2277 1784 2485 1864 potest
2533 1781 2724 1863 dirigi
2777 1782 2917 1846 sine
2960 1782 3101 1847 luce
3144 1783 3292 1847 fidei
3326 1805 3342 1846 :

1803 1890 1939 1954 imo
1963 1891 2042 1956 in
2081 1888 2349 1957 tenebris
2391 1888 2722 1956 ambutant
2752 1890 3065 1953 'sectando
3108 1890 3346 1953 falsita-

1804 2003 1933 2062 tem
1978 1997 2383 2062 infldelitatis.
2430 1996 2509 2061 Et
2549 2000 2806 2080 propter
2839 1997 2961 2061 hoc
3006 1997 3235 2061 dicitur
3264 2005 3288 2038 ⁸
3329 2022 3343 2063 :

1825 2104 1943 2170 Via
1969 2106 2317 2187 impiorum
2344 2105 2670 2172 tenebrosa
2686 2154 2704 2184 ,
2743 2106 3035 2170 nesciunt
3063 2105 3185 2170 ubi
3209 2120 3349 2170 cor-

1807 2219 2004 2279 ruant
2035 2212 2135 2295 (b).
2159 2211 2452 2277 Secundo
2474 2213 2754 2276 nescitur
2781 2211 3065 2277 Christus
3091 2215 3353 2295 propter

1807 2321 2336 2403 impedimentum
2351 2320 2923 2402 argumentationis
2950 2320 3310 2402 sophisticae
3329 2340 3347 2398 ;

1808 2429 1981 2492 unde
2011 2428 2034 2465 ⁸
2081 2449 2096 2492 ε
2126 2427 2290 2494 Filii
2330 2430 2523 2510 Agar,
2556 2427 2673 2509 qui
2711 2427 3157 2507 exquisierunt
3191 2442 3352 2508 pru-

1808 2534 2128 2615 dentiam,
2160 2552 2306 2618 quae
2334 2537 2411 2599 de
2435 2537 2609 2598 terra
2635 2538 2751 2614 est,
2781 2536 3201 2616 negotiatores
3228 2539 3352 2601 ter-

1809 2659 1900 2709 roe
1928 2647 1990 2710 et
2043 2642 2322 2708 Theman
2359 2641 2859 2721 confabulatores
2884 2688 2903 2718 ‚
2951 2647 3013 2706 et
3048 2642 3349 2723 exquisi-

1810 2755 1973 2817 tores
1995 2749 2363 2832 prudentia>
2389 2753 2449 2814 et
2474 2750 2784 2827 scimuioe,
2808 2749 2984 2813 viam
3010 2753 3220 2814 autem
3246 2763 3350 2814 sa·

1804 2861 2074 2940 pientia?
2114 2859 2498 2924 nescierunt.
2529 2856 2702 2922 Licet
2739 2855 2950 2921 omnis
2980 2855 3239 2919 scientia
3266 2855 3349 2919 sit

1812 2966 1979 3030 bona
1998 3014 2016 3044 ,
2065 2965 2222 3047 quia
2247 2982 2286 3027 a
2313 2962 2439 3027 Deo
2465 2967 2561 3026 est
2587 3011 2606 3040 ‚
2641 2966 2853 3027 tamen
2902 2962 3054 3044 quia
3092 2961 3355 3025 scientia

1813 3075 2097 3139 bumana
2135 3089 2433 3158 perverse
2459 3071 2786 3135 utentibus
2809 3070 3203 3135 occasionem
3246 3087 3358 3134 cu-

1814 3179 2092 3263 piditatis
2131 3179 2420 3261 praebet,
2472 3178 2613 3243 ideo
2655 3176 2956 3242 dicuntur
3007 3175 3124 3239 filii
3178 3175 3357 3256 Agar

1813 3289 2150 3369 exquirere
2189 3286 2594 3369 prudentiam
2617 3334 2635 3363 ‚
2692 3302 2840 3367 quae
2891 3284 2971 3348 de
3020 3287 3191 3347 terra
3238 3288 3354 3346 oet.

1814 3395 1991 3476 Agar
2031 3395 2206 3458 enim
2240 3394 2564 3476 perversio
2591 3391 3065 3474 interpretatur,
3096 3394 3162 3453 et
3187 3388 3354 3453 desi-

1816 3506 1975 3584 gnat
2019 3519 2318 3583 perverse
2381 3503 2634 3564 utentes
2675 3497 3001 3562 mundana
3052 3494 3316 3560 scientia
3334 3541 3355 3573 ,

1816 3612 1925 3696 qui
1952 3611 1973 3645 ²
1993 3614 2356 3677 statuerunt
2382 3606 2592 3676 oculos
2617 3605 2945 3672 declinare
2987 3605 3063 3671 in
3089 3611 3357 3671 terram.

1816 3718 2127 3783 Dicuntur
2153 3718 2347 3782 etiam
2372 3715 2805 3796 negotiatores
2829 3712 3117 3777 Theman
3142 3760 3164 3791 ,
3196 3710 3359 3774 scili-

1816 3832 1914 3892 cet
1954 3825 2320 3908 voluptatis.
2367 3821 2653 3908 Theman
2691 3823 2909 3885 autem
2950 3820 3111 3883 ficus
3151 3818 3354 3882 inter-

1815 3937 2124 4017 pretatur,
2155 3936 2221 3997 et
2261 3930 2475 4010 signat
2503 3926 2894 4010 voluptatem
2920 3925 3163 3989 ratione
3207 3924 3358 3989 dul-

1818 4041 2077 4107 cedinis,
2147 4039 2244 4104 Ad
2304 4038 2427 4101 hoc
2495 4035 2795 4100 dicuntur
2857 4031 3359 4097 confabulatores

1818 4149 2100 4214 scientiae
2144 4145 2388 4210 ratione
2423 4141 2725 4208 vanitatis
2768 4144 2831 4204 et
2864 4138 3207 4203 inflationis
3247 4161 3263 4202 :
3295 4142 3360 4204 et

1818 4258 1907 4322 sic
1932 4255 2164 4320 dicitur
2191 4248 2451 4315 scientia
2475 4247 2805 4312 mundana
2823 4293 2845 4323 ‚
2892 4245 3043 4328 quia
3080 4245 3360 4310 occasio-

1819 4381 1970 4428 nem
1996 4356 2360 4440 multiplicis
2398 4355 2634 4419 erroris
2662 4354 2902 4436 praebet
2945 4351 3257 4417 debilibus
3299 4357 3361 4416 et

1815 4468 2124 4546 infirmis,
2173 4466 2240 4530 id
2282 4466 2412 4542 est,
2465 4480 2760 4545 perverse
2796 4459 3159 4538 utentibus,
3208 4478 3357 4542 quae

1818 4576 2080 4643 nomine
2115 4573 2399 4637 filiorum
2425 4569 2603 4650 Agar
2645 4568 3042 4648 designatur.
3076 4567 3352 4632 Dicitur⁸

1820 4690 2071 4753 terrena
2096 4679 2339 4743 ratione
2366 4676 2724 4758 cupiditatis
2742 4673 3191 4756 deprimentis3
3213 4673 3360 4739 ani-

1821 4791 2012 4857 malis
2026 4836 2048 4868 ,
2077 4786 2329 4851 ratione
2358 4781 2702 4863 voluptatis
2723 4780 3172 4846 subvertentis.
3205 4778 3362 4844 Dici-

1819 4902 1928 4964 tur
1956 4896 2152 4961 etiam
2193 4888 2515 4957 diabolica
2533 4936 2550 4966 ,
2583 4887 2825 4952 ratione
2864 4885 3214 4950 inflationis
3256 4904 3363 4951 su·

1824 5000 2164 5088 perbientis
2194 5019 2211 5063 :
2241 5002 2305 5062 et
2331 4996 2486 5078 quia
2511 4993 2665 5058 tales
2692 4993 2922 5057 nolunt
2949 4987 3203 5056 credere
3245 5009 3364 5056 nec

1823 5111 2221 5195 acquiescere
2264 5105 2490 5188 primae
2529 5101 2783 5168 veritati
2823 5104 3131 5182 tanquam
3175 5100 3363 5165 matri

1823 5218 2008 5302 bonae
2024 5262 2046 5294 ,
2098 5211 2323 5277 merito
2378 5208 2635 5273 credent
2680 5205 2867 5272 malae
2906 5222 3202 5272 novercae
3224 5255 3240 5287 ,
3295 5206 3362 5269 id

1825 5327 1919 5388 est
1934 5370 1956 5404 ,
1986 5317 2438 5404 philosophicae
2481 5314 2733 5379 rationi.
2778 5311 3043 5394 Propter
3085 5313 3209 5378 hoc
3257 5330 3355 5378 se-

1888 5482 1960 5550 (α)
1986 5482 2110 5533 caet.
2147 5478 2268 5530 edit.
2307 5476 2558 5530 suavium.
2588 5500 2651 5514 -·
2689 5473 2754 5540 (ὁ)
2797 5473 2928 5527 Edit.
2976 5475 3095 5528 Vat.
3132 5474 3337 5542 corr-unt
3343 5487 3362 5537 3

1826 5555 1947 5609 edit.
1978 5553 2111 5608 Ven.
2144 5553 2375 5603 currunt.
