4059 6317
670 517 747 576 12
1765 503 2180 572 SERMONES
2223 506 2324 572 DE
2366 505 2759 572 TEMPORE.

665 661 779 711 sus
818 651 911 711 est
944 657 1136 724 super
1173 645 1409 708 terram
1426 688 1444 720 ‚
1484 647 1544 707 et
1575 640 1736 707 Loth
1763 640 2091 720 inaressus
2120 646 2213 708 est

671 752 884 835 Seqor.
916 749 1118 832 Segor
1143 749 1593 831 interpretatur
1623 746 1903 831 parvula
1940 765 2058 813 seu
2081 765 2212 814 me-

668 857 979 935 ridiana,·
1007 874 1122 938 per
1148 855 1311 920 Loth
1326 856 1504 920 electi
1527 856 1968 938 designantur,
1999 856 2116 939 qui
2133 856 2211 921 de

671 971 909 1032 aeterna
934 963 1340 1029 damnatione
1363 964 1539 1045 ignis
1569 968 1634 1029 et
1658 964 2017 1047 sulphuris,
2050 964 2216 1028 sicut

670 1073 833 1138 Loth
871 1072 948 1136 de
990 1069 1265 1135 Sodoma
1286 1119 1305 1148 ‚
1343 1069 1593 1134 liberati
1629 1074 1817 1149 sunt,
1855 1070 1987 1134 sole
2023 1088 2215 1152 super

670 1184 907 1244 terram
946 1195 1206 1260 egresso
1222 1225 1243 1256 ,
1282 1177 1346 1240 id
1386 1181 1519 1256 est,
1566 1176 1812 1242 Christo
1854 1177 1924 1241 in
1970 1177 2216 1242 mundo

672 1290 842 1350 nato.
875 1285 1033 1350 Item
1070 1283 1148 1348 de
1184 1284 1288 1349 die
1321 1284 1437 1348 irae
1465 1284 1603 1349 sive
1628 1284 1855 1366 judicii
1882 1284 2116 1349 dicitur
2144 1286 2162 1319 ¹
2195 1306 2212 1349 z

680 1393 817 1459 Vox
860 1391 998 1457 diei
1044 1393 1306 1458 Domini
1349 1407 1574 1458 amara
1589 1441 1610 1470 ,
1659 1390 2070 1459 tribulabitur
2122 1392 2218 1457 ibi

675 1501 883 1580 fortis.
933 1500 1088 1565 Dies
1125 1498 1244 1566 illa
1276 1499 1415 1565 dies
1450 1501 1598 1578 iroe,
1635 1503 1755 1564 etc.
1806 1499 1965 1564 Item
2002 1499 2082 1563 de
2116 1498 2219 1563 die

602 1612 607 1618 ’
675 1607 901 1690 gloriae
930 1608 953 1642 ²
987 1629 1002 1671 :
1044 1606 1270 1673 Melior
1295 1613 1388 1674 est
1423 1605 1562 1673 dies
1587 1623 1760 1685 una,
1801 1612 1920 1670 etc.
1952 1606 2033 1670 Ut
2058 1624 2218 1688 ergo

677 1714 963 1780 securius
996 1714 1199 1779 simus
1230 1714 1301 1776 in
1339 1713 1443 1778 die
1476 1714 1622 1793 irae,
1669 1717 1733 1778 et
1768 1714 2219 1797 perveniamus

675 1822 756 1887 ad
788 1822 958 1886 diem
984 1821 1232 1904 gloriae,
1261 1822 1384 1886 cito
1412 1840 1759 1904 surgamus
1784 1821 1854 1884 in
1880 1821 2051 1885 diem
2072 1839 2219 1902 gra-

676 1930 807 1994 tiae.
839 1929 1321 2010 Augustinus³z
1362 1951 1394 1989 α
1421 1929 1802 2010 Surgamus,
1834 1932 1897 1991 et
1921 1928 2003 1993 ad
2030 1927 2219 1993 illum

679 2038 1013 2104 redeamus
1027 2086 1049 2117 ,
1090 2057 1130 2103 a
1171 2056 1301 2120 quo
1343 2036 1658 2121 peccando
1704 2055 2168 2102 recesseramus
2200 2059 2216 2101 ε

680 2146 767 2211 ibi
802 2164 937 2210 esse
976 2150 1267 2211 nostrum
1309 2163 1437 2210 non
1478 2144 1737 2209 habebit
1776 2149 2050 2209 mortem
2080 2167 2095 2209 z
2130 2146 2222 2210 ibi

679 2272 863 2319 nosse
893 2256 972 2338 (a)
1000 2258 1295 2320 nostrum
1323 2273 1454 2318 non
1479 2254 1742 2318 habebit
1768 2271 2054 2318 errorem
2084 2276 2099 2317 z
2131 2254 2224 2319 ibi

680 2381 897 2428 amare
934 2366 1224 2429 nostrum
1259 2381 1389 2427 non
1428 2362 1688 2426 habebit
1712 2360 2152 2427 offensionem.
2183 2385 2214 2421 n

683 2472 1065 2553 Surgamus,
1088 2472 1375 2555 inquam,
1396 2472 1472 2537 in
1497 2469 1624 2548 die,
1652 2488 1735 2534 ne
1754 2486 1896 2533 sero
1918 2469 2225 2534 Dominus

680 2582 1108 2663 conqueratur
1129 2577 1288 2642 illud
1304 2578 1327 2612 ⁸
1351 2595 1367 2640 :
1410 2576 1519 2642 Voe
1542 2576 1743 2655 vobis,
1767 2578 1928 2659 quia
1946 2575 2225 2643 declina-

682 2690 784 2756 vit
810 2687 972 2766 dies,
1003 2688 1066 2749 et
1090 2689 1322 2750 caetera
1348 2703 1554 2768 usque
1585 2702 1601 2748 :
1636 2685 1891 2766 Suryite
1920 2690 1983 2751 et
2002 2701 2222 2752 ascen-

684 2796 916 2862 damus
942 2797 1019 2861 in
1030 2799 1227 2871 noete,
1249 2792 1316 2857 id
1328 2796 1443 2872 est,
1463 2791 1884 2874 poeniteamus
1904 2792 1972 2856 in
1994 2799 2220 2859 morte.

685 2904 1085 2985 Augustinus
1098 2902 1120 2936 ⁸
1145 2923 1206 2965 :a
1224 2898 1456 2965 Multos
1481 2899 1640 2964 solet
1667 2901 2039 2982 poenitentia
2060 2919 2225 2965 sero-

686 3011 821 3075 tina
867 3009 1176 3091 decipere.
1226 3028 1257 3066 n

764 3116 853 3181 De
885 3115 1074 3179 tertio
1116 3115 1139 3151 ⁶
1187 3137 1203 3177 ε
1255 3112 1453 3196 Surae
1499 3117 1560 3180 et
1596 3112 1843 3179 comede
1876 3133 1901 3174 .-
1949 3113 2223 3196 qrandis

685 3225 856 3292 enim
894 3225 1006 3290 via
1042 3222 1162 3289 tibi
1205 3226 1426 3289 restat.
1467 3221 1618 3285 Haec
1651 3221 1759 3286 via
1784 3225 1878 3285 est
1912 3222 2221 3303 poeniten-

684 3332 796 3396 tia.
814 3331 1211 3413 Quicumque
1225 3347 1339 3412 per
1355 3329 1646 3410 triginta,
1673 3329 1776 3394 vel
1799 3330 2228 3412 quadraginta

687 3456 888 3503 annos
921 3438 1000 3502 ad
1038 3438 1363 3502 infernum
1405 3435 1863 3515 ambulaverit,
1911 3437 2225 3518 grandem

687 3542 908 3624 utique
956 3540 1128 3606 viam
1177 3539 1369 3604 habet
1404 3540 1485 3603 ad
1520 3540 1804 3603 eundum
1841 3539 1921 3604 ad
1955 3541 2225 3621 coelum;

687 3666 834 3733 quae
863 3649 1013 3713 licet
1045 3647 1309 3729 grandis
1343 3647 1443 3726 sit,
1476 3646 1744 3711 libenter
1771 3650 1986 3712 tamen
2012 3649 2095 3714 ad
2126 3650 2223 3733 ip-

690 3776 826 3823 sam
846 3755 1292 3841 perflciendam
1319 3773 1593 3836 surgere
1610 3754 1914 3821 debemus
1949 3779 1963 3820 ε
1991 3757 2225 3840 primo,

689 3868 944 3948 propter
984 3864 1220 3928 bonam
1261 3863 1623 3927 societatem
1654 3864 1677 3899 ⁷
1715 3882 1731 3927 :
1776 3863 1971 3947 Sui-qe
1988 3912 2008 3944 ,
2036 3870 2098 3933 et
2126 3882 2229 3932 ac-

690 3974 825 4055 cipe
847 3987 1116 4055 puerum
1150 3975 1211 4038 et
1237 3975 1508 4037 matrem
1540 3969 1699 4051 eius,
1727 3974 1787 4037 et
1813 3969 1973 4036 vade
1998 3973 2072 4038 in
2106 3977 2227 4042 ter-

690 4097 830 4147 ram
863 4079 1066 4146 illam.
1123 4078 1291 4143 Puer
1337 4077 1457 4141 iste
1499 4081 1596 4141 est
1636 4077 1844 4142 bonus
1891 4079 2100 4143 socius
2149 4081 2229 4146 ad

690 4188 977 4254 eundum
1002 4204 1151 4251 cum
1173 4184 1405 4269 Joseph
1429 4186 1508 4250 de
1529 4184 1834 4268 AEgypto,
1856 4186 1923 4252 id
1938 4191 2056 4266 est,
2081 4206 2229 4253 cum

690 4297 1034 4379 poenitente
1055 4295 1133 4360 de
1155 4293 1420 4359 mundo.
1452 4293 1613 4358 Item
1641 4294 1939 4374 secundo,
1972 4300 2229 4378 propter

692 4406 1039 4472 conductus
1062 4403 1463 4469 securitatem
1487 4424 1502 4465 ε
1529 4401 1625 4492 sic
1641 4420 1910 4484 surgere
1924 4403 2230 4468 debemus

692 4533 839 4580 cum
879 4511 1069 4578 Jacob
1095 4511 1117 4546 ⁸
1159 4529 1175 4571 ε
1209 4510 1491 4593 Sumen-3
1516 4523 1659 4591 erqo
1689 4524 1906 4586 mane,
1934 4512 2082 4589 etc.;
2114 4511 2230 4593 qui

692 4637 990 4687 securum
1017 4617 1244 4684 babuit
1271 4618 1676 4694 conductum,
1697 4617 1943 4680 dicente
1969 4617 2091 4681 sibi
2118 4618 2234 4684 Do-

695 4731 872 4795 mino
889 4729 957 4793 in
982 4727 1204 4792 eodem
1232 4743 1456 4789 somno
1474 4743 1514 4788 a
1538 4742 1669 4807 quo
1697 4725 1974 4789 surrexit
1998 4725 2021 4760 ⁹
2057 4746 2071 4788 ε
2104 4725 2230 4793 Ero

694 4846 904 4907 custos
920 4842 1093 4913 tuus,
1118 4850 1500 4918 quocumque
1517 4833 1905 4916 perrexeris.
1938 4831 2095 4899 Item
2112 4837 2233 4900 ter-

758 5002 776 5036 ¹
806 4998 1036 5065 Sophon..
1084 5010 1130 5063 1,
1175 5000 1264 5060 1⁴,
1308 4998 1384 5046 15.
1429 5021 1489 5031 —
1525 5001 1547 5031 ²
1584 4993 1722 5045 Psal.
1762 5005 1999 5055 Lxxxiu,
2051 4999 2128 5047 11.
2170 5024 2232 5035 —

696 5073 719 5107 ⁸
743 5074 892 5136 Aug„
924 5070 983 5121 de
1011 5070 1162 5121 civit.
1192 5070 1311 5130 Dei,
1337 5067 1425 5118 lib.
1461 5069 1561 5129 xl,
1597 5081 1644 5117 c.
1677 5077 1867 5117 xxvu1.
1897 5092 1958 5103 —
1985 5069 2003 5096 ⁴
2030 5067 2232 5128 Jerem„

698 5154 778 5207 vi,
809 5146 865 5206 4,
893 5144 942 5192 5.
969 5169 1023 5178 -
1058 5143 1081 5178 Ι
1111 5143 1235 5205 Aug.
1268 5166 1329 5177 —
1357 5139 1375 5170 ⁸
1407 5139 1471 5189 ΙΙΙ
1499 5139 1635 5202 Req„
1662 5148 1778 5201 111,
1808 5140 1853 5189 5.
1884 5164 1947 5176 —
1980 5140 1995 5169 ⁷
2025 5139 2231 5202 Mami„

698 5225 769 5274 ιι,
816 5216 893 5265 13.
946 5239 1000 5251 —
1045 5214 1063 5244 ⁸
1108 5212 1253 5274 Gen„
1297 5222 1502 5274 xxvia,
1556 5212 1630 5261 18.
1680 5236 1742 5247 —
1784 5211 1805 5240 ⁹
1854 5209 2004 5272 1hid.‚
2053 5213 2128 5261 15.
2173 5238 2229 5250 --

700 5286 737 5319 ¹·
765 5285 831 5335 ΙΙΙ
868 5285 1004 5350 Req„
1041 5296 1161 5348 xlx,
1194 5286 1243 5334 8.
1271 5309 1334 5321 —
1372 5283 1406 5317 ¹¹
1442 5284 1618 5344 Bern„
1653 5283 1804 5332 tract.
1831 5279 1892 5330 de
1918 5280 2078 5346 Diliq.
2109 5283 2230 5348 Deo,

697 5370 743 5406 c.
774 5367 870 5419 vn,
895 5369 950 5406 n.
974 5360 1056 5421 21,
1079 5355 1247 5420 quoad
1270 5367 1497 5405 sensum.
1527 5379 1581 5391 -
1611 5354 1656 5388 ¹¹
1683 5354 1828 5408 Gen..
1854 5364 2044 5417 xxvm,
2068 5356 2149 5405 20.
2171 5381 2230 5393 —

701 5426 741 5462 ’⁸
764 5427 897 5488 Jon„
927 5439 965 5489 1,
994 5429 1039 5477 6.
1065 5455 1124 5464 -
1155 5427 1196 5463 ¹⁸
1226 5425 1360 5490 Τοὸ.,
1387 5438 1443 5487 11,
1476 5430 1552 5475 1¹.
1579 5450 1637 5462 —
1670 5425 1710 5460 ²⁵
1734 5423 1923 5485 Judic„
1954 5436 2025 5487 ιν,
2057 5428 2134 5475 21.
2170 5453 2233 5465 -

698 5499 739 5538 ¹⁸
776 5499 814 5549 ΙΙ
859 5498 999 5562 1329„
1038 5509 1110 5562 iv,
1145 5501 1193 5551 δ.
1222 5525 1281 5537 -
1331 5499 1365 5530 ¹⁷
1401 5498 1540 5562 Luc„
1579 5508 1718 5560 xxu,
1748 5498 1826 5547 46.
1857 5520 1917 5532 —
1957 5496 1996 5531 ¹⁸
2021 5493 2137 5546 Vid.
2176 5497 2231 5549 in

2319 641 2430 722 ti0‚
2449 643 2708 724 propter
2730 641 2940 707 victus
2956 642 3456 722 durabilitatem;
3475 643 3565 708 sic
3583 645 3861 710 surrexit

2321 747 2488 813 Elias
2515 748 2594 813 ad
2615 748 2813 828 viam,
2836 750 3223 815 confortatus
3245 746 3485 816 efficaci
3509 750 3670 828 cibo,
3697 770 3859 835 pane

2320 855 2554 920 scilicet
2594 856 2822 938 gratiae
2862 856 3273 922 confortantis
3314 858 3420 922 vel
3449 857 3740 939 Justitiae,
3785 859 3861 926 in

2321 966 2507 1045 cujus
2536 962 2926 1042 fortitudine
2952 963 2998 999 ¹⁰
3035 965 3387 1032 ambulavit
3423 965 3864 1048 quadraginta

2321 1070 2546 1137 diebus
2608 1075 2666 1137 et
2725 1070 3164 1154 quadraqt'nta
3233 1071 3546 1140 noctibus.
3601 1070 3865 1136 Bernar-

2321 1180 2443 1244 dus
2470 1180 2511 1215 ¹¹
2556 1201 2572 1243 :
2613 1201 2644 1240 α
2669 1177 2859 1243 Panis
2884 1181 3119 1244 animae
3151 1180 3405 1263 justitia
3447 1183 3543 1244 ost
3581 1200 3596 1243 :
3640 1183 3704 1244 et
3745 1179 3865 1243 soli

2322 1287 2489 1352 beati
2516 1286 2628 1369 qui
2655 1288 2949 1352 esuriunt
2978 1287 3159 1352 illum
3175 1337 3200 1367 ,
3233 1286 3539 1370 quoniam
3567 1288 3658 1352 illi
3686 1291 3863 1352 satu-

2322 1394 2657 1458 rabuntur.
2685 1416 2716 1454 n
2749 1393 3071 1459 Nimirum
3093 1395 3173 1459 ad
3192 1394 3544 1477 imaginem
3570 1395 3681 1459 Dei
3702 1397 3870 1459 facta

2324 1508 2419 1566 est
2444 1502 2662 1565 anima
2683 1500 3029 1581 rationaliS,
3056 1507 3120 1567 et
3147 1502 3396 1566 caeteris
3420 1502 3725 1567 omnibus
3755 1521 3871 1567 oc-

2325 1610 2545 1693 cupari
2584 1614 2823 1693 potest,
2875 1611 3106 1694 repleri
3153 1609 3419 1675 omnino
3464 1628 3592 1674 non
3635 1613 3866 1693 potest.

2327 1718 2477 1783 Haec
2503 1719 2628 1782 tria
2656 1720 2907 1801 petebat
2939 1715 3129 1782 Jacob
3158 1734 3430 1798 surgens
3454 1718 3536 1782 ad
3563 1716 3768 1798 viam,
3787 1718 3875 1782 di-

2327 1843 2475 1891 cens
2499 1827 2543 1862 ¹²
2574 1849 2589 1891 ι
2621 1826 2696 1893 Si
2719 1827 2921 1907 fuerit
2940 1826 3246 1906 Dominus
3273 1841 3516 1891 mecum
3537 1843 3558 1890 .·
3583 1824 3698 1888 hic
3715 1826 3876 1907 petit

2326 1935 2606 2013 socium;
2648 1937 2738 2000 Et
2773 1933 3153 2002 custodierit
3179 1949 3276 1998 me
3312 1934 3387 1998 in
3426 1932 3541 1998 via
3566 1931 3688 1998 hac
3715 1955 3742 1997 .·
3769 1932 3876 1997 hic

2328 2040 2484 2124 petit
2525 2041 2910 2106 conductum
2932 2063 2948 2119 ;
2994 2043 3083 2107 Εἰ
3129 2039 3382 2107 dederit
3420 2055 3656 2121 panem
3697 2057 3721 2103 .·
3769 2040 3877 2103 hic

2328 2147 2484 2231 petit
2507 2148 2773 2213 victum.
2802 2148 2874 2211 In
2906 2166 3070 2232 pane
3092 2150 3310 2212 autem
3339 2147 3566 2229 gratiae
3591 2146 3873 2227 refectiO,

2329 2255 2395 2318 in
2423 2257 2599 2320 veste
2626 2256 2796 2319 bona
2817 2255 3213 2332 conversatio
3240 2253 3667 2335 significatur.

2411 2361 2498 2426 De
2523 2366 2748 2445 quarto
2791 2384 2808 2427 ε
2858 2361 3027 2436 Quid
3068 2368 3143 2429 tu
3175 2376 3393 2444 sopore
3436 2359 3881 2444 deprimeris?

2330 2471 2540 2553 Surae
2556 2475 2614 2536 et
2630 2472 2859 2537 invoca
2882 2469 3078 2536 Deum
3096 2474 3304 2550 tuum,
3325 2473 3443 2533 etc.
3469 2468 3878 2551 Quicumque

2330 2576 2505 2640 enim
2533 2595 2683 2641 cum
2708 2577 2938 2641 timore
2960 2576 3029 2639 in
3054 2575 3407 2660 periculoso
3442 2575 3680 2641 dormit
3709 2575 3877 2657 loco,

2331 2684 2456 2749 cito
2476 2685 2713 2766 surgit.
2746 2684 2794 2749 Ο
2822 2702 3020 2767 quam
3039 2701 3280 2765 magna
3301 2683 3370 2747 in
3392 2701 3617 2748 somno
3633 2684 3880 2766 peccati

2331 2791 2613 2875 pericula
2637 2796 2810 2870 sunt,
2843 2792 3005 2856 sicut
3031 2793 3465 2875 significatum
3487 2795 3583 2856 est
3608 2792 3679 2856 in
3709 2792 3880 2857 Scri-

2332 2900 2557 2982 pturis,
2591 2905 2848 2984 propter
2869 2919 3017 2984 quse
3031 2919 3300 2983 surgere
3320 2901 3624 2966 debemus
3647 2902 3665 2963 1
3696 2900 3883 2967 Inve-

2332 3009 2548 3074 nimus
2557 3010 2727 3073 enim
2738 3009 2772 3073 J
2774 3028 2963 3075 onam
2973 3011 3020 3052 ¹⁸
3029 3010 3449 3075 dormientem
3463 3009 3528 3072 in
3542 3010 3705 3073 mari
3716 3011 3883 3093 peri-

2335 3117 2623 3181 clitatum
2637 3139 2655 3194 ;
2673 3117 2935 3182 Tobiam
2950 3119 2994 3153 ¹·
3010 3120 3402 3182 excaecatum
3415 3138 3434 3195 ;
3447 3116 3727 3181 Cisaram
3749 3118 3882 3200 (b)¹⁸

2334 3227 2398 3288 et
2422 3223 2757 3289 Hisboseth
2794 3228 2863 3308 (c)
2891 3229 2935 3266 ¹⁶
2957 3225 3310 3309 jugulatos
3332 3222 3407 3287 In
3424 3222 3658 3307 quihus
3675 3222 3882 3304 signi-

2335 3332 2562 3396 ficatur
2587 3333 2758 3415 quod
2791 3332 3176 3398 dormientes
3203 3332 3273 3394 in
3314 3329 3581 3414 peccatis
3610 3331 3886 3413 tempes-

2336 3441 2465 3502 tate
2494 3440 2940 3520 tribulationie,
2964 3440 3398 3523 periclitantur
3414 3436 3879 3520 temporaliter,

2336 3552 2737 3612 excaecantur
2787 3546 3231 3631 spiritualiter,
3272 3543 3656 3627 jugulantur
3697 3547 3886 3608 aeter-

2336 3654 2586 3720 naliter.
2617 3654 2831 3737 Surge
2858 3673 3044 3736 erg0,
3077 3657 3399 3737 peccator,
3429 3671 3515 3717 ne
3541 3651 3787 3716 incidas
3816 3652 3887 3715 in

2339 3763 2475 3828 haec
2524 3762 2826 3845 pericula.
2885 3761 3130 3843 Surge,
3177 3762 3446 3844 inquam
3461 3808 3481 3838 ‚
3538 3764 3602 3825 et
3652 3759 3889 3826 invoca

2337 3872 2539 3937 Deum
2565 3877 2773 3937 tuum.
2804 3874 2847 3913 ¹⁷
2881 3872 3137 3954 Sumite
3180 3878 3243 3939 et
3265 3876 3437 3938 orate
3454 3918 3475 3949 ,
3513 3886 3591 3936 ne
3618 3869 3889 3937 intretis

2337 3983 2412 4049 in
2440 3982 2874 4049 tentationem.
2899 3981 2945 4015 ¹⁸

2739 4137 2742 4142 ’
2846 4156 3135 4229 senno
3184 4157 3275 4227 V1

2419 4305 2574 4372 Ecce
2602 4307 2741 4372 Rex
2768 4309 2913 4371 tuus
2941 4304 3121 4369 venit
3160 4300 3280 4367 tibi
3302 4299 3373 4378 ¹⁰,
3404 4302 3523 4364 etc.
3557 4299 3761 4364 Hodie
3795 4299 3891 4365 le-

2339 4414 2519 4495 gitur
2543 4413 2668 4478 hoc
2693 4410 2966 4476 verbum
2996 4410 3067 4473 in
3092 4406 3466 4488 Evangelio.
3506 4410 3690 4483 Ecce,
3733 4407 3892 4472 dicit

2340 4521 2650 4605 propheta
2674 4517 3190 4584 demonstrative.
3226 4515 3405 4592 Ecce,
3437 4513 3587 4578 dicit
3613 4513 3890 4578 admira-

2340 4627 2488 4692 bile.
2531 4629 2688 4693 Ecce
2734 4627 2929 4693 venit.
2975 4622 3098 4687 Sed
3144 4622 3224 4686 ad
3265 4620 3418 4703 quid
3458 4619 3679 4684 venit?
3726 4618 3890 4684 Ecce

2341 4734 2518 4800 venit
2543 4734 2973 4817 propinquare
3001 4748 3116 4813 per
3152 4733 3453 4792 naturam
3466 4774 3487 4806 ,
3518 4744 3746 4790 sanare
3773 4744 3893 4809 per

2342 4843 2617 4926 gratiam
2638 4890 2656 4922 ‚
2694 4838 3100 4905 reconciliare
3125 4853 3239 4919 per
3265 4833 3705 4918 poenitentiam
3726 4881 3748 4913 ,
3781 4850 3889 4899 re-

2342 4966 2684 5016 munerare
2727 4965 2840 5029 per
2888 4943 3187 5026 gloriam.

2342 5076 2510 5127 eamd.
2536 5074 2693 5139 Epist.
2723 5084 2875 5122 serm.
2907 5081 2989 5133 ιιι,
3023 5069 3087 5120 de
3116 5066 3388 5118 Dominica
3421 5067 3482 5119 ΙΙ.
3515 5066 3796 5117 Adventus.
3823 5093 3892 5104 —

2343 5149 2383 5182 ¹⁹
2411 5148 2531 5199 ldeo
2561 5151 2660 5197 hoc
2688 5145 2802 5194 loco
2829 5142 3027 5206 positus
3054 5143 3132 5191 est
3157 5152 3328 5190 sermo
3349 5139 3444 5189 iste
3474 5151 3592 5188 cum
3617 5141 3890 5202 sequente,

2343 5219 2462 5284 quia
2505 5216 2626 5267 olim
2672 5215 2937 5282 legebatur
2980 5212 3034 5262 in
3075 5210 3244 5276 prima
3296 5209 3564 5261 Dominica
3620 5208 3892 5259 Adventus

2343 5288 2701 5354 Evangelium,
2734 5285 2871 5351 quod
2907 5282 3169 5336 modernis
3199 5281 3516 5346 temporibus
3554 5283 3786 5331 cantatur
3821 5280 3890 5331 ad

2341 5358 2718 5425 processionem
2747 5356 3058 5409 palmarum.
3082 5379 3142 5392 -
3172 5354 3218 5389 ¹⁰
3245 5352 3450 5414 matth„
3481 5363 3593 5415 xxi,
3625 5355 3676 5413 55
3714 5350 3891 5413 lach„

2342 5444 2418 5496 11,
2445 5435 2492 5484 9.
2518 5457 2576 5469 -
2606 5432 2672 5494 (a)
2705 5431 2825 5481 coet.
2860 5428 2988 5479 edit.
3027 5426 3178 5477 velle.
3209 5450 3271 5465 -
3313 5425 3384 5489 (b)
3423 5423 3507 5477 Al.
3545 5423 3787 5476 Sisaram.
3823 5448 3890 5461 —

2347 5505 2410 5568 (c)
2447 5504 2533 5556 Al.
2568 5501 2813 5554 isboseth.
