4059 6317
1003 421 1387 491 DOMINICA
1426 419 1510 487 111
1550 417 1998 488 ADVENTUS.
2043 421 2308 491 SERMO
2350 423 2454 490 IV.
3241 430 3312 494 31

166 560 590 637 adinssemum3
619 562 937 642 quarum,
982 559 1063 625 ad
1098 558 1439 642 iudicium.
1481 555 1668 622 Venit

164 673 216 735 in
235 667 566 745 mundum,
595 666 764 731 sicut
790 667 1089 733 minister
1113 667 1409 746 humilis3
1434 664 1506 730 in
1530 662 1666 728 ani·

162 795 332 854 marn,
359 774 520 839 sicut
542 773 814 839 dilectus
840 775 1169 852 amabilis;
1195 775 1267 839 in
1293 773 1662 848 infernum,

1775 555 2073 636 noluerit,
2103 560 2172 624 in
2197 560 2301 624 die
2325 560 2557 624 futurae
2589 557 2744 624 vitae
2769 558 2848 623 de
2873 556 3022 624 lacu
3042 559 3316 626 miseriae

1773 662 1952 728 exire
1979 682 2112 730 non
2138 665 2393 748 poterit.
2423 664 2813 731 Extrahatur
2839 683 3003 746 ergo
3027 670 3317 748 peccator

1772 768 1842 832 in
1870 770 1970 836 die
1996 773 2329 855 praesentis
2355 772 2548 851 vitae,
2595 776 2824 837 utnon
2852 778 3120 856 cogatur
3157 774 3312 840 sub·

161 884 293 947 sicut
315 880 574 946 bellator
599 880 1032 963 invincibilis;
1074 882 1155 946 ad
1190 879 1508 963 judicium
1551 897 1668 944 ve·
1764 876 1879 958 jici
1902 881 2163 944 aeternae
2191 878 2487 944 miseriae.
2519 877 2696 944 Unde
2713 884 2778 920 ⁸·
2764 879 3014 961 ‚GuJ‘us
3040 885 3320 948 vestrum

160 991 265 1055 niet
278 987 641 1071 simitjudex
657 988 1050 1055 inflexibilis.
1070 989 1157 1055 De
1178 988 1430 1073 primo²
1457 988 1667 1065 :Quia

159 1097 343 1165 Filius
384 1096 663 1163 homnis
709 1112 845 1163 non
883 1098 1065 1164 venit
1097 1094 1510 1173 maturari,
1555 1092 1668 1160 sed

160 1209 521 1285 ministrare,
540 1209 662 1270 etc.
688 1204 738 1271 Ο
755 1222 959 1288 quam
980 1203 1248 1270 fideliter
1267 1207 1331 1268 et
1351 1201 1666 1267 laboriooe

160 1315 317 1380 nobis
340 1314 631 1394 servivit,
666 1313 783 1397 qui
818 1314 1017 1378 etiam
1055 1313 1125 1378 in
1160 1312 1511 1377 ministerio
1540 1328 1665 1375 no·

160 1427 268 1486 stro
305 1420 583 1486 animam
626 1439 816 1486 suam
864 1421 1078 1486 dediti
1132 1420 1375 1485 Tamen
1420 1417 1664 1484 servitii

160 1531 239 1595 sui
258 1529 673 1608 immemores,
695 1528 1221 1612 parvipendimus
1242 1526 1522 1609 pretium
1545 1542 1664 1608 pro

157 1657 263 1721 quo
286 1638 548 1704 servivit
568 1637 845 1720 triginta
875 1637 1086 1701 trihus
1123 1637 1344 1714 annis;
1388 1635 1521 1700 imo
1553 1633 1665 1698 de·

157 1746 381 1811 narium
404 1747 638 1812 animae
663 1749 907 1810 nostrae
950 1744 1070 1827 ipsi
1113 1760 1451 1827 negamus.
1486 1741 1665 1807 Unde

156 1854 531 1935 conquerimr
575 1853 645 1917 in
688 1851 960 1917 Psalmis
1002 1858 1025 1892 ²
1066 1873 1081 1916 ε
1138 1850 1417 1918 Pretium
1457 1864 1664 1916 nteum

68 1946 80 1962 '
156 1962 561 2041 waimerum
608 1959 945 2042 repellere,
997 1960 1254 2025 cucurri
1303 1958 1380 2023 in
1420 1958 1564 2024 siti.
1612 1955 1662 2022 Ο

154 2084 319 2147 quam
330 2068 499 2148 juste
519 2066 969 2149 conqueritur!
989 2064 1038 2129 Ο
1056 2083 1253 2147 quam
1274 2064 1514 2147 injuste
1538 2063 1663 2146 ipsi

153 2173 247 2238 iste
288 2174 586 2240 denarius
615 2175 1000 2256 denegatur,
1055 2192 1251 2256 quem
1286 2190 1419 2238 non
1450 2172 1662 2238 solum

152 2285 423 2364 tanquam
459 2283 739 2365 pretium
796 2281 1040 2347 servitii
1082 2279 1327 2348 solvere
1368 2284 1663 2345 tenemur

152 2385 523 2470 Redemptori
537 2437 560 2467 ,
615 2390 728 2453 sed
784 2388 982 2454 etiam
1037 2392 1348 2471 tanquam
1399 2405 1662 2452 censum

151 2492 386 2560 Domino
411 2494 696 2561 Creatori
714 2544 735 2574 ,
768 2496 936 2560 sicut
961 2495 1029 2559 in
1057 2495 1367 2577 imaginis
1388 2495 1659 2578 impres-

148 2600 297 2665 sione
318 2603 631 2684 probatur
659 2605 683 2639 ³
712 2623 732 2667 ε
767 2604 969 2686 Cujus
1008 2608 1100 2671 est
1126 2606 1339 2685 imaqo
1383 2603 1565 2670 Itoee?
1597 2606 1663 2666 et

148 2711 343 2772 eaetera
359 2727 604 2792 usque:
626 2710 901 2778 Reddite
920 2710 1127 2794 ἐρίων
1141 2717 1449 2795 quoestmi
1463 2712 1664 2779 Coesa·

150 2815 498 2883 n'sCoeeari.
523 2816 703 2883 Unde
718 2819 882 2883 bene
905 2820 995 2882 ait
1010 2819 1459 2901 Augustinus*
1480 2838 1499 2883 t
1522 2818 1656 2885 «Οἱ

147 2936 271 2985 vere
292 2922 441 3004 plus
466 2924 584 2989 tibi
610 2924 812 2990 debeo
836 2944 1033 3009 quam
1060 2926 1377 3018 meipsum
1405 2929 1611 2990 totum
1638 2946 1653 2988 ε

142 3027 231 3092 sed
252 3047 365 3094 nec
390 3030 811 3113 plus-haheO,
847 3051 969 3096 nec
992 3032 1115 3096 hoc
1148 3032 1363 3115 ipsum
1402 3049 1521 3113 pro
1557 3049 1661 3096 me

140 3137 317 3200 totum
348 3155 618 3220 possum
658 3139 925 3204 reddere
963 3139 1223 3216 :trahe,
1274 3138 1560 3218 Domine,
1590 3138 1659 3202 in

138 3257 393 3308 amorem
412 3249 605 3309 tuum
624 3246 731 3310 vel
748 3245 1090 3328 hocipsum
1106 3246 1279 3328 quod
1291 3245 1424 3326 ipse
1438 3260 1606 3308 sum.
1619 3265 1652 3304 ι

200 3346 279 3412 De
318 3350 604 3414 secundo
649 3350 672 3385 ⁸
718 3374 735 3413 ε
780 3350 1014 3417 Veniat
1054 3348 1541 3436 dilectus—meus
1585 3349 1661 3413 in

133 3451 357 3520 hortm
406 3472 630 3523 sumn.
688 3455 932 3521 Hortus
984 3455 1227 3534 dilecti,
1266 3454 1334 3519 id
1367 3459 1463 3520 est
1510 3453 1659 3519 Jesu

133 3557 363 3642 Christi,
422 3567 531 3628 est
580 3581 693 3627 cor
746 3562 979 3639 fidele,
1032 3580 1144 3626 cor
1196 3561 1535 3640 devotum,
1591 3563 1660 3624 in

127 3684 239 3748 quo
260 3669 513 3751 herbae,
544 3671 738 3735 flores
758 3673 822 3734 et
842 3669 1086 3734 fruetus
1103 3668 1504 3734 diversarum
1530 3666 1660 3731 vir-

127 3775 315 3840 tutum
338 3781 406 3841 et
430 3777 848 3842 meritorum.
877 3774 1064 3841 Venit
1088 3793 1249 3858 ergo
1275 3775 1563 3858 Sponsus
1587 3774 1659 3838 in

126 3877 361 3946 hortum
386 3883 609 3948 cordis
635 3882 847 3948 devoti
870 3930 889 3962 ‚
918 3900 1049 3947 non
1076 3882 1147 3946 in
1174 3882 1489 3946 sentinam
1515 3899 1659 3946 cor-

124 3984 205 4048 dis
242 3990 525 4055 sordidi.
571 3997 595 4032 ⁸
650 3990 1183 4073 eomputruerunc
1226 3989 1529 4073 ,iumenta
1582 3990 1659 4055 in

124 4099 365 4162 uereore
410 4111 571 4162 mo.
619 4095 707 4159 De
750 4097 873 4160 hac
900 4095 1151 4160 sentina
1172 4096 1334 4177 eripi
1361 4095 1656 4179 cupiebat

124 4203 219 4282 qui
241 4205 402 4269 dixit
433 4206 459 4240 '¹
494 4227 514 4269 ε
546 4205 753 4287 Eripe
779 4220 876 4270 me
903 4202 984 4269 de
1011 4203 1145 4271 luto
1164 4251 1183 4283 ,
1230 4210 1303 4269 ut
1341 4218 1472 4269 non
1497 4203 1657 4284 infi-

125 4325 242 4389 σαν.
279 4311 404 4377 Sed
444 4312 650 4376 multi
679 4311 761 4375 de
789 4311 912 4375 hoc
937 4315 1212 4376 stercore
1238 4310 1491 4375 extrahi
1531 4311 1656 4376 dif-

125 4417 313 4483 ferunt
342 4442 358 4483 ε
388 4417 649 4504 quilius
696 4419 1024 4499 continget
1063 4418 1230 4482 sicut
1273 4417 1496 4483 Judaeo
1515 4466 1533 4500 ,
1579 4418 1658 4484 de

126 4540 233 4605 quo
255 4525 516 4605 dicitur,
552 4524 731 4608 quod
748 4525 816 4588 in
839 4524 1121 4588 cloacam
1146 4523 1375 4588 cadens
1397 4524 1499 4588 die
1518 4525 1659 4588 sab·

125 4629 233 4694 bati
248 4680 271 4711 ,
306 4633 573 4698 extrahi
626 4630 866 4709 noluit;
916 4631 1018 4696 die
1061 4635 1277 4696 autem
1320 4632 1653 4713 sequenti,

124 4734 225 4802 hnc
262 4745 355 4804 est
406 4741 517 4805 die
570 4737 937 4813 dominico,
989 4755 1107 4802 rex
1144 4738 1357 4820 ipsum
1401 4737 1656 4803 extrahi

126 4859 232 4907 non
266 4847 567 4928 permisit
589 4893 613 4924 ,
663 4843 760 4909 sic
807 4844 1071 4908 dicens:
1111 4867 1143 4905 α
1176 4843 1325 4908 Heri
1376 4845 1658 4909 servavit

127 4955 663 5019 suumsabhatum
699 4974 715 5016 :
744 4951 944 5017 hodie
984 4955 1191 5016 servet
1227 4969 1470 5015 meum.
1495 4974 1525 5012 ι)
1563 4950 1659 5018 lta

130 5054 627 5143 fadetpeccatori
668 5057 812 5123 Rex
841 5056 1111 5124 coelestis
1141 5079 1157 5120 ε
1188 5057 1467 5124 siindie
1504 5058 1657 5123 vitae

133 5168 423 5242 presentis
450 5168 788 5232 sentinam
817 5164 1125 5228 vitiorum
1154 5163 1332 5230 exire
1363 5169 1657 5247 peccator

188 5329 206 5361 ¹
231 5328 417 5391 naut..
442 5340 552 5393 xx,
590 5329 676 5378 28.
713 5352 780 5365 -
824 5326 848 5361 ⁸
886 5322 1025 5375 Paul.
1064 5337 1182 5389 nn,
1222 5328 1271 5377 5.
1306 5354 1370 5367 —
1398 5327 1422 5363 ⁸
1447 5327 1656 5388 Matilo..

138 5406 252 5463 ωε,
284 5403 439 5451 20-21.
468 5427 536 5438 —
567 5399 591 5431 ⁴
625 5401 761 5464 Aug.
797 5424 863 5435 —
899 5396 924 5433 ⁸
955 5395 1121 5461 Cant„
1148 5409 1201 5461 v,
1232 5402 1277 5450 1.
1306 5425 1369 5440 -
1396 5400 1415 5431 ⁸
1441 5400 1586 5466 Ioci„
1614 5412 1653 5464 1,

1771 982 1878 1051 bos
1908 991 2025 1054 aut
2048 988 2276 1054 asintae
2304 988 2379 1053 in
2402 993 2663 1068 puteum
2687 984 2902 1066 cadet,
2934 992 2997 1054 et
3020 1003 3152 1054 non
3177 1003 3321 1054 con·

1771 1091 1963 1157 tinuo
1989 1094 2282 1162 extrahet
2311 1093 2531 1174 illum,
2561 1095 2763 1162 etiam
2787 1096 2862 1161 in
2885 1094 2994 1162 die
3019 1095 3320 1163 sabbati?

1851 1197 1938 1263 De
1965 1200 2185 1279 tertio,
2218 1202 2381 1266 sicut
2418 1201 2681 1284 exponit
2705 1201 3097 1284 Gregorius
3081 1222 3150 1267 in
3183 1205 3309 1270 ho-

1773 1304 1954 1370 milia
1977 1312 2034 1386 ⁹,
2065 1307 2298 1372 dicitur
2320 1308 2430 1373 hic
2458 1327 2476 1371 ε
2521 1309 2613 1374 Tu
2642 1325 2707 1376 es
2734 1312 2849 1390 qui
2878 1315 3187 1378 venturus
3211 1328 3313 1391 ea,

1771 1429 1860 1479 an
1879 1413 2086 1480 alium
2101 1421 2532 1497 aspectamus,
2557 1419 2678 1481 etc.
2700 1415 2798 1481 Ad
2815 1417 3139 1483 infernum
3158 1437 3317 1500 ergo

1770 1521 1949 1586 venit
1975 1526 2040 1586 et
2064 1523 2455 1605 supervenit.
2505 1522 2694 1588 Venit
2725 1523 2920 1606 justis
2968 1525 3309 1604 liberator3

1768 1629 2143 1710 supervenit
2161 1629 2562 1695 daemonibus
2585 1630 3089 1713 triumphator.¹⁰
3105 1633 3182 1696 Si
3201 1648 3316 1699 au-

1770 1740 1895 1803 tem
1923 1737 2154 1816 tortior
2190 1736 2302 1804 illo
2341 1741 2791 1820 superveniens
2825 1741 3053 1808 vicerit
3090 1739 3276 1806 illum
3292 1787 3310 1819 ‚

1767 1845 2073 1911 universa
2108 1862 2293 1913 arma
2339 1846 2478 1928 ejus
2518 1847 2794 1927 auferet,
2836 1853 2895 1914 et
2924 1847 3135 1930 spolia
3173 1848 3315 1930 ejus

1766 1949 2127 2019 distribuet.
2157 1953 2358 2017 Arma
2400 1953 2635 2018 diaboli
2662 1955 2839 2032 {sunt
2882 1955 3052 2020 vires
3100 1955 3315 2039 impu-

1767 2058 2006 2139 gnandi
2031 2107 2051 2137 ,
2099 2059 2335 2142 quibus
2377 2065 2664 2125 armatus
2693 2065 2790 2125 est
2837 2066 3058 2126 contra
3100 2062 3314 2127 homi-

1767 2182 1939 2228 nem.
1992 2164 2169 2230 Unde
2213 2166 2291 2231 de
2336 2171 2659 2248 peccatore
2704 2168 2785 2233 ad
2829 2169 3198 2250 gehennam
3243 2170 3313 2235 in

1768 2276 1974 2336 morte
2000 2274 2304 2356 rapiendo
2331 2274 2561 2339 dicitur
2584 2276 2625 2311 ¹¹
2658 2294 2675 2339 ε
2707 2276 2928 2358 Ipsum
2953 2278 3163 2360 rapiet
3197 2295 3313 2345 ar-

1769 2385 2005 2459 matus,
2037 2380 2101 2443 id
2129 2385 2227 2445 est
2253 2380 2564 2445 diabolus.
2591 2382 2938 2464 Gregorius
2957 2385 3048 2448 ¹¹:
3081 2407 3113 2446 (ι
3141 2384 3313 2462 Quos

1768 2487 2059 2551 viventes
2108 2487 2432 2552 blanditiis
2473 2487 2703 2572 decipit
2738 2537 2757 2566 ,
2805 2508 2922 2555 nos
2967 2492 3312 2558 morientes

1769 2594 2046 2659 saeviens
2070 2594 2256 2677 rapit.
2286 2616 2318 2654 υ
2363 2593 2580 2676 Spolia
2602 2597 3009 2678 autem18unt
3035 2598 3271 2664 animae
3289 2650 3307 2680 ,

1767 2719 1901 2766 non
1922 2701 2137 2766 solum
2163 2701 2231 2765 in
2274 2700 2516 2766 mundo
2540 2748 2562 2779 ,
2606 2702 2715 2767 sed
2758 2703 2954 2768 etiam
2999 2704 3072 2769 in
3111 2705 3312 2772 limbo

1769 2811 1910 2892 ejus
1935 2808 2295 2892 captivitate
2323 2809 2594 2874 detentae
2614 2857 2635 2888 ‚
2666 2828 2814 2891 quae
2839 2811 3310 2880 distribuuntur

1767 2935 1883 3000 per
1895 2919 2125 2982 choros
2141 2918 2524 2999 angelorum
2547 2920 2903 2985 secundum
2920 2920 3314 2988 differentias

1770 3024 2173 3090 meritorum.
2199 3023 2484 3089 Christus
2502 3042 2663 3108 ergo
2681 3026 2933 3093 diabolo
2959 3029 3183 3094 sortior
3211 3049 3313 3096 su-

1769 3133 2097 3216 pervenit,
2132 3134 2389 3215 quando
2416 3138 2708 3216 potenter
2742 3135 2824 3198 ad
2849 3136 3174 3202 infernum
3200 3138 3313 3203 de-

1768 3240 2029 3304 scendit.
2063 3238 2319 3304 Fortem
2346 3240 2532 3318 vicit,
2580 3241 2838 3323 quando
2864 3241 3154 3308 diabolus
3189 3263 3308 3327 po-

1766 3347 1976 3410 testati
1992 3347 2049 3428 ej
2059 3365 2137 3410 us
2156 3347 2611 3412 tremebundus
2627 3348 2980 3413 succubuit.
3003 3349 3310 3415 Dominus

1767 3467 1949 3514 arma
1967 3448 2257 3529 abstulit,
2280 3450 2537 3532 quaudo
2558 3450 2725 3514 vires
2737 3451 3025 3516 tentandi
3047 3453 3302 3517 minuit.

1726 3603 1731 3610 .
1766 3555 1982 3639 Spolia
2002 3556 2363 3636 distribuit,
2399 3557 2656 3639 quando
2679 3557 2929 3623 animas
2953 3576 3070 3641 per
3093 3578 3302 3643 ange-

1765 3662 1978 3729 lorum
2003 3664 2261 3729 ordines
2284 3663 2528 3729 divisit.

1846 3770 1933 3835 De
1954 3775 2184 3853 quarto
2199 3770 2280 3836 ¹⁸:
2308 3771 2465 3840 Ecce
2487 3786 2716 3839 nomen
2742 3773 3005 3840 Domini
3029 3773 3305 3842 venitdo

1766 3879 2147 3962 lonatnqum
2175 3879 2406 3946 ardens
2443 3879 2626 3959 furor
2650 3878 2828 3960 eius,
2875 3886 2936 3948 et
2972 3881 3146 3947 labia
3170 3882 3306 3963 ejus

1766 3986 2001 4068 repleta
2010 3991 2166 4053 swa
2177 3985 2724 4068 inmitationem
2734 3986 2960 4069 linqua
2972 3988 3113 4068 ejus
3127 3992 3305 4071 iqnis

1767 4093 2080 4161 devorans
2097 4111 2120 4157 .-
2135 4111 2248 4175 per
2264 4094 2526 4175 igneam
2548 4094 2950 4172 sententiam,
2969 4095 3048 4160 de
3065 4115 3194 4179 qua
3208 4096 3251 4133 ¹⁸
3283 4120 3300 4163 z

1766 4203 2091 4271 Discedite
2114 4220 2159 4269 a
2182 4220 2304 4283 me,
2334 4203 2689 4283 maledicti,
2720 4210 2841 4269 etc.
2864 4204 3183 4272 Horrihile
3209 4214 3306 4274 est

1765 4312 1939 4394 quod
1950 4310 2185 4376 dicitur
2202 4313 2433 4379 :Furor
2447 4311 2585 4395 effus
2599 4311 2858 4378 ardens.
2875 4312 3119 4378 Furens
3131 4316 3304 4380 enim

1767 4421 2054 4485 Christus
2069 4420 2299 4485 dieitur
2316 4420 2383 4483 in
2397 4420 2643 4501 judicio
2661 4437 2775 4502 per
2788 4420 3266 4487 similitudinem
3282 4444 3300 4489 ε

1765 4526 1921 4610 quia
1962 4526 2128 4591 sicut
2166 4527 2361 4590 homo
2399 4526 2620 4590 furens
2665 4543 2936 4608 magnos
2975 4533 3040 4592 et
3074 4546 3305 4612 parvos

1766 4633 2200 4698 indifferenter
2235 4632 2536 4714 percutit,
2569 4650 2781 4715 neque
2810 4652 3139 4716 personas,
3184 4654 3299 4701 ne·

1766 4759 1894 4823 que
1941 4757 2192 4822 preces,
2233 4756 2440 4821 neque
2477 4757 2748 4805 munera
2782 4742 3005 4823 accipit
3034 4743 3116 4806 ad
3156 4760 3301 4824 par·

1765 4847 2080 4924 cendum;
2109 4847 2198 4909 ita
2226 4845 2508 4911 Christus
2541 4846 2611 4910 in
2644 4846 2886 4928 jndicio
2908 4894 2925 4925 ‚
2955 4866 3162 4930 neque
3188 4847 3304 4913 Pa·

1768 4972 1905 5038 pae,
1934 4972 2146 5036 neque
2190 4951 2630 5036 Imperatoris,
2679 4971 2890 5036 neque
2932 4957 3301 5037 cujuscum-

1766 5079 1893 5143 que
1919 5062 2183 5128 alterius
2211 5077 2550 5143 personam
2578 5059 2863 5141 accipiet.
2894 5059 3053 5125 ltem
3087 5080 3304 5144 preces

1769 5188 1845 5236 Π.
1868 5212 1932 5224 -
1960 5186 1978 5217 ‘¹
2006 5185 2141 5235 Ptol.
2171 5196 2355 5248 vam,
2384 5188 2465 5236 ¹5.
2491 5210 2551 5223 —
2578 5184 2599 5214 ⁸
2621 5185 2755 5247 Luc„
2788 5196 2899 5245 xiv,
2920 5186 2969 5235 5.
2992 5211 3051 5223 -·
3079 5186 3102 5222 ⁰
3128 5188 3300 5253 Greg.‚

1767 5257 1821 5307 in
1850 5257 2067 5321 Evmq„
2094 5255 2237 5310 hom.
2268 5269 2341 5321 vi,
2375 5270 2430 5308 n.
2463 5260 2518 5320 ¹3
2546 5257 2599 5307 in
2626 5255 2826 5321 Eue-lt„
2849 5257 2992 5307 hom.
3020 5269 3057 5321 1,
3085 5271 3140 5310 n.
3168 5261 3217 5311 5.
3239 5284 3304 5298 -·-

1770 5329 1814 5365 ¹·
1840 5328 1980 5390 Luc„
2007 5340 2085 5391 xi,
2112 5331 2194 5380 22.
2224 5355 2288 5368 —
2314 5329 2354 5364 ¹¹
2382 5326 2493 5392 lob,
2522 5339 2574 5386 v,
2600 5330 2653 5378 δ.
2683 5353 2746 5367 -
2772 5327 2812 5363 ¹²
2838 5328 2993 5392 Greg.
3025 5355 3080 5366 —
3109 5329 3153 5366 ¹⁸
3178 5331 3304 5402 Im,

1765 5411 1895 5465 xxx,
1918 5402 1998 5451 27.
2030 5426 2086 5437 —
2120 5399 2159 5436 ¹⁸
2177 5401 2380 5464 nauh„
2402 5411 2530 5462 xxv,
2556 5402 2636 5450 ιι.
