4059 6317
629 460 751 524 408

628 592 753 674 uis,
781 588 1131 657 secundum
1174 586 1348 671 quod
1372 584 1523 653 dicit
1549 583 1804 664 Glossa3
1834 585 2166 666 etponm

629 693 1729 781 illuminjmnentumeorporissui,
1757 709 1908 758 cum
1933 691 1953 728 ¹
1980 707 2170 773 «pec-

630 813 772 873 cata
794 809 1010 874 nostra
1035 803 1313 889 portavit
1338 803 1409 867 in
1438 818 1706 886 corpore
1730 818 1850 867 suo
1877 816 2071 883 super
2092 797 2171 862 li-

629 934 877 1001 gnum,
916 916 1100 999 cujus
1132 913 1338 978 livore
1377 912 1582 976 sanati
1619 927 1886 989 sumus,
1916 930 1948 970 ι
1984 906 2171 972 duaeu

631 1024 819 1090 illum
845 1024 916 1090 in
938 1021 1264 1088 stabulum
1299 1018 1617 1086 Ecclesiae.
1643 1016 1856 1084 Tertio
1884 1016 2170 1081 animam

630 1132 937 1199 caducam
984 1132 1050 1194 et
1085 1127 1359 1194 debilem
1397 1125 1726 1192 roboravit
1749 1124 1821 1189 in
1848 1139 2171 1188 resurrec-

630 1242 804 1310 tione
822 1287 844 1321 ‚
889 1235 1229 1322 aperiendo
1267 1251 1532 1300 sensum
1574 1250 1773 1299 sacrae
1826 1230 2170 1316 Scriptura

631 1354 858 1418 contra
895 1346 1303 1413 debilitatem.
1347 1342 1527 1409 Unde
1561 1341 1871 1408 subinfert
1898 1359 1922 1405 .·
1953 1339 2174 1407 Altera

634 1457 744 1525 die
765 1454 1037 1540 protulit
1061 1451 1224 1520 duos
1250 1451 1573 1518 denarios.
1596 1448 1814 1513 Glossa
1843 1465 1861 1511 ε
1898 1470 1930 1509 ι
1955 1446 2174 1511 Altera

634 1564 760 1644 die,
780 1563 846 1628 id
859 1564 957 1627 est
971 1564 1113 1644 post
1124 1575 1310 1624 suam
1325 1556 1857 1622 resurrectionem
1866 1601 1884 1633 ‚
1908 1554 2171 1638 quando

634 1669 908 1753 amplior
933 1671 1193 1733 aeternae
1228 1663 1393 1729 lucis
1417 1662 1716 1746 splendor
1734 1709 1755 1741 ,
1786 1679 1983 1745 quam
2024 1664 2174 1726 ante

633 1777 1019 1862 passionem,
1048 1771 1288 1838 effulsit
1316 1770 1385 1834 in
1416 1768 1682 1848 mundo,
1720 1767 1987 1850 protulit
2010 1766 2175 1833 duos

636 1883 952 1961 denarios,
985 1880 1049 1948 id
1079 1882 1210 1959 est,
1242 1878 1372 1943 duo
1399 1878 1772 1943 testamenta
1818 1875 2118 1959 apostolis
2152 1896 2170 1941 z

637 1992 791 2077 quia
815 1989 1010 2073 ipsis¹
1029 1988 1288 2071 aperuit
1311 2002 1603 2066 sensura,
1642 1988 1718 2053 ut
1747 1983 2176 2068 intentam-ent

640 2098 1019 2180 Scrimuras
1045 2094 1127 2161 ad
1150 2094 1507 2177 regendum
1527 2095 1591 2157 et
1610 2090 2049 2174 adjuvandum
2065 2108 2176 2174 po·

639 2205 888 2289 pulum.
932 2201 1113 2268 Unde
1155 2218 1271 2284 per
1298 2200 1652 2266 doctrinam
1676 2199 1960 2264 duorum
1981 2201 2176 2263 testa-

638 2316 1003 2380 mentorum
1021 2358 1044 2391 ,
1088 2327 1236 2393 quae
1282 2308 1662 2391 intelligitur
1710 2307 1781 2372 in
1827 2306 2178 2391 prolatione

638 2424 915 2490 duorum
942 2419 1351 2487 denariorum
1365 2467 1388 2499 ,
1417 2435 1580 2501 quos
1606 2416 1779 2482 dedit
1801 2416 2172 2498 stabulario,

637 2532 706 2598 id
729 2534 827 2597 est
855 2529 1147 2614 praelato‚
1193 2530 1380 2611 cujus
1419 2528 1518 2591 est
1545 2523 1897 2591 doctrinam
1943 2524 2169 2589 minis-

638 2643 811 2705 trare
824 2687 843 2720 ‚
897 2641 962 2703 et
1005 2634 1402 2719 explanando
1445 2649 1910 2717 supererogare
1927 2678 1949 2711 ,
1997 2630 2181 2713 adju-

640 2748 879 2814 vantur
903 2743 1178 2809 viatores
1201 2742 1272 2807 in
1288 2745 1594 2816 aeternam
1614 2738 1888 2823 patriam
1907 2737 2177 2804 redeun-

640 2858 760 2936 tes,
787 2857 908 2920 etc.

721 3083 1088 3164 Domai
1132 3082 1275 3160 xm
1319 3080 1507 3158 Post
1550 3029 2102 3158 Pmcosmu.

1037 3251 1324 3323 SERMO
1367 3249 1693 3322 PRIMUS
1726 3254 1773 3320 ⁸.

728 3392 883 3458 cum
902 3385 1343 3472 inundemur
1366 3386 1551 3453 Iesus
1582 3382 1906 3467 quoddam
1947 3383 2181 3451 castel·

646 3503 802 3581 lum,
848 3502 1259 3567 occurrerunt
1308 3498 1371 3564 ei
1423 3494 1628 3563 decem
1676 3496 1812 3563 viri
1857 3494 2094 3578 leprosi
2130 3497 2175 3558 ‘.

646 3606 986 3686 Castellum
1023 3609 1122 3672 est
1158 3603 1464 3670 mundus.
1501 3602 1728 3668 Decem
1753 3602 1984 3686 leprosi
2030 3605 2183 3667 sunt

646 3716 1035 3799 peccatores,
1091 3712 1308 3778 decem
1341 3710 1788 3777 mandatorum
1825 3714 2184 3792 transgres-

646 3820 932 3888 sionibus
956 3819 1193 3886 vitiosi.
1222 3819 1758 3885 Considerandum
1775 3822 1992 3884 autem
2012 3818 2184 3883 unde

645 3930 823 4013 lepra
868 3927 1173 3994 vitiorum
1218 3927 1630 3994 contrabatur
1650 3973 1668 4006 ,
1715 3929 1781 3991 et
1806 3925 1975 3991 unde
2001 3943 2184 3991 sane-

645 4042 777 4104 tur.
1585 4078 1590 4086 -

726 4145 1132 4213 contrahitur
1184 4144 1401 4209 autem
1452 4143 1631 4227 lepra
1681 4140 1917 4208 animae
1964 4141 2178 4222 corde,

644 4271 780 4334 ore,
807 4269 1020 4335 opere,
1049 4247 1524 4324 consuetudine,
1554 4248 1753 4315 Corde
1779 4248 1846 4313 ⁸:
1883 4247 1958 4315 Si
1980 4249 2185 4330 fucrit

643 4362 840 4447 playa
855 4360 1045 4443 leproe
1060 4360 1137 4426 in
1153 4355 1423 4437 cedibus,
1453 4356 1577 4424 ibit
1607 4355 1795 4439 cidus
1823 4361 1922 4426 est
1956 4356 2183 4425 domus

643 4470 968 4537 nuntians
1002 4462 1344 4533 sacerdoti.
1372 4462 1613 4529 Domus
1652 4463 1901 4547 leprosa
1944 4469 2039 4529 est
2077 4483 2189 4531 cor

649 4578 721 4643 in
747 4575 1004 4653 affectu,
1033 4570 1445 4638 delectatione
1463 4618 1488 4651 ,
1517 4573 1582 4636 et
1608 4588 1944 4647 consensu,
1972 4575 2038 4637 et
2063 4591 2186 4639 vo-

648 4684 898 4752 luntate
918 4678 1106 4746 mala.
1132 4677 1273 4743 Heu
1287 4677 1573 4744 miseria!
1609 4695 1739 4742 non
1759 4682 1966 4762 potest
1990 4679 2188 4746 homo

651 4791 969 4867 sustinere
1025 4787 1294 4852 domum
1345 4784 1743 4869 leprosorum
1800 4787 1873 4851 in
1933 4787 2189 4856 civitate

651 4918 803 4981 ωας
832 4902 899 4965 et
920 4894 1196 4962 sustinet
1219 4911 1329 4958 cor
1351 4892 1676 4977 leprosum
1701 4894 1774 4960 in
1799 4894 2016 4962 anima
2044 4915 2187 4964 sua.

653 5006 813 5072 ltem
844 5022 984 5080 ore;
1011 5001 1181 5068 unde
1207 5000 1436 5080 Maria,
1465 4999 1618 5085 quia
1641 5000 1841 5086 Moysi
1861 5002 2043 5068 fratri
2071 5023 2191 5072 suo

714 5169 735 5204 ¹
766 5167 782 5216 l
816 5166 974 5229 Peir„
1006 5175 1071 5223 ιι,
1108 5164 1186 5214 24.
1220 5185 1285 5201 -—
1315 5162 1335 5193 ²
1369 5161 1509 5226 Luc„
1537 5173 1680 5226 nur,
1715 5163 1792 5215 45.
1823 5190 1885 5203 —
1917 5164 1940 5200 ⁸
1967 5165 2113 5217 Hunc
2140 5170 2195 5219 et

653 5233 2191 5373 ew.ffir‘.‘¹¹:⁰‘¹.32..2⁶³.¹2.‚⁹sff·:.·2·1.22.².2·;.

655 5384 736 5433 lo.
780 5407 840 5418 —
884 5380 902 5412 ’
945 5380 1120 5439 wit..
1165 5389 1293 5439 χιιι,
1341 5379 1420 5427 4⁸.
1468 5403 1533 5416 -
1570 5376 1595 5412 ⁸
1641 5377 1840 5442 Ephes„
1884 5392 1956 5442 iv,
2007 5383 2087 5431 29.
2130 5407 2192 5419 -

657 5454 678 5488 ⁹
709 5452 773 5507 lv
801 5451 941 5519 aeq„
965 5461 1014 5515 v,
1034 5451 1112 5506 87.
1134 5475 1196 5487 —
1224 5449 1265 5485 ¹⁰
1281 5449 1322 5502 ll
1349 5447 1545 5510 Par-al„
1567 5460 1711 5510 xxvi,
1741 5452 1816 5510 19,
1839 5453 1961 5492 -11
1987 5452 2028 5510 ιι
2050 5453 2187 5517 neq„

1720 442 2138 513 saumones
2183 418 2281 514 os
2321 444 2714 514 Taureae.

2274 581 2655 665 detraxerat,
2681 597 2981 667 percussa
3004 585 3103 649 est
3120 583 3328 668 lepra,
3364 584 3530 653 sicut
3552 584 3812 670 signin-

2276 693 2457 756 catur
2482 690 2529 757 ⁸.
2558 688 2663 757 Sic
2686 690 2878 757 etiam
2902 689 3205 758 doctrinis
3230 692 3564 775 haeretiois,
3594 697 3811 779 perju-

2276 797 2413 877 riis,
2437 797 2949 878 detractionibus,
2979 798 3323 866 mendaciis
3347 804 3412 866 et
3449 800 3637 866 malis
3656 821 3809 868 con-

2278 907 2465 989 siliis,
2493 912 2558 974 et
2581 907 2953 992 hujusmodi
2972 954 2993 985 ‚
3022 906 3200 991 lepra
3238 909 3635 976 contrahitur
3658 912 3811 976 ani-

2278 1032 2556 1096 marum,
2588 1014 2759 1081 unde
2783 1013 2864 1079 de
2888 1013 3103 1080 t'oetido
3132 1015 3453 1081 malorum
3474 1014 3813 1100 colloquio-

2278 1139 2427 1186 rum
2460 1122 2748 1187 anhelitu
2772 1121 2930 1187 alios
2961 1126 3404 1206 corrumpunt.
3435 1121 3612 1188 Unde
3635 1141 3811 1206 ιιι-ω-

2278 1227 2511 1311 cipitur
2534 1229 2798 1313 leprosis
2819 1229 2842 1266 '¹
2869 1229 3042 1314 quod
3066 1229 3298 1296 debent
3311 1230 3547 1297 babere
3562 1236 3815 1300 oseem

2278 1342 2650 1416 contestanti,
2679 1336 2746 1402 id
2779 1340 2875 1403 est
2886 1384 2911 1418 ,
2962 1337 3417 1403 consuetudine
3450 1337 3760 1404 clausum.
3786 1344 3815 1381 ⁸

2285 1446 2507 1513 Omnis
2531 1459 2735 1512 sermo
2774 1444 2985 1512 malus
3021 1461 3105 1512 ar
3134 1461 3239 1512 ore
3270 1448 3481 1514 vestro
3502 1461 3632 1513 non
3654 1462 3818 1529 pro-

2282 1553 2486 1621 cedat.
2517 1552 2677 1618 Item
2705 1571 2933 1636 opere,
2962 1557 3029 1618 et
3051 1553 3458 1638 spiritualiter
3481 1572 3672 1637 epm-e
3696 1573 3816 1620 cu-

2282 1662 2580 1747 piditatis.
2610 1660 2788 1728 Unde
2815 1660 2894 1726 de
2919 1660 3088 1726 Giezi
3123 1662 3454 1746 accipienti
3477 1661 3820 1745 poemiam

2283 1776 2347 1836 et
2369 1774 2576 1837 vestes
2601 1788 2641 1834 a
2667 1767 2956 1834 Naaman
2991 1773 3212 1835 sanato
3246 1769 3483 1836 dicitur
3507 1775 3530 1812 ⁰
3564 1791 3580 1834 ε
3616 1770 3823 1853 Lepra

2282 1879 2584 1946 Naaman
2618 1876 2965 1946 adherebit
3001 1876 3147 1946 tibi.
3184 1876 3477 1943 Timeant
3515 1876 3661 1956 boc,
3702 1879 3820 1963 qui

2282 1984 2571 2053 vendunt
2590 1984 2963 2069 spiritualia.
2990 1984 3151 2051 Item
3166 2003 3356 2068 opere
3374 1985 3824 2070 presumptio-

2282 2092 2416 2171 nis,
2472 2090 2576 2158 vel
2634 2091 3066 2177 usurpationis
3127 2092 3322 2158 officii
3387 2092 3813 2160 sacerdotalis.

2292 2198 2465 2265 Unde
2487 2198 2644 2265 dicit
2679 2199 2759 2264 de
2784 2198 2933 2266 Ozia
2971 2216 3129 2282 rege
3161 2199 3334 2283 quod
3359 2216 3698 2283 percusms
3722 2204 3819 2266 est

2283 2304 2461 2391 lepra
2481 2307 2551 2387 ¹⁰,
2581 2306 2735 2390 quia
2756 2305 3167 2390 praesumpsit
3191 2305 3445 2374 adolere
3459 2305 3813 2373 incensum.

2292 2410 2585 2478 Timeant
2608 2412 2757 2492 hoc,
2787 2414 2902 2497 qui
2925 2411 3237 2480 invadunt
3243 2415 3401 2496 ,iura
3414 2413 3819 2482 sacerdotalia

2285 2524 2349 2586 et
2373 2519 2810 2586 ecclesiastica.
2844 2520 3003 2587 Item
3039 2520 3121 2586 de
3161 2538 3353 2605 opere
3392 2520 3814 2604 crudelitatis3

2286 2628 2458 2694 unde
2481 2627 2562 2694 de
2596 2627 2775 2708 Joab,
2805 2628 2921 2713 qui
2944 2628 3172 2695 occidit
3196 2629 3449 2709 Abner,
3465 2628 3695 2694 dicitur
3721 2632 3769 2672 ¹¹
3795 2651 3813 2694 ε

2285 2736 2382 2806 Ne
2408 2734 2670 2817 deficiat
2709 2736 2790 2804 de
2824 2735 3011 2806 donno
3050 2735 3206 2804 Joab
3248 2736 3509 2819 fluxum
3553 2739 3818 2806 seminis

2284 2844 2635 2924 sustinens,
2660 2848 2722 2910 et
2747 2843 3064 2927 ιορτοεαε.
3092 2848 3153 2910 et
3200 2849 3420 2912 leuem
3450 2843 3691 2925 fusum.
3719 2843 3821 2910 Ti-

2287 2954 2507 3016 meant
2529 2949 2809 3034 hoc„qui
2835 2950 3117 3018 crudelia
3142 2950 3647 3033 exercent.¹,ltem
3669 2969 3817 3020 oon-

2288 3057 2660 3139 suetudine;
2689 3058 2860 3125 unde
2886 3058 3255 3143 praecipitur
3279 3060 3328 3100 ¹¹
3355 3063 3596 3125 vestem
3615 3059 3823 3144 lepro-

2285 3187 2421 3235 sam
2450 3170 2605 3253 igne
2631 3171 2944 3237 comburi.
2994 3170 3173 3236 Sicut
3212 3171 3407 3236 vestis
3454 3171 3694 3238 munda
3732 3175 3827 3237 est

2284 3278 2676 3344 consuetudo
2699 3279 2891 3357 bona,
2920 3278 3010 3345 ita
3034 3278 3231 3346 vestis
3256 3277 3508 3362 leprosa
3546 3281 3643 3343 est
3681 3297 3825 3344 oon-

2287 3384 2557 3451 suetudo
2578 3385 2809 3452 vitiosa
2827 3433 2846 3464 ‚
2876 3403 3027 3470 quae
3069 3386 3257 3452 debet
3304 3386 3463 3468 igne
3505 3385 3820 3452 comburi.

2288 3490 2466 3557 Unde
2497 3509 2598 3558 vae
2622 3493 2683 3557 ei
2707 3493 2822 3577 qui
2847 3494 3095 3559 munda
3128 3496 3304 3562 veste
3330 3496 3502 3558 earet
3528 3496 3594 3558 et
3618 3494 3821 3559 sordi-

2286 3600 2437 3665 dam
2463 3600 2676 3665 habet.
2693 3602 2738 3639 ¹⁸
2771 3600 3088 3679 Quomodo
3116 3600 3238 3668 huc
3265 3602 3536 3670 intrasti
3558 3616 3690 3670 non
3718 3601 3828 3670 lta-

2288 3708 2434 3776 bens
2454 3713 2690 3776 vestem
2713 3708 3066 3792 nuptialem
3084 3711 3120 3777 P
3145 3709 3316 3776 Talis
3349 3710 3545 3776 vestis
3574 3709 3828 3775 combu-

2287 3821 2465 3881 retur
2490 3816 2646 3897 igne
2672 3818 3012 3900 gehennae.
3046 3817 3507 3887 vestimentum
3545 3815 3829 3886 mixtum

2287 3926 2601 4008 sanquine
2626 3924 2692 4006 ¹⁶,
2722 3925 2789 3990 id
2813 3929 2908 3992 est
2918 3974 2945 4007 ,
2970 3926 3430 3993 combustione.

2370 4032 2545 4098 Circa
2570 4035 2921 4100 secundum
2947 4038 3121 4115 nota,
3148 4035 3323 4118 quod
3348 4036 3598 4119 leprosa
3614 4038 3828 4105 anima

2289 4145 2553 4207 sanatur
2593 4159 2709 4225 per
2757 4141 3194 4224 baptismalem
3246 4145 3825 4226 regenerationem,

2290 4267 2405 4332 per
2431 4248 2929 4331 poenitentialem
2954 4251 3535 4333 compunctionem,
3573 4271 3688 4336 per
3725 4269 3831 4318 ve-

2291 4374 2433 4426 ram
2460 4357 2942 4438 contessionem,
2972 4375 3087 4441 per
3111 4359 3437 4442 integram
3462 4360 3830 4427 satisradio·

2291 4482 2467 4529 nem.
2498 4464 2582 4529 De
2604 4465 2813 4548 primo
2838 4469 2904 4529 et
2928 4465 3205 4531 secundo
3220 4466 3557 4549 signatum
3582 4472 3679 4534 est
3696 4468 3742 4532 ².⁸
3766 4468 3832 4533 in

2293 4571 2707 4638 mundatione
2734 4570 3022 4638 Naaman
3064 4572 3299 4656 leprosi
3330 4574 3565 4658 septies
3590 4576 3661 4640 in
3688 4575 3830 4642 Jor-

2292 4678 2459 4745 dane
2495 4678 2608 4743 loti
2656 4697 2675 4744 2
2718 4697 2831 4762 per
2861 4678 3205 4746 Jordanem
3240 4681 3420 4746 enim
3458 4700 3591 4748 non
3626 4682 3831 4748 solum

2296 4785 2673 4869 baptismus,
2695 4785 2805 4852 sed
2816 4786 3011 4852 etiam
3024 4789 3534 4871 compunctionis
3548 4794 3617 4855 et
3628 4789 3833 4875 lacry-

2298 4913 2553 4960 marum
2596 4897 2850 4959 torrens
2875 4895 3229 4976 significari
3252 4899 3459 4979 potest
3488 4897 3534 4939 ¹⁸
3563 4917 3581 4961 z
3623 4897 3831 4965 Deduc

2297 5005 2490 5087 quasi
2530 5007 2863 5070 terrenam
2896 5001 3240 5086 lacrymas,
3287 5009 3409 5070 etc.
3460 5004 3642 5072 Unde
3679 5007 3831 5072 bene

2298 5111 2606 5180 sardania
2631 5111 3085 5195 interpretatur
3120 5112 3301 5177 rivus
3333 5112 3564 5195 judicii
3599 5135 3615 5179 z
3659 5113 3830 5178 rivus
3866 5125 3881 5137 ·

2302 5322 2393 5376 m,
2427 5313 2507 5363 29.
2538 5337 2600 5350 —
2634 5311 2677 5348 ¹¹
2701 5311 2881 5373 tevit..
2913 5322 3042 5374 ¹111,
3073 5313 3154 5362 55.
3187 5337 3242 5347 —
3278 5310 3328 5349 ¹⁸
3355 5311 3562 5374 Natu..
3592 5321 3730 5375 xm,
3757 5312 3828 5361 ¹2.

2299 5410 2367 5522 -ιῖ
2394 5383 2680 5509 2⁴8.1m.,1x‚
2706 5386 2753 5433 5.
2779 5409 2841 5422 -
2866 5382 2909 5420 ¹⁸
2937 5383 3001 5437 lv
3024 5383 3169 5449 Rea„
3194 5396 3250 5447 v,
3281 5388 3358 5447 ιο,
3389 5386 3467 5436 ιι.
3492 5409 3555 5428 -
3577 5384 3623 5422 ¹·
3643 5382 3831 5444 fluum,
