4059 6317
0 3547 101 3601 [gnis

0 3614 113 3652 uota·

0 3673 96 3726 uu.

1229 484 1331 550 DE
1366 484 1430 549 S.
1475 481 1952 550 LAURENTIO.
1998 482 2263 550 SERMO
2304 486 2349 549 l.

178 624 259 682 sic
285 626 343 684 S.
370 625 713 684 Laurentius
755 623 1050 682 mundum
1093 636 1231 680 cum
1260 637 1370 680 suo
1395 620 1544 679 flore
1573 636 1717 678 con-

179 718 432 794 tempsit,
459 721 765 795 propriam
791 718 1048 794 patriam
1064 721 1122 775 et
1146 716 1351 775 omnia
1377 714 1717 790 dereliquit,

179 812 336 872 unde
374 813 604 871 nullam
649 813 874 888 peccati
923 812 1261 885 rubiginem
1305 826 1341 869 a
1386 814 1542 868 terra
1569 825 1716 868 con-

179 907 366 985 traxit.
398 909 542 965 ltem
567 907 717 965 nihil
744 910 828 966 est
856 923 1006 965 auro
1045 905 1360 964 virtuosius
1390 923 1405 962 :
1437 920 1578 961 nam
1606 904 1721 961 vir·

179 1004 361 1059 tutem
412 1000 593 1059 habet
645 1000 1125 1071 confortativum,
1184 1003 1241 1057 et
1283 997 1719 1073 superfluorum

180 1093 450 1153 omnium
473 1094 538 1152 in
565 1094 744 1153 corde
769 1093 1132 1153 corrosivam
1162 1110 1177 1150 ε
1207 1091 1371 1150 unde
1412 1090 1570 1149 valet
1588 1090 1720 1166 plu-

177 1189 396 1246 rimum
441 1191 648 1247 contra
686 1188 917 1263 lepram
932 1230 954 1260 ,
1009 1189 1069 1246 et
1122 1189 1326 1244 contra
1378 1183 1719 1260 passionem

177 1281 507 1340 cardiacam
531 1281 570 1339 ¹.
600 1285 647 1340 A
678 1280 848 1355 lepra
887 1280 1047 1338 enim
1090 1279 1190 1337 vel
1233 1280 1553 1353 praeservat
1571 1321 1591 1350 ,
1621 1276 1721 1335 vel

176 1391 309 1433 eam
334 1375 615 1445 retardat,
640 1374 738 1433 vel
757 1375 969 1448 saltem
995 1390 1130 1432 eam
1147 1372 1381 1447 palliat,
1427 1374 1485 1429 et
1511 1369 1717 1429 occul-

175 1471 273 1527 tat.
305 1468 397 1527 Sic
426 1472 483 1528 et
504 1470 594 1539 vir
618 1469 726 1528 iste
758 1471 992 1527 sanctus
1033 1483 1282 1540 magnas
1319 1465 1561 1524 virtutes
1589 1465 1720 1523 effi-

177 1561 252 1620 cit
278 1562 476 1621 cordis
505 1581 521 1620 :
552 1563 612 1621 in
640 1562 762 1620 fide
790 1562 951 1621 enim
971 1560 1154 1619 corda
1184 1559 1368 1617 dubia
1397 1559 1717 1618 confirma-

176 1658 258 1714 vit
285 1656 607 1730 exemplis,
654 1656 852 1714 verbis
898 1659 954 1713 et
993 1653 1326 1724 miracuIiS,
1378 1653 1719 1726 multosque

170 1751 297 1823 jam
323 1749 568 1809 iniectos
594 1766 634 1808 a
658 1749 827 1825 lepra
853 1748 1075 1823 peccati
1091 1748 1336 1806 sanavit.
1355 1750 1505 1819 Ergo
1531 1747 1718 1804 veris-

175 1845 322 1902 sime
365 1843 440 1901 de
470 1860 542 1902 eo
569 1842 764 1918 potuit
801 1842 919 1900 dici
963 1861 979 1901 ε
1020 1843 1274 1899 Probavit
1318 1858 1398 1898 me
1438 1843 1598 1913 quasi
1622 1858 1721 1897 uu·

173 1955 318 2008 rum,
348 1938 496 2010 quod
517 1953 614 2011 per
639 1940 822 2009 ignem
850 1938 1072 1993 transit.
1113 1938 1177 1993 In
1227 1950 1349 2009 quo
1390 1934 1576 1992 verbo
1605 1933 1719 1991 uti-

174 2048 292 2107 que
321 2031 431 2091 tria
455 2031 596 2091 facit
623 2050 638 2090 t
669 2048 813 2090 nam
828 2030 1026 2105 primo
1051 2046 1113 2087 se
1140 2047 1176 2087 a
1205 2033 1323 2087 Deo
1343 2045 1467 2087 esse
1498 2029 1721 2087 exami-

175 2131 375 2185 natum
405 2125 685 2198 ostendit3
717 2124 981 2183 secundo
1009 2140 1179 2181 suam
1204 2124 1519 2198 puritatem
1538 2126 1594 2180 et
1613 2139 1718 2197 pa-

172 2220 438 2278 tientiam
462 2219 688 2292 innuit3
718 2200 888 2276 tertio
918 2233 1082 2289 vero,
1111 2233 1218 2291 per
1247 2216 1393 2291 quid
1422 2216 1720 2276 examina-

173 2319 266 2371 tus
292 2313 487 2385 fuerit,
508 2312 801 2387 patefacit.
828 2310 1161 2370 ostenditur
1190 2327 1335 2384 ergo
1354 2310 1549 2385 primo
1579 2326 1718 2369 auc-

173 2408 377 2466 torItas
414 2407 476 2464 in
514 2405 832 2482 probando
853 2425 880 2479 3.
900 2404 1227 2462 ostenditur
1264 2404 1525 2463 secundo
1564 2421 1721 2462 mar-

173 2506 316 2578 tyris
362 2503 629 2562 soliditas
654 2503 718 2560 in
743 2501 1073 2577 portand0;
1117 2501 1225 2559 sed
1252 2500 1578 2559 ostenditur
1603 2503 1718 2559 ter-

173 2598 253 2658 tio
280 2596 655 2655 instrumenti
686 2595 975 2655 acerbitas
996 2595 1060 2653 in
1083 2594 1341 2669 agendo.
1360 2594 1520 2666 Dico,
1549 2595 1718 2669 quod

169 2692 368 2766 primo
398 2689 799 2748 examinatum
823 2706 885 2748 se
922 2705 1049 2747 esse
1083 2688 1370 2760 ostendit,
1402 2705 1540 2747 cum
1562 2705 1717 2764 pree-

168 2785 348 2844 mittit
378 2802 393 2841 ε
423 2785 681 2842 probavit
701 2798 800 2841 me.
834 2782 1144 2852 Secundo,
1173 2798 1346 2840 suam
1381 2781 1719 2841 firmitatem

171 2883 229 2936 et
255 2877 606 2954 patientiam
630 2876 843 2949 innuit,
873 2892 1010 2934 cum
1038 2876 1397 2950 interponitx
1429 2878 1599 2946 Quasi
1624 2894 1722 2934 au-

167 2990 313 3030 rum.
345 2970 536 3029 Tertio
555 3015 572 3042 ,
598 2987 704 3046 per
731 2970 881 3044 quid
908 2968 1279 3028 examinatus
1321 2969 1497 3028 fuerit
1508 3013 1529 3043 ,
1557 2975 1722 3045 pate-

167 3066 331 3138 facit,
362 3065 592 3123 cumin
631 3063 753 3122 fine
807 3062 1080 3137 adjungit
1126 3082 1141 3121 ε
1197 3063 1351 3132 Quod
1398 3081 1499 3136 per
1543 3068 1722 3138 ignem

171 3162 402 3219 transit.
459 3160 710 3229 Verum,
767 3157 910 3230 quia
965 3156 1246 3231 patientia
1299 3157 1563 3234 Martyris
1616 3174 1723 3232 per

169 3253 378 3326 ignem
428 3251 653 3326 pobata
700 3250 845 3322 fuit,
877 3254 934 3309 et
971 3250 1099 3323 Jam
1148 3251 1419 3325 superior
1462 3253 1721 3312 narratio

170 3351 501 3422 martyrem
537 3345 1010 3419 commendavit,
1039 3361 1228 3416 nunc,
1266 3346 1349 3405 ad
1387 3345 1723 3405 instructio-

170 3458 336 3514 nem,
369 3441 445 3499 de
480 3442 617 3513 igne
658 3439 888 3515 aliquid
925 3439 1266 3498 dicendum.
1297 3443 1392 3498 Est
1416 3440 1593 3513 igitur
1620 3456 1725 3498 no-

171 3536 459 3604 tandum,
488 3534 657 3609 quod
700 3534 763 3591 in
801 3532 1096 3608 Scriptura
1142 3532 1401 3614 maxime
1446 3551 1547 3593 sex
1574 3535 1723 3609 legi-

167 3647 307 3689 mus
347 3630 522 3703 ignes
553 3646 567 3686 :
599 3627 826 3686 Primus
872 3631 958 3686 est
991 3627 1145 3701 ignis
1184 3627 1525 3687 illuminans
1549 3632 1607 3686 et
1634 3631 1723 3687 in-

164 3725 487 3783 flammans
498 3743 518 3795 3
557 3723 854 3781 secundus
883 3725 969 3780 est
1011 3722 1168 3795 ignis
1202 3722 1511 3781 maculans
1538 3726 1595 3780 et
1622 3723 1725 3782 de·

163 3820 478 3892 formans3
521 3818 723 3877 tertius
771 3820 859 3877 est
893 3817 1048 3891 ignis
1085 3817 1352 3891 probans
1396 3820 1452 3876 et
1496 3818 1724 3875 exami-

165 3930 354 3987 nans3
407 3917 653 3988 quartus
704 3917 789 3971 est
840 3911 997 3985 ignis
1046 3926 1313 3985 purgans
1365 3916 1421 3969 et
1471 3911 1720 3984 lavans3

166 4010 415 4085 quintus
454 4010 540 4066 est
564 4007 720 4081 ignis
748 4005 1018 4064 crucians
1052 4009 1110 4063 et
1138 4005 1564 4080 exterminans3
1594 4021 1723 4067 sex-

166 4106 262 4162 tus
291 4104 385 4161 est
409 4101 563 4176 ignis
590 4099 928 4173 glorificans
958 4102 1017 4157 et
1047 4099 1412 4158 beatificans,

239 4197 418 4267 Dico,
450 4194 618 4270 quod
659 4194 889 4268 primus
933 4192 1088 4267 ignis
1133 4196 1220 4252 est
1261 4192 1633 4265 illuminans,
1661 4196 1718 4252 et

165 4291 574 4351 inflammans.
606 4290 672 4347 Et
695 4287 792 4346 hic
822 4292 908 4346 est
927 4287 1084 4361 ignis
1113 4287 1329 4346 divinae
1356 4288 1587 4361 gratiae,
1616 4304 1723 4346 cu·-

160 4386 263 4459 jus
292 4383 563 4442 officium
592 4385 679 4440 est
704 4382 966 4441 animam
1005 4381 1344 4440 illuminare
1382 4382 1461 4439 ad
1492 4398 1724 4452 verum,

166 4483 228 4537 et
253 4478 635 4536 inflammare
660 4476 741 4534 ad
767 4475 1018 4534 bonum.
1059 4474 1311 4534 Scientia
1339 4475 1499 4533 enim
1526 4479 1584 4532 et
1612 4475 1726 4532 vir-

167 4574 399 4633 tutibus
456 4572 754 4629 humanus
804 4570 1107 4645 perficitur
1151 4571 1384 4628 animus
1404 4614 1424 4643 ,
1471 4574 1537 4628 ut
1584 4571 1728 4630 dicit

165 4665 568 4739 Philosophus
591 4662 615 4697 ²
647 4682 664 4721 ε
694 4668 750 4722 et
773 4662 911 4721 ideo
924 4706 944 4736 ,
971 4662 1023 4720 si
1049 4662 1255 4738 perfici
1281 4664 1586 4735 volumus,
1606 4664 1727 4723 hoc

164 4760 310 4835 igne
334 4759 541 4833 gratiss
568 4756 924 4830 indigemus.
947 4756 1047 4814 Hic
1076 4759 1162 4814 est
1185 4757 1392 4831 utique
1418 4756 1519 4815 ille
1551 4758 1724 4830 ignis,

166 4853 246 4912 de
274 4868 405 4927 quo
435 4851 648 4908 dicitur
677 4852 700 4888 ³
733 4868 748 4907 ε
796 4868 825 4905 α
855 4853 1057 4924 Ignem
1084 4850 1223 4907 veni
1260 4850 1486 4908 mittere
1512 4851 1575 4908 in
1604 4855 1725 4909 ter-

164 4963 303 5005 ram
335 4966 350 5000 :
396 4948 455 5003 et
489 4943 637 5019 quid
678 4943 854 5016 volo,
899 4943 1012 5001 nisi
1059 4947 1125 5002 ut
1170 4944 1414 5002 ardeat?
1440 4964 1470 4998 ιι
1502 4944 1728 5003 Nobilis

168 5044 332 5099 certe
357 5038 537 5113 ignis,
574 5041 818 5112 propter
846 5053 1028 5113 quem
1054 5037 1501 5097 accendendum
1530 5038 1724 5097 Domi·

164 5150 288 5193 nus
308 5133 379 5192 in
404 5134 625 5190 terram
641 5131 821 5189 venit.
845 5133 1127 5207 Oquanta
1148 5131 1475 5206 diligentia,
1502 5137 1728 5207 quanta

232 5283 252 5318 ¹
288 5279 545 5333 Cardiaca
586 5278 757 5344 passio
802 5279 882 5330 vel
927 5278 1158 5340 affectiO,
1200 5287 1279 5331 est
1325 5281 1486 5332 innati
1525 5282 1729 5333 roboris

164 5351 452 5403 labetactio
493 5353 546 5401 et
583 5349 818 5416 languor,
848 5353 978 5401 teste
1018 5350 1212 5402 Galeno
1247 5351 1302 5402 in
1353 5352 1469 5416 Des.
1507 5352 1644 5403 med.
1666 5381 1731 5393 —

168 5424 192 5458 ²
214 5422 400 5488 Arist„
434 5419 707 5487 Probum„
736 5424 860 5474 sect.
886 5432 1014 5486 xxx,
1041 5435 1090 5489 q.
1125 5434 1195 5489 iv,
1222 5426 1350 5490 part.
1380 5426 1429 5477 Ἰ.
1456 5451 1515 5464 -
1539 5425 1558 5457 ⁸
1585 5426 1722 5489 Luc„

1828 620 2081 679 sollicita
2108 636 2252 681 cura
2299 621 2542 683 deberet
2580 623 2676 683 hic
2710 623 2865 697 ignis
2908 625 3120 685 nutriri
3161 631 3220 688 et
3246 645 3379 688 cus-

1829 714 2027 787 todiri,
2058 730 2134 773 ne
2163 719 2360 789 posset
2399 717 2660 790 extingui
2677 761 2698 791 ‚
2720 712 2865 776 ‘cum
2901 718 3032 777 talis
3059 720 3133 778 sit
3154 723 3377 796 anima,

1830 808 1997 883 quod
2022 809 2208 883 possit
2244 810 2490 868 accendi
2537 812 2654 870 hoc
2696 812 2838 886 igne
2876 812 3189 886 spirituali,
3229 816 3381 876 sicut

1829 902 2013 960 carbo
2062 902 2199 975 igne
2249 904 2579 963 materiali!
2619 905 2830 965 Anima
2870 911 3070 965 autem
3109 909 3235 968 sine
3276 911 3379 969 tali

1828 995 1966 1069 igne
1990 996 2286 1071 spirituali
2307 1039 2328 1069 ,
2371 1001 2458 1056 est
2495 997 2644 1056 sicut
2670 999 2854 1057 carbo
2882 1000 3009 1058 sine
3037 1000 3174 1074 igne
3200 1008 3381 1062 mate-

1827 1089 1981 1149 riali.
2011 1093 2202 1164 Opera
2251 1091 2413 1149 enim
2460 1097 2662 1150 nostra
2681 1136 2701 1165 ,
2746 1093 2865 1152 hoc
2919 1094 3211 1169 spirituali
3240 1096 3379 1171 igne

1828 1198 1954 1241 non
1979 1183 2255 1258 incensa,
2286 1187 2422 1243 sunt
2447 1186 2599 1244 sicut
2636 1186 2861 1246 cibaria
2901 1187 3155 1247 multum
3182 1206 3381 1249 crassa

1830 1279 1887 1333 et
1939 1276 2122 1349 dura,
2169 1277 2309 1351 igne
2364 1278 2650 1338 materiali
2699 1295 2825 1338 non
2871 1284 3058 1339 cocta.
3106 1282 3258 1340 Talis
3294 1288 3381 1343 est

1829 1372 2029 1430 anima
2055 1372 2180 1431 sine
2219 1373 2336 1431 hoc
2380 1374 2518 1447 igne
2567 1374 2856 1449 spirituali
2877 1419 2898 1447 ,
2926 1376 3123 1450 qualis
3149 1382 3236 1436 est
3263 1383 3380 1438 sto·

1828 1465 2075 1523 machus
2111 1466 2237 1524 sine
2264 1467 2461 1525 calore
2494 1468 2769 1539 naturali,
2819 1469 2987 1542 cujus
3015 1470 3227 1529 virtute
3254 1488 3380 1531 non

1826 1564 2077 1632 possunt
2109 1560 2335 1619 cibaria
2359 1560 2533 1635 coqui
2558 1560 2657 1618 vel
2702 1561 2913 1635 digeri.
2970 1566 3122 1637 Ergo
3148 1606 3169 1637 ,
3207 1565 3376 1638 sicut,

1826 1656 2072 1727 propter
2110 1653 2294 1711 vitam
2340 1654 2745 1728 corporalem,
2779 1655 2943 1717 calor
2971 1657 3263 1716 naturalis
3288 1658 3377 1717 t‘o-

1827 1746 2057 1804 vendus
2093 1749 2180 1804 est
2207 1747 2355 1805 cibis
2380 1752 2438 1805 et
2453 1748 2632 1806 rebus
2659 1749 3180 1823 confortativis,sic
3195 1769 3378 1828 prop-

1825 1839 1916 1897 ter
1957 1840 2137 1897 vitam
2178 1840 2544 1916 spiritualem
2591 1842 2755 1901 calor
2800 1844 3006 1916 gratiae
3056 1845 3379 1919 spiritualis

1826 1932 2176 1991 nutriendus
2220 1936 2307 1992 est
2329 1935 2546 1993 sanctis
2581 1936 2781 1995 verbis
2827 1940 2888 1995 et
2933 1939 3220 2012 operibus
3257 1940 3379 1998 bo-

1825 2025 1959 2084 nis:
1992 2028 2137 2101 quia
2176 2032 2233 2086 et
2268 2029 2424 2102 ignis
2473 2030 2793 2088 materialis
2832 2048 2988 2106 saepe
3021 2032 3209 2107 perit,
3237 2033 3381 2092 defl-

1827 2120 2116 2178 cientibus
2144 2122 2257 2179 sibi
2284 2123 2483 2196 lignis,
2525 2127 2592 2181 Et
2626 2127 2942 2199 propterea
2982 2126 3058 2184 de
3094 2127 3213 2185 hoc
3239 2127 3377 2201 igne

1825 2218 2189 2290 praeceptum
2230 2215 2341 2273 fuit
2364 2217 2386 2252 ⁸
2418 2234 2433 2273 :
2473 2226 2502 2271 (ι
2539 2217 2727 2291 IgniS,
2770 2238 2800 2273 n
2841 2218 3036 2295 inquit
3079 2220 3376 2295 Dominus,

1833 2326 1864 2363 α
1892 2309 1955 2365 in
1980 2308 2151 2367 altari
2179 2325 2315 2368 meo
2343 2326 2582 2385 semper
2623 2310 2890 2385 ardebit,
2937 2329 3116 2388 quem
3160 2315 3382 2373 nutriet

1826 2401 2125 2473 sacerdOS‚
2154 2403 2474 2477 subjiciens
2490 2405 2544 2462 ei
2570 2404 2735 2478 ligna
2754 2421 2863 2479 per
2883 2406 3152 2480 singulos
3180 2408 3325 2467 dies.
3341 2429 3372 2465 n

1825 2496 2020 2554 altare
2050 2496 2323 2554 divinum
2360 2501 2447 2555 est
2488 2513 2592 2556 cor
2627 2499 2999 2573 humanum,
3033 2500 3201 2576 quod
3229 2518 3380 2561 sem-

1824 2604 1933 2663 per
1956 2588 2136 2648 debet
2161 2590 2301 2662 igne
2328 2591 2529 2664 gratias
2556 2607 2683 2650 esse
2711 2593 3178 2668 inflammatum,
3219 2599 3279 2653 et
3303 2612 3379 2655 ne

1826 2680 2078 2741 deficere
2129 2685 2353 2758 possit,
2396 2701 2632 2760 semper
2675 2686 2854 2761 lignis
2897 2704 3151 2763 operum
3187 2689 3379 2749 bono·

1824 2791 1958 2833 rum
1985 2777 2337 2836 nutriendus
2360 2781 2447 2837 est
2471 2778 2648 2852 ignis,

1899 2872 2202 2929 Secundus
2228 2872 2384 2946 ignis
2403 2874 2531 2946 jam
2560 2873 2726 2932 dicto
2759 2874 2885 2948 igni
2913 2877 3243 2937 contrarius
3270 2882 3377 2951 est,

1826 2964 2049 3023 scilicet
2072 2965 2226 3039 ignis
2254 2966 2596 3041 maculans,
2626 2973 2685 3025 et
2710 2968 2971 3029 animam
3015 2955 3376 3031 deformans.

1826 3062 1894 3116 Et
1926 3058 2024 3117 hic
2066 3063 2151 3117 est
2180 3060 2336 3133 ignis
2376 3060 2587 3134 culpae.
2634 3058 2740 3119 'llic
2780 3061 2939 3120 enim
2974 3063 3170 3121 malus
3200 3064 3380 3138 ignis,

1829 3153 1974 3210 dum
2012 3154 2227 3214 animes
2252 3155 2511 3227 advenit,
2542 3156 2746 3215 omnia
2791 3157 2918 3232 ejus
2964 3159 3127 3217 bona
3166 3176 3380 3218 consu-

1825 3248 1957 3320 mit,
1986 3254 2043 3308 et
2064 3255 2342 3310 naturam
2364 3252 2569 3310 inficit.
2602 3256 2667 3311 Et
2684 3253 2759 3312 de
2781 3253 2897 3312 hoc
2915 3253 3053 3327 igne
3081 3254 3297 3315 dicitur
3318 3258 3376 3316 ⁸:

1835 3360 1866 3396 ι(
1900 3343 2055 3416 lgnis
2098 3349 2184 3402 est
2229 3362 2420 3420 usque
2456 3346 2535 3403 ad
2577 3348 3148 3406 consummationem
3194 3350 3382 3409 devo-

1827 3451 1986 3496 rans,
2020 3456 2050 3491 n
2089 3441 2154 3495 Et
2200 3438 2414 3497 iterum
2443 3438 2586 3497 dicit
2611 3438 2633 3475 ⁸
2663 3458 2678 3497 :
2712 3430 2746 3495 α’
2768 3441 2925 3514 Ignis
2953 3441 3265 3502 devorabit
3298 3448 3383 3503 ta·

1829 3529 2155 3589 bernacula
2179 3548 2411 3602 eorum,
2442 3533 2546 3607 qui
2575 3534 2648 3609 (a)
2678 3550 2929 3593 munera
2956 3534 3209 3594 libenter
3235 3537 3384 3595 acci-

1827 3624 2016 3698 piunt.
2048 3645 2076 3679 »
2110 3625 2211 3683 Hic
2242 3628 2328 3682 est
2353 3625 2454 3683 ille
2474 3627 2649 3700 ignis,
2674 3628 2778 3702 qui
2797 3628 3012 3687 dicitur
3027 3630 3102 3688 de
3127 3630 3381 3690 rhamno

1830 3718 2024 3791 exire;
2055 3718 2132 3776 de
2169 3735 2293 3793 quo
2336 3719 2551 3777 dicitur
2577 3722 2599 3758 ‘¹
2628 3741 2646 3777 .·
2684 3740 2713 3775 α
2738 3722 3081 3794 Egrediatur
3119 3723 3276 3797 ignis
3307 3724 3383 3783 de

1829 3810 2108 3869 rhamno.
2137 3830 2168 3867 n
2201 3812 2420 3870 Dicitur
2447 3814 2629 3886 enim,
2658 3814 2826 3889 quod
2853 3815 3036 3874 arbor
3061 3815 3165 3874 illa
3194 3817 3385 3892 culpae

1830 3904 2125 3978 signativa
2161 3905 2237 3963 de
2265 3923 2326 3963 se
2359 3907 2564 3980 ignem
2606 3908 2833 3978 emittit,
2884 3909 2990 3983 qui
3033 3910 3237 3971 omnia
3275 3910 3386 3969 cir-

1831 3999 2224 4071 cumjacentia
2297 3999 2542 4058 destruit
2600 4003 2657 4059 et
2696 4001 3011 4059 comburit.
3068 4003 3170 4061 Hic
3229 4004 3384 4077 ignis

1831 4093 2049 4151 domus
2074 4096 2287 4151 nostroe
2316 4093 2718 4152 combustivus
2745 4109 2871 4153 non
2897 4100 2983 4153 est
3006 4096 3384 4171 nutrienduS,

1829 4188 1936 4246 sed
1963 4204 2125 4262 aqua
2149 4188 2505 4262 poenitentiae
2553 4187 3007 4262 extinguendus
3037 4189 3178 4259 Quis
3222 4191 3383 4251 enim

1830 4281 1913 4340 sic
1933 4282 2160 4354 stultus,
2191 4281 2296 4357 qui
2324 4297 2447 4340 non
2483 4297 2705 4357 aquam
2732 4282 2814 4340 ad
2836 4281 3088 4341 domum
3126 4282 3348 4345 deferat
3362 4328 3384 4359 ,

1832 4375 1979 4433 dum
1997 4391 2132 4432 eam
2159 4375 2367 4433 ardere
2389 4373 2553 4433 videt
2581 4377 2610 4432 ‘t
2640 4377 2701 4435 et
2725 4375 2859 4450 quis
2884 4391 3008 4433 non
3035 4377 3230 4436 statim
3257 4395 3387 4437 cur·

1830 4472 1958 4541 rat,
1989 4467 2236 4544 quando
2280 4469 2476 4542 primo
2506 4484 2641 4526 eam
2678 4467 2834 4542 ignis
2866 4469 3131 4541 invadit,
3162 4489 3272 4530 nec
3311 4472 3384 4547 (b)

1832 4567 2141 4636 expectat,
2195 4577 2509 4636 quousque
2561 4566 2913 4637 consumpta
2957 4561 3134 4621 fuerit
3176 4565 3207 4621 ‘P
3256 4566 3388 4623 Non

1833 4656 1992 4714 enim
2018 4655 2194 4715 facile
2223 4671 2383 4730 aqua
2423 4655 2599 4714 etiam
2628 4656 2988 4729 extinguitur
3015 4656 3191 4730 ignis,
3220 4660 3384 4732 post-

1834 4766 2016 4825 quam
2054 4749 2380 4824 plurimum
2416 4749 2479 4807 in
2514 4749 2694 4822 lignis
2719 4749 3007 4820 invaluit3
3056 4765 3168 4810 nec
3214 4750 3386 4811 facile

1833 4843 2012 4918 culpa
2052 4847 2392 4901 removetur
2419 4844 2496 4902 ab
2528 4846 2749 4918 anima,
2793 4848 3037 4921 quando
3077 4847 3140 4906 in
3168 4864 3241 4908 ea
3282 4847 3388 4907 diu
3422 4907 3427 4913 .

1831 4937 2008 4996 fuerit
2060 4937 2343 4996 radicata.
2388 4940 2535 4998 Nam
2561 4940 2802 5013 rubigo,
2849 4958 2984 5015 quas
3012 4941 3115 4999 diu
3162 4941 3387 5001 ferrum

1834 5031 2039 5104 tenuit,
2076 5032 2159 5089 sic
2184 5031 2410 5091 fortiter
2435 5033 2524 5091 illi
2550 5034 2837 5104 innititur,
2866 5034 3031 5108 quod
3056 5050 3181 5093 non
3214 5034 3387 5094 facile

1833 5129 2190 5185 removetur.
2233 5130 2363 5185 Non
2397 5126 2572 5185 facile
2616 5127 2800 5202 plaga
2844 5131 3080 5187 curatur
3099 5171 3118 5200 ,
3173 5128 3271 5187 cui
3321 5128 3388 5187 in

1834 5274 1942 5327 x11,
1982 5264 2062 5314 49.
2096 5287 2158 5298 —
2192 5262 2215 5296 δ
2252 5255 2431 5323 Lavit„
2473 5274 2550 5325 vl,
2593 5263 2671 5312 12,
2704 5287 2765 5298 —
2807 5261 2830 5296 ⁸
2863 5259 2988 5325 lob,
3024 5271 3186 5325 1111,
3219 5265 3295 5316 12.
3324 5288 3387 5305 ·-

1836 5336 1858 5372 θ
1885 5334 1995 5398 Iob,
2021 5346 2112 5397 xv,
2144 5334 2225 5384 34.
2251 5358 2314 5371 —
2340 5333 2363 5368 ⁷
2390 5332 2576 5395 ludio„
2605 5344 2679 5396 ix,
2715 5335 2791 5383 ⁴5.

1896 5422 1968 5488 (a)
2003 5420 2125 5470 Coet.
2154 5417 2276 5469 edit.
2306 5431 2440 5485 quin.
2464 5445 2524 5457 —
2557 5417 2623 5482 (ὁ)
2649 5416 2762 5485 Leq.
2796 5415 2892 5473 vel.
