4059 6317
724 634 1146 702 obedientiam
1204 659 1222 704 ε
1277 639 1432 723 qnia
1481 657 1693 724 mque
1742 642 1856 707 illa
1921 641 2269 710 omittenda

726 746 899 820 sunt,
917 741 997 825 (a)
1015 761 1162 808 eum
1178 746 1621 828 prohibentur3
1638 767 1847 831 neque
1859 749 2001 828 ista,
2024 749 2099 832 (b)
2119 767 2270 815 cum

719 849 1055 931 jubentur,
1106 853 1578 920 eommittenda.
1616 875 1648 915 ο
1693 854 2270 921 Gonu-adicendum

725 960 940 1022 autem
967 962 1065 1021 est
1089 958 1319 1023 timore
1357 960 1575 1042 gladii,
1625 980 1820 1045 quem
1861 964 2043 1028 asina
2083 963 2266 1028 vidit.

729 1066 844 1132 Hic
861 1072 957 1132 est
977 1066 1233 1149 gladius
1252 1069 1504 1151 judieii,
1536 1071 1613 1136 de
1638 1082 1842 1156 quo¹:
1870 1097 1901 1136 ι
1920 1074 1989 1138 Si
2013 1093 2268 1156 aeuem,

730 1179 803 1239 ut
826 1173 1068 1255 fulgur,
1098 1175 1385 1258 gladium
1423 1197 1666 1245 meum.
1699 1202 1730 1241 ι
1767 1181 1912 1258 Sed,
1943 1182 2074 1248 heu
2096 1184 2121 1246 l
2146 1182 2270 1247 ho·-

731 1300 839 1347 mo
864 1300 993 1360 non
1015 1284 1233 1365 timet3
1265 1287 1374 1351 sed
1401 1288 1622 1353 asinus
1649 1289 1852 1354 timet.

808 1389 899 1455 De
927 1392 1208 1456 seeundo
1237 1393 1469 1458 dicitur
1493 1395 1601 1460 hie
1632 1418 1648 1461 ι
1682 1395 1965 1478 Medic,
1993 1399 2275 1481 quierat

730 1503 1037 1577 mortuus,
1066 1503 1125 1567 et
1144 1503 1334 1583 coept‘t
1359 1502 1553 1586 loqui.
1586 1502 1875 1568 Mortuus
1913 1523 2028 1587 per
2065 1511 2275 1570 trans-

732 1605 1131 1684 gressionem
1159 1609 1394 1689 peccati
1426 1631 1441 1673 :
1467 1610 1858 1692 justificatur
1898 1617 2118 1677 autem
2162 1630 2277 1696 per

732 1710 1200 1793 contritionem,
1240 1714 1523 1798 loquitur
1561 1735 1678 1799 per
1720 1719 2178 1785 confessionem
2215 1725 2278 1785 et

733 1836 848 1901 per
875 1818 982 1883 Dei
1000 1818 1278 1900 laudem,
1301 1822 1405 1886 vel
1427 1841 1849 1909 quaecumque
1867 1845 2046 1906 vera,
2069 1827 2272 1908 utilia,

735 1927 836 1991 vel
884 1927 1295 1994 aedificatoria
1345 1933 1563 1997 verba.
1622 1931 1762 1998 Non
1811 1933 2018 1997 solum
2060 1939 2277 1999 autem

735 2035 1168 2119 spiritualiter,
1221 2038 1332 2103 sed
1386 2039 1578 2103 etiam
1639 2042 2047 2124 corporaliter
2109 2062 2279 2108 mor-

736 2149 924 2210 tuum
970 2145 1249 2228 legimus
1291 2146 1501 2212 adhue
1535 2147 1732 2231 loqui.
1779 2148 1956 2213 Unde
1998 2150 2076 2214 de
2120 2149 2279 2215 Abel

738 2253 970 2318 dieitur
994 2255 1064 2318 ¹:
1109 2277 1139 2315 a
1176 2252 1300 2319 Per
1333 2255 1508 2319 illam
1550 2255 1887 2320 defunctus
1932 2256 2141 2321 adhuc
2181 2259 2276 2323 lo·

738 2361 977 2445 quitur.
1008 2381 1041 2421 n
1067 2360 1144 2426 Et
1175 2361 1408 2426 dicitur
1431 2363 1476 2441 ⁸,
1507 2362 1680 2445 quod
1719 2363 2033 2429 habemus
2068 2387 2101 2427 α
2127 2383 2281 2429 san-

741 2469 1012 2550 guinem
1055 2468 1287 2534 melius
1329 2469 1720 2553 loquentem,
1771 2488 1967 2554 quam
2011 2471 2192 2537 Abel.
2242 2494 2273 2533 n

739 2574 1018 2657 Sanguis
1043 2576 1216 2640 enim
1247 2577 1521 2660 proximi
1551 2577 1785 2660 injuste
1810 2578 2057 2643 effusus
2083 2579 2283 2663 loqui·

740 2689 870 2762 tur,
899 2685 1118 2765 petens
1146 2683 1490 2749 vindictam
1516 2685 1594 2750 de
1620 2686 1971 2764 occisione;
2013 2688 2283 2769 sanguis

681 2767 696 2790 ⁸
742 2789 971 2854 Christi
1008 2789 1313 2873 loquitur,
1362 2797 1582 2874 petens
1626 2793 2131 2859 misericordiam
2167 2814 2286 2878 pro

744 2901 1090 2980 peccatore.
1137 2897 1302 2974 Quid
1345 2899 1602 2977 mirum,
1648 2900 1701 2962 si
1748 2902 2016 2982 sanguis
2055 2900 2286 2966 Christi

743 3004 1064 3086 loquatur,
1083 3022 1235 3068 eum
1257 3006 1475 3069 omnia
1499 3006 1770 3072 vulnera
1795 3009 1936 3090 ejus
1960 3027 2077 3093 pro
2097 3010 2287 3074 nohis

693 3197 702 3206 ¹
742 3111 1137 3194 loquantur?
1181 3113 1590 3195 Augustinus
1612 3114 1677 3178 ⁸:
1717 3137 1748 3178 α
1782 3115 1985 3181 Multa
2027 3117 2289 3200 pertulit

744 3219 815 3282 in
840 3237 1105 3301 corpore
1149 3236 1269 3285 suo
1312 3224 1579 3285 eruenta
1622 3221 1916 3302 vulnera,
1966 3228 2041 3288 ut
2088 3224 2289 3288 multa

744 3331 956 3392 essent
982 3345 1099 3410 pro
1124 3327 1310 3391 nohis
1334 3346 1447 3393 ora
1474 3327 1833 3395 clamantia.
1862 3352 1893 3390 n

826 3433 915 3498 De
940 3435 1127 3499 tertio
1149 3435 1172 3470 ⁸
1202 3458 1219 3498 ι
1259 3458 1292 3498 α
1318 3435 1476 3501 Ecce
1501 3437 1667 3502 oculi
1702 3438 1986 3502 hominis
2011 3443 2194 3503 erant
2220 3440 2290 3503 in

745 3560 947 3608 oornu
981 3542 1128 3624 isto,
1166 3548 1230 3607 et
1263 3561 1335 3609 os
1364 3544 1631 3627 loquens
1665 3545 1975 3627 ingentia.
2008 3568 2040 3606 n
2080 3546 2293 3611 Cornu

749 3649 944 3729 istud,
974 3650 1322 3715 seeundum
1363 3650 1670 3730 messam,
1709 3656 1806 3716 est
1839 3653 2289 3718 Antichristus.

752 3758 1124 3824 sicutenim
1153 3758 1392 3823 animal
1419 3777 1617 3822 eornu
1643 3759 1810 3838 ferit,
1851 3764 1915 3824 et
1950 3760 2297 3843 impugnat

752 3866 1072 3948 animalia,
1104 3868 1194 3930 ita
1232 3866 1519 3931 diabolus
1559 3865 1900 3930 Ecclesiam
1950 3885 2065 3950 per
2112 3867 2293 3932 Anti-

752 3974 1086 4039 christum.
1117 3973 1295 4038 Sicut
1312 3973 1600 4038 Christus
1622 3973 1742 4038 fuit
1764 3992 1964 4038 cornu
1994 3974 2218 4038 salutis
2233 3975 2290 4037 ⁸:

755 4103 788 4143 α
821 4081 1036 4146 Erexit
1063 4097 1263 4145 cornu
1298 4079 1519 4144 salutis
1552 4080 1757 4161 nohis,
1787 4102 1818 4141 ι
1854 4086 1972 4163 ete.
2000 4100 2018 4160 ;
2052 4082 2138 4145 ita
2162 4082 2297 4145 An-

756 4189 1083 4253 tichristus
1122 4205 1324 4252 cornu
1362 4187 1751 4270 perditionis.
1801 4186 2098 4252 Diabolus
2124 4189 2295 4252 enim

755 4314 869 4380 per
886 4297 1097 4378 ipsum
1126 4299 1415 4379 potenter
1435 4296 1804 4377 operabitur
1829 4295 1851 4330 '¹
1881 4316 1898 4359 ι
1927 4318 1960 4356 α
1986 4295 2182 4379 Cujus
2204 4300 2302 4361 est

753 4404 1065 4468 adventus
1094 4402 1442 4467 seeundum
1471 4401 1904 4484 operationem
1942 4407 2184 4468 satanae
2233 4403 2302 4467 in

754 4510 932 4576 omni
958 4511 1215 4589 virtute,
1255 4512 1320 4573 et
1356 4509 1583 4591 signis,
1612 4514 1676 4573 et
1703 4509 2011 4591 prodigiis
2039 4511 2302 4576 menda-

758 4617 959 4695 cibus,
997 4638 1028 4677 n
1064 4621 1183 4682 ete.
1230 4615 1410 4682 Oculi
1452 4619 1670 4680 autem
1712 4616 1780 4680 in
1824 4635 2025 4681 cornu
2060 4618 2306 4700 signifi-

759 4730 905 4790 cant
932 4723 1362 4807 cognitionem
1389 4722 1728 4806 profundae
1768 4724 2074 4804 scientiae,
2107 4742 2303 4808 quam

758 4833 1084 4902 videbitur
1107 4831 1366 4897 habere.
1407 4830 1489 4896 Os
1526 4833 1668 4914 eJus
1695 4831 1998 4914 loquetur
2040 4833 2301 4898 menda-

761 4942 860 5006 cia
903 4939 1421 5023 blasphemando,
1475 4939 1628 5021 quia
1667 4957 1736 5002 se
1780 4940 1945 5004 dicet
1985 4940 2306 5006 Christum

760 5067 897 5114 esse
939 5047 1179 5115 Judaeis
1223 5046 1608 5130 promissum
1644 5044 1667 5080 ⁸
1707 5067 1723 5110 :
1777 5070 1806 5109 n
1856 5044 2200 5113 Ostendens
2237 5067 2307 5114 se

822 5211 841 5246 ¹
875 5211 1038 5272 Dent„
1068 5219 1238 5273 xxxu,
1267 5214 1346 5260 42.
1379 5235 1430 5245 -
1465 5208 1484 5239 ²
1511 5207 1684 5267 Helm,
1717 5220 1793 5273 ιι,
1823 5209 1870 5259 ι.
1894 5235 1957 5246 -
1985 5206 2191 5272 ⁸ibid„
2212 5220 2308 5272 ιιι,

764 5280 1373 5415 3⁴513.2.‘2.¹3⁸¹1¹5‚²·9.‘.‘.
1391 5281 1840 5415 ¹3“?1;;.15‚¹¹2.⁸·-‘··
1859 5281 2038 5416 iffi:
2072 5285 2217 5415 22⁶2:
2246 5307 2309 5391 Ξ

771 5425 812 5459 ¹⁸
829 5425 1046 5476 Tutum
1065 5425 1223 5486 hune,
1246 5424 1482 5489 quomis
1503 5424 1706 5474 aliunde
1733 5423 1855 5474 satis
1873 5428 2074 5486 notum,
2098 5425 2309 5475 minime

774 5495 1060 5564 reperimus
1082 5496 1135 5550 in
1158 5495 1393 5561 Vulgata.
1414 5521 1476 5535 --
1508 5497 1541 5534 ¹¹
1565 5494 1769 5558 Barth„
1796 5505 1919 5558 xxv,
1940 5498 1988 5546 6.
2009 5521 2071 5534 -
2097 5496 2138 5532 ¹²
2158 5496 2310 5560 ibid„

1827 501 2244 574 SERMONES
2283 503 2386 574 DE
2424 505 2823 576 TEMPORE.

2374 648 2683 728 tanquam
2724 646 2808 710 sit
2853 645 3040 711 Deus.
3082 668 3113 707 ι
3162 647 3382 714 Glossa
3436 669 3456 712 z
3522 670 3556 709 α
3599 645 3799 711 Dicens
3828 663 3881 710 se

2376 750 2575 817 Deum
2602 771 2759 818 esse.
2794 775 2825 814 ι
2862 756 3037 837 Ergo
3082 755 3298 834 Satan,
3343 757 3461 839 qui
3504 753 3880 837 priusloque-

2375 857 2569 923 hatur
2592 859 2662 924 in
2690 859 2973 941 colubro,
3013 862 3081 926 in
3116 864 3246 927 fine
3270 863 3584 946 loquetur
3612 860 3677 924 in
3701 879 3883 940 eornu,

2374 963 2441 1028 id
2478 968 2592 1044 est,
2640 965 3051 1034 Antichristo.
3087 968 3349 1053 Mystiee
3386 974 3619 1034 autem
3658 967 3889 1050 quotidie

2377 1072 2669 1137 fidelihus
2691 1074 2760 1138 in
2787 1075 3051 1141 colubro
3080 1077 3387 1161 loquitur,
3408 1081 3475 1141 et
3501 1078 3572 1140 in
3596 1094 3783 1140 cornu
3804 1095 3819 1137 ε
3838 1076 3890 1138 in

2376 1179 2661 1261 colubro,
2690 1199 2803 1264 per
2825 1183 3138 1248 occultam
3159 1185 3659 1266 suggestionem
3680 1201 3698 1262 ;
3718 1181 3777 1245 in
3794 1199 3894 1246 cor·

2379 1303 2492 1364 nu,
2524 1305 2639 1369 per
2667 1291 2950 1371 apertam
2981 1292 3517 1373 persecutionem.

2464 1392 2548 1456 De
2574 1399 2805 1477 quarto
2830 1396 3063 1462 dicitur
3089 1399 3167 1463 de
3190 1398 3439 1481 Angelo
3465 1399 3490 1435 ⁸
3516 1421 3534 1462 :
3572 1420 3606 1458 ι
3641 1394 3900 1461 Clamavit

2382 1517 2540 1564 voce
2572 1519 2834 1583 magna,
2883 1506 3423 1587 quemadmodum
3465 1507 3600 1585 le0,
3646 1521 3787 1569 cum
3814 1519 3898 1564 ru-

2383 1606 2509 1688 git;
2542 1612 2606 1672 et
2644 1626 2796 1672 eum
2840 1609 3192 1690 clamasset,
3241 1611 3455 1676 locuta
3498 1614 3665 1676 sunt
3705 1614 3900 1692 septem

2381 1715 2668 1780 tonitrua
2691 1734 2880 1782 voees
2901 1736 3069 1783 suas.
3102 1741 3133 1780 ι
3169 1720 3420 1785 Clamor
3448 1720 3722 1802 rugitus
3744 1715 3905 1780 leonis

2382 1824 2480 1885 est
2524 1821 2633 1886 illa
2659 1841 2811 1903 vox,
2842 1824 2921 1889 de
2957 1844 3086 1909 qua
3115 1826 3428 1892 Ieremias
3455 1826 3501 1863 ¹⁰
3536 1845 3557 1890 ε
3590 1849 3624 1887 ι
3661 1824 3903 1904 Surgite.

2384 1931 2644 2011 mortui,
2666 1934 2878 1999 venite
2897 1935 2978 1999 ad
2990 1935 3330 2019 judicium.
3350 1956 3381 1995 ι
3402 1937 3446 1973 ¹¹
3469 1959 3502 1998 α
3523 1935 3741 2001 Media
3764 1937 3906 1997 nocte

2382 2037 2625 2103 elamor
2666 2039 2866 2106 factus
2913 2046 3028 2106 est.
3075 2063 3105 2102 n
3150 2043 3406 2127 Septem
3452 2045 3753 2109 tonitrua
3793 2042 3910 2105 sunt

2384 2151 2623 2229 septem
2675 2147 3129 2231 descriptiones
3186 2153 3255 2214 in
3319 2152 3645 2215 sententia
3689 2146 3905 2232 judicis.

2387 2253 2680 2320 Primum
2707 2255 3065 2321 tonitruum
3095 2262 3190 2321 est
3218 2259 3263 2295 ¹⁸
3293 2277 3310 2323 τ
3350 2282 3381 2319 α
3408 2257 3727 2324 Discedite
3755 2274 3790 2318 a
3812 2271 3908 2328 me,

2387 2361 2727 2442 maledieti,
2760 2383 2792 2422 n
2826 2367 2948 2428 ete.
2989 2362 3356 2429 Secundum
3397 2363 3767 2428 tonitruum
3800 2363 3908 2425 est:

2399 2491 2430 2529 α
2456 2468 2734 2548 Esurivi,
2785 2474 2849 2534 et
2895 2489 3028 2535 non
3072 2472 3354 2551 dedistis,
3385 2494 3415 2531 η
3452 2475 3575 2536 ete.
3604 2468 3913 2534 Tertium:

2399 2599 2431 2638 α
2456 2576 2663 2641 Sitivi.
2696 2597 2727 2636 ι
2764 2577 3075 2654 Quartum
3109 2599 3125 2643 ι
3165 2602 3196 2639 «
3240 2578 3481 2661 Hospes
3522 2595 3731 2654 eram,
3764 2598 3793 2634 n
3819 2577 3912 2637 etc.

2390 2683 2701 2763 Quintum
2731 2702 2749 2747 ε
2790 2707 2823 2746 α
2852 2683 3082 2750 Nudus
3120 2685 3234 2751 fui.
3264 2708 3296 2745 x·
3333 2684 3611 2750 Sextum
3650 2707 3667 2749 t
3709 2707 3742 2745 α
3766 2682 3917 2747 Infir-

2392 2810 2538 2855 mus
2574 2791 2693 2856 fui.
2735 2813 2766 2852 n
2821 2791 3226 2875 Septimum:
3270 2816 3302 2853 α
3334 2792 3403 2856 lu
3445 2811 3726 2857 carcere.
3760 2813 3789 2850 ι
3820 2787 3917 2854 Sed
4050 2811 4051 2856 ς

2392 2898 2547 2982 quid
2584 2889 2941 2982 loquuntur
2979 2900 3100 2964 ista
3138 2903 3382 2983 septem
3409 2900 3748 2965 tonitrua?
3774 2896 3917 2963 Unde
4050 2891 4051 2966 ἦ

2393 3006 2516 3069 ista
2567 3006 2946 3087 gravissime
2997 3007 3350 3090 loquuntur
3372 3056 3389 3088 ,
3452 3009 3786 3073 insinuant
3806 3054 3824 3084 ‚
3871 3005 3917 3066 et

2394 3113 2711 3177 incutiunt
2748 3117 3058 3179 terrorem
3098 3120 3162 3179 et
3200 3114 3536 3179 horrorem
3565 3137 3582 3179 ε
3615 3119 3750 3180 tam
3782 3115 3915 3176 into·

2394 3220 2681 3284 lerabilia
2716 3224 2892 3300 sunt,
2931 3220 3103 3304 quod
3132 3238 3265 3304 prae
3300 3221 3757 3302 magnitudine
3794 3218 3916 3283 scri·

2397 3327 2465 3392 hi
2494 3347 2623 3393 non
2652 3334 2938 3411 possunt,
2972 3330 3102 3393 imo
3148 3347 3356 3412 neque
3406 3329 3735 3394 intellectu
3786 3325 3915 3409 capi.

2400 3438 2445 3482 ¹⁸
2485 3458 2516 3497 ι
2545 3435 2703 3499 Cum
2745 3437 2859 3501 vix
2887 3455 3151 3520 parvam
3179 3435 3413 3499 stillam
3461 3436 3776 3502 sermonis
3811 3435 3919 3516 ejus

2399 3544 2814 3623 audierimuS‚
2851 3543 2997 3626 quis
3033 3541 3262 3625 poterit
3310 3542 3671 3606 tonitruum
3699 3540 3915 3622 magni-

2400 3651 2638 3716 tudinis
2661 3650 2829 3714 illius
2852 3650 3134 3715 intueri?
3159 3671 3190 3709 n
3218 3649 3420 3713 Parva
3449 3649 3618 3714 stilla
3642 3651 3779 3729 ruit,
3801 3664 3918 3712 cum

2401 3758 2547 3822 dicit
2576 3759 2623 3795 ¹⁸
2659 3779 2676 3822 ε
2706 3780 2738 3820 α
2757 3756 2894 3838 Ego
2923 3775 3069 3822 sum
3098 3779 3112 3822 ε
3145 3778 3177 3817 ιο
3208 3757 3287 3821 de
3312 3774 3445 3839 qua
3470 3757 3673 3822 stellae
3709 3753 3915 3821 aecide-

2402 3869 2557 3929 runt
2596 3865 2664 3929 in
2704 3868 2965 3928 terram.
3015 3863 3360 3944 Gregorius
3389 3862 3432 3898 ¹⁸
3482 3885 3498 3926 ε
3553 3886 3586 3925 α
3620 3863 3775 3941 Quis
3810 3863 3921 3944 ejus

2408 3976 2571 4036 iram
2619 3970 2864 4050 toleret,
2906 3973 3092 4053 cujus
3118 3976 3181 4034 et
3210 3970 3348 4052 ipsa
3372 3985 3504 4033 non
3536 3972 3745 4054 potuit
3770 3985 3919 4036 man·

2407 4081 2681 4146 suetudo
2707 4079 2782 4163 (c)
2815 4079 3070 4144 tolerari
3090 4079 3121 4139 ‘2
3151 4099 3183 4138 n

2920 4255 3210 4326 SERMO
3255 4257 3287 4325 l
3378 4258 3447 4325 ¹⁸.

2489 4400 2767 4482 Beseda,
2796 4403 3073 4484 quierat
3100 4403 3410 4477 mortuas,
3440 4405 3501 4467 et
3525 4400 3717 4483 capit
3755 4396 3919 4480 loqui,

2414 4515 2476 4578 et
2502 4509 2685 4576 dedit
2709 4509 2893 4574 illum
2918 4509 3117 4575 matri
3143 4524 3298 4573 suoe.
3332 4508 3591 4590 Accepit
3606 4513 3921 4573 autemom·

2412 4634 2524 4685 nes
2558 4620 2772 4697 timor,
2812 4624 2872 4684 et
2900 4615 3408 4700 magnificabant
3438 4617 3638 4681 Deum
3674 4614 3743 4677 ¹¹.
3778 4611 3923 4677 mse-

2414 4729 2589 4789 rator
2610 4728 2674 4789 et
2692 4724 3055 4789 misericors
3086 4722 3390 4786 Dominus
3415 4728 3654 4799 noster,
3676 4722 3755 4786 ad
3772 4720 3923 4800 cujus

2414 4830 2884 4911 benignitatem
2935 4829 3206 4912 pertinet
3240 4828 3507 4892 afflictos
3549 4831 3613 4892 et
3651 4827 3925 4892 desolatos

2416 4938 2748 5015 consolari,
2782 4937 3006 5004 videns
3030 4936 3340 5000 hodierna
3368 4935 3471 5000 die
3497 4935 3685 5000 oculo
3722 4934 3923 5001 divine

2417 5115 2469 5162 41
2504 5114 2558 5162 et
2582 5123 2692 5174 seq.
2719 5135 2783 5147 --
2809 5109 2849 5146 ¹⁸
2873 5107 2987 5166 Job,
3018 5119 3161 5169 xxvi,
3190 5109 3273 5157 14.
3300 5132 3359 5143 —
3388 5106 3427 5141 ¹⁴
3450 5106 3614 5164 Joan..
3643 5117 3792 5166 xvm,
3817 5108 3853 5154 6.
3877 5124 3924 5138 -

2417 5183 2457 5218 ¹⁵
2480 5183 2654 5245 Greg,
2680 5180 2889 5240 Mor-al„
2915 5180 3006 5230 lib.
3029 5181 3187 5243 xvii,
3212 5193 3261 5228 e.
3286 5188 3475 5240 xxxm,
3498 5191 3552 5227 n.
3576 5180 3652 5228 54.
3674 5204 3731 5214 -
3754 5179 3792 5214 ¹⁸
3809 5177 3924 5227 Hunc

2416 5267 2524 5305 non
2546 5253 2703 5303 habet
2729 5252 2857 5304 edit.
2887 5250 3046 5304 Paris.
3070 5264 3155 5301 an.
3184 5249 3322 5301 ¹521.
3351 5275 3412 5287 —
3437 5250 3475 5284 ¹²
3505 5250 3641 5313 Luc„
3669 5260 3761 5312 vu,
3790 5245 3919 5300 1516.

2483 5354 2548 5416 (a)
2585 5352 2761 5418 Suppt.
2793 5351 2966 5403 etiam.
2994 5377 3057 5389 —
3094 5349 3160 5414 (ὁ)
3188 5348 3365 5413 Suppl.
3394 5347 3499 5398 vel.
3531 5374 3586 5384 -
3619 5346 3677 5410 (c)
3718 5350 3786 5398 lta
3812 5338 3927 5422 ΑΜ

2421 5423 2573 5488 Greq.
2601 5424 2722 5473 Coet.
2749 5423 2870 5474 edit.
2901 5422 3060 5488 iram,
3084 5421 3229 5485 euius
3257 5419 3404 5471 verbi
3434 5431 3542 5469 non
3568 5418 3734 5484 potuit
3756 5427 3921 5481 magm-

2419 5496 2545 5546 tudo
2572 5495 2798 5559 tolerari,
2826 5497 2927 5545 ete.
