4059 6317
725 437 847 499 2⁴0

725 568 929 634 virilis
970 566 1375 653 protectionis
1391 620 1414 651 ,
1464 572 1821 637 roborando
1881 573 2259 638 effectivam.

728 674 907 740 Unde
949 676 1183 741 dicitur
1210 679 1227 713 ¹
1266 700 1281 743 ε
1330 699 1363 739 α
1406 678 1584 744 Sicut
1619 683 1834 761 pastor
1870 679 2086 744 visitat
2123 695 2265 761 gre-

728 800 882 864 gem
917 800 1110 848 suum
1151 785 1221 849 in
1261 786 1363 850 die
1406 786 1663 868 quando
1701 785 1895 851 fuerit
1936 786 2005 849 in
2053 783 2264 848 medio

724 890 947 954 ovium
973 890 1443 975 dissipatarum,
1474 892 1565 955 sic
1585 891 1860 956 visitabo
1889 909 2043 956 oves
2065 908 2261 968 meaS,

726 1000 789 1060 et
813 997 1097 1063 liberabo
1135 1018 1242 1063 eas
1277 1000 1356 1064 de
1395 999 1693 1064 omnibus
1728 999 1881 1063 locis
1917 998 1986 1061 in
2028 997 2266 1078 quibus

725 1104 1026 1188 dispersae
1051 1107 1323 1172 fuerant.
1357 1127 1387 1165 n
1423 1107 1728 1171 Dominus
1773 1105 1955 1171 Jesus
1982 1104 2267 1169 Christus

726 1212 796 1275 in
837 1213 1100 1277 modum
1158 1214 1428 1297 pastoris
1478 1213 1630 1279 boni
1688 1214 1889 1278 voluit
1931 1210 2268 1276 visibiliter

728 1320 986 1386 visitare
1071 1341 1219 1387 suas
1296 1323 1611 1405 dispersas
1674 1340 1828 1387 oves
1900 1338 2015 1405 per
2084 1321 2269 1386 devia

729 1446 1003 1512 quaeque
1041 1429 1379 1508 vitiorum,
1426 1449 1467 1493 a
1510 1429 1827 1495 morsibus
1870 1428 2263 1508 daemonum,

730 1537 1052 1618 sanguine
1093 1538 1454 1601 testamenti
1500 1537 1726 1601 aeterni
1783 1536 2151 1614 liberaum,
2204 1539 2270 1600 et

732 1663 957 1710 eorum
1001 1644 1270 1710 vulnera
1309 1645 1450 1709 oleo
1494 1644 1747 1727 pietatis
1798 1648 1862 1709 et
1916 1643 2270 1709 misericor-

732 1753 856 1817 diae
883 1752 1141 1834 alligata
1167 1755 1229 1815 et
1255 1756 1478 1816 sanata
1503 1751 1584 1816 ad
1628 1750 1796 1817 ovile
1831 1750 2095 1815 unitatis
2120 1750 2269 1815 fldei

732 1860 1233 1942 congregativae,
1255 1863 1320 1923 et
1338 1861 1530 1924 etiam
1550 1863 1866 1923 uteorum
1884 1858 2271 1923 debilitatem

733 1966 1068 2050 multiplici
1096 1966 1335 2031 virtute
1358 1965 1833 2031 corroborativa
1875 1964 1960 2047 (a)
2007 1963 2273 2029 consoli-

733 2074 933 2140 daret.

815 2182 1108 2247 Secundo
1152 2181 1636 2247 commendatur
1677 2179 1959 2247 Christus
1999 2199 2040 2245 a
2064 2179 2271 2244 latitu-

738 2290 886 2355 dine
927 2290 1383 2356 benevolentiae
1427 2290 1499 2355 in
1558 2289 1947 2372 expositione
1993 2286 2275 2370 corporis

734 2400 999 2482 proprii,
1027 2416 1174 2464 cum
1214 2397 1468 2463 subdit:
1500 2397 1802 2464 Animam
1842 2412 2029 2463 suam
2064 2396 2270 2477 ponit.

736 2505 1000 2590 Propter
1050 2506 1425 2572 charitatem
1470 2505 1734 2569 nimiam
1783 2504 2271 2580 benevolentiae,

736 2632 935 2697 quam
961 2615 1190 2679 habuit
1211 2612 1498 2678 Christus
1533 2630 1691 2694 erga
1727 2629 1922 2676 suum
1965 2628 2271 2693 gregem,

737 2723 948 2804 posuit
975 2722 1256 2787 animam
1285 2738 1495 2798 suam,
1526 2720 1587 2784 id
1616 2724 1732 2799 est,
1755 2719 1955 2784 vitam
1984 2736 2277 2801 corpora-

735 2830 885 2909 lem,
917 2829 1125 2912 primo
1149 2829 1219 2893 in
1242 2829 1522 2912 pretium
1555 2827 1628 2910 (b)
1660 2826 1963 2891 humanae
1991 2827 2278 2908 redemp-

736 2936 927 3002 tionis
945 2984 965 3015 ‚
1023 2935 1103 3000 ad
1152 2934 1551 3000 liberandum
1603 2933 1926 3017 captivos3
1998 2932 2278 2998 secundo

737 3044 803 3106 in
856 3044 931 3123 (c)
982 3045 1444 3124 argumentum
1490 3042 1828 3126 praecipuae
1883 3039 2273 3118 dilectionis,

738 3149 818 3213 ad
852 3148 1381 3213 inflammandum
1417 3149 1688 3232 tepidos3
1727 3149 1912 3213 tertio
1949 3149 2020 3212 in
2060 3167 2277 3214 exem·

740 3255 915 3336 plum
960 3256 1264 3321 virtuosae
1297 3257 1700 3337 imitationis,
1741 3256 1821 3321 ad
1861 3256 2278 3320 animandum

737 3363 1016 3428 timidos
1047 3363 1265 3429 Primo
1291 3363 1505 3447 posuit
1523 3363 1803 3427 animam
1834 3380 2016 3428 suam
2045 3363 2111 3425 in
2146 3380 2280 3445 pre-

740 3472 901 3536 tium
933 3470 1012 3553 (b)
1046 3470 1349 3536 humanae
1381 3470 1835 3553 redemptionis
1876 3469 1957 3534 ad
1994 3470 2279 3535 liberan-

741 3576 897 3641 dum
924 3577 1249 3660 captivos:
1282 3582 1342 3642 et
1379 3577 1457 3642 de
1484 3579 1604 3642 hoc
1631 3575 1865 3641 dicitur
1888 3578 1912 3613 ²
1945 3598 1960 3640 :
2003 3600 2036 3638 α
2069 3577 2135 3642 Si
2164 3594 2276 3660 po-

739 3683 940 3749 suerit
981 3684 1265 3748 animam
1312 3702 1495 3748 suam
1540 3702 1657 3766 pro
1695 3687 1951 3767 peccato
1968 3730 1986 3760 ,
2037 3682 2275 3749 videbit

740 3810 958 3857 semen
971 3792 1365 3874 longaevum,
1384 3795 1449 3856 et
1463 3791 1757 3856 voluntas
1777 3791 1958 3857 Deiin
1973 3810 2169 3856 manu
2190 3791 2282 3873 (d)

743 3901 885 3982 eJus
922 3899 1238 3981 dirigetur
1268 3920 1284 3965 z
1321 3921 1353 3960 n
1391 3900 1683 3983 sequitur
1713 3918 1729 3962 ε
1767 3922 1799 3960 α
1834 3904 1955 3965 Pro
1995 3917 2073 3964 eo
2111 3899 2283 3982 quod

739 4006 1002 4072 'tradidit
1041 4008 1326 4071 animam
1361 4025 1547 4072 suam
1586 4006 1654 4070 in
1687 4010 1989 4084 mortem,
2030 4010 2094 4070 et
2132 4024 2279 4070 cum

744 4115 1061 4180 sceleratis
1086 4115 1424 4198 deputatus
1451 4118 1578 4195 est,
1609 4118 1674 4178 et
1697 4114 1840 4179 ideo
1866 4114 2000 4196 ipse
2027 4117 2283 4196 peccata

743 4222 1097 4286 multorum
1125 4220 1294 4286 tulit.
1328 4242 1360 4282 ι
1403 4221 1627 4286 Divina
1661 4221 1970 4304 sapientia
1996 4219 2283 4286 Christus

742 4329 986 4394 habens
1012 4328 1330 4412 duplicem
1354 4328 1757 4408 thesaurum,
1794 4327 1858 4392 id
1888 4329 2014 4405 est,
2051 4344 2281 4411 super·

741 4439 1060 4504 coelestem
1097 4443 1159 4502 et
1196 4435 1663 4515 subcoelestem,
1694 4436 1876 4520 quasi
1903 4436 2065 4500 facto
2102 4452 2280 4500 scru-

740 4546 921 4624 tinio,
953 4545 1020 4608 in
1046 4548 1319 4626 utroque
1350 4542 1621 4625 sumpsit
1656 4542 1723 4625 (e)
1753 4541 1924 4625 quod
1949 4544 2085 4606 erat
2110 4545 2284 4606 utro-

739 4654 935 4736 bique
959 4651 1236 4717 nobilius
1262 4654 1324 4715 et
1349 4647 1690 4732 pretiosius
1703 4696 1720 4726 ,
1751 4647 1921 4731 quod
1952 4648 2028 4730 (f)
2059 4666 2280 4732 super-

741 4761 980 4825 coelesti
1008 4757 1382 4824 excellentia
1406 4756 1678 4835 deitatis,
1706 4754 1788 4837 (q)
1820 4754 1898 4820 de
1924 4754 2281 4819 subcoelesti

741 4868 810 4932 in
844 4867 1133 4932 notitiam
1178 4865 1257 4948 (h)
1297 4863 1734 4928 humanitatis.
1771 4861 1901 4926 Hos
1926 4879 2089 4943 ergo
2117 4861 2280 4926 duos

742 4975 1075 5055 thesauros
1098 4973 1169 5037 in
1195 4971 1438 5037 unitate
1463 4987 1751 5052 personae
1789 4973 2179 5051 compactos,
2218 4972 2284 5032 et

743 5086 979 5148 statera
1003 5079 1206 5146 crucis
1230 5095 1540 5162 appensos
1563 5094 1680 5160 pro
1704 5076 2138 5160 redemptione
2164 5075 2282 5140 hu-

808 5212 825 5245 ¹
861 5209 1063 5272 Enoch„
1101 5216 1286 5269 xxxw,
1325 5207 1400 5255 12.
1442 5228 1505 5241 -
1555 5203 1576 5234 ²
1611 5203 1731 5262 lea..
1776 5214 1903 5268 mu,
1955 5205 2044 5267 10,
2095 5205 2174 5254 12.
2219 5226 2281 5242 -·

746 5276 770 5316 ⁸
789 5278 991 5345 Manli„
1021 5292 1122 5343 xx,
1160 5280 1240 5331 28.
1267 5302 1326 5319 —-
1349 5275 1373 5310 ⁸
1399 5277 1415 5326 l
1441 5276 1604 5337 loen..
1634 5287 1727 5341 111,
1757 5278 1833 5327 16.
1863 5301 1927 5315 —
1949 5276 1972 5312 ⁸
1996 5279 2162 5332 Joan..
2192 5285 2281 5340 xv,

750 5354 931 5474 2335„
959 5354 980 5385 ⁸
1018 5350 1276 5419 ambros„
1315 5348 1572 5409 Heaeaem„
1607 5345 1698 5398 lib.
1743 5348 1803 5409 V,
1844 5362 1888 5398 c.
1927 5358 2007 5410 ιιι,
2045 5360 2100 5397 n.
2140 5349 2188 5398 7.
2223 5373 2273 5383 -

1830 431 2247 503 SERMONES
2288 430 2388 497 DE
2425 429 2822 500 TEMPORE.

2374 567 2549 632 mani
2581 569 2836 650 generis
2861 570 3183 654 expendit,
3215 586 3367 634 cum
3388 584 3521 633 non
3549 584 3631 633 ex
3658 565 3888 649 obliga-

2374 676 2568 756 tione,
2601 677 2711 741 sed
2734 696 2817 742 ex
2850 678 3225 759 dignatione
3255 680 3528 741 mortem
3568 693 3683 758 pro
3708 675 3894 740 salute

2374 782 2646 848 humani
2665 784 2917 865 generis
2940 803 3086 849 cum
3103 784 3411 849 desiderio
3429 783 3720 865 suscepit,
3739 785 3801 846 et
3818 782 3897 846 sic

2374 889 2584 955 debito
2601 890 2809 954 soluto
2832 890 3057 971 primae
3078 889 3643 974 praevarioetioniS,
3664 888 3897 971 quando

2375 1014 2524 1061 cum
2547 995 2863 1061 sceleratis
2877 1002 3209 1082 reputatus
3227 999 3301 1079 (i)
3331 1001 3445 1077 est,
3468 1000 3721 1079 peccata
3744 994 3898 1060 mul·

2375 1108 2591 1167 torum
2640 1103 2785 1168 tulit
2817 1153 2836 1184 ,
2902 1109 2967 1168 et
3034 1105 3348 1169 satisfacto
3412 1103 3634 1184 rigore
3686 1103 3901 1167 divinae

2368 1211 2638 1293 justitiae
2652 1258 2676 1290 ‚
2707 1213 3000 1278 voluntas
3025 1214 3135 1278 Dei
3160 1214 3229 1277 in
3251 1230 3472 1291 manu,
3502 1211 3567 1277 id
3586 1215 3704 1290 est,
3731 1228 3904 1293 opere

2375 1316 2520 1396 ejus
2545 1315 2857 1398 completa
2891 1319 3009 1380 est.
3053 1315 3132 1381 Et
3167 1319 3423 1399 propter
3458 1314 3582 1379 hoc
3619 1313 3905 1379 Dominus

2377 1421 2620 1486 dicebat
2647 1427 2669 1463 ³
2701 1444 2715 1485 ε
2758 1445 2790 1484 α
2820 1422 3017 1488 Filius
3044 1422 3324 1487 hominis
3344 1439 3475 1486 non
3503 1420 3683 1486 venit
3704 1423 3777 1485 ut
3799 1421 3908 1484 mi-

2377 1530 2757 1595 nistraretur
2791 1529 2883 1610 ei,
2926 1530 3037 1596 sed
3076 1535 3151 1595 ut
3185 1529 3606 1609 ministraret,
3648 1532 3715 1593 et
3747 1528 3908 1594 daret

2378 1638 2658 1701 animam
2677 1656 2861 1703 suam
2877 1638 2949 1702 in
2969 1638 3473 1721 redemptionem
3491 1655 3607 1720 pro
3628 1638 3859 1702 multis.
3873 1658 3901 1697 ι

2378 1745 2502 1812 Pro
2537 1746 2764 1813 multis
2798 1745 3030 1810 dicitur
3068 1748 3380 1828 quantum
3421 1744 3505 1808 ad
3543 1743 3907 1823 efficaciam,

2378 1852 2525 1918 lieet
2552 1868 2669 1937 pro
2700 1855 2999 1920 omnibus
3032 1855 3224 1920 ruerit
3263 1854 3445 1918 datus
3486 1855 3803 1937 quantum
3840 1854 3911 1917 ad

2380 1963 2848 2028 sufficientiam.
2891 1961 3069 2028 Unde
3111 1962 3258 2027 licet
3297 1962 3508 2046 passio
3557 1959 3792 2025 Christi
3840 1960 3914 2024 sit

2381 2070 2699 2135 sufficiens
2723 2069 3022 2134 omnibus
3057 2069 3135 2135 ad
3164 2068 3436 2134 salutem
3449 2117 3469 2148 ‚
3502 2072 3723 2134 tamen
3750 2069 3910 2134 salu-

2381 2182 2511 2243 tem
2554 2196 2687 2243 non
2726 2178 2916 2243 efficit
2960 2177 3084 2241 nisi
3131 2176 3197 2240 in
3242 2175 3394 2254 illis,
3442 2194 3725 2259 quorum
3770 2175 3915 2240 fides

2382 2289 2685 2369 operatur
2737 2302 2853 2368 per
2895 2283 3314 2349 dilectionem.
3366 2282 3659 2349 Secundo
3718 2283 3918 2367 posuit

2382 2394 2666 2458 animam
2691 2393 2760 2457 in
2787 2394 3245 2474 argumentum
3271 2390 3611 2475 praecipuae
3640 2391 3914 2456 dilectio-

2383 2500 2483 2564 nis
2518 2500 2599 2566 ad
2639 2500 3173 2565 inflammandum
3217 2498 3494 2583 tepidos3
3547 2503 3612 2564 et
3651 2517 3771 2582 per
3807 2498 3919 2563 hoc

2384 2606 2812 2688 cognovimus
2836 2606 3210 2671 charitatem
3239 2604 3372 2684 Dei,
3394 2605 3704 2689 quoniam
3723 2612 3802 2688 ’,α
3824 2605 3920 2669 ille

2382 2715 2668 2779 animam
2694 2733 2877 2778 suam
2905 2732 3022 2798 pro
3056 2713 3239 2779 nobis
3264 2714 3498 2797 posuit.
3529 2735 3561 2775 n
3591 2712 3675 2778 Et
3701 2714 3780 2779 de
3805 2713 3922 2778 hoc

2384 2818 2615 2884 dicitur
2632 2821 2654 2856 ⁸
2682 2841 2699 2884 ε
2729 2842 2761 2880 α
2778 2819 3078 2899 Majorem
3100 2819 3499 2885 dilectionem
3520 2838 3716 2884 nemo
3735 2820 3921 2884 habet

2380 2927 2527 3007 hac,
2554 2933 2628 2992 ut
2649 2927 2934 2992 animam
2962 2946 3147 2993 suam
3174 2932 3367 3012 ponat
3393 2929 3542 3013 quis
3569 2946 3691 3011 pro
3709 2929 3922 2994 amicis

2384 3036 2538 3101 suis.
2571 3057 2602 3096 ιι
2639 3035 2836 3102 Filius
2863 3035 2972 3101 Dei
2997 3037 3067 3101 in
3093 3037 3356 3119 signum
3383 3035 3923 3102 vehementissimi

2384 3146 2618 3210 amoris
2636 3195 2653 3223 ‚
2710 3151 2776 3211 et
2827 3146 2908 3212 ad
2963 3147 3447 3214 similitudinem
3498 3147 3923 3233 quorumdam

2385 3253 2798 3334 aquatilium,
2852 3255 2931 3318 de
2975 3255 3211 3338 quibus
3261 3255 3410 3321 dicit
3448 3255 3833 3321 Ambrosius
3866 3255 3921 3333 ⁸,

2385 3359 2555 3442 quod
2598 3359 2893 3442 quaedam
2948 3361 3177 3427 helluae
3224 3362 3492 3426 marinae
3546 3366 3703 3426 sunt
3745 3378 3922 3444 quae,

2386 3467 2641 3548 quando
2667 3468 2927 3533 insidias
2952 3474 3177 3535 contra
3204 3471 3448 3535 catulos
3476 3487 3628 3535 suos
3654 3487 3927 3554 praesen-

2386 3574 2603 3654 serint,
2632 3575 2878 3641 viscera
2903 3594 3020 3640 sua
3056 3594 3209 3641 mox
3249 3577 3577 3660 aperiunt,
3622 3581 3927 3659 natosque

2388 3699 2538 3746 suos
2563 3683 2850 3764 integros
2876 3684 3226 3767 recipiunt,
3269 3690 3335 3750 et
3363 3684 3608 3749 tamdiu
3632 3703 3748 3751 eos
3784 3701 3927 3767 por-

2387 3790 2525 3852 tant
2538 3837 2556 3868 ,
2586 3789 2786 3854 donec
2811 3790 2892 3855 ad
2923 3790 3325 3856 securitatem
3367 3791 3698 3873 deserant,
3741 3799 3817 3857 ut
3852 3790 3928 3855 ab

2388 3893 2518 3959 ictu
2563 3897 2806 3979 proprii
2842 3897 3123 3980 eorporis
3164 3896 3547 3963 defendant:
3588 3898 3717 3964 hoc
3747 3898 3928 3964 modo

2388 4001 2674 4068 Christus
2727 4003 2796 4067 in
2861 4010 3327 4086 argumentum
3385 4004 3927 4072 vehementissimi

2388 4108 2625 4173 amoris
2660 4108 2863 4175 voluit
2887 4110 3135 4193 aperire
3175 4110 3364 4193 pedes
3378 4160 3395 4193 ,
3443 4129 3682 4178 manus
3726 4115 3929 4179 fenes-

2387 4217 2545 4281 trari
2588 4221 2652 4282 et
2694 4216 2893 4297 latus,
2937 4220 3011 4282 ut
3049 4235 3167 4282 nos
3223 4220 3532 4303 reciperet
3570 4221 3747 4286 intra
3802 4222 3925 4290 vis·

2389 4342 2535 4389 cera
2558 4324 2884 4390 charitatis
2905 4342 3064 4405 suae,
3086 4328 3150 4390 et
3177 4325 3258 4390 ab
3286 4325 3467 4392 hoste
3493 4327 3786 4410 maligno
3804 4332 3929 4393 tue-

2387 4434 2568 4497 retur
2595 4435 2657 4497 et
2687 4431 3066 4499 defenderet.
3111 4432 3190 4498 Et
3214 4437 3472 4517 propter
3498 4434 3654 4516 hoc,
3686 4435 3929 4502 charis-

2388 4538 2550 4605 sime
2569 4586 2586 4617 ,
2642 4557 2789 4604 cum
2835 4539 3131 4622 insurget
3180 4539 3415 4606 diaboli
3463 4541 3927 4622 fraudulentia,

2388 4647 2727 4730 ingredere
2752 4647 2822 4712 in
2844 4652 3115 4732 petram,
3143 4647 3210 4713 id
3236 4654 3334 4713 est
3359 4648 3709 4731 Christum,
3735 4652 3929 4735 impo-

2388 4755 2598 4820 nendo
2639 4754 3109 4835 meditationes,
3159 4755 3609 4837 cogitationes,
3653 4763 3719 4825 et
3754 4759 3930 4824 affec·

2391 4863 2593 4928 tiones
2613 4884 2629 4927 :
2655 4862 2810 4946 quia
2821 4881 3158 4946 nunquam
3175 4867 3379 4946 potest
3394 4865 3686 4931 diabolus
3707 4867 3930 4934 melius

2388 4971 2581 5051 vinci,
2627 4989 2823 5054 quam
2865 4971 2938 5035 in
2978 4972 3287 5036 memoria
3325 4973 3637 5055 passionis
3682 4974 3927 5041 Christi.

2389 5076 2567 5145 Unde
2600 5077 2959 5144 Bernardus
2996 5078 3019 5113 ⁷
3063 5101 3078 5144 ε
3126 5103 3161 5141 α
3199 5076 3430 5146 Nullus
3472 5099 3762 5166 unquam
3802 5084 3929 5149 dae·

2453 5204 2518 5269 (a)
2562 5201 2683 5254 Goet.
2716 5203 2838 5254 edit.
2870 5204 3276 5256 corroboratim.
3309 5231 3366 5242 -·
3401 5203 3467 5269 (b)
3504 5206 3631 5257 Item
3660 5208 3845 5272 pretio.
3871 5234 3931 5247 -

2391 5274 2456 5341 (c)
2488 5276 2607 5325 Item
2636 5274 2771 5324 deest
2795 5276 2867 5325 ln.
2890 5300 2953 5314 -—
2991 5275 3064 5338 (d)
3096 5278 3222 5329 Goet.
3255 5275 3377 5328 edit.
3410 5291 3608 5330 manus,
3629 5306 3686 5317 —
3710 5280 3775 5345 (e)
3812 5281 3929 5330 Item

2388 5347 2568 5398 subsit.
2596 5372 2659 5385 -
2690 5348 2756 5413 (f)
2803 5349 2918 5413 [ις.
2958 5349 3042 5400 de.
3069 5375 3132 5387 —
3174 5348 3248 5414 (9)
3281 5348 3462 5413 Suppl.
3490 5355 3562 5401 et.
3588 5378 3652 5390 -—
3686 5352 3761 5417 (h)
3788 5352 3931 5403 Forte

2390 5417 2486 5484 leq.
2504 5419 2795 5472 subcoelesti
2821 5419 3133 5472 innocentia.
3160 5446 3214 5458 -—
3243 5420 3303 5487 (ι)
3330 5420 3457 5473 Coet.
3486 5421 3609 5474 edit.
3642 5423 3927 5489 deputatus.
