4059 6317
698 535 783 600 2⁴
1788 531 2203 600 SERMONES
2241 533 2346 601 DE
2386 532 2777 602 TEMPORE.

700 670 910 737 adhuc
934 671 1229 736 tenemur
1250 667 1620 734 infirmitate
1644 667 1924 753 corporis
1940 716 1962 749 ‚
1992 685 2223 752 mqua-

701 796 850 845 mur
874 779 1089 843 tamen
1112 777 1401 861 passibus
1426 775 1686 842 amoris.
1707 798 1740 837 n

781 885 1123 968 Dequarto
1149 885 1169 920 ¹
1202 905 1220 948 ε
1254 884 1409 951 Cum
1448 886 1696 952 venerit
1729 885 1908 965 tilius
1947 884 2228 952 hominis

701 996 781 1062 in
804 992 1131 1076 majestate
1157 1008 1313 1073 sua,
1344 996 1405 1060 et
1428 1008 1642 1060 omnes
1670 992 1885 1076 anqeli
1913 991 2053 1075 eius
2079 1008 2226 1058 cum

703 1117 793 1170 eo.
823 1100 1114 1184 MaJestas
1129 1103 1345 1165 autem
1364 1098 1672 1166 venientis
1693 1098 2043 1183 apparebit,
2076 1098 2229 1181 quia

703 1209 915 1276 veniet
939 1225 1088 1273 cum
1119 1208 1310 1272 turba
1334 1207 1585 1290 copiosa
1604 1211 1630 1245 ¹
1664 1227 1681 1270 ι
1716 1207 1801 1274 Et
1844 1222 1975 1272 ecce
2021 1206 2231 1273 veniet

704 1318 1011 1384 Dominus
1045 1331 1189 1383 cum
1225 1315 1514 1383 omnibus
1541 1316 1790 1382 sanctis
1815 1315 2229 1395 satisfaciens

685 1423 1020 1510 judicium
1045 1472 1069 1504 ,
1107 1428 1226 1490 etc.
1276 1425 1354 1507 (α)
1407 1423 1481 1488 Et
1520 1422 1629 1487 hic
1669 1421 1899 1487 dicitur
1948 1437 1965 1483 z
2019 1436 2231 1489 omnes

705 1532 920 1617 anqeli
957 1532 1097 1615 ejus
1135 1548 1279 1599 cum
1317 1548 1407 1600 eo.
1459 1531 1619 1596 Item
1662 1530 1875 1596 veniet
1915 1530 1985 1594 in
2024 1530 2234 1595 forma

707 1639 988 1722 gloriosa
1039 1640 1064 1676 ⁸
1102 1658 1121 1703 ε
1179 1639 1357 1707 Sicut
1410 1638 1625 1722 titiant·
1677 1652 2015 1705 coruscans
2038 1686 2058 1715 ‚
2110 1640 2229 1702 etc.

705 1745 966 1813 Glossa:
1008 1767 1040 1807 a
1064 1746 1326 1812 Subitus
1356 1748 1420 1811 et
1457 1762 1793 1811 coruscans
1827 1744 1918 1809 sic
1937 1794 1954 1824 ‚
1988 1746 2063 1808 ut
2090 1742 2230 1808 nul-

704 1854 806 1919 lus
831 1853 901 1917 in
935 1871 1052 1918 sua
1079 1857 1291 1918 mente
1324 1870 1580 1918 manere
1606 1853 2031 1937 permittatur,
2075 1850 2236 1933 quin

700 1960 934 2045 judicis
953 1960 1214 2042 fulgure
1238 1963 1624 2043 penetretur.
1656 1981 1687 2020 n
1721 1959 2129 2042 Augustinus
2156 1958 2180 1993 ⁴
2216 1978 2232 2022 z

718 2067 934 2133 «Licet
956 2068 1024 2131 in
1047 2068 1253 2132 forma
1278 2066 1448 2131 servi
1475 2066 1825 2150 glorificata
1838 2066 2237 2148 judicantem

713 2175 1017 2241 videth
1057 2174 1212 2239 boni
1255 2176 1318 2239 et
1360 2173 1513 2238 mali
1527 2223 1544 2254 ‚
1576 2173 1832 2239 tolletur
1858 2176 2075 2238 tamen
2114 2172 2239 2237 im-

712 2280 858 2363 pius
874 2327 895 2358 ‚
953 2281 1030 2343 ut
1074 2296 1205 2343 non
1245 2277 1458 2344 videat
1511 2276 1860 2342 claritatem
1907 2276 2059 2356 Dei,
2111 2295 2241 2360 qua

720 2387 881 2453 Deus
905 2389 1000 2452 est
1026 2404 1261 2470 :quam
1282 2385 1396 2451 soli
1415 2386 1655 2451 mundo
1681 2384 1869 2451 corde
1892 2385 2238 2451 videbunt:

714 2494 886 2580 quod
912 2493 1034 2559 erit
1065 2493 1156 2559 eis
1181 2494 1313 2558 vita
1336 2497 1593 2558 aeterna.
1623 2514 1654 2553 n
1702 2492 1860 2557 Item
1888 2492 2099 2559 veniet
2126 2510 2242 2576 po-

716 2606 938 2669 testate
962 2601 1278 2683 virtuosa3
1318 2600 1489 2665 unde
1517 2600 1802 2683 sequitur
1832 2618 1849 2664 ε
1890 2601 2245 2667 Venientem

718 2729 862 2780 eum
887 2727 1120 2794 maana
1140 2713 1471 2792 potestate.
1499 2706 1677 2773 Tunc
1695 2709 2019 2791 apparebit
2039 2710 2245 2774 virtus

719 2818 954 2885 divinae
979 2817 1303 2900 potestatis
1324 2865 1341 2895 ‚
1383 2815 1538 2899 quia
1564 2820 1852 2880 mortuos
1879 2815 2241 2895 suscitabit,

720 2929 785 2994 et
808 2927 1014 2991 totum
1044 2923 1360 2988 mundum
1389 2940 1505 3007 pro
1532 2922 1772 2987 meritis
1792 2922 2123 3004 judicabit.

1278 3098 1565 3169 SERMO
1609 3100 1696 3171 V.

806 3244 1038 3313 Scitote
1064 3244 1221 3327 quia
1248 3259 1440 3328 prope
1474 3251 1568 3313 est
1592 3260 1852 3328 reanum
1868 3243 1987 3311 Dei
2012 3245 2056 3309 ⁸.
2088 3242 2250 3322 Qua-

723 3357 873 3418 tuor
906 3357 1056 3417 sunt
1097 3352 1280 3417 valde
1322 3368 1518 3435 prope
1567 3373 1584 3416 ε
1629 3350 1861 3417 Gratiae
1884 3351 2147 3434 largitas
2183 3354 2251 3416 in

724 3461 1009 3537 mundo;
1056 3460 1175 3525 irae
1228 3460 1530 3525 severitas
1591 3460 1661 3523 in
1705 3459 1948 3542 judicio
1977 3483 1996 3539 ;
2051 3477 2252 3543 poenae

726 3569 1033 3634 acerbitas
1062 3568 1131 3635 in
1160 3570 1444 3646 infern03
1490 3573 1553 3633 et
1586 3568 1812 3651 gloriae
1841 3568 2147 3632 serenitas
2184 3570 2255 3632 in

729 3677 910 3742 coelo.
936 3676 1020 3742 De
1041 3675 1320 3762 primo⁸z
1350 3677 1541 3759 Prope
1557 3676 1679 3756 teci
1685 3674 2019 3758 ,iustitiam
2028 3692 2252 3757 meam,

731 3792 793 3854 et
817 3801 948 3852 non
983 3784 1402 3867 etonaabitur,
1441 3788 1503 3850 et
1528 3783 1703 3850 salus
1728 3798 1865 3849 mea
1889 3798 2020 3850 non
2046 3799 2254 3849 mora·

733 3892 927 3960 bitur.
947 3891 980 3956 J
982 3892 1261 3956 ustitiam
1277 3890 1427 3955 dicit
1440 3891 1714 3972 gratiam
1725 3892 1750 3971 j
1760 3889 2176 3954 ustificantem
2194 3890 2217 3924 '¹
2237 3913 2252 3956 ε

731 3999 985 4066 lustitia
1006 3998 1085 4079 (b)
1112 4000 1177 4063 et
1203 3997 1515 4081 judicium
1554 3996 1856 4061 correctio
1892 3997 2058 4061 sedis
2093 3998 2256 4079 ejus.

732 4105 982 4170 lustitia
1047 4104 1275 4187 gratiae
1326 4104 1733 4187 justificantis
1760 4151 1778 4180 ‚
1830 4109 1893 4168 et
1945 4103 2260 4186 judicium

735 4211 1121 4296 poenitentiae
1149 4210 1603 4290 satisfacientis,
1624 4213 1953 4293 corrigens
1979 4213 2262 4277 animam

735 4336 882 4403 quae
909 4321 1002 4383 aet
1050 4318 1229 4383 sedes
1259 4317 1392 4384 Dei.
1440 4318 1510 4382 ln
1539 4317 1661 4382 hac
1689 4318 1930 4400 justitia
1973 4324 2067 4383 est
2093 4320 2266 4384 salus

738 4428 994 4493 animae.
1028 4426 1205 4495 Unde
1233 4428 1407 4493 addit
1442 4450 1458 4493 ε
1507 4428 1705 4494 Salus
1731 4443 1872 4494 mea
1896 4443 2027 4495 non
2053 4444 2267 4495 mora-

743 4534 938 4604 bitur.
971 4534 1067 4600 Ex
1096 4554 1225 4618 quo
1267 4552 1425 4616 ergo
1452 4553 1646 4618 prope
1688 4539 1783 4599 est
1819 4535 1991 4599 salus
2040 4537 2267 4617 gratiae

742 4642 1111 4708 hominibus
1125 4690 1148 4722 ,
1197 4660 1396 4726 quare
1414 4690 1433 4720 ‚
1491 4643 1684 4707 miser
1735 4647 2045 4726 peccator,
2111 4662 2268 4725 gra-

745 4747 902 4813 tiam
928 4766 1060 4814 non
1084 4750 1282 4814 sentis
1308 4753 1370 4812 et
1395 4764 1528 4812 non
1552 4749 1823 4832 accipis?
1849 4750 2016 4815 Audi
2045 4770 2266 4834 quare.

2328 672 2405 735 ut
2430 668 2584 735 huic
2606 669 3141 754 propinquantem
3167 669 3328 736 lucis
3359 670 3530 738 diem
3554 690 3690 739 non
3713 691 3861 740 sen-

2330 778 2467 842 tiat.
2499 776 2549 843 Ο
2576 795 2833 843 summa
2859 782 2924 844 et
2957 777 3401 843 inaccessibilis
3448 780 3564 844 lux
3583 828 3606 861 ,
3653 798 3851 865 quam

2330 885 2527 969 longe
2560 904 2629 950 es
2654 904 2695 950 a
2721 904 2862 966 me,
2906 886 3017 970 qui
3051 886 3169 950 tibi
3196 904 3342 951 sum
3379 890 3605 970 prope!
3637 888 3867 955 Adhuc

2333 993 2489 1059 lates
2508 1042 2528 1071 ‚
2555 993 2820 1060 Domine
2836 1043 2858 1074 ,
2886 995 3167 1060 animam
3193 1012 3403 1060 meam
3430 996 3500 1059 in
3534 996 3676 1061 luce
3699 1000 3815 1062 tua
3843 1022 3859 1062 z

2334 1107 2398 1167 et
2420 1101 2565 1167 ideo
2591 1105 2885 1168 versatur
2909 1103 2979 1167 in
3024 1103 3298 1169 tenebris
3323 1106 3387 1169 et
3410 1104 3688 1168 miseria.
3721 1105 3869 1171 Ideo

2334 1212 2552 1273 monet
2595 1209 2936 1292 Apostolus
2957 1258 2974 1290 ,
3022 1210 3236 1276 dicens
3259 1211 3282 1246 ⁸
3314 1233 3331 1275 ε
3383 1211 3557 1277 Hora
3592 1216 3684 1280 est
3700 1212 3872 1294 ‚jam

2337 1314 2414 1383 de
2448 1331 2664 1384 somno
2711 1332 3005 1399 surpere,
3047 1323 3112 1382 et
3156 1322 3388 1384 caetera
3424 1335 3630 1402 usque
3667 1339 3684 1381 ι
3725 1320 3873 1386 dies

2338 1427 2544 1490 autem
2570 1424 3133 1506 appropinquavit.

2415 1530 2504 1597 De
2550 1531 2871 1596 secundo⁰
2905 1553 2921 1596 ε
2958 1531 3092 1611 Ali,
3136 1530 3260 1610 ah,
3320 1531 3433 1610 ah,
3485 1532 3660 1612 diei,
3713 1534 3879 1616 qida

2334 1653 2527 1721 prope
2547 1643 2641 1706 est
2665 1636 2802 1705 dies
2828 1639 3113 1706 Domini.
3143 1637 3265 1703 Ter
3281 1640 3597 1721 gemendo
3615 1639 3737 1718 ah,
3767 1658 3875 1705 os·-

2338 1745 2541 1812 tendit
2567 1746 2958 1828 gemendum
2983 1746 3362 1812 essetimore
3379 1746 3612 1830 judicii
3633 1747 3731 1812 eis
3761 1749 3878 1830 qui

2340 1853 2668 1918 offendunt
2711 1852 3080 1919 Trinitatem
3100 1903 3119 1934 ,
3173 1853 3427 1919 Patrem
3450 1903 3469 1931 ‚
3501 1858 3567 1920 et
3601 1853 3842 1920 Filium
3858 1904 3877 1933 ,

2341 1964 2406 2026 et
2447 1959 2755 2043 Spiritum
2802 1964 3123 2038 sanctum3
3153 1960 3258 2027 vel
3293 1959 3621 2043 tripliciter
3666 1961 3884 2026 offen-

2341 2067 2540 2146 dunt,
2572 2067 2787 2147 corde,
2828 2072 2893 2132 et
2930 2085 3071 2144 ore,
3112 2070 3176 2133 et
3209 2086 3423 2150 opere.
3459 2067 3588 2133 Hoc
3634 2069 3881 2152 triplici

2343 2175 2590 2257 gemitu
2622 2193 2738 2258 pro
2769 2174 3198 2258 peccatoribus
3237 2175 3665 2241 lamentantur
3719 2174 3889 2240 Hie-

2345 2283 2579 2349 remias
2595 2332 2615 2363 ,
2645 2283 2929 2349 Ezechiel
2952 2286 3016 2348 et
3042 2282 3200 2348 Joel.
3228 2282 3635 2350 Lamentatur
3662 2283 3888 2350 Hiere-

2346 2391 2509 2455 mias
2523 2391 2921 2472 peccantium
2931 2390 3360 2455 damnabilem
3381 2391 3783 2457 securitatem
3801 2393 3886 2455 ²⁰:

2347 2498 2445 2562 Ah
2462 2546 2480 2575 ‚
2505 2497 2623 2576 oh,
2652 2497 2774 2577 alt,
2797 2499 3058 2565 Domine
3086 2498 3280 2576 Deua,
3307 2499 3625 2579 propheta
3650 2496 3890 2566 dicunt

2350 2607 2444 2671 eis
2482 2624 2506 2670 .·
2535 2605 2678 2672 Non
2713 2604 3017 2672 videbitis
3051 2603 3364 2688 cladium.
3396 2603 3730 2687 Prophetae
3775 2605 3894 2670 isti

2349 2712 2502 2777 mali
2553 2711 2895 2776 consiliarii
2951 2716 3016 2776 et
3076 2710 3439 2775 animarum
3491 2710 3886 2792 deceptores.

2353 2819 2611 2883 Gladius
2636 2822 2731 2883 est
2767 2817 3078 2882 sententia
3101 2817 3216 2881 irae
3245 2815 3355 2880 Dei
3382 2817 3423 2852 ¹²
3454 2838 3471 2879 ε
3503 2817 3591 2882 De
3618 2833 3723 2885 ore
3743 2817 3894 2900 eius

2353 2928 2611 3012 alodius
2673 2927 2894 2993 exibat
2947 2941 3032 2991 esc
3078 2930 3349 3006 utraque
3395 2931 3581 3007 parte
3629 2932 3892 2994 acuns.

2354 3035 2513 3101 Item
2540 3034 2744 3117 gemit
2771 3036 3175 3117 peccatorum
3191 3031 3682 3096 abominabilem
3704 3051 3900 3100 vora-

2354 3144 2604 3208 citatem
2627 3143 2673 3179 ¹¹
2708 3164 2722 3207 :
2753 3141 3084 3223 Numquid
3125 3145 3361 3207 stereus
3401 3140 3751 3208 humanum
3779 3158 3900 3210 co-

2355 3250 2562 3318 medet
2584 3252 2731 3333 quis
2751 3249 2785 3314 Ρ
2829 3248 3144 3330 Propheta
3171 3247 3323 3312 dicit
3356 3266 3374 3312 ε
3405 3247 3508 3313 Ah
3527 3295 3552 3327 ,
3590 3248 3711 3328 ah,
3756 3250 3855 3315 αὴ
3877 3297 3897 3328 ,

2357 3359 2625 3426 Domine
2653 3359 2848 3424 Deus.
2879 3354 3034 3420 Ecce
3062 3355 3277 3419 anima
3301 3372 3445 3419 mea
3471 3372 3602 3420 non
3632 3361 3729 3421 est
3748 3357 3900 3438 pol-

2356 3465 2514 3542 luta,
2534 3469 2650 3529 etc.
2681 3461 3118 3528 Abominabile
3141 3466 3382 3526 stercus
3407 3466 3504 3526 est
3528 3466 3894 3544 peccatum,

2358 3573 2530 3656 quod
2575 3571 2944 3648 comedunt,
2982 3571 3097 3653 qui
3141 3570 3220 3634 de
3255 3587 3492 3650 usura,
3536 3570 3744 3649 furto,
3779 3588 3894 3635 ra·

2359 3682 2510 3765 pina
2535 3683 2902 3764 pascuntur.
2932 3677 3104 3743 Idem
3127 3676 3262 3743 Joel
3290 3677 3492 3759 gemit
3508 3677 3732 3759 judicii
3759 3681 3898 3743 ter-

2355 3788 2560 3853 ribilis
2599 3786 3166 3869 propinquitatem,
3202 3783 3482 3860 dicens·
3514 3804 3530 3847 z
3579 3783 3724 3864 Ali,
3769 3785 3862 3851 ah
3884 3834 3906 3865 ,

2364 3896 2478 3976 ah,
2510 3895 2674 3975 diei,
2705 3894 2865 3976 quia
2883 3908 3076 3975 prope
3101 3896 3195 3960 est
3215 3890 3354 3959 dies
3382 3891 3646 3958 Domini
3669 3938 3687 3967 ‚
3718 3896 3845 3957 etc.
3882 3915 3898 3957 ε

2365 4004 2474 4085 qui
2503 3999 2801 4066 terribilis
2829 4004 2925 4064 est
2947 3998 3352 4082 peccantibus
3377 3997 3563 4063 corde
3593 4000 3657 4063 et
3696 4016 3810 4065 ore
3837 4006 3907 4065 et

2368 4126 2557 4192 opere
2585 4106 2802 4172 simul.

2453 4214 2535 4278 De
2559 4214 2747 4278 tertio
2775 4213 2817 4249 ¹⁸
2848 4236 2864 4278 ι
2898 4211 3094 4293 Prope
3122 4217 3214 4278 est
3248 4212 3558 4280 interitus
3591 4210 3801 4291 Moab,
3833 4222 3913 4282 nt

2373 4323 2622 4401 veniat,
2652 4327 2711 4389 et
2740 4319 2979 4387 malum
3005 4319 3144 4402 ejus
3167 4325 3453 4386 accurat
3479 4320 3772 4387 velociter
3793 4322 3909 4388 ni-

2375 4430 2521 4496 mis.
2551 4428 2736 4493 Moab
2777 4429 3170 4509 peccatorem
3199 4426 3540 4508 significat.
3587 4425 3913 4510 Interpre-

2373 4540 2509 4601 tare
2534 4535 2707 4600 enim
2735 4535 2847 4600 Ex
2870 4538 3053 4615 patre
3082 4532 3199 4596 ¹·.¹⁸
3232 4554 3248 4597 z
3289 4532 3414 4600 Vos
3439 4549 3524 4600 esc
3547 4537 3727 4616 patre
3751 4534 3912 4602 dia·

2376 4643 2510 4711 boto
2554 4643 2725 4709 estis.
2769 4640 3065 4705 Interitus
3097 4643 3401 4705 aeternam
3432 4640 3910 4707 damuationem

2379 4750 2698 4831 significat
2721 4749 2765 4785 ¹‘
2799 4770 2815 4812 ι
2847 4749 2979 4829 Eoo
3020 4749 3096 4814 in
3136 4748 3409 4814 interitu
3432 4753 3636 4814 vestro
3659 4747 3904 4816 ridebo.

750 4856 927 4922 Unde
941 4855 1220 4939 estquod
1235 4856 1403 4920 clara
1427 4855 1569 4920 luce
1587 4855 1910 4921 dormiens
1928 4874 2058 4920 non
2083 4858 2273 4921 sentit
2383 4856 2669 4923 Graviter
2707 4856 2878 4920 enim
2907 4855 3097 4919 inerit
3137 4853 3514 4919 damnandis
3547 4853 3665 4918 iste
3703 4855 3873 4920 risus
3886 4878 3908 4935 ;

749 4963 965 5029 diem?
1010 4965 1162 5047 quia
1215 4980 1435 5027 sensus
1468 4979 1692 5027 somno
1738 4962 1978 5044 ligatus
2022 4963 2127 5027 sit.
2172 4963 2275 5027 Sic
2383 4965 2493 5030 sed
2529 4968 2745 5029 tamen
2776 4964 2970 5045 juste.
3022 4959 3185 5025 Nam
3228 4960 3297 5025 in
3332 4959 3455 5025 hoc
3487 4960 3752 5041 wemno,
3799 4962 3916 5026 ubi

750 5069 973 5152 utique
990 5086 1188 5152 prope
1212 5072 1307 5133 est
1330 5068 1514 5132 nobis
1532 5068 1665 5133 dies
1688 5069 1949 5149 gratiae3
1982 5070 2090 5134 sed
2110 5087 2278 5134 som-

756 5195 880 5241 nus
906 5178 1244 5262 voluptatis
1270 5177 1537 5241 carnalis
1566 5195 1789 5242 sensus
1814 5179 2047 5243 animae
2074 5178 2272 5260 ligat,

818 5303 837 5338 ²
859 5303 1061 5366 Metili„
1089 5314 1210 5365 xxv,
1240 5305 1319 5353 3¹.
1343 5328 1408 5340 —
1433 5303 1452 5333 ²
1476 5301 1610 5362 lud„
1636 5306 1712 5353 15.
1744 5328 1805 5341 -
1830 5303 1850 5334 ⁸
1879 5303 2016 5361 Luc..
2044 5316 2172 5364 xvii,
2199 5308 2278 5356 21.

756 5399 819 5414 -
845 5372 867 5408 δ
892 5375 1041 5438 Aug..
1069 5374 1156 5426 ubi
1181 5389 1296 5439 sup.
1316 5400 1379 5415 -
1406 5376 1424 5405 ⁵
1450 5375 1589 5435 Luc„
1616 5387 1726 5439 xxx,
1754 5379 1830 5426 31.
1851 5400 1916 5412 -
1939 5376 1961 5411 ⁸
1988 5377 2109 5434 lca..
2137 5387 2280 5441 mu,

629 5444 639 5458 '
760 5447 840 5497 13.
878 5469 938 5483 -
964 5446 985 5480 ‘¹
1012 5445 1150 5496 Psal.
1179 5458 1317 5510 xcvi,
1345 5450 1394 5497 2.
1416 5472 1478 5482 —
1504 5445 1527 5480 ⁸
1553 5446 1706 5509 Rom„
1735 5457 1852 5509 xm,
1886 5450 1961 5496 11.
1997 5472 2054 5482 -
2093 5449 2112 5478 ⁸
2137 5447 2282 5507 leel„

2386 5119 2429 5153 ¹²
2451 5115 2648 5178 Ezech„
2675 5128 2744 5180 tv,
2775 5117 2850 5166 14.
2877 5139 2941 5151 -
2964 5113 3006 5149 ¹⁸
3025 5112 3225 5166 lev-em..
3255 5123 3441 5175 nvm,
3473 5115 3551 5165 16.
3583 5139 3639 5152 -
3665 5114 3706 5149 ¹⁴
3731 5114 3790 5164 ld
3817 5119 3916 5178 est,

2387 5203 2491 5238 vox
2527 5188 2692 5250 Moab,
2737 5200 2852 5251 qum
2892 5185 3098 5235 hebraea
3146 5187 3250 5248 est,
3281 5183 3445 5235 oritur
3484 5199 3517 5234 a
3553 5186 3918 5250 praepositione

2389 5261 2519 5323 Min,
2547 5259 2651 5332 10,
2690 5262 2742 5308 et
2774 5271 2806 5307 a
2830 5255 3144 5307 substantivo
3177 5256 3283 5321 Ab,
3310 5255 3421 5309 ΞΝ.
3451 5281 3511 5292 -
3543 5256 3583 5293 ¹⁸
3604 5258 3768 5319 Ιοαπ..
3797 5268 3915 5319 vlu,

2391 5352 2468 5399 44.
2492 5374 2553 5387 —
2578 5348 2621 5383 ¹⁸
2646 5349 2814 5406 pm..
2843 5358 2882 5411 1,
2906 5348 2985 5398 26.

2451 5447 2519 5511 (a)
2549 5447 2671 5498 coet.
2698 5445 2820 5496 edit.
2856 5445 2938 5495 liic
2967 5442 3084 5496 add.
3110 5443 3268 5496 Judas
3292 5442 3347 5492 in
3371 5456 3510 5505 can„
3547 5442 3636 5494 ted
3673 5458 3769 5495 non
3805 5448 3920 5496 aut

761 5527 812 5581 1,
852 5518 927 5567 15.
971 5542 1025 5552 —
1078 5519 1117 5552 ¹⁹
1150 5517 1355 5581 let-em„
1393 5528 1497 5581 xiv,
1536 5518 1613 5568 13.
1645 5540 1708 5555 -
1748 5517 1783 5553 ¹¹
1822 5520 1996 5583 Apoc„
2037 5529 2081 5581 1,
2121 5521 2282 5569 16.-
2391 5518 2468 5568 liic
2496 5517 2647 5568 locu-r.
2678 5543 2739 5556 —
2768 5515 2836 5583 (ὁ)
2868 5516 2993 5567 Caet.
3027 5514 3149 5568 odit.
3169 5514 3453 5580 justitiam.
