4059 6317
662 410 668 414 ’
715 439 837 503 m

713 573 1094 658 acceptione,
1119 589 1270 637 eum
1297 570 1497 637 Filius
1541 572 1652 639 Dei
1699 575 1865 641 mira
1910 596 2028 642 sua
2082 579 2255 643 beni-

717 682 966 762 gnitate
986 682 1048 745 di
1058 685 1290 762 gnatus
1309 685 1408 745 est
1421 681 1644 746 venire
1659 682 1728 746 in
1745 683 1920 749 hunc
1938 687 2251 750 mundum

711 807 828 873 per
852 790 1062 855 carnis
1102 791 1636 874 assumptionem,
1681 798 1753 857 ut
1795 811 1986 859 ovem
2042 797 2255 878 perdi·

712 901 844 962 tam
871 902 1076 962 morte
1100 898 1356 981 propria
1380 898 1461 963 de
1486 917 1597 965 ore
1625 899 1994 967 daemonum
2023 903 2255 968 libera-

711 1009 830 1085 ret,
857 1010 921 1071 et
944 1008 1084 1088 ejus
1109 1005 1378 1071 vulnera
1403 1007 1738 1090 pigmento
1763 1011 2007 1096 proprii
2030 1030 2255 1096 corpo-

711 1111 804 1176 ris
821 1118 885 1177 et
909 1131 1020 1176 san
1028 1114 1248 1195 guinis
1268 1113 1482 1179 liniret
1505 1116 1606 1179 vel
1630 1123 1904 1182 sanaret.

792 1217 1085 1285 Secundo
1125 1219 1307 1286 Iesus
1333 1221 1572 1303 dignus
1608 1227 1704 1288 est
1742 1223 1934 1290 laude
1976 1229 2042 1290 et
2084 1245 2250 1309 prae-

711 1329 919 1405 conio,
950 1328 1102 1410 quia
1136 1346 1252 1411 per
1289 1327 1498 1411 ipsum
1527 1331 1837 1396 tribuitur
1860 1333 2255 1416 proficienti·

711 1435 834 1501 hus
859 1436 1091 1501 infusio
1104 1436 1566 1502 charismatum
1587 1439 1976 1504 divinorum.
1997 1439 2176 1506 Unde
2192 1443 2246 1505 ¹:

712 1547 799 1612 De
833 1543 1241 1626 plenitudine
1277 1545 1417 1628 eius
1454 1562 1666 1613 omnes
1705 1563 1823 1614 nos
1861 1551 2245 1631 accepimus,

710 1655 991 1736 qratiam
1013 1668 1134 1736 pro
1164 1655 1386 1736 qratia
1425 1671 1449 1718 .·
1484 1657 1641 1739 quia
1679 1654 1790 1721 lea·
1825 1672 1942 1739 per
1968 1657 2251 1740 Moysem

705 1762 875 1830 data
902 1769 1019 1843 est,
1049 1765 1267 1847 qratia
1308 1770 1519 1831 autem
1545 1770 1605 1831 et
1630 1768 1872 1834 veritas
1898 1783 2012 1849 per
2042 1768 2251 1835 Jesam

711 1869 1038 1938 Christum
1088 1873 1268 1952 facta
1308 1878 1421 1939 est.
1472 1871 1634 1951 Quia
1681 1874 1984 1938 divinitas
2023 1876 2147 1940 fuit
2183 1877 2249 1941 in

711 1978 957 2044 Christo
991 1979 1290 2060 homine,
1334 1999 1416 2045 ex
1443 1999 1573 2064 quo
1600 1988 1941 2065 conceptus
1970 1988 2089 2066 est,
2121 1984 2249 2048 im·

708 2085 908 2169 plevit
943 2086 1127 2151 illum
1146 2136 1166 2167 ,
1205 2088 1399 2152 nullis
1433 2089 1932 2180 praecedentibus
1972 2092 2242 2173 meritis,

703 2195 885 2258 omni
939 2194 1330 2277 plenitudine
1376 2196 1603 2276 gratiae
1657 2197 2007 2262 secundum
2064 2197 2247 2264 Glos-

707 2318 867 2365 sam.
893 2300 1039 2368 Ideo
1055 2301 1135 2368 de
1151 2299 1289 2384 eius
1302 2303 1709 2386 plenitudine
1724 2304 2242 2387 redundantiam,

708 2408 790 2473 ab
816 2410 955 2492 ipso
976 2411 1178 2494 capite
1213 2429 1330 2476 nos
1357 2412 1499 2493 ejus
1533 2412 1824 2476 membra
1845 2415 2242 2494 accepimus.

708 2514 867 2581 Nam
895 2519 1105 2582 omnis
1136 2518 1399 2584 dulcedo
1441 2520 1671 2601 gratiae
1701 2524 1796 2584 est
1844 2538 1960 2602 per
1998 2520 2240 2586 lesum.

709 2620 790 2687 Et
813 2631 1070 2706 propter
1088 2625 1210 2690 hoc
1238 2625 1512 2691 Ecclesia
1538 2645 1761 2691 omnes
1787 2627 2105 2692 orationes
2122 2632 2245 2692 ter·

708 2729 914 2795 minat
942 2752 959 2794 ε
989 2731 1107 2798 Per
1128 2734 1466 2801 Dominam
1490 2740 1782 2802 nostrum
1813 2735 2028 2801 ,lesum
2061 2735 2242 2802 Chri-

703 2833 902 2907 stum.
933 2839 1011 2905 Et
1031 2856 1151 2923 pro
1176 2844 1414 2924 qratia,
1445 2861 1593 2926 quae
1628 2844 1831 2925 gratis
1855 2848 1919 2909 et
1945 2845 2086 2908 sine
2116 2861 2247 2910 me·

709 2947 836 3013 rito
863 2949 1075 3030 datur,
1103 2951 1321 3032 qratia
1343 2951 1574 3030 meriti,
1602 2966 1750 3014 cum
1776 2950 1844 3013 in
1871 2951 1981 3015 illa
1997 2953 2246 3034 pronci-

711 3067 881 3117 mus.
914 3051 1090 3117 Unde
1111 3052 1363 3118 Glossa:
1400 3075 1430 3113 ι
1453 3050 1667 3116 Gratia
1683 3052 2075 3135 simpliciter,
2094 3073 2244 3138 quae

711 3181 844 3229 non
862 3166 957 3228 est
977 3182 1061 3228 ex
1081 3164 1344 3244 meritis,
1358 3164 1426 3227 in
1446 3163 1825 3247 incoeptione
1847 3163 2000 3228 boni
2017 3165 2239 3246 datur;

709 3271 819 3336 sed
846 3277 1060 3354 postea
1101 3289 1250 3335 cum
1293 3288 1409 3354 per
1448 3269 1626 3334 illam
1671 3288 2054 3353 operamur,
2085 3274 2243 3337 etin

708 3379 950 3443 bonum
977 3378 1320 3444 crescimus
1338 3426 1355 3454 ,
1381 3382 1537 3442 tunc
1561 3378 1641 3462 (a)
1673 3377 1861 3443 datur
1885 3382 2101 3463 qratia
2127 3398 2243 3464 pro

709 3487 928 3568 qratia
954 3486 1152 3568 priori
1184 3508 1199 3551 z
1231 3488 1389 3570 quia
1415 3485 1548 3565 lex,
1575 3486 1639 3550 id
1680 3490 1795 3566 est,
1823 3486 2046 3551 salutis
2072 3506 2239 3570 prae·

709 3593 1024 3658 nuntiatio
1066 3599 1129 3659 et
1165 3594 1640 3677 praeflgura1i0,
1687 3594 1823 3658 sive
1861 3595 2239 3678 promissio,

703 3701 1122 3784 pen-»Moysen
1149 3719 1407 3766 servum
1434 3700 1594 3768 data
1633 3707 1769 3784 est;
1795 3703 2013 3784 qratia
2045 3710 2109 3769 et
2140 3718 2241 3769 ve·

707 3810 900 3888 ritas,
931 3810 995 3873 id
1023 3812 1145 3884 est,
1174 3808 1397 3873 salutis
1434 3809 1797 3892 adimpletio
1819 3859 1839 3889 ‚
1879 3827 1994 3892 per
2031 3810 2243 3878 Jesum

711 3917 1033 3984 Christum
1059 3919 1241 3998 sacta
1262 3921 1374 3982 est.
1391 3937 1423 3974 ι)

787 4024 997 4091 Tertio
1022 4025 1206 4091 Jesus
1232 4031 1326 4089 est
1368 4025 1603 4107 dignus
1646 4027 1964 4109 praeconio
2011 4028 2239 4092 lauda-

705 4133 917 4212 tionis,
945 4133 1097 4216 quia
1114 4150 1229 4214 per
1257 4133 1470 4214 ipsum
1499 4133 1806 4197 tribuitur
1830 4151 2241 4215 perseveran-

705 4240 875 4304 tibus
892 4240 1351 4304 consummatio
1364 4238 1735 4303 mentalium
1748 4240 2236 4306 desideriorum.

707 4345 882 4412 Unde
910 4354 935 4389 ²
965 4369 981 4410 ε
1014 4341 1417 4414 salvatorem
1456 4353 1861 4429 expectamus
1896 4350 2239 4415 Dominum

706 4458 946 4536 Jesam,
998 4458 1114 4539 qui
1157 4456 1526 4536 reformabit
1576 4471 1803 4538 corpus
1845 4456 2239 4525 humilitatis

706 4570 942 4631 nostroe
960 4563 1422 4646 confiquratum
1442 4566 1692 4647 corpori
1714 4563 2040 4631 claritatis
2060 4581 2194 4630 suoe
2212 4586 2237 4628 .-

706 4677 770 4735 et
801 4668 926 4735 hoc
951 4672 1072 4736 erit
1096 4689 1209 4753 per
1234 4670 1800 4735 manifestationem
1817 4670 2043 4752 gloriae
2065 4670 2237 4735 Chri-

706 4777 810 4858 sti,
838 4777 904 4841 in
940 4779 1124 4860 eujus
1165 4777 1614 4843 assimilatione
1665 4782 1728 4842 et
1777 4778 2238 4844 beatificatione

706 4888 923 4954 omnia
972 4887 1282 4953 desideria
1339 4892 1554 4953 nostra
1600 4886 2107 4970 complebuntur.
2164 4886 2239 4951 In

703 4996 881 5060 nullo
901 4996 1070 5060 enim
1100 4995 1225 5060 alio
1252 4999 1514 5078 possunt
1542 4996 1814 5079 quietari
1829 4999 1892 5059 et
1910 4995 2238 5078 quiescere

703 5103 976 5170 humilia
1007 5104 1080 5187 (b)
1125 5103 1463 5184 desideria,
1497 5106 1622 5169 nisi
1663 5105 1732 5168 in
1773 5104 2022 5170 Christo
2060 5101 2233 5168 Jesu.

705 5211 866 5278 Nam
892 5212 948 5276 si
973 5213 1055 5277 ab
1099 5211 1238 5295 ipso
1276 5211 1755 5279 declinaverunt
1774 5260 1793 5291 ,
1840 5229 1971 5276 non
2021 5209 2230 5294 plena,

766 5375 786 5410 ¹
811 5356 976 5436 lom,
1002 5385 1038 5437 1,
1067 5373 1236 5424 16-17.
1263 5398 1327 5410 -
1353 5373 1372 5403 ²
1398 5372 1645 5440 Philipp..
1675 5384 1759 5437 111,
1788 5374 1956 5423 2o-21.
1986 5396 2050 5409 —
2082 5371 2104 5407 ⁸
2127 5369 2238 5436 101»,

707 5459 817 5515 xlx,
844 5450 923 5499 ει.
951 5472 1014 5486 -
1038 5447 1062 5483 ⁸
1085 5446 1221 5510 Luc„
1248 5457 1305 5510 x,
1331 5447 1491 5498 aa-si.

1806 435 2224 508 SERMONES
2265 439 2369 509 DE
2411 439 2809 514 TEMPORE.

2361 579 2495 646 imo
2552 600 2756 648 vacua
2810 587 3023 649 erunt.
3070 583 3119 650 Ο
3166 583 3369 649 Deusl
3410 590 3655 670 quanta
3690 575 3888 653 aridi-

2358 691 2489 752 tate
2514 690 2904 772 appetendus
2928 695 3022 756 est
3061 690 3276 771 Jesus,
3324 694 3512 758 unica
3559 695 3734 761 salus
3773 697 3891 761 hu-

2360 812 2570 874 mana,
2601 800 2804 861 totum
2820 797 3061 863 bonum
3086 797 3613 883 Christianorum,
3635 803 3888 886 plenum

2356 902 2670 983 gaudium
2703 904 3052 986 bonorum,
3085 906 3152 971 in
3179 925 3307 991 quo
3350 910 3767 992 corporaliter
3788 911 3892 974 ha·

2357 1008 2516 1073 bitat
2566 1009 2895 1093 plenitudo
2948 1012 3189 1078 deificas
3243 1013 3586 1098 voluptatis
3607 1063 3627 1093 ,
3667 1017 3735 1080 in
3770 1035 3890 1100 quo

2356 1116 2574 1183 anima
2601 1119 2899 1204 absorpta
2926 1121 3195 1205 proficit,
3225 1123 3442 1188 omnia
3484 1126 3629 1207 eJus
3656 1124 3891 1189 desido-

2356 1223 2454 1288 ria
2480 1231 3048 1293 consummantur!

2438 1330 2650 1399 Tertio
2686 1335 2758 1399 in
2784 1337 2984 1401 verbo
3021 1339 3342 1422 proposito
3369 1340 3890 1406 commendantur

2355 1439 2449 1503 illi
2482 1439 2739 1525 leprosi,
2769 1448 3081 1527 quantum
3109 1445 3191 1510 ad
3217 1447 3561 1511 discretum
3591 1448 3888 1514 meritum

2356 1547 2693 1629 petitionis,
2726 1552 2880 1633 quia
2905 1553 3281 1618 versabatur
3301 1559 3520 1619 eontra
3536 1556 3891 1639 subjectum

2357 1654 2634 1737 propriae
2686 1654 3079 1737 infectionis,
3121 1677 3272 1724 cum
3317 1660 3632 1725 subinfert
3663 1683 3680 1725 t
3710 1662 3891 1728 Mise-

2354 1777 2489 1828 rere
2505 1765 2737 1830 nostri.
2771 1761 3102 1832 Habebant
3126 1766 3298 1831 enim
3337 1767 3656 1850 triplicem
3687 1769 3889 1834 defec-

2354 1873 2521 1951 tum,
2549 1873 2798 1937 ratione
2825 1874 2928 1956 cuj
2938 1891 3011 1937 us
3031 1873 3299 1939 interior
3317 1878 3381 1939 et
3398 1877 3684 1941 exterior
3699 1877 3889 1942 homo

2355 1979 2754 2061 gravabatur
2783 1999 2801 2044 τ
2833 1998 2986 2045 nam
3003 1981 3212 2064 primo
3234 1981 3556 2047 habebant
3574 1984 3892 2049 calamita·

2352 2090 2484 2150 tem
2511 2087 2857 2170 corporalis
2896 2087 3212 2168 miseriae3
3259 2089 3540 2154 secundo
3575 2090 3891 2157 habebant

2352 2192 2699 2257 caecitatem
2745 2194 3181 2260 intellectualis
3220 2195 3650 2278 ignorantiae3
3710 2199 3890 2264 tertio

2352 2300 2670 2366 habebant
2689 2302 3090 2386 iniquitatem
3117 2303 3469 2369 affectualis
3487 2306 3777 2371 malitiae.
3799 2307 3890 2371 Ab

2351 2407 2472 2473 isto
2497 2411 2670 2474 enim
2696 2409 2928 2492 triplici
2947 2411 3193 2476 defectu
3216 2411 3480 2477 discrete
3506 2414 3811 2495 petebant
3827 2415 3891 2478 li·

2351 2514 2562 2580 berari
2583 2565 2602 2596 ,
2666 2534 2813 2580 cum
2877 2518 3168 2583 dicebant
3223 2537 3240 2583 t
3293 2520 3595 2587 Miserere
3656 2522 3887 2590 nostri.

2352 2621 2588 2704 Primo,
2620 2623 2885 2707 inquam
2916 2647 2931 2688 ε
2961 2627 3257 2708 Miserere
3279 2631 3512 2710 nostri,
3548 2630 3891 2695 relevando

2352 2730 2666 2795 defectum
2688 2733 3035 2816 corporalis
3063 2734 3337 2800 miseriae
3356 2753 3472 2819 per
3488 2736 3892 2802 collationem

2351 2839 2685 2903 exterioris
2701 2841 3045 2905 sanctitatis
3062 2861 3079 2919 ;
3104 2844 3380 2907 secundo
3392 2865 3409 2906 t
3422 2843 3725 2911 Miserere
3739 2861 3892 2911 nos-

2353 2947 2465 3023 tri,
2490 2946 2829 3012 relevando
2855 2947 3173 3014 defectum
3218 2950 3663 3017 intellectualis
3699 2953 3888 3035 igno-

2352 3054 2575 3118 rantiae
2601 3071 2715 3137 per
2739 3053 3227 3122 illustrationem
3261 3057 3606 3123 infallibilis
3643 3059 3889 3124 verita·

2351 3159 2466 3239 tis;
2498 3164 2685 3226 tertio
2714 3181 2732 3226 ε
2764 3163 3066 3230 Miserere
3105 3166 3314 3231 nostri
3330 3213 3349 3243 ‚
3396 3165 3744 3231 relevando
3783 3166 3890 3231 de·

2351 3269 2587 3334 fectum
2628 3270 2917 3334 affeetual
2925 3273 2977 3335 is
3002 3271 3278 3337 miseriae
3319 3291 3437 3355 per
3478 3272 3890 3339 donationem

2350 3375 2668 3441 interioris
2694 3379 3010 3444 sanitatis.

2430 3483 2647 3550 Primo
2694 3509 2710 3547 ε
2758 3487 3059 3553 Miserere
3092 3488 3304 3556 nostri
3323 3536 3346 3568 ,
3397 3488 3747 3555 relevando
3784 3489 3889 3556 de·

2350 3594 2585 3659 fectum
2613 3597 2956 3679 corporalis
2993 3597 3265 3662 miseriae
3282 3646 3301 3677 ,
3344 3598 3678 3664 collatione
3711 3604 3888 3664 exte·

2349 3700 2538 3766 rioris
2565 3703 2866 3767 sanitatis.
2898 3703 3080 3769 Hunc
3107 3703 3403 3770 effectum
3439 3705 3509 3768 in
3539 3724 3608 3770 se
3636 3707 3893 3789 petebat

2347 3808 2466 3875 Job
2487 3810 2756 3875 relevari
2783 3812 2865 3876 ab
2892 3812 3152 3893 amicis,
3184 3831 3334 3877 cum
3361 3812 3579 3879 dolore
3604 3815 3698 3880 eis
3728 3816 3893 3880 cala-

2351 3918 2636 3983 mitatem
2690 3919 2995 3984 inflictam
3063 3921 3438 4004 exponendo
3457 3970 3475 3999 ,
3533 3924 3893 3988 seeundum

2348 4027 2518 4110 quod
2544 4026 2779 4091 dicitur
2803 4027 2861 4091 ⁸:
2892 4027 3299 4095 Miseremini
3324 4030 3473 4109 mei,
3492 4033 3894 4097 miseremini

2347 4136 2497 4213 mei,
2520 4133 2747 4201 saltem
2774 4150 2885 4202 vos
2907 4136 3107 4201 amici
3140 4137 3289 4217 mei,
3315 4138 3475 4219 quia
3506 4154 3742 4205 manus
3773 4140 3891 4206 Do-

2347 4242 2516 4307 mini
2554 4243 2768 4324 tetiqit
2811 4259 2932 4308 me.
2981 4242 3140 4307 Dicit
3187 4245 3359 4308 enim
3409 4244 3512 4309 bis
3559 4267 3576 4309 :
3628 4245 3890 4312 Misere·

2348 4349 2539 4426 mini,
2577 4350 2970 4416 miseremini
2990 4398 3009 4429 ,
3039 4356 3112 4414 ut
3136 4352 3419 4416 ostendat
3445 4352 3614 4434 quod
3648 4353 3891 4418 miseri-

2347 4458 2561 4523 cordia
2597 4457 2785 4522 debet
2832 4476 2969 4522 esse
3011 4458 3079 4521 in
3125 4457 3355 4524 affectu
3392 4458 3698 4539 interius,
3728 4460 3886 4525 etin

2347 4563 2571 4629 effectu
2616 4564 2920 4629 exterius.
2969 4564 3093 4629 Sed
3146 4566 3255 4629 uhi
3309 4565 3615 4631 deficiunt
3658 4586 3884 4632 omnes

2346 4671 2537 4736 amici
2565 4672 2691 4735 mei
2717 4671 2982 4736 humani
3004 4720 3027 4752 ,
3058 4691 3190 4736 non
3232 4673 3440 4738 deficit
3470 4691 3667 4738 verus
3714 4675 3884 4738 ami-

2347 4797 2460 4843 cus
2488 4779 2792 4860 Christus,
2822 4780 3173 4844 secundum
3201 4781 3372 4863 quod
3406 4785 3578 4864 patet
3607 4782 3677 4844 in
3704 4799 3885 4865 para-

2345 4886 2493 4951 bola
2516 4887 2775 4951 ulcerati
2803 4888 2825 4925 ⁴
2855 4910 2872 4953 z
2904 4889 3368 4956 Samaritanus
3403 4894 3614 4956 autem
3631 4890 3758 4955 iter
3786 4889 3881 4970 ra·

2345 4993 2545 5068 ciens,
2591 4991 3040 5058 misericordia
3082 5000 3325 5072 motus,
3377 5001 3437 5060 et
3482 4997 3880 5076 appropians

2346 5099 2646 5182 aliiqavit
2672 5099 2940 5165 vulnera
2964 5099 3125 5182 ejus.
3168 5099 3289 5177 Qui
3320 5107 3528 5167 custos
3558 5100 3878 5185 interprea

2346 5212 2554 5287 tatur3
2585 5207 2719 5290 qui,
2751 5211 3054 5290 tanquam
3082 5225 3274 5272 verus
3299 5207 3604 5287 medicus,
3632 5225 3879 5272 conser-

2346 5319 2455 5382 vat
2481 5319 2540 5380 et
2569 5316 2841 5380 custodit
2865 5314 3110 5378 animas
3137 5318 3200 5379 et
3224 5333 3490 5399 corpora
3506 5316 3577 5381 in
3603 5315 3877 5399 perfecta

2410 5439 2479 5506 (a)
2508 5439 2634 5491 Θαΐ.
2660 5438 2782 5490 edit.
2808 5442 3049 5502 tuncque.
3078 5464 3143 5477 -
3169 5437 3236 5502 (ὁ)
3266 5439 3380 5504 Len.
3408 5439 3651 5493 humun-
