4059 6317
893 427 1275 519 DOMINJCA
1313 425 1422 493 XX
1461 423 1661 493 POST
1700 410 2293 493 PENTECOSTEN.
2333 422 2597 492 SERMO
2640 421 2747 489 111.

212 568 335 632 hoc
360 566 593 632 dicitur
620 569 686 631 ¹:
728 588 761 627 α
804 564 945 650 lpse
987 564 1294 632 Dominus
1335 564 1643 647 injussu,
1691 564 1755 626 et

211 674 283 737 in
333 692 489 739 voce
534 673 961 756 Archangeli,
1009 673 1076 737 in
1129 671 1288 738 tuba
1309 669 1438 735 <Dei
1494 670 1757 735 deseen-

210 782 317 847 det
362 782 444 862 (a)
484 781 562 847 de
601 782 761 847 coelo
779 831 799 862 ,
847 784 911 846 et
941 778 1202 861 mortui,
1247 779 1357 863 qui
1400 777 1471 840 in
1509 776 1754 842 Christo

209 893 388 968 sunt,
419 894 765 970 resurgent
801 888 1012 971 primi.
1055 910 1086 948 n
1124 886 1350 952 Jussus
1389 888 1455 950 et
1483 901 1611 950 vox
1639 882 1755 947 Ar-

207 993 528 1074 changeli,
550 996 616 1057 et
642 992 798 1058 tuba
823 991 955 1071 Dei,
998 990 1164 1056 nihil
1201 989 1375 1055 aliud
1417 993 1514 1054 est
1555 1007 1753 1071 quam

207 1118 342 1165 vox
368 1098 509 1164 Filii
544 1098 677 1177 Dei,
721 1099 1072 1164 secundum
1121 1097 1505 1179 Magistrum
1532 1095 1585 1174 ’3
1642 1095 1751 1161 sed

207 1225 383 1272 nunc
411 1208 669 1290 jussuS,
718 1224 893 1271 nunc
943 1223 1070 1271 vox
1111 1203 1537 1285 Archangeli,
1581 1220 1754 1267 nunc

205 1313 366 1379 tuba
391 1313 523 1394 Dei,
560 1316 826 1380 vocatur
870 1331 1001 1378 vox
1038 1311 1302 1392 Christi,
1343 1314 1601 1395 propter
1653 1309 1749 1373 di·-

204 1439 429 1488 versas
484 1420 899 1504 proprietates
933 1467 952 1496 ,
1016 1436 1167 1502 quae
1221 1419 1292 1483 in
1358 1418 1494 1482 istis
1542 1416 1753 1482 tribus

204 1523 536 1590 vocabulis
559 1525 990 1608 reperiuntur.
1031 1524 1195 1590 Nam
1238 1542 1367 1590 vox
1407 1523 1636 1609 Christi
1683 1522 1753 1587 in

205 1632 309 1696 die
327 1632 556 1713 ,iudicii
582 1633 706 1698 erit
730 1639 790 1698 1.
821 1632 1110 1698 virtuosa
1145 1635 1482 1716 potestate3
1522 1636 1586 1695 et
1610 1630 1754 1694 ideo

206 1741 444 1805 dicitur
467 1740 720 1820 Iussus,
750 1741 936 1825 quasi
961 1744 1352 1824 praeceptum
1380 1757 1399 1803 ι
1423 1739 1586 1804 dicet
1609 1737 1750 1816 tibi,

207 1853 271 1913 et
295 1848 856 1913 incontinentifiet.
877 1854 939 1913 2.
956 1848 1337 1913 Antheutica
1352 1847 1750 1926 auctoritate,

208 1959 272 2019 et
299 1955 442 2020 ideo
469 1956 702 2021 dicitur
727 1972 858 2024 vox
899 1954 1304 2039 Archanqeli,
1339 1956 1402 2020 id
1431 1957 1547 2035 est,
1577 1954 1753 2039 prin-

210 2062 388 2145 cipis.
429 2067 490 2127 3.
531 2062 665 2127 Erit
702 2063 1124 2128 nihilominus
1158 2081 1461 2128 sonorosa
1485 2061 1754 2128 horribi-

208 2170 405 2251 litate,
436 2175 500 2235 et
523 2170 666 2235 ideo
706 2172 858 2237 tuba
900 2171 1021 2237 Dei
1067 2176 1497 2255 nuncupatur.
1543 2169 1621 2235 Et
1663 2171 1754 2235 sic

208 2276 367 2342 illud
397 2277 734 2361 multiplici
761 2278 1074 2343 vocabulo
1100 2278 1508 2360 exprimitur,
1538 2278 1619 2342 ad
1652 2277 1749 2340 in-

211 2384 599 2451 sinuandum
627 2385 799 2450 illius
823 2385 997 2451 vocis
1026 2385 1446 2468 multiplicem
1469 2385 1752 2469 proprie·

209 2495 407 2557 tatem
435 2497 499 2558 et
521 2491 925 2575 dignitatem.
952 2492 1307 2575 RogemuS,
1330 2496 1448 2557 etc.

721 2670 1016 2741 SERMO
1069 2672 1160 2740 111
1188 2674 1234 2739 ¹.

286 2814 467 2883 Hora
482 2817 758 2899 septima
773 2816 1035 2900 reliquit
1053 2833 1192 2883 eum
1207 2815 1406 2897 febris
1422 2819 1466 2879 ⁸.
1495 2813 1750 2879 Utinam

208 2923 403 2988 febris
450 2924 861 2989 aestuantium
904 2924 1210 2989 vitiorum
1259 2922 1647 3007 relinqueret
1689 2925 1752 2986 te

209 3030 522 3096 miserum
561 3037 956 3115 peccatorem
973 3078 995 3111 ,
1046 3031 1269 3097 saltem
1320 3031 1599 3110 decima,
1647 3029 1753 3095 vel

210 3138 549 3203 undecima
574 3140 757 3219 hora,
789 3143 862 3204 ut
886 3158 1000 3223 per
1026 3139 1231 3224 ipsam
1248 3157 1381 3203 non
1394 3138 1751 3202 incurreres

211 3249 486 3310 mortem
543 3248 889 3311 aeternam!
944 3246 1480 3313 Considerandum
1534 3249 1749 3311 autem

212 3352 381 3435 quod
405 3356 503 3417 est
518 3352 679 3418 hora
700 3353 1131 3418 conversionis
1157 3358 1585 3437 peccatorum,
1605 3373 1753 3438 ope-

210 3459 474 3525 rationis
493 3460 959 3539 mandatorum,
980 3460 1290 3544 passionis
1307 3461 1749 3542 adversorum,

211 3566 567 3633 devotionis
594 3567 1080 3634 desideriorum.

288 3674 376 3739 De
401 3674 614 3758 prima
639 3676 661 3711 ⁸
691 3695 710 3740 :
741 3698 772 3738 α
798 3675 971 3742 Hora
997 3681 1090 3741 est
1118 3695 1237 3742 nos
1250 3678 1389 3759 jam
1417 3677 1498 3742 de
1524 3693 1751 3741 somno

211 3799 506 3864 surgere,
527 3805 558 3843 υ
596 3782 832 3848 scilicet
868 3784 948 3849 de
974 3801 1202 3848 somno
1240 3784 1513 3868 torporis
1539 3788 1606 3847 et
1636 3801 1754 3848 ne-

213 3887 548 3971 gligentiae
595 3908 889 3973 surgere.
936 3889 1213 3955 Somnus
1266 3890 1386 3955 iste
1429 3891 1753 3972 significat

212 4001 483 4062 mortem
516 3997 750 4062 animae
775 3998 797 4034 ⁸
830 4019 846 4062 ε
886 4021 917 4059 α
956 3996 1191 4079 Surge,
1239 3998 1353 4080 qui
1382 3997 1642 4078 dormis,
1688 4000 1752 4062 et

213 4120 463 4186 exurge
488 4105 832 4181 amortuis,
857 4126 889 4165 n
917 4110 1035 4169 etc.
1065 4104 1288 4169 Nonne
1303 4105 1513 4187 potius
1538 4104 1751 4170 viden·

214 4214 320 4274 tur
367 4213 627 4292 mortui,
679 4230 876 4296 quam
928 4211 1314 4277 dormientes
1330 4260 1353 4292 ,
1405 4212 1521 4296 qui
1574 4211 1753 4276 nullo

215 4319 480 4402 strepitu
506 4319 586 4383 ad
629 4320 876 4384 bonum
917 4323 1185 4402 possunt
1226 4320 1532 4385 excitari?
1574 4318 1753 4384 Unde

213 4422 290 4488 de
332 4425 444 4490 illo
485 4426 682 4491 verbo
727 4427 750 4463 ⁷
785 4447 802 4491 ε
848 4425 1003 4493 Dies
1048 4426 1202 4509 illa„
1236 4425 1374 4493 dies
1413 4428 1555 4505 iroe,
1601 4429 1749 4506 etc„

214 4531 588 4598 Ambrosius
616 4534 708 4598 sic
738 4534 827 4598 ait
848 4533 871 4568 ⁸
901 4553 918 4599 ε
959 4557 991 4597 α
1036 4534 1156 4612 Qui
1183 4552 1315 4599 non
1355 4534 1745 4618 expergisci-

216 4640 341 4718 tur,
372 4640 484 4724 qui
518 4658 650 4705 non
693 4641 910 4705 tremit
946 4642 1028 4707 ad
1067 4645 1319 4707 tantum
1367 4644 1747 4722 tonitruum,

215 4762 343 4811 non
369 4748 625 4830 dormit,
663 4748 772 4813 sed
818 4752 1110 4813 mortuus
1153 4753 1271 4813 est.
1313 4769 1345 4808 ιι
1381 4747 1502 4813 Iste
1529 4748 1752 4814 infelix

217 4873 505 4936 somnus,
548 4874 664 4941 per
703 4856 931 4921 vinum
979 4859 1247 4920 terrenae
1288 4854 1747 4936 delectationis,

217 4961 450 5028 divinae
496 4963 1007 5028 comminationis
1028 5011 1047 5042 ,
1096 4981 1228 5028 non
1272 4963 1544 5029 advertit
1582 4963 1752 5029 toni-

278 5126 297 5161 ί
327 5126 344 5175 1
375 5124 556 5188 Thess„
599 5138 670 5189 iv,
705 5128 784 5178 15.
820 5150 882 5163 -
918 5124 938 5155 ²
979 5126 1043 5177 lv
1084 5124 1244 5188 Seni„
1283 5124 1400 5176 dist.
1437 5136 1588 5177 xun.
1632 5125 1750 5176 vid.

217 5193 325 5260 huj.
354 5196 498 5257 edit„
524 5202 652 5249 tom.
689 5198 785 5257 vl,
825 5208 944 5261 pag.
972 5198 1081 5246 116.
1109 5222 1172 5234 -
1203 5196 1226 5230 ⁸
1253 5197 1402 5247 Hunc
1431 5202 1483 5247 et
1510 5202 1613 5247 tres
1638 5209 1747 5260 seq.

218 5262 371 5317 habet
395 5281 599 5333 quoque
622 5266 744 5320 edit.
769 5267 926 5318 Paris.
956 5280 1041 5318 an.
1073 5270 1213 5318 1521.
1238 5293 1298 5304 -
1326 5267 1350 5303 ⁸
1373 5268 1540 5328 loon..
1568 5279 1643 5331 xv,
1670 5271 1750 5319 52.

220 5358 282 5373 ··-
308 5336 326 5366 ⁸
351 5337 507 5403 Romu,
535 5352 662 5403 xm,
693 5345 770 5391 11.
797 5364 861 5377 -
891 5339 913 5369 ⁸
947 5338 1153 5402 Ephee„
1182 5350 1234 5401 v,
1265 5342 1342 5390 11.
1365 5364 1429 5377 -
1452 5339 1475 5374 ‘¹
1509 5339 1681 5404 Septi„
1712 5351 1750 5403 1,

225 5407 300 5457 15.
326 5433 379 5444 —
421 5408 445 5445 ⁸
470 5411 705 5463 Ambros.
742 5438 805 5450 —
839 5414 859 5444 ⁹
897 5410 1041 5473 Gen„
1069 5422 1154 5474 ιι,
1188 5414 1266 5460 21.
1293 5437 1358 5448 -
1399 5413 1439 5447 ¹⁸
1466 5411 1668 5476 Ephes„
1701 5422 1750 5474 v,

3292 426 3413 488 463

1866 563 2115 644 truum,
2142 566 2207 628 et
2239 581 2352 646 per
2398 561 2612 645 ipsum
2656 562 2835 625 veste
2858 557 3048 622 bonae
3075 555 3226 623 vitae
3261 555 3413 622 dor-

1865 669 2074 733 miens
2101 669 2494 748 denudatur;
2534 667 2699 732 sieut
2738 664 3179 747 significatum
3223 665 3414 730 estin

1864 775 1996 842 Noe
2016 782 2060 856 ⁹,
2093 778 2206 861 qui
2240 801 2270 837 α
2292 778 2444 841 vino
2462 775 2835 852 inebriatuS,
2859 772 3181 837 dormiens
3207 772 3414 837 denu-

1864 884 2053 949 datus
2080 888 2198 949 est.
2228 906 2258 944 n
2298 883 2387 948 De
2415 884 2538 948 hoc
2576 882 2729 947 vino
2755 878 2986 946 dicitur
3013 880 3059 916 ¹⁰
3091 900 3107 943 ε
3147 902 3180 942 α
3206 877 3414 945 Nolite
3519 871 3530 883 '

1864 989 2168 1054 inebriari
2189 991 2359 1071 vino,
2395 991 2461 1055 in
2503 1006 2633 1073 quo
2658 992 2754 1053 est
2778 987 3060 1052 luxuria.
3089 1008 3122 1048 n
3156 986 3267 1052 Vae
3295 987 3411 1068 eis,

1863 1097 1980 1181 qui
2008 1103 2182 1163 veste
2219 1099 2405 1162 bonae
2441 1097 2589 1163 vitae
2623 1095 2947 1161 nudantur
2974 1095 3014 1130 ¹¹
3050 1116 3066 1158 ε
3111 1117 3143 1154 α
3168 1092 3410 1175 Amice,

1862 1203 2185 1288 quomodo
2211 1205 2342 1270 huc
2372 1203 2643 1283 intrasti,
2673 1226 2706 1263 ι)
2744 1207 2860 1268 etc.

1944 1311 2033 1377 De
2071 1313 2351 1378 secunda
2386 1312 2428 1349 ¹¹
2478 1335 2492 1376 :
2542 1335 2574 1373 α
2618 1311 2934 1393 Egressus
2978 1311 3141 1376 circa
3182 1311 3414 1375 horam

1864 1419 2140 1497 tertiam,
2170 1419 2329 1485 vidit
2356 1410 2514 1484 alios
2542 1423 2780 1484 stantes
2802 1420 2871 1483 in
2911 1419 3049 1484 foro
3085 1418 3342 1498 otiosos,
3370 1439 3402 1478 ι)

1863 1529 1983 1589 etc.
2010 1524 2083 1590 In
2108 1526 2231 1591 hac
2254 1525 2556 1611 parabola
2598 1526 2678 1592 de
2720 1528 2930 1606 vinea,
2971 1529 3135 1591 sicut
3179 1526 3414 1591 dicitur

1863 1633 1942 1698 de
1967 1633 2147 1699 horis
2172 1633 2599 1717 operantium,
2630 1633 2924 1699 videlicet
2965 1635 3046 1700 de
3072 1634 3305 1719 prima,
3335 1633 3414 1700 de

1865 1740 2074 1818 tertia,
2102 1741 2181 1806 de
2203 1746 2404 1821 sexta,
2434 1741 2511 1806 de
2554 1759 2746 1819 nona,
2776 1741 3138 1820 undecima,
3169 1741 3242 1805 in
3269 1742 3413 1825 qui-
3450 1815 3458 1825 ‚

1864 1847 1987 1913 hus
2014 1853 2232 1913 aetates
2273 1847 2579 1914 humanae
2608 1849 2761 1912 vitae
2788 1848 3161 1929 figurantur
3185 1865 3414 1912 secun-

1863 1953 2020 2019 dum
2066 1954 2448 2037 Gregorium
2478 1958 2548 2034 ¹⁸,
2575 1955 2869 2021 videlicet
2910 1956 3207 2039 pueritia,
3256 1956 3410 2021 ado·

1862 2060 2183 2141 lescentia,
2232 2062 2440 2127 virilis
2487 2067 2643 2127 aetas
2656 2111 2674 2143 ,
2723 2067 3012 2128 senectus
3029 2111 3047 2143 ,
3095 2063 3415 2146 decrepita

1863 2174 2020 2234 aetas
2065 2192 2080 2234 ε
2125 2169 2192 2233 in
2249 2170 2482 2254 quihus
2538 2169 2717 2235 horis
2769 2170 3069 2235 omnibus
3122 2168 3412 2235 Christus

1861 2280 2123 2360 paratus
2176 2279 2273 2340 est
2326 2276 2608 2360 recipere
2664 2276 2986 2360 operarios
3039 2278 3107 2341 in
3151 2278 3411 2349 vineam

1862 2384 2156 2449 Ecclesiae
2193 2434 2218 2464 ,
2276 2384 2382 2450 vel
2433 2385 2506 2449 in
2578 2384 2834 2451 vineam
2887 2385 3251 2468 religioniS,
3307 2385 3410 2452 vel

1860 2491 1930 2556 in
1985 2492 2242 2558 vineam
2285 2492 2522 2576 proprii
2585 2493 2793 2558 cordis
2810 2540 2832 2573 ,
2891 2496 2966 2559 ut
3015 2492 3104 2558 ibi
3171 2497 3412 2559 crescat

1860 2598 2091 2664 vinum
2152 2600 2690 2683 compunctionis,
2757 2605 2820 2664 et
2886 2599 3276 2679 devotionis,
3347 2605 3412 2665 et

1863 2708 2095 2790 gratiae
2157 2708 2434 2792 Spiritus
2491 2709 2716 2774 sancti.
2774 2709 2818 2745 ¹⁸
2883 2733 2914 2771 α
2963 2708 3173 2775 Musto
3238 2707 3410 2792 pleni

1860 2821 2034 2881 sunt.
2077 2837 2108 2875 υ
2143 2815 2332 2881 Horae
2370 2834 2530 2898 ergo
2560 2816 2864 2900 operandi
2899 2834 3030 2881 non
3076 2820 3172 2894 te,
3213 2815 3408 2882 miser

1861 2924 2078 3003 homo,
2112 2928 2459 2989 transeant.
2490 2922 2762 2990 Attende
2787 2924 3155 3005 denarium3
3193 2928 3400 2990 atten-

1861 3031 1939 3096 de
1965 3032 2411 3096 fidelissimum
2438 3032 2647 3116 operis
2682 3032 2776 3097 tui
2815 3036 3400 3114 remuneratorem;

1860 3141 2116 3205 attende
2145 3140 2618 3205 strictissimum
2649 3140 2961 3205 horarum
2991 3142 3402 3221 monitorem,

1860 3266 2131 3331 operum
2197 3247 2489 3312 omnium
2555 3250 2817 3311 tuorum
2876 3251 3401 3330 computatorem.

1861 3354 2224 3421 Bernardus
2250 3354 2296 3391 ¹⁸
2326 3372 2345 3419 ε
2383 3378 2414 3416 c
2441 3353 2624 3434 Sede,
2661 3358 2963 3438 computa
2995 3353 3150 3439 quid
3185 3354 3409 3420 diebus

1862 3461 2142 3545 singulis
2196 3461 2410 3529 valeas
2457 3460 2793 3546 acquirere
2810 3510 2829 3541 ,
2883 3465 3093 3526 certus
3147 3461 3407 3544 quidem

1863 3573 2034 3655 apud
2061 3571 2266 3636 Deum
2294 3569 2549 3634 nullum
2574 3569 2819 3635 honum
2838 3568 3403 3649 irremuneratum,

1860 3681 1945 3759 et,
1973 3678 2133 3744 sicut
2159 3695 2277 3741 nec
2300 3674 2600 3759 capillum
2630 3676 2708 3740 de
2737 3676 2961 3760 capite,
2989 3676 3079 3741 sic
3101 3695 3234 3742 non
3262 3695 3407 3742 mo-

1860 3791 2156 3851 mentum
2181 3786 2261 3851 de
2300 3788 2588 3868 tempore
2617 3784 2998 3866 periturum.
3027 3805 3058 3843 ι»

1941 3892 2027 3958 De
2057 3894 2244 3959 tertia
2267 3893 2312 3929 ¹⁸
2341 3915 2357 3957 ε
2389 3891 2620 3958 «Venit
2644 3891 2825 3971 hora,
2855 3897 2928 3957 ut
2952 3892 3027 3974 (b)
3042 3891 3273 3972 omnis,
3296 3892 3408 3976 qui

1860 4001 2157 4066 interficit
2186 4019 2322 4077 vos,
2347 4022 2379 4061 n
2412 4004 2533 4065 etc.
2565 3999 2639 4063 ln
2666 3998 2787 4063 hac
2812 3997 2974 4064 hora
3000 3998 3195 4066 homo
3220 4000 3409 4065 debet

1858 4126 1998 4172 esse
2027 4109 2275 4191 patiens
2302 4110 2367 4172 et
2400 4111 2731 4187 constans,
2759 4106 2921 4171 sicut
2945 4107 3284 4190 Apostolus
3312 4111 3353 4149 ¹¹
3386 4126 3405 4171 :

1869 4237 1900 4277 α
1928 4214 2143 4297 Usque
2170 4215 2238 4279 in
2263 4215 2429 4279 hanc
2464 4214 2694 4278 horam
2721 4218 2788 4278 et
2819 4213 3107 4295 sitimuS,
3146 4220 3209 4279 et
3252 4216 3407 4280 nudi

1860 4339 2110 4400 sumus,
2142 4325 2207 4386 et
2232 4319 2515 4403 colaphis
2550 4320 2883 4400 caedimur,
2913 4342 2945 4380 »
2982 4325 3102 4385 etc.
3132 4320 3273 4387 Non
3303 4341 3408 4387 so-

1856 4431 1995 4495 lum
2020 4433 2236 4494 autem
2262 4428 2343 4493 ab
2372 4427 2666 4509 homine,
2711 4428 2822 4497 sed
2865 4447 2906 4492 a
2944 4427 3196 4493 diabolo
3238 4428 3403 4494 cola·

1859 4536 2198 4619 phizantur
2215 4535 2379 4619 justi
2403 4537 2449 4577 ¹⁸
2484 4557 2500 4601 z
2535 4560 2565 4595 α
2589 4536 2781 4601 Datus
2804 4541 2897 4601 est
2924 4536 3081 4601 mihi
3108 4536 3407 4601 stimulus

1859 4642 2107 4723 carniS,
2155 4644 2270 4726 qui
2311 4661 2416 4708 me
2464 4643 2832 4726 colaphizet,
2879 4665 2910 4703 n
2954 4646 3074 4709 etc.
3127 4642 3201 4707 ln
3248 4644 3409 4707 hora

1858 4752 2290 4818 tribulationis
2303 4770 2557 4838 semper
2571 4753 3019 4836 opponendum
3037 4758 3133 4819 est
3151 4758 3407 4818 scutum

1859 4860 2164 4924 orationis
2180 4909 2196 4940 ,
2238 4859 2532 4943 exemplo
2571 4859 2801 4925 Christi
2832 4863 2878 4902 ¹¹
2909 4881 2924 4925 ε
2967 4881 2999 4921 α
3027 4858 3288 4939 Orabat,
3337 4863 3410 4925 ut

1859 4966 1913 5029 si
1940 4965 2083 5029 fleri
2100 4971 2343 5047 posset,
2390 4967 2693 5032 transiret
2719 4968 2800 5032 ab
2833 4985 2910 5032 eo
2935 4965 3119 5032 hora.
3149 4989 3181 5028 n
3221 4966 3404 5032 Sem·

1862 5111 1939 5160 18.
1985 5135 2047 5146 -
2094 5109 2133 5143 ¹¹
2181 5107 2390 5171 Manli„
2437 5121 2578 5173 ιλιι,
2625 5110 2702 5159 12.
2740 5133 2802 5147 -
2844 5110 2886 5144 ¹⁸
2929 5108 3080 5174 ibid„
3124 5122 3225 5173 xx,
3264 5112 3312 5161 3.
3344 5135 3408 5149 -

1859 5180 1902 5215 ¹⁸
1926 5181 2104 5245 Greg„
2131 5178 2277 5230 hom.
2304 5193 2413 5244 xlx,
2434 5194 2489 5231 n.
2519 5185 2568 5230 2.
2588 5205 2650 5217 -
2683 5180 2721 5216 '⁸
2745 5182 2880 5242 Act„
2909 5193 2969 5245 u,
2999 5185 3154 5232 13.-
3181 5183 3225 5217 ¹⁸
3252 5183 3403 5233 Bern.

1857 5278 1921 5291 —
1947 5253 1992 5287 ⁸⁸
2016 5253 2183 5315 Joan„
2212 5264 2330 5316 xv1,
2359 5255 2409 5302 2.
2435 5278 2499 5291 -
2524 5253 2564 5288 ¹⁷
2594 5255 2611 5302 t
2642 5253 2785 5316 Con,
2814 5263 2888 5318 nr,
2926 5259 3001 5305 11.
3030 5279 3093 5291 -
3122 5253 3161 5290 ¹⁸
3189 5255 3233 5306 11
3264 5254 3403 5319 Gor„

1858 5335 1955 5387 xu,
1983 5326 2030 5373 7.
2062 5349 2125 5360 —
2153 5324 2194 5360 ¹⁸
2224 5324 2404 5384 Marc„
2439 5335 2546 5387 x1v,
2576 5326 2659 5375 35.

1924 5411 1993 5478 (a)
2021 5414 2145 5465 Coet.
2178 5412 2300 5463 edit.
2330 5412 2614 5465 descendit.
2644 5439 2705 5453 -
2737 5413 2807 5480 (ὁ)
2837 5414 2958 5465 Item
2986 5416 3144 5481 quod.
