4059 6317
822 455 906 523 IN
943 457 1368 525 GATHEDRA
1407 459 1474 525 S.
1521 457 1757 525 PETRI
1799 455 2523 553 APOSTOL1.,SERMO
2566 458 2648 524 11.

3207 467 3328 531 533

131 596 307 667 nosti,
351 595 466 656 scis
505 595 649 671 quia
692 609 832 655 amo
876 597 953 654 te.
977 614 1007 651 ι
1059 597 1261 653 Petrus
1303 594 1464 654 enim
1508 597 1671 654 tanto
1779 592 1937 652 nitur
1972 596 2208 653 sanctus
2244 593 2325 654 ita
2363 594 2445 654 ad
2480 594 2771 654 miracula
2795 594 3069 657 facienda
3093 602 3325 672 potens,

129 706 334 751 amore
359 689 424 748 in
449 689 741 750 Christum
763 689 1034 759 ardebat,
1062 693 1120 748 et
1144 688 1317 763 quasi
1353 689 1428 747 de
1465 684 1668 747 amore

128 784 329 843 ebrius
351 783 480 843 fuit.
508 788 654 844 Nam
691 783 819 858 ipse
858 784 1021 843 solus
1050 799 1204 859 saepe
1239 799 1350 858 pro
1389 783 1668 842 omnibus

124 877 546 952 respondebat,
571 893 684 936 nec
709 877 1057 954 expectabat
1080 878 1250 953 quod
1274 877 1426 935 alius
1452 876 1665 952 loque·

124 976 304 1031 retur.
357 975 485 1047 Ipse
548 971 710 1031 solus
728 1013 749 1043 ,
802 987 942 1029 cum
1006 970 1290 1029 Dominus
1354 971 1574 1030 diceret
1597 972 1616 1006 ¹
1645 988 1662 1028 ι

128 1089 159 1123 ι
175 1070 323 1127 Ecce
350 1065 725 1124 ascendimus
760 1063 1257 1138 Hierosolymam,
1294 1067 1354 1123 et
1376 1063 1535 1123 filius
1559 1065 1666 1124 ho-

122 1160 298 1220 minis
324 1159 590 1218 tradetur
612 1158 981 1234 principibus
1006 1156 1404 1231 sacerdotum,
1432 1162 1491 1217 et
1515 1174 1661 1216 con-

122 1253 495 1315 demnabunt
541 1269 680 1312 eum
720 1252 808 1310 ibi
859 1255 1048 1311 morte
1059 1271 1079 1324 3
1110 1270 1140 1307 ι
1176 1254 1234 1310 et
1277 1251 1427 1309 dixit
1468 1252 1521 1311 ei
1571 1254 1594 1287 ²
1643 1269 1658 1309 t

124 1370 152 1406 ιι
173 1349 342 1409 Absit
364 1365 403 1408 a
426 1352 505 1423 te,
524 1348 792 1420 Domine,
807 1368 837 1402 ι
863 1364 989 1406 ιιοιι
1014 1347 1192 1421 istud,
1212 1351 1278 1405 ut.
1294 1348 1512 1406 scilicet
1535 1364 1663 1405 mo-

116 1443 288 1504 riaris
318 1462 334 1501 :
364 1447 424 1502 et
467 1443 612 1518 quia
655 1443 721 1501 in
762 1443 962 1501 furore
1003 1442 1256 1501 modum
1313 1441 1658 1515 excedebat,

116 1538 256 1597 ideo
302 1553 340 1597 a
379 1537 632 1596 Domino
677 1536 1032 1610 redargutus
1077 1539 1181 1594 est.
1223 1539 1369 1595 Item
1415 1538 1662 1610 propter

115 1632 314 1708 ipsum
340 1631 558 1703 solum,
578 1629 720 1689 dicit
745 1630 1101 1703 Augustinus
1119 1632 1165 1700 ⁸,
1184 1629 1350 1704 quod
1377 1629 1660 1687 Dominus

113 1726 265 1786 bora
289 1741 473 1785 coenae
496 1724 760 1784 indicere
786 1722 979 1782 noluit
994 1723 1384 1798 proditorem,
1408 1721 1574 1798 quia,
1593 1726 1661 1780 ut

115 1823 240 1899 ipse
266 1823 370 1895 ait,
399 1842 430 1877 α
448 1821 645 1880 statim
677 1823 878 1882 Petrus
915 1820 1277 1893 surrexisset,
1307 1823 1364 1879 et
1389 1835 1530 1879 eum
1554 1835 1657 1877 co·

112 1932 242 1976 ram
269 1915 552 1975 omnibus
578 1915 937 1975 trueidasset.
958 1935 989 1972 ι
1013 1914 1177 1974 Unde
1197 1914 1374 1973 valde
1402 1913 1656 1986 diligen-

112 2015 200 2069 ter
263 2009 608 2085 procuravit
637 2012 661 2047 t
703 2009 888 2082 scire,
934 2008 1068 2084 quis
1117 2011 1288 2067 esset.
1333 2010 1475 2066 Item
1527 2007 1654 2082 ipse

112 2104 300 2175 solus,
347 2104 414 2162 in
459 2103 613 2162 hora
662 2102 977 2177 passionis,
1024 2101 1227 2175 gladio
1272 2100 1581 2175 evaginato
1606 2102 1650 2173 ⁸,

116 2199 432 2259 Dominum
492 2197 776 2258 defendit.
835 2201 978 2257 Item
1039 2198 1167 2272 ipse
1230 2197 1394 2255 solus
1412 2241 1431 2264 ‚
1503 2196 1652 2255 dum

113 2293 337 2353 audivit
388 2309 427 2351 a
478 2295 699 2352 Ioanne
735 2294 758 2329 ⁸
813 2311 830 2351 z
900 2311 932 2348 et
951 2291 1232 2353 Dominus
1272 2295 1391 2363 est,
1452 2291 1652 2364 posuit

110 2404 169 2446 se
195 2387 260 2446 in
284 2402 452 2445 mare
482 2405 497 2445 z
528 2402 736 2445 omnes
770 2385 873 2445 alii
909 2385 1149 2458 navigio
1190 2387 1498 2443 venerunt.
1529 2405 1556 2437 »
1585 2386 1652 2443 Et

107 2485 248 2554 puto
284 2481 482 2555 quod,
508 2480 651 2555 quia
694 2479 948 2539 nimium
988 2479 1209 2550 audax,
1257 2494 1396 2537 eum
1435 2477 1649 2537 cadere

105 2574 368 2649 permisit
393 2577 567 2646 Deus,
594 2577 662 2632 ut
686 2573 933 2633 disceret
951 2589 1075 2632 non
1092 2574 1168 2630 de
1187 2588 1274 2645 se,
1297 2573 1405 2631 sed
1423 2573 1498 2631 de
1525 2574 1646 2631 Deo

104 2667 230 2726 solo
257 2683 518 2743 sperare.
548 2667 664 2726 Sed
702 2667 836 2743 quis
869 2667 1051 2726 hodie
1078 2670 1183 2739 est,
1212 2666 1316 2741 qui
1355 2666 1645 2725 Christum

103 2761 182 2820 sic
228 2762 430 2820 amet?
484 2762 639 2821 Proh
694 2760 900 2820 dolor!
946 2760 1185 2818 invenio
1239 2772 1455 2818 uxores
1507 2759 1645 2835 plus

105 2871 327 2914 amasse
365 2856 631 2928 maritos,
661 2870 846 2930 quam
872 2853 1163 2913 Christum
1192 2857 1393 2912 ament
1429 2854 1643 2913 animae

63 2983 80 2994 ·
104 2964 331 3024 sponsoe
358 2949 588 3007 Christi.
617 2952 824 3008 Narrat
861 2948 1023 3007 enim
1056 2952 1325 3008 Romana
1356 2948 1602 3007 historia
1619 2951 1642 2985 ⁷

105 3042 266 3117 quod
294 3066 322 3095 α
345 3044 596 3118 quidam
621 3043 864 3102 nomine
885 3044 1058 3102 Caius
1083 3034 1354 3111 Plautius,
1386 3046 1640 3103 mortem

106 3137 244 3196 dum
270 3137 503 3197 audivit
527 3138 746 3209 uxoris,
775 3157 805 3194 ι
839 3138 1065 3196 doloris
1089 3138 1404 3212 impotenS,
1431 3141 1639 3213 pectus

104 3248 273 3291 suum
289 3232 498 3307 gladio
521 3232 826 3291 transfixit.
847 3235 1114 3307 Cumque
1140 3232 1316 3290 amici
1342 3233 1471 3306 ejus
1498 3249 1637 3291 eum

104 3331 396 3401 caperent,
417 3343 495 3385 ne
511 3327 725 3385 iterum
740 3342 804 3385 se
827 3325 1048 3398 feriret,
1074 3325 1176 3384 ille
1198 3327 1392 3384 scissis
1418 3326 1635 3386 deinde

99 3419 307 3494 fasciis,
359 3436 430 3479 ac
483 3420 727 3480 vulnere
783 3420 1018 3480 divulso
1074 3420 1363 3480 constanti
1408 3420 1633 3493 dextra,

100 3514 385 3588 spiritum,
414 3514 606 3573 luctus
631 3514 949 3573 acerbitate
973 3514 1359 3588 permixtum,
1391 3531 1466 3573 ex
1490 3515 1634 3590 ipsis

98 3608 434 3683 praecordiis
453 3612 512 3667 et
537 3607 858 3667 visceribus
878 3607 1090 3666 hausit.
1115 3608 1268 3669 Julia
1291 3609 1432 3668 item
1461 3612 1485 3647 ⁸
1504 3609 1634 3670 filia

98 3703 352 3776 Caesaris,
382 3718 537 3761 uxor
559 3703 844 3778 Pompeii,
872 3719 1010 3761 cum
1036 3702 1301 3778 quadam
1335 3703 1465 3762 vice
1507 3720 1633 3763 ves-

99 3798 211 3855 tem
235 3797 436 3856 mariti
476 3798 762 3871 sanguine
799 3800 1163 3856 cruentatam
1190 3812 1264 3855 ex
1286 3813 1500 3873 campo
1524 3798 1632 3857 do-

95 3905 255 3949 mum
295 3891 550 3950 relatam
578 3890 841 3964 vidisset,
884 3892 1096 3950 timens
1134 3907 1211 3951 ne
1250 3894 1365 3950 sibi
1401 3892 1630 3951 malum

96 3982 336 4059 aliquod
380 3984 709 4057 accidisset,
752 4002 891 4044 cum
929 3985 1179 4060 gravida
1224 3988 1393 4057 esset,
1433 3986 1629 4045 statim

93 4077 386 4152 perforata
429 4079 638 4138 aculeo
679 4079 926 4152 doloris,
956 4096 1019 4138 se
1056 4080 1406 4152 incurvavit,
1436 4083 1495 4139 et
1529 4097 1629 4155 pe-

91 4172 254 4244 perit,
283 4176 342 4231 et
368 4188 510 4231 cum
535 4177 709 4247 partu
734 4173 996 4235 animam
1024 4176 1331 4249 expiravit.
1355 4174 1462 4233 Ubi
1483 4190 1625 4248 ergo

91 4264 262 4323 hodie
281 4270 482 4325 tantus
503 4283 675 4326 amor
701 4268 766 4326 in
788 4268 1121 4327 Christum?
1138 4271 1281 4328 Tota
1303 4269 1400 4328 die
1426 4274 1628 4343 postu-

91 4356 208 4416 lant
242 4376 468 4434 panem
511 4360 621 4418 filii
666 4361 787 4435 Dei,
836 4365 893 4419 et
923 4377 1048 4421 non
1094 4365 1181 4421 est
1223 4362 1326 4437 qui
1377 4379 1626 4422 manum

88 4452 364 4527 porrigat.
412 4454 643 4513 Cadunt
680 4455 893 4515 animas
935 4472 1168 4530 sponsae
1212 4456 1420 4516 Christi
1451 4475 1467 4515 z
1515 4473 1625 4516 nec

90 4548 172 4601 est
196 4546 300 4621 qui
332 4562 586 4606 manum
610 4548 972 4608 relevantem
998 4549 1328 4624 impendat,
1352 4566 1462 4609 nec
1487 4551 1624 4626 plus

89 4643 318 4698 curatur
341 4640 396 4698 si
417 4645 620 4715 pereat
640 4642 861 4713 anima,
879 4659 1063 4718 quam
1087 4644 1139 4702 si
1162 4649 1368 4718 pereat
1390 4644 1502 4703 bos
1524 4649 1627 4704 aut

90 4731 297 4790 am'nus.
338 4754 369 4788 ιι
391 4735 628 4809 Omnes,
646 4757 676 4791 n
708 4735 901 4811 inquit
915 4737 1228 4811 Apostolus
1240 4738 1283 4809 ⁹,
1315 4758 1343 4793 ι
1362 4754 1496 4812 quae
1516 4755 1626 4800 sua

90 4828 220 4883 sunt
243 4831 538 4902 quaerunt,
567 4844 691 4889 non
712 4846 845 4905 quae
876 4832 1011 4889 Jesu
1038 4830 1265 4890 Christi.
1293 4850 1322 4887 n

158 4920 374 4989 Quarto
398 4922 654 4996 legimus
680 4924 980 4984 Simonem
999 4925 1230 4997 majora
1255 4924 1477 4984 coeteris
1511 4925 1623 4984 mi-

88 5012 288 5072 racula
321 5015 661 5075 facientem.
702 5018 907 5077 Nullus
938 5034 1208 5093 unquam
1252 5019 1430 5078 fuisse
1464 5020 1626 5078 inve-

157 5184 406 5248 ¹Mamz„
438 5200 528 5254 xx,
555 5190 631 5238 18.
657 5188 935 5251 —21bid.,
965 5200 1074 5251 xvi,
1098 5190 1257 5239 22.—
1201 5190 1534 5253 —.⁸August
1562 5217 1623 5230 -

90 5250 446 5361 ⁸*.1‹›aem.,7xn¹,
480 5225 1159 5323 22.—⁸tbid.‚xv111‚10.
1193 5262 1621 5327 -01bid.,x.x1,

91 5294 1622 5400 vus—’valer.max.‚lib.1v·,.’cv1,.n..·'1—thid,

90 5402 237 5451 ιι..4
272 5426 333 5441 -
377 5400 654 5470 ῬΙιιἹὶηρ
691 5413 762 5468 ιι,
792 5407 871 5456 2¹.
914 5427 976 5442 —
1022 5402 1060 5440 ¹0
1090 5403 1622 5470 Joan.‚nv,12.-—

1776 689 1844 744 ut
1885 691 2088 746 Petrus
2127 705 2142 745 ε
2175 688 2320 763 quia
2363 688 2513 762 ipse,
2540 688 2692 747 sicut
2732 689 3085 764 praedixerat
3130 692 3326 751 Domi-

1775 795 1889 838 nus
1927 782 1994 853 10,
2019 782 2252 855 majora
2286 781 2572 841 miracula
2610 781 2780 854 fecit,
2820 800 3004 858 quam
3042 785 3319 845 Christus.

1773 878 1919 934 Nam
1948 874 2024 933 de
2052 875 2288 935 Simone
2314 875 2530 948 legitur
2563 876 2627 949 ¹¹,
2664 876 2832 952 quod
2861 878 2926 936 in
2954 878 3181 953 plateas
3214 880 3322 953 eji-

1774 967 2010 1027 ciebant
2038 969 2112 1042 (a)
2133 968 2422 1040 infirmos,
2454 974 2512 1027 et
2536 970 2843 1045 ponebant
2868 987 2973 1030 eos
3000 972 3064 1031 in
3088 973 3319 1033 lectulis

1772 1066 1829 1121 et
1871 1061 2152 1134 grabatis,
2198 1064 2263 1120 ut
2298 1062 2571 1121 veniente
2611 1065 2799 1131 Pon-o,
2840 1064 3051 1123 saltem
3098 1068 3315 1128 umbra

1768 1155 1930 1213 illius
1951 1155 2341 1215 obumbraret
2364 1172 2731 1231 quemquam
2758 1173 2989 1228 eorum,
3008 1163 3066 1217 et
3096 1160 3315 1221 libera-

1768 1252 1971 1308 rentur
2010 1249 2090 1308 ab
2126 1249 2481 1321 infirmitate.
2511 1251 2862 1325 Exemplum
2887 1251 2964 1310 de
2994 1252 3122 1312 filio
3152 1256 3313 1329 prin.
3394 1272 3552 1316 Exam-

1768 1343 1916 1418 cipis
1953 1343 2321 1416 Antiocheni,
2358 1360 2538 1419 quem
2583 1348 2783 1402 Petrus
2814 1345 3133 1419 suscitavit,
3160 1362 3311 1407 oum
3339 1334 3481 1391 plum.

1766 1452 1875 1511 per
1913 1453 2104 1496 annos
2144 1437 2464 1496 duodecim
2507 1442 2777 1497 mortuus
2816 1439 3111 1513 jacuisset.
3158 1444 3310 1516 Lege

1765 1535 2093 1605 historiam,
2127 1541 2184 1595 et
2224 1537 2322 1595 hic
2361 1552 2557 1595 narra.
2601 1536 2823 1610 Collige
2863 1536 3041 1596 etiam
3073 1553 3144 1597 ex
3179 1540 3310 1599 aliis

1763 1629 1963 1688 multis
1986 1629 2132 1688 locis
2158 1635 2215 1689 et
2234 1632 2413 1689 variis
2444 1631 2730 1705 Legendis
2755 1633 2944 1691 multa
2972 1635 3099 1708 eJ'us
3123 1635 3308 1695 mira-

1764 1723 1921 1797 cula,
1950 1741 2085 1799 quae
2115 1725 2407 1798 volueris,
2435 1732 2493 1785 et
2526 1727 2804 1822 preadica.
2844 1733 3162 1803 Rogemus,
3191 1733 3302 1789 etc.

2311 1887 2568 1950 SERMO
2609 1888 2661 1950 11
2689 1888 2759 1949 ¹².

1834 2011 1963 2067 Ecce
2025 2014 2286 2069 constitui
2361 2016 2411 2069 te
2484 2027 2646 2085 super
2722 2015 3031 2071 universmn
3106 2019 3305 2074 terram

1760 2105 1986 2177 AEqypti
2002 2106 2067 2160 ¹⁸.
2096 2103 2253 2164 Sicut
2276 2108 2438 2180 patet
2463 2122 2537 2164 ex
2562 2105 2806 2166 historia
2829 2106 3141 2178 hodierna,
3170 2126 3305 2184 quae

1760 2198 1975 2273 scripta
2002 2202 2089 2256 est
2114 2198 2177 2256 in
2198 2199 2506 2272 Legendis‚
2533 2204 2775 2275 propter
2796 2203 3302 2263 resuscitationem

1757 2290 1865 2349 filii
1885 2292 2188 2366 principis,
2202 2293 2515 2368 Apostolus
2531 2297 2733 2352 Petrus
2750 2295 2915 2369 apud
2930 2295 3299 2357 Antiochiam

1756 2387 1835 2444 ad
1865 2385 2206 2445 cathedram
2245 2387 2596 2446 sublimatus
2637 2387 2767 2460 fuit,
2800 2391 2858 2446 et
2878 2389 3298 2464 principatum,
3356 2460 3363 2468 ,

1756 2495 1938 2554 quem
1974 2498 2010 2537 a
2036 2480 2260 2539 Christo
2288 2485 2613 2555 acceperat,
2638 2481 2820 2540 hodie
2847 2498 2956 2557 per
2988 2499 3299 2543 ascensum

1755 2573 2048 2632 cathedras
2075 2574 2418 2648 publicavit.
2450 2578 2579 2633 Non
2607 2574 2768 2633 enim
2801 2576 2919 2634 hoc
2956 2577 3184 2652 absque
3210 2579 3299 2637 di-

1752 2667 1895 2725 vina
1949 2667 2382 2741 dispensatione
2432 2672 2661 2741 gestum
2714 2672 2833 2739 est,
2886 2672 2954 2728 ut
3003 2671 3297 2732 honorem

1751 2761 2035 2836 principis
2054 2764 2113 2819 et
2138 2761 2393 2820 doctoris
2411 2764 2611 2819 Petrus
2630 2762 2939 2836 acciperet,
2969 2767 3028 2822 et
3052 2769 3117 2824 ut
3133 2766 3295 2840 prin-

1751 2854 2035 2930 cipatum,
2063 2871 2244 2930 quem
2284 2870 2322 2914 a
2356 2855 2580 2914 Christo
2616 2859 2946 2930 acceperat,
2978 2858 3095 2917 hoc
3121 2859 3292 2932 signo
3368 2898 3373 2905 -

1750 2951 2144 3012 clareI'aceret.
2183 2956 2329 3011 Nam
2364 2952 2587 3027 duplex
2627 2951 2922 3010 invenitur
2955 2952 3019 3009 in
3061 2955 3292 3013 mundo

1747 3050 2003 3121 potestas
2022 3064 2039 3103 ι
2059 3062 2181 3104 una
2197 3046 2561 3120 temporalis,
2583 3045 2768 3104 altera
2785 3046 3121 3120 spiritualis.
3143 3050 3292 3107 Cum

1749 3143 1945 3199 autem
1970 3141 2164 3199 omnis
2191 3139 2589 3214 multiplicitas
2604 3139 2685 3198 ad
2711 3139 2995 3198 unitatem
3021 3140 3288 3215 aliquam

1745 3234 2084 3305 reducatur,
2102 3234 2244 3308 quia
2262 3233 2340 3292 ab
2365 3234 2585 3292 unitate
2610 3233 2889 3306 nascitur,
2911 3250 3150 3293 necesse
3179 3240 3287 3307 est,

1746 3332 1811 3387 ut
1830 3344 1952 3386 una
1965 3328 2209 3386 istarum
2223 3328 2293 3402 (b)
2316 3332 2670 3402 potestatum
2684 3327 2765 3386 ad
2777 3327 3026 3386 alteram
3041 3328 3290 3388 reduea-

1743 3426 1838 3480 tur
1858 3441 1872 3480 ε
1894 3421 2000 3479 sed
2018 3436 2142 3481 non
2160 3421 2477 3496 spiritualis
2495 3420 2574 3478 ad
2593 3420 3003 3495 temporalem,
3024 3438 3162 3480 cum
3180 3423 3287 3482 illa

1742 3516 2085 3575 sitnobilior
2099 3534 2114 3574 ι
2127 3531 2269 3588 ergo
2282 3514 2621 3589 temporalis
2636 3516 2715 3573 ad
2728 3514 3113 3588 spiritualem.
3127 3519 3278 3590 Ergo

1741 3610 1888 3671 dum
1913 3613 2113 3668 Petrus
2129 3609 2468 3668 cathedram
2488 3608 2734 3667 honoris
2760 3607 3003 3684 accepit,
3030 3625 3094 3668 se
3119 3611 3278 3683 prin-

1741 3704 1936 3777 cipem
1963 3704 2233 3762 omnium
2260 3719 2386 3761 esse
2405 3702 2680 3762 ostendit.
2701 3704 2840 3760 Item
2861 3703 3010 3760 nulli
3028 3703 3282 3763 dubium

1740 3796 1918 3857 debet
1943 3814 2090 3870 esse,
2121 3797 2266 3872 quin
2291 3797 2517 3855 ratione
2544 3797 2732 3871 culpes
2750 3796 2827 3855 de
2842 3797 3122 3856 omnibus
3146 3814 3280 3872 pos-

1736 3894 1812 3952 sit
1830 3893 2129 3967 judicare3
2159 3897 2217 3952 et
2254 3894 2304 3951 si
2348 3894 2544 3966 exigat
2571 3892 2847 3950 meritum
2886 3892 3077 3965 culpae
3120 3907 3281 3950 com-

1736 3987 1950 4059 missen,
1992 3990 2187 4062 potest
2227 4002 2500 4062 quosque
2544 4001 2583 4044 a
2615 3985 2737 4043 suis
2777 3984 3159 4058 dignitatibus
3185 4003 3279 4044 re-

1735 4080 1981 4155 pellere,
2011 4085 2071 4138 et
2111 4097 2218 4155 per
2255 4094 2624 4153 consequens
2652 4078 2835 4151 alioS,
2876 4093 3029 4153 quos
3063 4078 3278 4151 dignos

1734 4174 1978 4245 viderit,
2007 4190 2254 4248 erogare
2279 4173 2368 4250 (c).
2398 4172 2562 4230 Unde
2598 4171 2663 4229 in
2700 4171 2894 4245 figura
2934 4172 3115 4245 hujus
3154 4173 3275 4231 dic-

1735 4273 1863 4327 tum
1885 4272 1971 4327 est
1994 4270 2180 4342 Moysi
2201 4268 2242 4305 ¹⁴
2272 4286 2285 4326 :
2323 4286 2354 4321 ι(
2372 4270 2516 4325 Ecce
2543 4264 2813 4324 constitui
2839 4270 2893 4323 te
2922 4269 3107 4324 Deum
3128 4267 3275 4326 Pha-

1733 4362 1935 4422 raonis
1963 4383 1994 4419 »
2028 4380 2043 4421 :
2074 4377 2199 4420 non
2225 4361 2392 4436 quod
2418 4361 2636 4419 faceret
2661 4377 2799 4419 eum
2826 4365 3009 4419 Deum
3033 4377 3143 4435 per
3168 4378 3274 4420 na-

1738 4461 1950 4527 turam,
1979 4455 2086 4514 sed
2127 4471 2235 4530 per
2262 4454 2588 4531 potentiam
2614 4458 2671 4512 et
2696 4452 3270 4529 praedominantiam.

1734 4554 1877 4610 Item
1899 4551 2015 4610 hoc
2042 4551 2241 4627 ipsum
2267 4550 2595 4624 expressius
2618 4547 2841 4606 dictum
2867 4552 2952 4606 est
2973 4549 3009 4584 ¹⁸
3040 4566 3056 4606 ε
3087 4551 3273 4628 «Εραο

1734 4646 2007 4704 constitui
2062 4650 2117 4702 te
2170 4643 2351 4702 hodie
2391 4658 2568 4717 super
2615 4645 2817 4716 gentes
2860 4647 2918 4701 et
2966 4659 3173 4717 regna,
3208 4647 3276 4702 ut

1739 4739 1963 4797 evellas
2001 4742 2061 4795 et
2095 4736 2382 4809 destruas,
2409 4736 2666 4794 aedifices
2704 4740 2762 4795 et
2794 4736 3023 4811 plantes
3064 4737 3129 4794 in
3161 4751 3273 4794 no-

1736 4832 1897 4889 mine
1937 4830 2188 4890 Domini.
2209 4850 2238 4887 ιι
2283 4835 2424 4888 Ecce
2460 4829 2770 4906 quomodo
2806 4830 3123 4904 spiritualis
3164 4846 3274 4904 po-

1737 4928 1911 4984 testas
1925 4925 2108 4985 habet
2132 4942 2170 4984 a
2194 4927 2337 4997 Deo,
2356 4929 2423 4982 ut
2444 4940 2629 4998 regna
2651 4923 2886 4996 evellat,
2907 4926 2965 4982 et
2990 4923 3269 4997 destruat,

1734 5103 1774 5138 ¹¹
1814 5104 1950 5167 Act„
1993 5114 2043 5165 v,
2086 5105 2162 5153 15.
2190 5127 2251 5138 —
2285 5104 2325 5136 ¹²
2356 5102 2504 5150 Hunc
2543 5113 2650 5151 non
2687 5098 2844 5149 habet
2877 5098 2995 5150 edit.
3037 5099 3266 5162 Hageno.

1734 5173 2237 5238 an.1496,nedum
2265 5172 2439 5224 Codex
2476 5172 2632 5223 Assis.
2670 5185 2792 5221 saec.
2821 5182 2939 5221 xm.
2962 5197 3025 5207 —
3054 5171 3097 5205 ¹³
3127 5172 3271 5233 Gen„

1734 5245 2300 5311 xm,4t.-⁴.E.cocl,
2331 5257 2430 5307 vn,
2462 5249 2600 5295 1.-
2632 5244 2899 5308 '‘let-em„
2929 5245 3074 5303 110

1799 5338 1869 5403 (al
1907 5335 2033 5387 Goet.
2062 5335 2184 5386 edit.
2223 5333 2278 5385 in
2310 5333 2490 5398 plateis
2524 5332 2771 5398 ejiciebat.
2800 5358 2862 5371 -
2896 5332 2965 5398 (b)
3007 5332 3131 5385 uem
3154 5331 3268 5390 ista.

1736 5434 1797 5449 —·
1822 5409 1883 5475 (c)
1910 5408 2025 5473 ιερ-
2054 5404 2348 5471 subrogare.
