4059 6317
1044 558 1149 685 S.
1227 559 1354 686 R.
1434 558 1553 683 E.
1635 552 2453 682 CARDINALIS

306 845 1148 1055 SANCTI
1283 834 3207 1058 BONAVENTURAE

721 1198 1051 1257 EPISCOPI
1102 1197 1515 1255 ALBANENSIS
1532 1239 1552 1268 ‚
1612 1194 1950 1253 DOCTORIS
2004 1192 2345 1250 ECCLESIAE
2400 1189 2752 1247 SERAPHICI

1599 1467 1905 1477 -Ἀ

878 1763 1621 1880 SERMONES
1704 1755 1885 1875 DE
1971 1760 2623 1873 TEMPORE

313 2295 676 2372 DOMINIGA
723 2294 753 2369 I
800 2290 1209 2369 ADVENTUS
1250 2287 1542 2365 DOMINI.

554 2454 859 2526 SERMO
903 2451 1229 2522 PRIMUS
1258 2455 1301 2520 ¹.

255 2593 361 2660 His
388 2599 608 2661 autem
637 2592 789 2676 fieri
806 2587 1293 2672 incipientibus,
1321 2586 1617 2667 respicite
1647 2589 1708 2650 et

194 2697 359 2766 levate
383 2702 602 2781 capita
625 2703 871 2776 vestra,
902 2697 1207 2778 quoniam
1229 2694 1706 2776 appropinquat

191 2806 495 2888 redemptio
543 2811 772 2873 vestra
802 2806 847 2868 ².
883 2803 1195 2880 Quoniam
1245 2801 1316 2864 in
1357 2799 1708 2881 Evangelio

191 2909 463 2978 hodierno
515 2915 863 2996 ponuntur
920 2909 1240 2994 praesagia
1283 2907 1545 2973 secundi
1592 2906 1708 2971 ad-

190 3025 412 3097 ventum
433 3019 582 3085 ideo
605 3023 821 3085 totum
847 3034 1130 3101 praesens
1153 3014 1581 3096 Evangelium
1612 3033 1708 3078 re-

186 3124 357 3191 fertur
395 3127 479 3192 ad
537 3124 852 3210 spiritum
890 3128 955 3190 et
1008 3127 1198 3206 caput
1235 3122 1580 3187 levandum
1628 3120 1707 3186 ad

188 3231 384 3314 signa,
414 3253 569 3318 quae
598 3236 796 3298 erunt
819 3233 891 3295 in
916 3231 1048 3295 sole
1074 3233 1138 3295 et
1160 3229 1315 3294 luna
1333 3277 1355 3308 ,
1388 3232 1451 3293 et
1477 3227 1701 3309 stellis,

185 3344 235 3403 et
255 3342 488 3407 caeteris
522 3340 888 3407 elementis
934 3338 1058 3404 Sed
1093 3339 1244 3422 quia
1271 3388 1288 3418 ,
1335 3356 1416 3403 ex
1452 3342 1710 3420 aspectu

184 3445 412 3512 illorum
438 3449 793 3530 signorum
817 3496 835 3526 ,
868 3444 1056 3510 multi
1096 3445 1603 3526 incircumspecti
1628 3463 1708 3509 ex

182 3554 398 3621 defectu
426 3557 686 3622 notitiae
715 3605 733 3636 ,
768 3554 1011 3620 seducti
1038 3572 1252 3619 errore
1274 3604 1290 3635 ,
1332 3557 1397 3618 et
1423 3554 1711 3619 concussi

182 3665 399 3729 terrore
419 3714 437 3745 ‚
481 3665 791 3729 avertent
833 3680 903 3726 se
947 3680 988 3725 a
1030 3661 1179 3725 fidei
1224 3662 1530 3741 veritate3
1570 3662 1710 3727 ideo

180 3767 486 3849 Dominus,
519 3770 609 3836 ad
642 3768 1069 3834 exhibendam
1098 3769 1408 3833 cautelam
1435 3770 1709 3834 circum-

180 3877 489 3958 spectionis
506 3924 524 3960 ,
557 3881 631 3943 et
657 3876 740 3941 ad
774 3876 1229 3942 removendam
1272 3875 1584 3941 fallaciam
1610 3878 1713 3942 de-

178 3985 497 4065 ceptionis,
528 3989 737 4066 atque
762 3983 841 4048 ad
870 3983 1323 4050 eliminandam
1351 3984 1714 4048 inconstan-

178 4088 313 4154 tiam
340 4092 605 4156 timoris
623 4139 642 4170 ,
680 4090 753 4154 in
788 4090 985 4156 verbo
1013 4091 1333 4174 proposito
1359 4092 1483 4156 tria
1512 4093 1660 4156 facit
1692 4111 1710 4156 ε

179 4193 317 4260 Nam
337 4200 560 4282 primo
585 4199 890 4283 praedicit
907 4199 1190 4264 futuram
1210 4199 1708 4282 tribulationem,

177 4307 238 4368 nt
255 4304 662 4372 instruamur
688 4329 706 4384 ;
728 4305 1005 4370 secundo
1027 4307 1258 4370 excitat
1276 4306 1356 4370 ad
1382 4306 1715 4390 providam

178 4414 743 4480 considerationem
758 4461 782 4492 ,
812 4431 895 4478 ne
919 4412 1332 4494 seducamur;
1363 4414 1550 4479 tertio
1576 4433 1719 4498 pro·

177 4522 353 4586 mittit
394 4521 852 4588 omnimodam
906 4521 1431 4601 consolationem,
1478 4540 1560 4586 ne
1592 4526 1713 4586 ter-

176 4645 443 4695 reamur.
470 4628 559 4694 Et
578 4629 674 4693 sic
692 4627 901 4693 reddit
928 4646 1047 4692 nos
1066 4627 1317 4707 dociles,
1340 4645 1424 4692 ex
1449 4628 1717 4693 instruc-

175 4735 329 4801 tione
369 4740 621 4802 futurae
680 4735 1139 4815 tribulationi53
1191 4736 1711 4819 circumspectoS,

177 4861 247 4908 ex
287 4845 647 4911 attentione
691 4843 980 4926 providae
1022 4843 1570 4925 considerationis;
1605 4845 1714 4910 be-

178 4953 446 5034 nevolos,
468 4971 561 5018 ex
584 4951 1007 5035 promissione
1024 4951 1410 5015 omnimodae
1435 4952 1717 5016 consola-

179 5059 375 5126 tionis.
418 5060 653 5126 Primo
683 5077 848 5141 ergo
874 5057 1165 5141 praedicit
1191 5058 1478 5123 futuram
1512 5058 1719 5124 tribu-

180 5164 462 5233 lationem
480 5218 507 5249 ,
563 5172 642 5233 ut
689 5168 1117 5245 instruamur,
1166 5183 1313 5230 cum
1365 5166 1515 5230 dicit
1546 5188 1562 5230 t
1595 5166 1720 5233 His

239 5287 253 5316 ¹
276 5286 417 5337 Hunc
439 5301 557 5338 non
598 5285 759 5337 babet
786 5283 914 5335 edit.
956 5282 1122 5345 Paris,
1148 5297 1229 5335 an.
1262 5286 1400 5335 1521.
1429 5309 1490 5320 -
1526 5283 1549 5317 ¹
1584 5284 1718 5348 Luc„

183 5365 285 5419 1¹1,
310 5361 386 5407 28.
412 5385 475 5396 -
495 5359 517 5390 ⁸
537 5357 757 5416 Mutila..
788 5367 851 5417 n,
888 5360 909 5402 1
940 5359 993 5403 et
1025 5368 1131 5417 seq.
1159 5381 1219 5393 -·
1246 5356 1269 5388 δ
1288 5354 1425 5415 Luc„
1454 5365 1607 5417 xxm,
1636 5358 1718 5405 45.

181 5453 237 5465 -
262 5429 279 5459 ⁵
302 5429 507 5489 Mateta„
536 5441 707 5490 xxvn,
736 5432 821 5478 51.
851 5451 915 5462 -—
946 5425 968 5455 ⁶
996 5426 1200 5487 Philip„
1230 5439 1285 5483 11,
1320 5431 1396 5475 11.

236 5510 297 5572 (a)
336 5509 459 5558 Coee.
487 5508 612 5558 edit.
644 5507 936 5571 praeterire.
960 5531 1022 5541 —
1048 5503 1110 5569 (ὁ)
1136 5507 1280 5571 vulg.
1313 5507 1503 5571 linqua.

449 5615 611 5663 ΊῸΙ.
652 5614 798 5660 xm.

1816 2266 2023 2330 autem
2067 2262 2215 2342 fieri
2254 2260 2710 2343 incipientibus
2718 2279 2745 2342 ;
2791 2260 3068 2325 secundo
3118 2261 3350 2325 excitat

1813 2369 1891 2432 ad
1935 2367 2276 2450 providam
2322 2367 2886 2433 considerationem
2905 2417 2923 2445 ‚
2973 2385 3055 2432 ne
3094 2368 3352 2433 seduca-

1816 2494 1987 2556 mur,
2018 2494 2169 2540 cum
2197 2476 2447 2541 subdit:
2477 2476 2791 2557 Respicite
2818 2481 2881 2543 et
2908 2476 3106 2543 levate
3133 2480 3351 2559 capita

1817 2589 2053 2663 vestra,
2079 2584 2142 2646 id
2172 2587 2266 2646 est
2292 2586 2572 2647 mentem
2602 2583 2945 2666 :quoniam
2974 2584 3138 2649 sicut
3164 2589 3353 2667 caput

1815 2691 2190 2775 praeeminet
2242 2692 2485 2756 caeteris
2542 2692 2847 2757 membris
2893 2691 3174 2775 corporis
3197 2743 3214 2773 ,
3265 2693 3354 2758 sic

1818 2817 2001 2863 mens
2021 2849 2041 2880 ,
2073 2800 2422 2865 secundum
2448 2799 2620 2883 quod
2646 2799 2753 2862 hic
2777 2799 3084 2882 accipitur
3109 2818 3226 2884 pro
3253 2817 3355 2865 su-

1816 2908 2053 2991 periori
2080 2911 2259 2990 parte
2286 2907 2581 2988 rationis,
2612 2908 2913 2972 omnibus
2937 2905 3184 2974 viribus
3211 2910 3351 2973 ani-

1818 3033 1981 3094 mae3
2012 3015 2200 3080 tertio
2243 3016 2553 3098 promittit
2595 3016 3030 3081 omnimodam
3069 3016 3351 3082 consola-

1816 3124 2055 3189 tionem
2074 3172 2095 3203 ,
2119 3142 2204 3187 ne
2221 3127 2599 3202 terreamur,
2630 3142 2778 3187 cum
2806 3123 3116 3189 subinfert
3146 3144 3166 3187 ε
3201 3125 3357 3198 Ouo·

1818 3234 2003 3298 niam
2028 3233 2504 3314 appropinquat
2518 3229 2869 3315 redemptio
2895 3237 3135 3300 vestra.
3164 3231 3357 3308 Quasi

1818 3340 1985 3403 dicat
2016 3361 2031 3402 :
2063 3339 2209 3403 licet
2233 3339 2375 3402 haec
2401 3339 2590 3421 signa
2619 3339 2850 3405 nuntia
2874 3339 3002 3404 sint
3027 3340 3353 3418 dolorum;

1817 3465 1951 3510 non
1977 3449 2193 3510 tamen
2235 3446 2641 3524 terreamini,
2676 3446 2979 3529 quoniam
3026 3447 3210 3512 vobis
3239 3466 3352 3531 pa-

1819 3553 2051 3618 tienter
2091 3553 2550 3619 sustinentibus
2571 3601 2594 3634 ,
2635 3557 2699 3618 et
2756 3554 3029 3619 finaliter
3071 3572 3360 3638 perseve-

1821 3661 2110 3726 rantibus
2131 3709 2153 3742 ,
2183 3660 2647 3744 appropinquat
2673 3661 3025 3745 redemptio
3044 3710 3062 3743 ,
3093 3680 3224 3727 non
3254 3679 3359 3726 ex-

1818 3768 2203 3833 terminatio,
3166 3771 3170 3776 ’

1901 3875 2223 3953 Quantum
2255 3894 2413 3958 ergo
2439 3876 2519 3942 ad
2546 3875 2855 3960 primum,
2885 3877 3170 3960 praedicit
3194 3878 3359 3943 futu-

1821 4001 1961 4048 ram
2010 3983 2489 4049 tribulationem
2513 4032 2534 4064 ‚
2603 3988 2677 4049 ut
2730 3985 3161 4066 instruamur,
3213 4005 3360 4051 cum

1821 4091 2010 4154 dicit:
2040 4091 2163 4157 His
2186 4092 2336 4172 fieri
2352 4091 2839 4175 incipientibus.
2870 4091 2990 4157 Hic
3014 4093 3219 4159 reddit
3243 4112 3361 4159 nos

1823 4199 2055 4264 dociles
2072 4217 2155 4264 ex
2171 4199 2585 4264 instructione
2608 4199 2976 4265 futurorum
2991 4200 3354 4284 signorum,

1821 4323 1971 4390 quae
1986 4311 2179 4372 erunt
2190 4308 2259 4371 in
2271 4307 2548 4373 secimdo
2568 4307 2848 4373 adventu
2867 4308 3124 4391 judicis
3157 4308 3358 4372 Multa

1822 4415 1993 4478 enim
2022 4414 2213 4496 signa
2236 4415 2466 4480 debent
2489 4414 2720 4496 praeire
2750 4415 2858 4499 (a),
2887 4418 3231 4499 antequam
3257 4434 3361 4482 ve-

1821 4522 1957 4586 niat
2001 4521 2135 4586 dies
2176 4521 2438 4604 judicii;
2482 4525 2546 4585 et
2583 4522 2723 4587 haec
2771 4522 2910 4587 fieri
2952 4542 3067 4607 per
3100 4524 3356 4604 omnia,

1821 4633 1917 4693 est
1948 4629 2132 4693 valde
2162 4647 2513 4695 consonum
2557 4629 2810 4694 rationi.
2851 4629 3167 4707 Quoniam
3193 4630 3249 4694 si
3291 4630 3360 4694 in

1822 4736 2031 4819 primo
2095 4736 2375 4802 adventu
2430 4736 2698 4817 contigit
2747 4737 2936 4820 signa
2986 4737 3361 4821 multiplicia

1823 4845 1960 4908 fieri
1996 4862 2015 4907 ε
2063 4862 2214 4907 nam
2266 4843 2450 4908 stella
2498 4849 2521 4884 ⁸
2569 4843 2953 4926 perduxerat
3003 4845 3228 4927 Magos
3279 4846 3358 4911 ad

1825 4950 2310 5016 monstrandum
2341 4954 2601 5030 natum3
2650 4949 2743 5016 sol
2775 4957 2799 4989 ⁸
2827 4953 3200 5018 obscuratus
3226 4956 3324 5016 est
3339 5002 3356 5025 ,

1824 5058 1900 5123 ad
1922 5057 2488 5123 demonstrandum
2504 5075 2764 5140 passum
2779 5081 2796 5138 ;
2818 5062 2990 5124 terra
3007 5063 3181 5124 mota
3199 5063 3297 5124 est
3312 5062 3358 5138 ⁸,

1825 5170 1890 5231 et
1912 5165 2131 5231 velum
2158 5164 2377 5247 templi
2403 5182 2554 5229 cum
2580 5163 2897 5248 lapidibus
2923 5167 3190 5232 scissum
3218 5171 3347 5242 est,

1826 5274 1906 5339 ad
1930 5277 2243 5340 terrorem
2268 5269 2704 5336 incutiendum
2733 5294 2748 5337 z
2782 5273 2984 5338 multo
3009 5275 3205 5342 etiam
3232 5293 3362 5340 ma-

1827 5383 1927 5465 gis
1966 5380 2335 5463 hujusmodi
2386 5379 2576 5460 signa
2617 5383 2808 5444 erunt
2840 5379 2919 5445 ad
2965 5381 3359 5450 demonstra-

1830 5490 2070 5552 tionem
2092 5537 2110 5566 ,
2145 5493 2214 5551 ut
2240 5487 2328 5549 sic
2353 5490 2652 5552 ereatura
2683 5485 2756 5568 (b)
2787 5491 2995 5555 omnis
3025 5491 3047 5526 ⁸
3073 5510 3205 5557 non
3231 5499 3365 5555 tan-

3051 5607 3084 5665 1
