4059 6317
752 563 834 628 ΒΞ
1840 559 2260 627 SERMONES
2299 561 2401 626 DE
2440 557 2836 627 TEMPORE.

753 697 993 764 tabulae
1026 699 1200 763 enim
1238 697 1593 764 durabilem
1637 700 1720 783 (a)
1758 698 1829 762 in
1855 715 1925 762 se
1965 697 2288 762 continent

754 806 1155 889 scripturam.
1212 804 1440 870 Nullus
1488 823 1651 888 ergo
1694 804 1985 870 excusari
2041 807 2285 887 potest,

755 913 925 995 quod
948 911 1306 994 Scripturas
1330 913 1599 991 nesciat,
1630 930 1781 976 cum
1808 912 2189 994 scripturam
2218 910 2289 974 in

755 1018 941 1084 corde
965 1019 1196 1084 habeat
1229 1018 1577 1084 secundum
1625 1037 1822 1102 quam
1862 1019 2062 1084 vivat.
2114 1017 2291 1083 Sicut

755 1126 923 1191 enim
951 1126 1170 1192 decem
1196 1127 1493 1192 mandata
1531 1126 1601 1190 in
1626 1126 1858 1190 tabulis
1875 1175 1897 1205 ,
1944 1127 2181 1190 tabulae
2219 1126 2290 1190 in

754 1251 936 1314 arca,
972 1251 1120 1297 arca
1143 1234 1213 1297 in
1239 1234 1678 1313 tabernacul03
1722 1234 1812 1299 sic
1846 1234 1953 1299 lex
1977 1234 2289 1299 naturalis

755 1344 825 1407 in
849 1342 1262 1420 conscientia,
1292 1343 1671 1408 conscientia
1696 1344 1767 1408 in
1793 1344 2007 1409 anima
2023 1393 2042 1423 ,
2073 1344 2292 1408 anima

752 1455 972 1517 autem
1000 1451 1071 1515 in
1094 1468 1359 1534 corpore
1383 1454 1501 1516 est.
1544 1451 1668 1516 Sed
1685 1500 1703 1531 ,
1733 1451 1890 1517 heu!
1924 1470 2041 1535 per
2077 1470 2291 1535 pecca-

755 1562 896 1624 tum
953 1558 1288 1623 obscurata
1337 1567 1436 1623 est
1498 1560 1812 1642 scriptura
1860 1561 2284 1626 conscientias.

758 1666 882 1732 Sed
908 1666 1307 1731 illuminatur
1330 1683 1446 1749 per
1476 1667 1942 1751 susceptionem
1967 1668 2197 1749 gratiae
2219 1670 2238 1704 ¹
2267 1688 2286 1733 ε

757 1773 935 1841 Dabo
961 1774 1122 1856 leqes
1151 1788 1324 1839 meas
1352 1774 1429 1839 in
1471 1773 1767 1840 cordibus
1812 1790 2061 1854 eontra,
2112 1781 2172 1843 et
2217 1778 2292 1842 in

757 1881 1108 1949 visceribus
1135 1897 1352 1949 eorum
1376 1882 1842 1964 superscribam
1869 1899 1995 1949 eas.
2029 1884 2101 1947 ln
2126 1883 2290 1948 libro

758 1996 974 2053 autem
999 1989 1422 2066 conscientias,
1444 2007 1577 2054 non
1596 1989 1806 2054 solum
1834 1989 1941 2053 lex
1956 1990 2285 2071 naturalis,

760 2096 868 2162 sed
890 2095 1084 2162 etiam
1128 2097 1437 2181 quidquid
1463 2099 1684 2163 contra
1726 2096 1893 2159 hanc
1917 2096 2130 2179 legem
2170 2098 2291 2163 ho-

761 2223 869 2270 mo
910 2206 1167 2285 fecerit,
1218 2206 1524 2289 scriptum
1573 2210 1690 2271 est.
1744 2204 1921 2270 Unde
1960 2205 2016 2270 si
2054 2206 2291 2271 librum

759 2313 1160 2378 conscientiae
1183 2330 1317 2377 non
1341 2313 1536 2378 habes
1558 2314 1931 2397 inscriptum
1956 2314 2141 2378 bonis
2161 2332 2293 2378 me·

756 2420 900 2485 ritis
926 2426 1231 2503 tanquam
1260 2420 1501 2485 calamo
1545 2439 1741 2485 aureo
1764 2469 1781 2498 ,
1835 2421 2031 2485 hahes
2078 2425 2293 2485 tamen

760 2529 1065 2611 scriptum
1094 2528 1278 2592 malis
1320 2530 1564 2594 meritis
1610 2536 1915 2613 tanquam
1952 2531 2117 2614 stylo
2166 2532 2293 2596 ter-

760 2637 943 2701 reo¹:
975 2636 1301 2703 Peccatum
1326 2636 1502 2703 luda
1526 2639 1834 2719 scriptum
1861 2643 1955 2704 est
1979 2638 2146 2721 stylo
2175 2640 2294 2719 fer-

760 2758 907 2822 reo,
940 2747 1085 2821 etc„
1116 2745 1191 2809 in
1217 2760 1429 2826 unque
1469 2743 1929 2824 adamantino,
1977 2744 2045 2809 id
2087 2750 2181 2810 est
2225 2746 2294 2810 in

764 2849 950 2915 corde
976 2849 1311 2914 obstinato.
1344 2851 1465 2915 Sed
1488 2900 1506 2931 ‚
1537 2851 1702 2915 heu!
1735 2853 1854 2914 ista
1879 2852 2188 2936 scriptura
2213 2854 2295 2918 ab

764 2957 1065 3022 omnibus
1104 2958 1355 3039 legetur
1401 2959 1472 3022 in
1521 2960 1872 3023 novissimo
1936 2960 2061 3025 die.
2119 2960 2295 3028 Unde

766 3064 1070 3147 Origenes
1095 3066 1184 3131 ait
1209 3073 1233 3109 ⁸
1258 3090 1275 3131 t
1316 3090 1348 3129 α
1372 3065 1726 3132 Nudabitur
1749 3069 1955 3132 cordis
1981 3071 2296 3135 conscien-

766 3173 884 3253 tia,
913 3176 977 3238 et
1014 3179 1233 3256 aperto
1260 3175 1448 3239 corde
1477 3174 1864 3240 videbuntur
1889 3175 2119 3241 litterae
2148 3195 2293 3259 pec-

767 3284 1054 3345 catorum
1077 3328 1100 3360 ,
1148 3298 1295 3363 quae
1340 3281 1506 3364 stylo
1552 3282 1758 3346 ferreo
1775 3331 1791 3362 ,
1845 3285 1909 3345 et
1956 3284 2023 3345 in
2076 3302 2297 3366 ungue

768 3387 1173 3453 adamantino
1224 3388 1455 3471 scripta
1500 3392 1651 3452 sunt
1681 3437 1699 3467 ‚
1755 3393 1948 3473 atque
1996 3391 2300 3457 universa

768 3496 1189 3578 spectantium
1217 3495 1560 3561 multitudo
1586 3496 1758 3577 leget
1792 3496 1861 3560 in
1888 3502 2136 3579 pectore
2182 3515 2299 3562 no-

769 3608 900 3667 stro
912 3602 1197 3684 signatas
1212 3601 1500 3683 singulas
1510 3602 1827 3682 imagines
1834 3606 2293 3684 peccatorum.»

851 3709 940 3775 De
963 3711 1150 3775 tertia
1178 3710 1253 3793 (b)
1271 3710 1293 3746 ¹·
1328 3732 1343 3774 ε
1380 3710 1602 3776 Οηιηίε
1626 3712 1952 3792 scriptura
1978 3711 2304 3780 divinitus

777 3820 1104 3902 inspirata
1129 3823 1243 3884 est.
1274 3816 1403 3881 Has
1430 3819 1771 3900 scripturas
1801 3834 1989 3883 serva
2012 3819 2174 3882 bene
2201 3820 2302 3885 vi-

775 3927 983 3994 vendo
1009 3927 1078 3990 in
1107 3926 1230 3989 hac
1253 3926 1416 4003 vita,
1446 3924 1502 3986 si
1528 3923 1627 3987 vis
1669 3923 1833 3987 bene
1876 3925 2096 3990 vivere
2121 3926 2188 3990 in
2215 3945 2308 3991 ae-

776 4039 960 4099 terna
984 4033 1030 4096 ⁸.
1067 4031 1236 4105 Quid
1256 4029 1555 4111 faciendo
1580 4030 1788 4097 vitam
1814 4035 2111 4098 oetemam
2155 4048 2310 4114 pos-

778 4142 990 4210 sidebo
1008 4142 1044 4206 P
1069 4142 1155 4206 At
1178 4142 1360 4206 lesus
1384 4138 1547 4206 dicit
1572 4138 1662 4205 ad
1686 4154 1827 4204 mm
1855 4157 1878 4203 .·
1898 4139 1980 4205 In
1999 4141 2129 4224 leqe
2147 4142 2311 4225 quid

780 4251 1091 4331 scriptum
1119 4254 1210 4314 est
1229 4248 1263 4312 P
1297 4253 1359 4311 et
1382 4251 1611 4313 caetera
1636 4265 1839 4332 usque
1857 4252 1915 4314 et
1937 4251 2313 4329 pros-imum

782 4365 963 4426 tuum
1025 4357 1191 4423 sicut
1254 4359 1551 4438 teipsum.
1616 4356 1729 4422 Vae
1790 4360 2005 4422 autem
2066 4358 2315 4424 miseris

785 4467 1129 4554 Scripturas
1168 4465 1750 4545 transgressoribus
1792 4467 1817 4501 ⁸
1862 4483 1880 4528 ε
1929 4465 2316 4535 Maledictus

786 4574 966 4640 homo
990 4554 1109 4654 ωλι
1133 4587 1264 4638 non
1287 4573 1708 4653 permanserit
1744 4574 1820 4638 in
1846 4572 2136 4640 omnibus
2177 4591 2315 4657 quoe

786 4682 1029 4763 scripta
1072 4686 1225 4746 sunt
1269 4680 1344 4745 in
1389 4678 1548 4745 libro
1593 4679 1751 4762 legis
1769 4728 1791 4759 ,
1851 4687 1926 4747 ut
1967 4681 2173 4762 faciat
2218 4699 2313 4749 ea.

791 4787 951 4854 Nota
976 4787 1146 4870 quod
1174 4788 1292 4860 ait,
1323 4786 1651 4855 divinitus
1684 4790 2031 4868 inspirata.
2077 4789 2157 4854 Et
2195 4791 2320 4854 hoc

788 4899 959 4979 patet
983 4895 1158 4979 quod
1183 4893 1509 4976 ScrIptura
1533 4913 1712 4959 sacra
1739 4895 1988 4960 coelitus
2012 4897 2197 4961 nobis
2224 4903 2319 4964 est

791 5002 1040 5067 emissa.
1071 5000 1340 5084 Propter
1385 4999 1524 5065 haec
1567 5001 1731 5066 sicut
1770 5001 1991 5068 exules
2031 5007 2097 5067 et
2132 5022 2319 5087 pere-

793 5108 965 5191 grini
994 5108 1073 5173 de
1098 5107 1322 5173 litteris
1348 5107 1688 5174 charorum
1718 5127 1987 5175 suorum
2014 5110 2093 5174 de
2119 5112 2322 5194 patria

791 5233 909 5281 sua
952 5216 1161 5280 missis
1184 5264 1202 5296 ,
1254 5215 1344 5279 ita
1385 5216 1792 5281 consolantur
1852 5218 2038 5281 amici
2083 5217 2192 5283 Dei
2242 5220 2320 5284 de

854 5342 873 5376 ¹
899 5339 1071 5402 Helm,
1108 5353 1236 5407 vnn,
1272 5344 1348 5394 10.
1377 5367 1440 5379 -
1474 5343 1495 5378 ¹
1528 5344 1733 5406 Jerem„
1767 5355 1909 5407 xvn,
1948 5348 1992 5395 1.
2023 5372 2082 5382 —
2122 5345 2145 5381 ⁸
2178 5346 2315 5412 orig.

792 5439 857 5452 -
882 5415 905 5450 δ
937 5414 979 5465 11
1010 5414 1153 5477 Tim„
1186 5427 1262 5479 ιιι,
1301 5417 1377 5467 16.
1413 5442 1463 5453 -
1498 5417 1521 5452 ⁸
1546 5416 1684 5480 Luc„
1721 5428 1782 5478 x,
1817 5420 1990 5469 25-27.
2022 5446 2085 5457 —
2119 5420 2142 5455 ⁸
2180 5419 2319 5480 Gal„

795 5496 885 5549 ιιι,
924 5488 1001 5536 10.
1039 5510 1103 5522 —·
1140 5487 1158 5518 ‘¹
1191 5488 1340 5552 Aug„
1380 5488 1434 5537 in
1474 5487 1614 5538 Psal.
1654 5499 1837 5550 extu,
1874 5490 2074 5550 Enarr„
2101 5503 2151 5539 n.
2184 5493 2231 5539 5.
2258 5515 2320 5529 -

797 5558 816 5587 ·
840 5556 976 5609 ΡεαΙ.
1008 5568 1151 5622 xuv,
1184 5560 1232 5609 3.
1258 5584 1313 5596 -
1344 5561 1364 5590 ⁹
1384 5560 1514 5618 Act..
1542 5571 1604 5624 u,
1631 5561 1681 5611 3.
1715 5584 1777 5598 —
1811 5561 1853 5596 ¹·
1872 5559 2015 5611 Psal.
2045 5572 2147 5624 cvi,
2180 5563 2228 5612 2.
2255 5587 2320 5600 —

2396 694 2737 778 Scripturis
2784 696 3039 764 divinis.
3071 696 3250 764 Unde
3290 698 3397 764 hic
3434 700 3598 765 bene
3636 699 3898 767 dicitur:

2398 803 2811 887 Quaecumque
2837 804 3081 887 scripta
3115 811 3271 874 sunt
3294 853 3313 884 ‚
3359 824 3563 889 usque
3587 821 3752 890 spem
3796 808 3903 875 ha·

2394 910 2667 977 beamus.
2703 910 2910 993 Igitur
2935 911 3014 975 de
3039 912 3241 994 patria
3280 911 3624 976 recitantur
3649 912 3865 979 litterae
3884 964 3905 994 ,

2393 1018 2549 1083 dum
2575 1018 2915 1102 Scripturas
2959 1017 3142 1083 nobis
3168 1017 3613 1101 praedicantur.
3659 1021 3908 1101 Augus-

2391 1126 2568 1190 tinus
2588 1126 2612 1161 “’
2644 1147 2659 1190 :
2700 1148 2731 1186 α
2758 1124 3273 1206 peregrinamur,
3321 1125 3718 1208 suspiramus
3741 1175 3758 1204 ,
3804 1146 3912 1208 ge-

2394 1233 2648 1297 mimus.
2678 1231 2956 1297 Veniunt
2982 1232 3062 1297 ad
3089 1248 3206 1296 nos
3229 1231 3456 1296 litterae
3485 1231 3563 1297 de
3583 1234 3786 1320 patria
3809 1253 3914 1299 no-

2392 1346 2523 1406 stra
2544 1363 2561 1420 3
2608 1342 2777 1424 ipsas
2817 1340 3157 1406 recitamus
3206 1339 3385 1404 vobis
3432 1341 3533 1423 (c).
3572 1363 3602 1402 n
3649 1341 3916 1425 Signum

2394 1467 2555 1531 ergo
2580 1452 2677 1514 est
2703 1449 2871 1532 quod
2890 1448 2971 1514 ad
2995 1447 3312 1513 coelestem
3329 1449 3601 1531 patriam
3621 1468 3749 1514 non
3775 1469 3917 1533 per-

2392 1558 2636 1635 tinent,
2683 1556 2798 1639 qui
2826 1556 2942 1620 has
2980 1555 3224 1620 litteras
3263 1572 3519 1620 servare
3556 1555 3662 1622 vei
3703 1558 3918 1623 audire

2394 1665 2642 1730 nolunt.

2477 1771 2564 1836 De
2590 1774 2818 1854 quarta
2834 1769 2921 1850 (d)
2941 1775 2964 1810 ⁸
2986 1770 3271 1851 :Linque
3296 1785 3436 1836 mea
3458 1770 3743 1837 (tammus
3762 1774 3916 1839 scri-

2395 1880 2487 1944 boe
2511 1879 2806 1945 velociter
2830 1877 3187 1954 scribentis,
3218 1880 3336 1942 etc.
3367 1875 3642 1958 Spiritus
3669 1883 3922 1943 sanctus

2395 1986 2462 2050 in
2486 1985 2731 2067 linguis
2755 1984 2961 2067 igneis
2987 1989 3009 2025 ⁹
3029 1983 3324 2067 apparuit
3358 2001 3552 2066 super
3583 1985 3919 2066 apostolos.

2395 2094 2716 2175 Linguam
2746 2110 2906 2173 ergo
2933 2095 2998 2156 et
3042 2091 3360 2155 calamum
3399 2089 3686 2173 intellige
3728 2092 3920 2176 Spiri-

2395 2205 2535 2264 tum
2563 2203 2871 2265 sanctum.
2905 2198 3037 2263 Hac
3061 2200 3234 2262 enim
3260 2198 3484 2280 lingua
3503 2196 3791 2266 verbum
3816 2202 3924 2267 Pa-

2395 2308 2513 2373 tris
2530 2325 2643 2391 per
2665 2306 3164 2386 incarnationem
3186 2305 3255 2368 in
3275 2305 3590 2370 mundum
3609 2307 3925 2389 prolatum

2398 2419 2512 2481 est.
2545 2414 2677 2479 Hoc
2700 2414 2943 2478 calamo
2973 2410 3254 2476 Verbum
3281 2411 3484 2475 Patris
3515 2412 3660 2494 pelli
3689 2413 3924 2479 huma-

2397 2523 2614 2588 nitatis
2641 2522 2896 2586 uuitum
2922 2526 3036 2584 est.
3057 2518 3209 2583 Haec
3235 2517 3416 2601 pellis
3431 2518 3500 2582 in
3522 2518 3708 2600 ligno
3727 2521 3927 2585 crucis

2399 2634 2494 2694 est
2517 2631 2780 2693 extensa
2793 2629 2858 2691 ¹⁰.
2875 2626 3243 2694 Extendens
3258 2627 3479 2693 coelum
3497 2627 3663 2692 sicut
3683 2627 3924 2708 pellem.

2399 2735 2832 2801 Velociteriste
2849 2734 3130 2799 calamus
3141 2733 3408 2817 scripsit,
3421 2733 3573 2815 quia
3587 2733 3654 2796 in
3669 2734 3930 2799 instanti

2402 2843 2827 2927 conceptionis
2839 2843 3000 2906 liber
3012 2844 3128 2906 iste
3141 2844 3617 2906 consummatus
3626 2842 3771 2906 fuit.
3790 2842 3930 2908 Gre-

2402 2952 2626 3033 gorius
2645 2952 2720 3008 ¹¹⁶.
2753 2972 2784 3011 α
2804 2949 2857 3014 N
2864 2949 3146 3013 untiante
3172 2947 3448 3029 Angelo,
3477 2950 3542 3013 et
3557 2948 3932 3015 adveniente

2403 3057 2643 3139 Spiritu
2667 3061 2910 3135 sancto,
2947 3074 3101 3120 mox
3125 3052 3407 3120 Verbum
3432 3055 3502 3118 in
3529 3058 3715 3121 utero
3731 3104 3752 3134 ‚
3784 3074 3933 3121 mox

2403 3166 2570 3228 intra
2607 3167 2866 3228 uterum
2893 3162 3173 3228 Verbum
3202 3179 3370 3226 caro.
3399 3183 3430 3222 n
3487 3160 3603 3226 Hic
3645 3166 3748 3226 est
3779 3162 3936 3228 liber

2405 3290 2600 3357 quem
2626 3270 2786 3335 vidit
2803 3272 3178 3352 fisci-imum
3199 3269 3381 3334 intus
3406 3273 3463 3335 et
3487 3269 3675 3348 foris.
3696 3270 3942 3348 Quanta

2405 3380 2476 3443 in
2502 3379 2623 3443 hoc
2649 3378 2810 3441 libro
2836 3378 3011 3442 intus
3045 3378 3351 3459 sapientia
3367 3425 3388 3457 ,
3418 3382 3482 3442 et
3508 3383 3754 3460 quanta
3791 3380 3942 3444 foris

2407 3484 2698 3567 exempla
2724 3486 2955 3566 scripta
2982 3484 3110 3548 sint
3128 3532 3145 3562 ,
3176 3484 3321 3566 quis
3346 3489 3554 3567 posset
3583 3486 3802 3552 scire?
3828 3486 3944 3551 Le-

2410 3609 2564 3674 gere
2584 3596 2799 3655 tamen
2827 3608 3077 3674 semper
3095 3591 3398 3656 debemus
3420 3591 3489 3654 in
3507 3591 3629 3656 hoc
3649 3591 3844 3658 libro.
3871 3595 3944 3659 Et

2410 3698 2566 3782 quid
2589 3699 2678 3762 ibi
2694 3697 3286 3780 legiturtLamenta
3301 3698 3369 3762 in
3390 3699 3653 3777 mundo;
3688 3719 3944 3766 carmen

2411 3807 2481 3870 in
2507 3805 2704 3885 coelo;
2738 3823 2839 3871 vae
2865 3805 2934 3869 in
2953 3805 3216 3889 judicio,
3247 3804 3405 3870 Ecce
3432 3805 3644 3887 qualia
3675 3811 3944 3890 scripta,

2414 3912 2628 3995 qualia
2651 3913 2987 3996 privilegia
3006 3911 3398 3996 possidendae
3422 3912 3817 3979 haereditatis
3843 3934 3951 3980 no-

2415 4021 2514 4085 his
2537 4020 2744 4084 danda
2767 4022 2919 4084 sunt
2941 4069 2957 4097 ,
2986 4020 3217 4101 quibus
3242 4018 3497 4083 rubrica
3540 4023 3605 4084 et
3631 4020 3817 4087 bulla
3844 4042 3954 4106 ap·

2418 4127 2623 4211 posita
2663 4131 2779 4191 est.
2824 4126 3096 4191 Joannes
3137 4125 3622 4208 chrysostomus
3651 4130 3700 4171 ²⁸
3734 4152 3754 4194 z
3794 4155 3827 4194 α
3869 4130 3958 4198 Ne

2419 4234 2662 4317 aliquid
2702 4233 3003 4298 doctrinae
3029 4231 3257 4296 Christi
3286 4233 3557 4315 deesset,
3603 4241 3830 4303 secuta
3864 4244 3959 4304 est

2419 4345 2655 4422 forma3
2698 4359 2844 4425 quae
2889 4342 3031 4405 ideo
3072 4341 3154 4406 ad
3197 4341 3425 4406 ultima
3466 4341 3657 4407 dilata
3702 4350 3804 4410 est
3821 4395 3839 4425 ,
3887 4351 3958 4411 ut

2422 4452 2604 4534 quasi
2631 4450 2754 4534 piae
2781 4449 3164 4513 haereditatis
3188 4452 3633 4514 testamentum
3677 4452 3803 4516 tilii
3849 4472 3957 4517 su-

2423 4560 2712 4644 perstites
2768 4575 2844 4621 eo
2880 4556 3169 4621 devotius
3205 4556 3746 4638 amplecterentur
3764 4607 3784 4639 ,
3833 4578 3961 4642 quo

2426 4670 2658 4734 Christi
2685 4666 3004 4748 sanguine
3029 4664 3260 4747 scripta
3282 4663 3630 4747 privilegia
3657 4663 3963 4729 manifes-

2427 4778 2553 4842 tius
2581 4775 2914 4851 viderunt,
2947 4776 3010 4836 et
3039 4771 3333 4853 imposita
3372 4770 3546 4835 bulla
3575 4770 3964 4854 impressam

2426 4881 2798 4949 obedientiae
2823 4880 2964 4962 ejus
2989 4878 3363 4958 imaginem.
3388 4899 3419 4937 s

2966 5055 3253 5128 SERMO
3297 5057 3415 5128 IV.

2515 5211 2683 5276 Tunc
2709 5203 3010 5273 videbunt
3025 5201 3275 5269 Filium
3299 5199 3578 5268 hominis
3599 5202 3966 5271 venientem

2431 5345 2468 5381 ¹¹
2500 5346 2672 5408 Greg„
2702 5338 2906 5402 uon-al„
2936 5335 3024 5388 lib.
3051 5333 3247 5397 XVm,
3279 5346 3325 5383 c.
3354 5343 3529 5397 xxvu,
3557 5333 3623 5384 al.
3653 5344 3761 5399 mr,
3796 5350 3854 5388 n.
3886 5340 3967 5388 85.

2430 5443 2484 5454 —
2519 5418 2560 5451 ¹²
2584 5413 2786 5475 Ezech„
2810 5423 2871 5474 11,
2897 5412 2945 5461 9.
2975 5434 3038 5447 -
3063 5405 3108 5442 ¹⁸
3132 5406 3243 5456 lmo
3269 5405 3420 5470 Oper.
3444 5404 3646 5469 impert.
3673 5406 3728 5456 in
3759 5408 3964 5469 Halm„

2427 5489 2569 5538 hom.
2598 5497 2743 5548 κισ,
2774 5482 3036 5547 chrysost.
3072 5479 3206 5528 inter
3247 5474 3436 5541 spuria.
3466 5502 3529 5514 -
3555 5477 3624 5541 (α)
3657 5476 3791 5530 Cat.
3839 5478 3962 5530 edit.

2428 5559 2772 5613 Durabiles.—
2800 5556 2870 5619 (b)
2888 5552 3121 5605 tertio.—
3140 5549 3202 5615 (c)
3227 5547 3476 5600 Nobis.-
3498 5547 3571 5613 (d)
3592 5555 3803 5614 quarto.
