4059 6317
643 507 763 568 124

645 635 983 717 virginum
1007 635 1253 700 ratione
1281 651 1418 700 suae
1443 633 1841 718 perfectionis
1881 652 1997 718 per
2023 652 2171 699 cen-

643 743 943 810 tesimum
969 760 1312 808 numerum
1335 742 1733 823 designatur.
1768 740 1944 807 Unde
1968 760 2007 806 a
2033 760 2177 806 cen-

645 850 873 916 tesimo
897 853 962 914 et
987 849 1277 933 deinceps
1293 898 1311 930 ,
1343 849 1586 914 ratione
1612 866 1749 915 suae
1777 849 2178 932 perfectionis

647 961 710 1023 et
744 942 1118 1036 nobilitatis,
1145 957 1214 1021 in
1239 957 1567 1022 dexteram
1595 960 2022 1037 computatur.
2056 956 2177 1021 Ta-

648 1083 797 1130 men
821 1064 905 1130 ad
932 1065 1406 1131 dilucidandum
1432 1065 1664 1129 melius
1704 1065 1978 1130 verbum
2024 1083 2176 1148 pro·

648 1172 962 1256 positum,
992 1189 1191 1254 qnare
1234 1172 1303 1236 in
1348 1173 1470 1237 isto
1510 1190 1782 1237 numero
1801 1220 1821 1252 ‚
1852 1176 1916 1237 et
1939 1190 2074 1237 non
2110 1172 2181 1237 in

649 1279 775 1345 alio
790 1327 808 1359 ‚
837 1278 1041 1344 voluit
1079 1278 1243 1344 Deus
1267 1278 1626 1362 exprimere
1652 1279 1879 1344 merita
1923 1279 2184 1344 illorum

650 1387 846 1451 trium
889 1389 1211 1451 statuum:
1264 1404 1395 1451 non
1429 1388 1526 1450 est
1566 1386 2185 1469 praetermittendum

652 1493 825 1577 quod
847 1494 1067 1558 dicunt
1095 1493 1163 1557 in
1192 1496 1331 1558 arte
1357 1493 1845 1574 computationis
1864 1494 2072 1577 periti,
2107 1512 2185 1559 eo

652 1600 827 1684 quod
849 1617 964 1684 per
990 1599 1115 1664 hoc
1141 1598 1319 1663 velut
1344 1597 1686 1662 artificialis
1712 1601 1778 1662 et
1802 1600 2059 1682 propria
2083 1600 2185 1666 vi-

654 1707 906 1772 debitur
931 1705 1357 1789 appropriatio
1393 1705 1770 1771 meritorum
1809 1705 1890 1770 ad
1936 1708 2183 1772 merita.

655 1815 974 1881 Numerus
1027 1813 1203 1878 enim
1253 1813 1606 1894 digitorum
1649 1813 1842 1878 habet
1884 1813 2023 1878 fleri
2073 1832 2188 1897 per

656 1923 939 2007 quinque
965 1921 1200 2002 digitos
1233 1939 1462 1985 manus
1475 1969 1498 2001 ,
1536 1938 1697 2004 quos
1719 1921 1907 2004 periti
1947 1921 2017 1985 in
2052 1926 2189 1988 arte

657 2031 748 2095 sic
790 2030 1145 2114 appellant,
1195 2026 1483 2092 videlicet
1529 2027 1819 2111 pollicem
1840 2077 1860 2105 ,
1889 2028 2186 2110 indicem,

657 2138 967 2213 medium,
995 2136 1314 2202 medicum
1334 2184 1351 2215 ,
1383 2135 1827 2201 auricularem.
1857 2134 2190 2201 Rationem

658 2264 813 2313 vero
852 2261 1053 2329 quare
1097 2244 1189 2308 sic
1228 2261 1343 2326 per
1400 2243 1692 2308 ordinem
1747 2243 2188 2322 nominantur,

657 2354 900 2418 ratione
939 2351 1264 2416 brevitatis
1303 2350 1550 2415 omitto.
1580 2350 1974 2415 Auricularis
1992 2400 2011 2431 ,
2055 2352 2191 2417 sive

656 2462 899 2544 digitus
928 2478 1165 2543 parvus
1183 2507 1200 2536 ‚
1229 2459 1297 2523 in
1325 2458 1538 2541 palma
1565 2459 1808 2542 positus
1833 2458 1967 2522 sive
2003 2459 2194 2523 refle-

656 2587 801 2648 xus,
822 2568 1035 2650 signat
1055 2566 1390 2631 unitatem.
1413 2564 1537 2631 Sed
1556 2567 1856 2648 medicuS,
1880 2568 1990 2651 qui
2003 2569 2193 2649 juxta

657 2675 936 2757 digitum
975 2691 1286 2756 parvum,
1330 2673 1399 2736 in
1445 2672 1657 2755 palma
1699 2673 1944 2756 positus
1978 2672 2195 2754 signat

657 2780 1023 2845 dualitatem
1088 2798 1238 2844 cum
1292 2778 1654 2844 auriculari.
1713 2778 1960 2843 Medius
2011 2796 2192 2858 vero,

658 2889 769 2972 qui
817 2891 912 2952 est
950 2887 1017 2950 in
1062 2887 1273 2952 medio
1311 2885 1664 2967 digitorum
1684 2933 1702 2965 ,
1732 2886 1956 2950 eodem
2006 2886 2195 2951 modo

660 2994 903 3078 positus
929 3009 1077 3058 cum
1113 2992 1428 3076 praedictis
1452 2992 1706 3057 duobus
1724 3040 1744 3072 ,
1773 2993 1988 3074 signat
2012 2993 2195 3057 trini·

664 3105 879 3166 tatem.
914 3099 1144 3165 Deinde
1172 3098 1524 3164 secundum
1545 3099 1740 3163 istum
1774 3099 2039 3164 modum
2064 3117 2198 3163 non

662 3211 760 3273 est
784 3207 954 3272 ultra
978 3205 1352 3289 procedere:
1386 3205 1494 3270 sed
1523 3205 1896 3270 auricularis
1924 3211 2194 3286 erectus,

663 3313 873 3378 medio
898 3316 961 3380 et
1000 3311 1242 3377 medico
1276 3314 1524 3394 jacente
1552 3313 1788 3394 signat,
1812 3315 2197 3396 quaternita-

665 3424 818 3483 tem.
845 3419 1098 3485 Jacente
1125 3436 1280 3484 vero
1306 3419 1515 3484 medio
1547 3420 1620 3483 in
1644 3418 1856 3503 palma
1871 3468 1891 3499 ,
1916 3424 1981 3484 et
2017 3422 2198 3486 auri-

663 3526 898 3592 cularis
928 3529 991 3590 et
1003 3525 1268 3590 medius
1303 3530 1550 3591 erectus
1571 3573 1588 3602 ‚
1631 3526 1848 3607 signat
1886 3527 2194 3611 quinque.

664 3634 905 3700 Medico
954 3637 1169 3699 autem
1210 3635 1460 3716 jacente
1508 3650 1658 3697 cum
1706 3633 2092 3716 auriculari,
2135 3640 2201 3702 et

663 3740 913 3807 medius
935 3743 1207 3819 erectus,
1239 3740 1456 3821 signat
1472 3757 1607 3804 sex.
1631 3740 1790 3806 Item
1821 3742 2200 3809 auricularis

663 3848 881 3929 signat
923 3850 1222 3912 extensus
1260 3851 1436 3925 octo;
1474 3846 1582 3910 sed
1621 3847 1868 3912 medius
1909 3848 2200 3915 similiter

663 3964 967 4023 extensus
999 3957 1211 4039 signat
1237 3973 1506 4034 novem;
1536 3955 1729 4020 index
1773 3974 1927 4021 vero
1953 3958 2200 4040 positus

662 4066 731 4130 in
751 4065 957 4130 medio
983 4063 1229 4147 pollice,
1259 4063 1473 4128 decem
1493 4084 1510 4140 ;
1541 4062 1650 4127 sed
1674 4080 1789 4145 per
1814 4067 2200 4147 conjunctio-

662 4190 810 4236 nem
849 4176 1085 4235 rectam
1124 4169 1348 4235 indicis
1390 4170 1471 4233 ad
1513 4169 1804 4251 pollicem
1815 4216 1837 4249 ,
1884 4189 2201 4238 numerus

662 4278 1043 4342 centesimus
1095 4277 1408 4358 signatur.
1455 4274 1575 4340 Per
1629 4276 2000 4359 amplexum
2045 4297 2201 4345 vero

662 4389 920 4454 mollem
946 4392 1011 4453 et
1045 4388 1555 4470 conjunctionem
1583 4385 1825 4470 pollicis
1860 4393 1924 4453 et
1954 4390 2199 4471 indicis,

665 4496 1039 4561 tricenarius
1092 4512 1404 4561 numerus
1458 4496 1791 4577 signatur:
1844 4513 1959 4578 per
2005 4517 2199 4581 quem

666 4622 1014 4668 numerum
1054 4621 1208 4668 sane
1241 4620 1529 4684 congrue
1563 4602 1870 4668 Dominus
1898 4606 2201 4669 meritum

671 4712 1158 4793 conjugatorum
1223 4710 1572 4792 expressit,
1629 4716 1884 4794 propter
1944 4712 2204 4778 illorum

674 4818 932 4883 mollem
984 4818 1351 4901 amplexum
1391 4821 1455 4882 et
1504 4817 1804 4882 unionem
1859 4820 2201 4887 carnalem.

676 4926 875 4993 Index
923 4926 1235 5009 siquidem
1274 4925 1542 4989 firmiter
1585 4924 1965 4996 constrictus
2011 4945 2208 5010 super

671 5036 962 5121 pollicem
989 5035 1060 5099 in
1086 5033 1344 5099 modum
1373 5031 1576 5096 crucis
1592 5079 1609 5112 ,
1644 5049 1992 5098 numerum
2019 5052 2208 5101 sexa·

674 5144 996 5226 gesimum
1020 5141 1252 5224 signat.
1293 5138 1413 5204 Per
1437 5156 1635 5223 quem
1677 5157 2024 5206 numerum
2052 5161 2207 5209 con-

675 5249 998 5315 venienter
1005 5246 1697 5329 intelligiturmeritum
1716 5247 2205 5332 continentium,

671 5373 948 5439 quorum
982 5354 1117 5421 vita
1154 5356 1250 5420 e'st
1287 5353 1570 5422 restricta
1605 5371 1647 5422 a
1685 5353 2068 5439 voluptuosa
2105 5357 2213 5424 de-

738 5480 945 5543 ¹va.,
973 5491 1056 5545 111,
1089 5481 1166 5533 u.

1735 499 2151 566 SERMONES
2190 500 2293 567 DE
2331 503 2724 573 TEMPORE.

2281 637 2610 707 lactatione
2634 640 2841 707 carnis
2865 659 2980 725 per
3017 638 3584 723 superpositionem
3610 636 3801 702 ratio-

2281 744 2384 809 nis
2426 746 2507 811 ad
2531 747 2999 813 sensualitatem
3022 793 3040 825 ,
3081 748 3339 830 propter
3380 743 3801 809 voluntariam

2283 854 2783 937 assumptionem
2806 854 3033 919 crucis.
3067 850 3189 916 Sed
3217 870 3331 934 per
3367 850 3803 926 centesimum,

2284 963 2468 1044 cujus
2490 961 2874 1045 computatio
2890 1009 2911 1041 ,
2941 959 3183 1026 ratione
3222 976 3358 1023 suae
3390 957 3807 1041 perfectionis,

2286 1067 2358 1131 fit
2384 1085 2497 1151 per
2520 1073 2760 1133 rectam
2783 1068 3006 1132 indicis
3031 1066 3539 1148 conjunctionem
3564 1065 3645 1128 ad
3672 1062 3812 1145 pol-

2285 1173 2470 1239 licem
2493 1224 2515 1255 ,
2545 1175 2727 1242 valde
2752 1178 3076 1257 eleganter
3103 1173 3484 1256 exprimitur
3515 1170 3812 1235 meritum

2287 1281 2676 1363 virginitatis
2718 1283 2962 1348 ratione
3002 1300 3139 1346 suae
3188 1277 3585 1362 perfectionis
3600 1325 3621 1357 ,
3669 1276 3819 1360 quia

2289 1388 2578 1470 virgines
2615 1389 2817 1456 vitam
2862 1389 3215 1471 angelicam
3255 1390 3321 1451 et
3354 1384 3674 1451 coelestem
3689 1431 3711 1464 ,
3753 1384 3819 1446 in

2289 1499 2599 1577 quantum
2624 1500 2918 1580 possunt,
2945 1496 3210 1561 ducunt.

2372 1604 2582 1669 Tertio
2609 1605 2677 1668 in
2703 1605 2899 1668 verbo
2928 1603 3246 1686 proposito
3286 1603 3545 1665 notatur
3586 1598 3820 1682 recepti

2292 1713 2548 1776 seminis
2572 1717 2979 1794 temporanea
3001 1708 3415 1788 fructificatio,
3445 1725 3599 1771 cum
3620 1706 3772 1770 dicit
3802 1727 3819 1769 ε

2298 1823 2603 1887 mlum
2628 1818 2910 1903 afferunt
2925 1819 3354 1902 inpatientia.
3386 1813 3548 1880 Nam
3571 1814 3688 1894 illi,
3714 1812 3824 1896 qui

2295 1927 2503 2011 primo
2546 1929 2989 2010 purgaverunt
3037 1942 3148 1989 cor
3198 1942 3239 1987 a
3287 1922 3486 2006 spinis
3527 1920 3824 1985 omnium

2295 2037 2724 2119 peccatorum,
2752 2037 2818 2098 et
2841 2034 3213 2115 receperunt
3234 2029 3504 2095 verbum
3528 2044 3825 2095 reveren·

2294 2147 2393 2208 ter
2417 2160 2566 2207 cum
2589 2141 2819 2205 mentis
2844 2138 3251 2222 quietatione,
3280 2135 3558 2202 afferunt
3582 2139 3829 2217 specta-

2293 2252 2489 2317 bilem
2516 2251 2795 2314 fructum
2822 2247 3111 2331 puritatis
3131 2251 3195 2311 et
3225 2247 3305 2329 (a)
3333 2244 3672 2309 munditiae
3691 2243 3829 2326 pul·

2296 2357 2699 2422 chriflcantis.
2730 2355 3022 2421 Secundo
3057 2353 3171 2437 qui
3196 2371 3306 2418 cor
3348 2350 3832 2434 compleverunt

2296 2465 2479 2548 aquis
2502 2463 3011 2546 lacrymabilium
3033 2458 3617 2543 compunctionum,
3642 2461 3708 2522 et
3735 2475 3835 2521 re-

2297 2575 2627 2639 tinuerunt
2652 2572 2786 2635 sive
2813 2569 3215 2634 crediderunt
3239 2565 3512 2632 verbum
3536 2563 3829 2641 firmiter,

2298 2681 2576 2746 afferunt
2598 2681 2876 2744 fructum
2893 2674 3117 2742 utilem
3137 2672 3437 2738 claritatis
3463 2671 3832 2753 intelligen-

2299 2787 2430 2867 tiae,
2463 2786 2689 2868 gratiae
2713 2782 3153 2849 illuminantis.
3191 2779 3404 2845 Tertio
3434 2778 3562 2858 illi,
3595 2779 3716 2860 qui
3743 2779 3839 2842 in-

2299 2895 2793 2960 flammaverunt
2817 2909 2929 2956 cor
2953 2887 3258 2953 incendiis
3275 2885 3651 2952 divinorum
3678 2885 3840 2949 desi-

2301 3001 2646 3082 deriorum,
2665 3004 2729 3065 et
2742 2999 3192 3064 intellexerunt
3211 2995 3481 3061 verbum
3496 2993 3836 3076 diligenter

2304 3127 2454 3173 cum
2499 3107 2710 3190 operis
2761 3106 3130 3170 executione
3150 3151 3169 3183 ,
3218 3101 3494 3166 afferunt
3551 3101 3837 3164 fructum

2302 3213 2735 3278 oblectabilem
2773 3210 3212 3276 familiaritatis
3238 3208 3473 3275 divinae
3499 3207 3839 3273 dulcoran-

2304 3321 2408 3385 tis.
2441 3320 2519 3385 Et
2544 3321 2636 3384 sic
2660 3319 2802 3383 talis
2829 3319 3073 3384 tructus
3106 3320 3204 3380 est
3228 3317 3527 3399 optinum,
3558 3333 3639 3380 eo
3666 3314 3839 3398 quod

2303 3428 2497 3493 habet
2513 3426 2966 3510 speciositatem
2996 3425 3062 3488 in
3088 3427 3365 3507 aspectu,
3405 3422 3749 3488 utilitatem
3776 3424 3841 3486 in

2304 3536 2558 3614 affectu,
2587 3537 2652 3598 et
2671 3532 3143 3597 deliciositatem
3170 3530 3240 3593 in
3269 3531 3492 3610 gustu.

2386 3641 2599 3707 Primo
2626 3658 2811 3722 ergo,
2839 3638 2950 3722 qui
2972 3643 3508 3720 expurgaverunt
3524 3654 3635 3702 cor
3660 3656 3701 3704 a
3726 3641 3845 3721 spi-

2306 3750 2408 3814 nis
2431 3748 2722 3816 omnium
2746 3749 3144 3830 peccatorum
3172 3749 3236 3809 et
3262 3744 3591 3823 vitiorum,
3632 3750 3700 3810 et
3738 3764 3844 3810 re-

2306 3858 2615 3939 ceperunt
2657 3854 2929 3918 verbum
2979 3855 3343 3917 reverenter
3399 3869 3550 3916 cum
3611 3853 3845 3918 mentis

2307 3964 2692 4048 quietatione
2706 4010 2725 4041 ,
2776 3961 3053 4025 afferunt
3107 3958 3508 4042 spectabilem
3563 3959 3843 4024 fructum

2308 4071 2600 4155 puritatis
2649 4073 2713 4132 et
2767 4071 2875 4152 (a)·
2912 4066 3245 4131 munditiae
3300 4065 3838 4149 pulchrificantis;

2307 4179 2476 4245 unde
2502 4178 2733 4242 dicitur
2755 4178 2774 4213 ¹
2803 4194 2820 4239 :
2851 4199 2885 4237 ιι
2925 4175 3144 4240 Melior
3184 4180 3281 4238 est
3326 4174 3660 4258 acquisitio
3707 4178 3847 4258 ejus

2310 4285 2720 4369 acquisitione
2746 4286 2887 4349 auri
2915 4288 2979 4348 et
3001 4284 3252 4365 argenti
3274 4282 3498 4365 primi,
3539 4285 3605 4345 et
3630 4282 3840 4365 puris-

2311 4393 2455 4459 simi
2480 4373 2718 4458 fructus
2743 4394 2799 4475 ej
2809 4411 2903 4456 us.
2943 4413 2974 4452 υ
3010 4390 3083 4455 In
3121 4389 3311 4454 avida
3350 4389 3523 4453 enim
3568 4389 3841 4473 acquisi-

2310 4502 2484 4567 tione
2507 4501 2648 4565 auri
2676 4503 2739 4564 et
2759 4498 3031 4580 argenti,
3060 4495 3275 4578 cupidi
3315 4498 3380 4560 et
3418 4496 3595 4560 avari
3640 4495 3844 4561 homi·

2312 4627 2425 4674 nes
2478 4608 2645 4672 fiunt
2687 4606 3023 4671 deteriores
3044 4652 3062 4684 ,
3118 4603 3244 4667 Deo
3286 4607 3351 4667 et
3406 4601 3657 4684 angelis
3704 4604 3849 4668 abo-

2313 4715 2611 4793 minales,
2664 4717 2728 4777 et
2774 4712 2966 4776 etiam
3011 4709 3412 4774 daemonibus
3456 4709 3525 4771 in
3569 4709 3851 4774 foeditate

2314 4824 2519 4906 culpae
2544 4819 2811 4896 similes;
2856 4816 2966 4882 sed
3000 4816 3071 4880 in
3107 4815 3523 4898 acquisitione
3560 4815 3852 4898 pulchri-

2313 4929 2553 4996 tudinis
2589 4924 2940 5003 munditiae,
2985 4941 3133 5007 quae
3174 4921 3460 4986 consistit
3492 4922 3561 4984 in
3606 4923 3852 4987 unitate

2316 5037 2565 5120 gratiae,
2594 5038 2659 5097 et
2678 5031 2957 5097 trinitate
2973 5030 3290 5096 virtutum
3313 5028 3847 5110 theologicarum,

2316 5144 2551 5209 scilicet
2578 5140 2750 5218 fidei,
2779 5138 2915 5222 spei
2940 5140 3003 5202 et
3025 5135 3370 5215 charitatis,
3401 5136 3618 5199 anima
3640 5136 3851 5201 reddi-

2318 5255 2426 5318 tur
2449 5250 2574 5316 Deo
2611 5245 2930 5324 amabilis,
2972 5241 3219 5324 angelis
3260 5240 3698 5308 desiderabilis
3720 5291 3738 5323 ‚
3792 5245 3853 5306 et

2318 5358 2511 5425 etiam
2554 5352 2950 5421 daemonibus
3007 5347 3306 5415 terribilis
3357 5367 3377 5414 ε
3426 5354 3687 5436 propter
3731 5350 3851 5420 hoc

2387 5482 2452 5550 (a)
2484 5482 2607 5536 Gai.
2639 5479 2765 5533 edit.
2791 5477 2940 5530 οηιίε.
2967 5477 3039 5530 et.
