4059 6317
635 466 756 529 ³30

629 706 1059 789 profunditate
1075 753 1098 786 ‚
1142 723 1420 786 magnos
1446 706 1735 787 pasceret
1775 702 2045 770 veritate
2061 750 2083 781 ,
2118 706 2185 768 et

632 813 935 896 parvulos
950 814 1225 880 nutriret
1237 813 1628 878 affabilitate.
1651 811 1834 877 Foris
1852 812 2178 890 admonet,

628 921 801 986 intus
826 921 1029 1003 docet,
1061 922 1393 987 audientes
1422 921 1495 985 in
1521 919 1754 984 melius
1784 922 2176 997 commutat3

628 1034 693 1094 et
736 1029 878 1094 ideo
920 1046 1054 1093 non
1095 1029 1339 1094 fuimus
1371 1028 1462 1112 (a)
1506 1027 1649 1093 ausi
1689 1045 1843 1092 eum
1882 1044 2183 1109 compre-

627 1138 928 1203 hendere.
953 1137 1081 1205 Nec
1106 1137 1375 1218 mirum,
1404 1138 1459 1201 si
1489 1136 1580 1202 sic
1604 1136 2008 1220 loquebatur,
2026 1135 2182 1219 quia

627 1246 763 1329 ipse
811 1249 928 1325 est,
960 1246 1314 1312 secundum
1356 1245 1707 1312 adventum
1747 1245 1820 1309 in
1868 1247 2177 1321 mentem,

627 1352 744 1418 lux
759 1353 1189 1420 illuminativa
1200 1355 1492 1419 omnium
1507 1353 1976 1438 prophetalium
1989 1352 2180 1417 visio-

628 1479 816 1542 num,
832 1466 895 1527 et
908 1461 1260 1528 secundum
1283 1463 1633 1528 adventum
1648 1462 1717 1525 in
1733 1478 2016 1541 carnem,
2041 1478 2179 1526 ver·

627 1569 790 1635 bum
814 1570 1309 1653 approbativum
1355 1566 1648 1635 omnium
1674 1568 2172 1653 prophetalium,

627 1682 692 1742 et
715 1678 1166 1743 instructivum
1182 1678 1478 1742 omnium
1498 1678 1989 1760 apostolicarum
2009 1677 2181 1743 locu-

627 1785 903 1851 tionum.
932 1784 1111 1851 Unde
1136 1786 1275 1868 ipse
1300 1787 1533 1869 estqui
1555 1784 1798 1851 revelat
1812 1785 2180 1851 abscondita

628 1893 998 1960 divinorum
1026 1895 1457 1975 occultorum,
1485 1895 1637 1978 quia
1663 1893 1781 1958 lux
1806 1893 2047 1959 divinae
2073 1911 2175 1958 sa-

626 2002 885 2085 pientiae
911 2020 1062 2067 cum
1090 2007 1229 2085 ipso
1256 2005 1374 2082 est,
1405 2001 1546 2066 sine
1568 2019 1700 2085 qua
1724 2000 1945 2066 nullus
1971 2004 2179 2084 potest

628 2110 930 2175 devenire
955 2110 1036 2175 ad
1072 2113 1313 2174 certam
1340 2108 1490 2174 fidei
1516 2106 1976 2175 revelationem
1998 2154 2017 2188 ,
2051 2108 2178 2171 nisi

626 2233 744 2300 per
766 2216 1117 2283 adventum
1144 2217 1216 2282 in
1244 2219 1528 2281 mentem
1555 2219 1618 2280 et
1641 2215 1711 2279 in
1742 2233 2025 2280 carnem.

702 2324 916 2391 Tertio
958 2324 1247 2390 Christus
1292 2322 1676 2388 excellenter
1718 2322 1950 2388 dicitur
1995 2322 2175 2390 homo

624 2442 884 2520 propter
907 2433 1380 2498 virtuositatem
1427 2429 1737 2495 mirabilis
1763 2430 2063 2513 potentiae
2103 2430 2174 2494 in

623 2543 991 2626 operatione
1041 2539 1398 2605 multorum
1446 2539 1946 2618 miraculorum;
2002 2538 2174 2603 unde

622 2652 916 2717 dicebant
949 2650 1258 2717 Pharisaei
1286 2655 1307 2691 ¹
1344 2669 1360 2711 ε
1412 2671 1445 2709 α
1488 2647 1653 2726 Quid
1682 2648 1949 2713 tacimus
1966 2696 1984 2729 ,
2018 2647 2176 2732 quia

624 2761 729 2825 hic
752 2761 950 2825 homo
976 2758 1182 2823 multa
1206 2758 1398 2841 signa
1424 2758 1615 2823 tacit?
1630 2779 1662 2818 n
1690 2757 1855 2823 Nam
1882 2762 2175 2823 mortuos

625 2868 977 2949 suscitavit,
1009 2868 1223 2951 lepros
1249 2867 1613 2948 mundavit,
1628 2885 1829 2933 caecos
1854 2867 2174 2933 illumina-

624 2976 740 3055 vit,
760 2975 1018 3042 claudos
1039 2979 1103 3041 et
1128 2979 1480 3040 contractos
1506 2974 1814 3054 extendit,
1834 2992 2172 3057 oppressos

623 3103 665 3147 a
700 3084 1036 3149 daemoniis
1077 3083 1405 3164 liberavit,
1460 3087 1525 3147 et
1563 3100 1827 3148 omnem
1868 3083 2171 3147 morbum

625 3193 904 3273 curavit;
932 3195 996 3257 et
1020 3194 1236 3257 tamen
1259 3196 1519 3274 propter
1554 3190 1664 3256 illa
1690 3192 1862 3256 bona
1887 3209 2026 3271 vos,
2056 3209 2169 3257 ne-

624 3299 919 3384 quissimi
944 3298 1147 3364 ludaei
1167 3347 1188 3378 ,
1218 3316 1365 3382 quae
1392 3303 1693 3383 operatus
1718 3302 1815 3363 est
1849 3299 1919 3363 in
1947 3298 2131 3364 vobis
2145 3345 2167 3378 ,

625 3407 918 3491 quaeritis
942 3424 1093 3471 eum
1121 3408 1501 3471 interficere.
1545 3404 1595 3471 Ο
1637 3405 1889 3470 insania
1932 3409 1997 3469 et
2022 3423 2165 3487 per-

624 3516 896 3580 versitas
921 3513 1240 3579 maximat
1270 3512 1623 3578 irascimini
1650 3512 1923 3591 sananti,
1949 3516 2012 3578 et
2039 3531 2170 3578 non

623 3622 976 3687 irascimini
1014 3620 1405 3687 vulneranti.

704 3731 1000 3796 Secundo
1059 3728 1545 3795 commendatur
1596 3730 1904 3795 Dominus
1955 3733 2171 3795 noster

624 3839 706 3904 ab
734 3837 1063 3904 affluentia
1103 3836 1518 3902 redundantis
1557 3837 1945 3920 copiositatis
1967 3883 1985 3916 ,
2017 3854 2168 3902 cum

625 3947 881 4013 subdit:
914 3947 1091 4013 Fecit
1116 3960 1362 4011 coenam
1388 3960 1714 4028 magnam.
1742 3943 1904 4010 Vere
1927 3962 2171 4026 magna

625 4062 688 4121 et
713 4057 1032 4120 immensa
1059 4059 1154 4119 est
1180 4072 1364 4118 coena
1387 4053 1528 4117 ista.
1562 4051 1726 4119 Nam
1752 4054 1809 4117 si
1844 4053 2011 4117 mica
2039 4073 2170 4119 una

623 4159 807 4223 istius
841 4175 1035 4223 coenae
1060 4175 1193 4222 non
1215 4156 1524 4239 proevalet
1549 4157 1940 4236 enumerari,
1962 4157 2169 4223 multo

622 4266 842 4330 minus
867 4266 1138 4349 abyssus
1155 4266 1221 4329 et
1246 4267 1380 4330 tota
1404 4281 1588 4329 coena
1607 4263 1839 4347 poterit
1853 4263 1935 4328 ab
1952 4263 2169 4347 aliquo

621 4373 954 4484 explicari:
957 4371 1062 4438 Ut
1098 4372 1302 4454 igitur
1326 4371 1569 4455 aliquid
1595 4370 1673 4436 de
1713 4371 2031 4437 affluentis
2055 4390 2169 4437 re-

623 4445 991 4572 dundautia
987 4458 1378 4568 copiositatis
1392 4480 1578 4544 istius
1596 4497 1796 4565 coenae
1808 4479 2168 4547 balbutiens

622 4589 863 4669 dicam,
898 4563 1106 4671 potest
1144 4587 1270 4653 dici
1314 4570 1487 4670 quod
1531 4587 1659 4652 tria
1699 4592 1891 4652 erunt
1933 4587 2003 4652 in
2047 4588 2168 4653 ista

621 4713 828 4773 eoena,
858 4710 1008 4778 quse
1036 4693 1411 4776 diligentius
1439 4693 1835 4759 considerata
1851 4713 1992 4778 ,qu
1976 4695 2166 4760 usli-

620 4802 726 4868 bet
753 4802 1043 4867 animum
1070 4800 1143 4864 in
1170 4802 1313 4883 ejus
1339 4800 1915 4883 concupiscentiam
1938 4819 2168 4883 provo-

619 4914 788 4974 cant.
842 4907 1135 4974 Primum
1193 4912 1290 4973 est
1335 4908 1702 4991 jucunditas
1754 4909 2166 4975 exultationis

617 5016 996 5083 laetiflcanfis
1018 5065 1036 5098 ,
1097 5020 1360 5101 propter
1415 5016 1870 5100 refulgentiam
1927 5018 2165 5085 divinae

619 5125 919 5191 claritatis
935 5148 953 5206 ;
973 5126 1327 5194 secundum
1338 5130 1435 5192 est
1449 5126 1783 5210 copiositas
1803 5128 2165 5195 refectionis

683 5327 697 5356 ¹
741 5325 908 5390 Joan„
954 5337 1039 5388 ιιι,
1086 5325 1165 5374 47.
1202 5348 1263 5361 —
1303 5321 1327 5355 ¹
1368 5323 1509 5374 idem
1540 5323 1648 5389 jam
1694 5324 1815 5376 alibi
1853 5325 2070 5378 dixerat.
2098 5353 2162 5366 —

618 5394 832 5527 ’Βιιίιιιικη
861 5408 979 5458 xlx,
1027 5397 1104 5451 17.
1132 5420 1192 5434 —
1224 5393 1247 5428 δ
1289 5394 1353 5448 ΙΙΙ
1395 5393 1567 5459 Εεάν.,
1603 5408 1695 5461 ιιι,
1733 5401 1779 5460 1,
1816 5395 1952 5449 inter
1982 5411 2158 5466 apocr.

1733 457 2154 527 saauoNss
2195 459 2298 527 ns
2336 457 2734 527 TEMPORE.

631 598 969 682 quemn,
994 602 1071 664 ut
1087 598 1447 664 modom-et
1468 596 1777 680 superbos
1796 595 2184 666 humilitatis
2227 579 2234 584 ’

2287 595 2574 662 satiantis
2594 644 2614 675 ,
2660 603 2919 683 propter
2963 602 3457 672 redundantiam
3497 604 3819 674 immense

2288 704 2619 785 bonitatis;
2649 708 2910 776 tertium
2937 717 3033 778 est
3071 712 3608 797 sempiternalitas
3634 714 3816 778 dura-

2286 813 2478 880 tionis
2503 816 2953 899 continuantis,
2973 824 3233 904 propter
3257 821 3604 886 carentiam
3629 822 3822 890 omni·

2288 922 2498 987 modae
2543 922 3028 991 defectibilitatis
3057 949 3075 993 ε
3107 930 3183 993 ut
3213 928 3305 993 sic
3345 929 3561 993 anima
3602 947 3819 994 secun-

2288 1029 2445 1094 dum
2491 1047 2752 1096 omnem
2801 1034 2903 1098 sui
2951 1036 3301 1118 potentiam
3348 1036 3420 1101 in
3476 1054 3662 1102 ccena
3708 1038 3821 1102 ista

2287 1141 2472 1202 terno
2497 1138 2784 1204 interiori
2810 1141 3096 1225 tripudio
3116 1144 3513 1226 jucundetur
3559 1163 3577 1209 z
3622 1143 3822 1228 primo

2278 1246 2675 1327 jucundetur
2701 1246 2782 1313 de
2807 1247 3095 1316 claritate
3111 1250 3486 1335 splendoris,
3511 1257 3824 1335 quantum

2288 1352 2368 1417 ad
2395 1353 2800 1432 rationalem3
2831 1357 3111 1422 secundo
3138 1358 3405 1424 satietur
3442 1360 3522 1425 de
3564 1361 3824 1445 copiosi-

2285 1462 2416 1525 tate
2442 1460 2842 1540 refectionis,
2888 1468 3206 1546 quantum
3251 1466 3329 1530 ad
3373 1468 3824 1552 concupiscibi-

2285 1566 2448 1648 lem3
2481 1570 2670 1635 tertio
2694 1576 3096 1637 assecnretur
3123 1572 3203 1637 de
3229 1575 3665 1658 sempiternali
3709 1577 3825 1642 du-

2285 1675 2530 1741 ratione
2554 1681 2871 1760 quantum
2896 1679 2981 1746 ad
3007 1678 3439 1748 irascibilem:
3471 1686 3534 1748 et
3575 1683 3704 1751 hoc
3727 1704 3826 1750 se-

2285 1784 2572 1850 cundum
2627 1785 2942 1870 triplicem
2998 1788 3214 1854 dotem
3264 1789 3529 1871 glorias,
3594 1792 3828 1858 scilieet

2284 1895 2523 1975 apertae
2549 1893 2844 1974 visionis,
2877 1896 3117 1978 quietae
3144 1896 3502 1978 fruitionis,
3533 1901 3600 1963 et
3623 1900 3828 1972 flrmae

2282 2001 2583 2067 tentionis
2608 2003 2658 2067 ¹.

2366 2106 2582 2174 Primo
2608 2110 2678 2174 in
2714 2110 2836 2175 ista
2860 2127 3044 2178 coena
3077 2112 3198 2178 erit
3231 2113 3604 2195 jucunditas
3646 2112 3828 2180 exul-

2282 2211 2540 2277 tationis
2588 2212 2970 2282 laetificantis
2987 2264 3005 2296 ,
3062 2222 3326 2300 propter
3376 2218 3830 2300 refulgentiam

2281 2318 2518 2385 divinae
2545 2319 2884 2401 claritatis;
2916 2328 2980 2387 et
3006 2323 3085 2389 de
3111 2324 3233 2389 hoc
3261 2324 3525 2404 dicitur,
3555 2326 3684 2394 sub
3713 2343 3827 2391 no-

2283 2427 2456 2492 mine
2483 2428 2703 2494 avium
2739 2429 3098 2497 volantium
3144 2449 3260 2515 per
3303 2433 3589 2498 medium
3641 2433 3785 2498 coeli
3806 2479 3826 2511 ,

2281 2534 2360 2599 de
2385 2534 2588 2600 beatis
2614 2535 2636 2573 ⁸
2669 2553 2687 2600 ε
2723 2559 2756 2599 ιι
2780 2535 3027 2619 Venite,
3066 2540 3561 2622 congregamini
3602 2541 3690 2607 ad
3717 2557 3829 2605 οω-

2281 2660 2438 2706 nam
2465 2642 2742 2708 Domini.
2774 2666 2806 2705 ιι
2842 2643 3114 2711 Nomine
3141 2648 3315 2712 enim
3342 2648 3565 2712 avium
3599 2648 3823 2713 volan-

2281 2753 2442 2817 tium
2499 2771 2616 2837 per
2660 2755 2945 2821 medium
2991 2757 3134 2822 coeli
3188 2758 3614 2840 designantur
3660 2758 3827 2825 beati

2280 2861 2626 2928 existentes
2651 2864 2722 2932 in
2748 2863 2908 2930 coelo
2937 2882 3269 2949 empyreo,
3295 2868 3410 2950 qui
3442 2866 3659 2934 volatu
3685 2885 3828 2933 con-

2243 3007 2246 3008 ⁷
2277 2970 2408 3033 tem
2415 2969 2710 3052 plationis
2737 2971 3075 3038 elevantur
3100 2974 3182 3038 ad
3206 2974 3567 3040 contuitum
3582 2974 3824 3041 Divini-

2282 3078 2451 3142 tatis.
2485 3078 2625 3143 Istis
2649 3097 2817 3161 ergo
2832 3080 2924 3145 sic
2939 3080 3518 3165 contemplantibus
3544 3082 3823 3148 dicitur:

2289 3183 2515 3254 Venite
2542 3191 2604 3254 et
2626 3189 3100 3270 conareaamae‘ni
3117 3207 3232 3270 per
3247 3189 3667 3256 affectionum
3681 3209 3827 3257 con-

2279 3296 2585 3375 cordiam,
2617 3297 2710 3364 ad
2729 3313 2972 3365 coenam
2996 3315 3296 3382 mannam
3322 3299 3474 3380 Dei,
3504 3318 3639 3366 non
3685 3320 3826 3367 ma-

2279 3404 2565 3470 terialem
2589 3404 2770 3470 lactis
2794 3409 2858 3470 et
2884 3406 3108 3485 mellis,
3139 3407 3303 3471 sicut
3328 3412 3665 3491 expectant
3705 3408 3821 3475 Sa-

2279 3512 2514 3591 raceni,
2543 3512 2698 3595 quia
2722 3511 2900 3576 nulla
2926 3512 3050 3577 erit
3075 3511 3164 3576 ibi
3215 3515 3636 3596 congregatio
3660 3534 3829 3582 esca·

2277 3636 2427 3684 rum
2452 3620 2573 3702 (a);
2609 3619 2719 3684 sed
2747 3618 3184 3701 sapientialem
3202 3667 3222 3700 ,
3253 3620 3323 3684 in
3349 3639 3478 3704 qua
3502 3626 3597 3688 tot
3635 3627 3828 3690 erunt

2277 3727 2541 3808 fercula,
2573 3728 2733 3812 quot
2762 3726 3056 3793 omnium
3083 3745 3307 3793 rerum
3327 3730 3612 3795 rationes
3657 3732 3828 3798 relu-

2279 3838 2423 3899 cent
2465 3834 2535 3898 in
2581 3834 2803 3900 divina
2865 3834 3198 3918 sapientia.
3254 3836 3594 3920 Apponent
3653 3839 3826 3904 enim

2278 3942 2610 4025 spiritibus
2673 3941 3044 4023 glorificatis
3087 3942 3366 4008 rationes
3425 3945 3823 4012 sensibilium

2277 4053 2342 4115 et
2371 4048 2841 4114 insensibilium
2862 4097 2879 4126 ‚
2922 4049 3334 4114 rationalium
3382 4055 3447 4116 et
3485 4052 3822 4120 irrationa-

2277 4156 2465 4236 lium,
2494 4161 2806 4240 tanquam
2848 4157 2918 4221 in
2945 4174 3168 4221 mensa
3194 4156 3541 4223 delectabili
3586 4160 3824 4227 huma-

2278 4263 2495 4328 nitatis
2522 4264 2777 4344 Christi,
2799 4262 2916 4328 Dei
2942 4263 3116 4328 unici
3144 4267 3208 4329 et
3233 4264 3386 4329 trini
3415 4265 3822 4348 pulchritudo

2276 4375 2587 4454 tauquam
2600 4372 2667 4437 in
2682 4369 2937 4455 speculo
2955 4370 3515 4453 pulchril'orrniter.
3539 4372 3620 4438 Et
3635 4392 3821 4459 prop-

2277 4483 2376 4545 ter
2395 4481 2520 4546 hoc
2544 4481 2664 4545 ista
2691 4496 2877 4545 coena
2914 4495 3048 4543 non
3073 4482 3171 4544 est
3195 4479 3579 4562 requirenda
3606 4482 3676 4547 in
3702 4501 3819 4547 ex-

2277 4589 2644 4667 terioribus,
2678 4588 2788 4653 sed
2821 4588 2890 4651 in
2931 4587 3343 4653 interioribus
3359 4637 3377 4669 ,
3428 4590 3583 4672 quia
3626 4591 3817 4673 spiri-

2275 4695 2500 4773 tualis;
2532 4713 2651 4760 nec
2674 4695 2746 4759 in
2768 4695 2996 4760 creatis
3024 4695 3216 4762 rebus
3235 4742 3257 4775 ,
3289 4695 3400 4760 sed
3437 4696 3506 4760 in
3548 4696 3816 4763 causali-

2275 4805 2396 4869 bus
2422 4802 2799 4883 rationibus,
2831 4804 2986 4887 quia
3014 4807 3319 4888 perpetua
3343 4808 3407 4870 et
3431 4805 3815 4890 incorrupti-

2276 4911 2444 4978 bilis.

2354 5019 2647 5087 Secundo
2673 5020 2746 5085 in
2769 5020 2894 5086 ista
2920 5036 3100 5085 coena
3127 5018 3254 5084 erit
3273 5019 3611 5102 copiositas
3625 5020 3819 5087 refec-

2273 5127 2465 5193 tionis
2507 5129 2814 5209 satiantis,
2859 5131 3117 5212 propter
3156 5126 3645 5193 redundantiam
3686 5128 3814 5194 im-

2274 5253 2514 5301 mensas
2547 5235 2881 5314 bonitatis;
2912 5233 3084 5301 unde
3123 5233 3146 5269 ⁸
3186 5255 3220 5295 α
3243 5250 3361 5300 rex
3400 5233 3624 5302 Darius
3667 5235 3816 5302 fecit

2274 5360 2522 5409 coenam
2549 5360 2860 5426 magnam
2881 5341 3181 5410 omnihus
3206 5344 3599 5426 purpuratis,
3630 5365 3663 5406 ιι
3698 5344 3812 5429 qui

2336 5468 2408 5534 (a)
2441 5470 2557 5535 [ες.
2586 5473 2725 5523 sunt.
2753 5495 2807 5508 -
2837 5467 2913 5534 (ὁ)
2943 5468 3067 5521 Cot.
3098 5466 3224 5522 edit.
3251 5482 3560 5523 muscarum.
