<?xml version="1.0" encoding="UTF-8"?>
<!DOCTYPE html PUBLIC "-//W3C//DTD XHTML 1.0 Transitional//EN"
    "http://www.w3.org/TR/xhtml1/DTD/xhtml1-transitional.dtd">
<html xmlns="http://www.w3.org/1999/xhtml" xml:lang="en" lang="en">
 <head>
  <title>
</title>
<meta http-equiv="Content-Type" content="text/html;charset=utf-8" />
  <meta name='ocr-system' content='tesseract 3.04.00' />
  <meta name='ocr-capabilities' content='ocr_page ocr_carea ocr_par ocr_line ocrx_word'/>
</head>
<body>
  <div class='ocr_page' id='page_1' title='image "./srecardinalissb02peltgoog_0021.png"; bbox 0 0 4059 6317; ppageno 0'>
   <div class='ocr_carea' id='block_1_1' title="bbox 292 440 3523 2862">
    <p class='ocr_par' dir='ltr' id='par_1_1' title="bbox 316 440 3523 982">
     <span class='ocr_line' id='line_1_1' title="bbox 3452 440 3523 490; baseline 0 -2"><span class='ocrx_word' id='word_1_1' title='bbox 3452 440 3523 490; x_wconf 83' lang='lat' dir='ltr'><strong>lx</strong></span> 
     </span>
     <span class='ocr_line' id='line_1_2' title="bbox 318 543 3517 636; baseline -0 -12"><span class='ocrx_word' id='word_1_2' title='bbox 318 555 523 625; x_wconf 81' lang='lat' dir='ltr'><strong>monis</strong></span> <span class='ocrx_word' id='word_1_3' title='bbox 549 550 721 620; x_wconf 82' lang='lat' dir='ltr'><strong>tertii</strong></span> <span class='ocrx_word' id='word_1_4' title='bbox 747 550 928 633; x_wconf 69' lang='lat' dir='ltr'><strong>delB.</strong></span> <span class='ocrx_word' id='word_1_5' title='bbox 965 549 1270 634; x_wconf 69' lang='lat' dir='ltr'><strong>Vimine,</strong></span> <span class='ocrx_word' id='word_1_6' title='bbox 1293 547 1408 613; x_wconf 85' lang='lat' dir='ltr'><strong>ubi</strong></span> <span class='ocrx_word' id='word_1_7' title='bbox 1435 544 1680 629; x_wconf 77' lang='lat' dir='ltr'><strong>legitur</strong></span> <span class='ocrx_word' id='word_1_8' title='bbox 1710 566 1726 610; x_wconf 77' lang='lat' dir='ltr'><strong><em>z</em></strong></span> <span class='ocrx_word' id='word_1_9' title='bbox 1766 567 1799 606; x_wconf 73' lang='grc' dir='ltr'><strong>α</strong></span> <span class='ocrx_word' id='word_1_10' title='bbox 1826 543 1988 611; x_wconf 88' lang='lat' dir='ltr'><strong>Nota</strong></span> <span class='ocrx_word' id='word_1_11' title='bbox 2013 544 2195 612; x_wconf 79' lang='lat' dir='ltr'><strong>Pleni</strong></span> <span class='ocrx_word' id='word_1_12' title='bbox 2219 546 2656 631; x_wconf 86' lang='lat' dir='ltr'><strong>proprietates,</strong></span> <span class='ocrx_word' id='word_1_13' title='bbox 2691 570 2853 635; x_wconf 86' lang='lat' dir='ltr'><strong>quas</strong></span> <span class='ocrx_word' id='word_1_14' title='bbox 2885 555 3153 623; x_wconf 76' lang='lat' dir='ltr'><strong>interius</strong></span> <span class='ocrx_word' id='word_1_15' title='bbox 3185 558 3517 636; x_wconf 74' lang='lat' dir='ltr'><strong>annotavi,</strong></span> 
     </span>
     <span class='ocr_line' id='line_1_3' title="bbox 318 662 3521 758; baseline 0.001 -21"><span class='ocrx_word' id='word_1_16' title='bbox 318 676 389 741; x_wconf 88' lang='lat' dir='ltr'><strong>de</strong></span> <span class='ocrx_word' id='word_1_17' title='bbox 409 673 673 758; x_wconf 82' lang='lat' dir='ltr'><strong>quibus,</strong></span> <span class='ocrx_word' id='word_1_18' title='bbox 702 673 774 735; x_wconf 83' lang='lat' dir='ltr'><strong>ut</strong></span> <span class='ocrx_word' id='word_1_19' title='bbox 799 667 1092 744; x_wconf 81' lang='lat' dir='ltr'><strong>memini,</strong></span> <span class='ocrx_word' id='word_1_20' title='bbox 1120 668 1192 731; x_wconf 90' lang='lat' dir='ltr'><strong>in</strong></span> <span class='ocrx_word' id='word_1_21' title='bbox 1224 662 1631 731; x_wconf 72' lang='lat' dir='ltr'><strong><em>Semonibus</em></strong></span> <span class='ocrx_word' id='word_1_22' title='bbox 1650 662 2043 730; x_wconf 79' lang='lat' dir='ltr'><strong>Mortuorum</strong></span> <span class='ocrx_word' id='word_1_23' title='bbox 2061 663 2276 746; x_wconf 86' lang='lat' dir='ltr'><strong>aliqua</strong></span> <span class='ocrx_word' id='word_1_24' title='bbox 2292 663 2450 728; x_wconf 84' lang='lat' dir='ltr'><strong>dixi.</strong></span> <span class='ocrx_word' id='word_1_25' title='bbox 2476 686 2507 725; x_wconf 62' lang='grc' dir='ltr'><strong><em>υ</em></strong></span> <span class='ocrx_word' id='word_1_26' title='bbox 2534 665 2705 734; x_wconf 82' lang='lat' dir='ltr'><strong>Inter</strong></span> <span class='ocrx_word' id='word_1_27' title='bbox 2725 669 3067 739; x_wconf 79' lang='lat' dir='ltr'><strong>Sermones</strong></span> <span class='ocrx_word' id='word_1_28' title='bbox 3081 677 3301 740; x_wconf 86' lang='lat' dir='ltr'><strong>antem</strong></span> <span class='ocrx_word' id='word_1_29' title='bbox 3317 674 3521 739; x_wconf 87' lang='lat' dir='ltr'><strong>editos</strong></span> 
     </span>
     <span class='ocr_line' id='line_1_4' title="bbox 316 778 3519 867; baseline -0.001 -10"><span class='ocrx_word' id='word_1_30' title='bbox 316 808 481 857; x_wconf 87' lang='lat' dir='ltr'><strong>unns</strong></span> <span class='ocrx_word' id='word_1_31' title='bbox 516 790 775 854; x_wconf 80' lang='lat' dir='ltr'><strong>tantum</strong></span> <span class='ocrx_word' id='word_1_32' title='bbox 794 788 890 850; x_wconf 64' lang='lat' dir='ltr'><strong>ost</strong></span> <span class='ocrx_word' id='word_1_33' title='bbox 922 782 1156 849; x_wconf 90' lang='lat' dir='ltr'><strong>Sermo</strong></span> <span class='ocrx_word' id='word_1_34' title='bbox 1184 780 1266 848; x_wconf 83' lang='lat' dir='ltr'><strong>cle</strong></span> <span class='ocrx_word' id='word_1_35' title='bbox 1303 779 1677 858; x_wconf 67' lang='lat' dir='ltr'><strong>Ammaous,</strong></span> <span class='ocrx_word' id='word_1_36' title='bbox 1708 778 1777 842; x_wconf 90' lang='lat' dir='ltr'><strong>in</strong></span> <span class='ocrx_word' id='word_1_37' title='bbox 1806 796 1937 861; x_wconf 88' lang='lat' dir='ltr'><strong>quo</strong></span> <span class='ocrx_word' id='word_1_38' title='bbox 1960 778 2127 844; x_wconf 89' lang='lat' dir='ltr'><strong>nihil</strong></span> <span class='ocrx_word' id='word_1_39' title='bbox 2152 779 2427 844; x_wconf 88' lang='lat' dir='ltr'><strong>habetur</strong></span> <span class='ocrx_word' id='word_1_40' title='bbox 2452 780 2531 847; x_wconf 91' lang='lat' dir='ltr'><strong>de</strong></span> <span class='ocrx_word' id='word_1_41' title='bbox 2558 782 2770 867; x_wconf 76' lang='lat' dir='ltr'><strong>Pleno,</strong></span> <span class='ocrx_word' id='word_1_42' title='bbox 2810 793 2876 854; x_wconf 89' lang='lat' dir='ltr'><strong>et</strong></span> <span class='ocrx_word' id='word_1_43' title='bbox 2912 791 3032 857; x_wconf 87' lang='lat' dir='ltr'><strong>iste</strong></span> <span class='ocrx_word' id='word_1_44' title='bbox 3058 809 3190 857; x_wconf 90' lang='lat' dir='ltr'><strong>non</strong></span> <span class='ocrx_word' id='word_1_45' title='bbox 3215 793 3424 856; x_wconf 80' lang='lat' dir='ltr'><strong>exstat</strong></span> <span class='ocrx_word' id='word_1_46' title='bbox 3450 789 3519 854; x_wconf 90' lang='lat' dir='ltr'><strong>in</strong></span> 
     </span>
     <span class='ocr_line' id='line_1_5' title="bbox 316 889 3478 982; baseline -0.001 -10"><span class='ocrx_word' id='word_1_47' title='bbox 316 910 527 972; x_wconf 87' lang='lat' dir='ltr'><strong>nostro</strong></span> <span class='ocrx_word' id='word_1_48' title='bbox 554 899 1016 982; x_wconf 78' lang='lat' dir='ltr'><strong>manuscripto.</strong></span> <span class='ocrx_word' id='word_1_49' title='bbox 2302 889 2314 899; x_wconf 77' lang='grc'><strong>’</strong></span> <span class='ocrx_word' id='word_1_50' title='bbox 3465 921 3478 940; x_wconf 68' lang='grc'><em>“</em></span> 
     </span>
    </p>

    <p class='ocr_par' dir='ltr' id='par_1_2' title="bbox 382 1009 3000 1099">
     <span class='ocr_line' id='line_1_6' title="bbox 382 1009 3000 1099; baseline 0.001 -12"><span class='ocrx_word' id='word_1_51' title='bbox 382 1023 466 1087; x_wconf 80' lang='lat' dir='ltr'><strong>In</strong></span> <span class='ocrx_word' id='word_1_52' title='bbox 490 1018 958 1099; x_wconf 72' lang='lat' dir='ltr'><strong>Pto-tficatione</strong></span> <span class='ocrx_word' id='word_1_53' title='bbox 985 1017 1061 1080; x_wconf 86' lang='grc' dir='ltr'><strong>Β.</strong></span> <span class='ocrx_word' id='word_1_54' title='bbox 1097 1013 1417 1098; x_wconf 74' lang='lat' dir='ltr'><strong>Virqinis.</strong></span> <span class='ocrx_word' id='word_1_55' title='bbox 1452 1010 1653 1093; x_wconf 86' lang='lat' dir='ltr'><strong>lneip.</strong></span> <span class='ocrx_word' id='word_1_56' title='bbox 1682 1009 1939 1092; x_wconf 69' lang='lat' dir='ltr'><strong>lmpoeti</strong></span> <span class='ocrx_word' id='word_1_57' title='bbox 1960 1015 2114 1077; x_wconf 67' lang='lat' dir='ltr'><strong>sumt</strong></span> <span class='ocrx_word' id='word_1_58' title='bbox 2140 1011 2280 1079; x_wconf 78' lang='lat' dir='ltr'><strong>dies</strong></span> <span class='ocrx_word' id='word_1_59' title='bbox 2304 1019 2719 1097; x_wconf 71' lang='lat' dir='ltr'><strong>purqationis</strong></span> <span class='ocrx_word' id='word_1_60' title='bbox 2747 1021 3000 1089; x_wconf 67' lang='grc' dir='ltr'><strong>Μανία».</strong></span> 
     </span>
    </p>

    <p class='ocr_par' dir='ltr' id='par_1_3' title="bbox 383 1127 3146 1218">
     <span class='ocr_line' id='line_1_7' title="bbox 383 1127 3146 1218; baseline 0 -17"><span class='ocrx_word' id='word_1_61' title='bbox 383 1138 465 1201; x_wconf 81' lang='lat' dir='ltr'><strong>In</strong></span> <span class='ocrx_word' id='word_1_62' title='bbox 494 1135 942 1204; x_wconf 61' lang='lat' dir='ltr'><strong>namatium</strong></span> <span class='ocrx_word' id='word_1_63' title='bbox 973 1133 1041 1199; x_wconf 88' lang='lat' dir='ltr'><strong>S.</strong></span> <span class='ocrx_word' id='word_1_64' title='bbox 1065 1130 1431 1199; x_wconf 78' lang='lat' dir='ltr'><strong>Francisci.</strong></span> <span class='ocrx_word' id='word_1_65' title='bbox 1463 1127 1664 1210; x_wconf 83' lang='lat' dir='ltr'><strong>Incip.</strong></span> <span class='ocrx_word' id='word_1_66' title='bbox 1695 1129 1859 1194; x_wconf 81' lang='lat' dir='ltr'><strong>Ante</strong></span> <span class='ocrx_word' id='word_1_67' title='bbox 1886 1128 2373 1196; x_wconf 76' lang='lat' dir='ltr'><strong>translationem</strong></span> <span class='ocrx_word' id='word_1_68' title='bbox 2397 1132 2625 1200; x_wconf 76' lang='lat' dir='ltr'><strong>habuit</strong></span> <span class='ocrx_word' id='word_1_69' title='bbox 2645 1136 2966 1218; x_wconf 75' lang='lat' dir='ltr'><strong>placuisse</strong></span> <span class='ocrx_word' id='word_1_70' title='bbox 2998 1139 3146 1204; x_wconf 90' lang='lat' dir='ltr'><strong>Deo.</strong></span> 
     </span>
    </p>

    <p class='ocr_par' dir='ltr' id='par_1_4' title="bbox 292 1246 3516 2621">
     <span class='ocr_line' id='line_1_8' title="bbox 386 1246 3513 1333; baseline -0.001 -12"><span class='ocrx_word' id='word_1_71' title='bbox 386 1254 474 1321; x_wconf 82' lang='lat' dir='ltr'><strong>De</strong></span> <span class='ocrx_word' id='word_1_72' title='bbox 502 1253 566 1318; x_wconf 89' lang='lat' dir='ltr'><strong>S.</strong></span> <span class='ocrx_word' id='word_1_73' title='bbox 586 1253 955 1321; x_wconf 74' lang='lat' dir='ltr'><strong>Franeisco.</strong></span> <span class='ocrx_word' id='word_1_74' title='bbox 989 1249 1189 1333; x_wconf 88' lang='lat' dir='ltr'><strong>Ineip.</strong></span> <span class='ocrx_word' id='word_1_75' title='bbox 1220 1250 1467 1315; x_wconf 74' lang='lat' dir='ltr'><strong>Imova</strong></span> <span class='ocrx_word' id='word_1_76' title='bbox 1490 1247 1707 1330; x_wconf 57' lang='lat' dir='ltr'><strong>siena,</strong></span> <span class='ocrx_word' id='word_1_77' title='bbox 1737 1250 1795 1313; x_wconf 83' lang='lat' dir='ltr'><strong>et</strong></span> <span class='ocrx_word' id='word_1_78' title='bbox 1823 1247 2095 1314; x_wconf 76' lang='lat' dir='ltr'><strong>immuta</strong></span> <span class='ocrx_word' id='word_1_79' title='bbox 2123 1246 2476 1315; x_wconf 78' lang='lat' dir='ltr'><strong>mirabilia.</strong></span> <span class='ocrx_word' id='word_1_80' title='bbox 2513 1249 2588 1316; x_wconf 86' lang='lat' dir='ltr'><strong>ln</strong></span> <span class='ocrx_word' id='word_1_81' title='bbox 2617 1250 2925 1318; x_wconf 81' lang='lat' dir='ltr'><strong>Sermone</strong></span> <span class='ocrx_word' id='word_1_82' title='bbox 2960 1255 3082 1318; x_wconf 86' lang='lat' dir='ltr'><strong>isto</strong></span> <span class='ocrx_word' id='word_1_83' title='bbox 3120 1252 3306 1320; x_wconf 82' lang='lat' dir='ltr'><strong>valde</strong></span> <span class='ocrx_word' id='word_1_84' title='bbox 3330 1259 3513 1319; x_wconf 84' lang='lat' dir='ltr'><strong>nota-</strong></span> 
     </span>
     <span class='ocr_line' id='line_1_9' title="bbox 306 1360 3514 1456; baseline 0.003 -25"><span class='ocrx_word' id='word_1_85' title='bbox 306 1365 449 1431; x_wconf 81' lang='lat' dir='ltr'><strong>bilis</strong></span> <span class='ocrx_word' id='word_1_86' title='bbox 474 1370 569 1431; x_wconf 86' lang='lat' dir='ltr'><strong>est</strong></span> <span class='ocrx_word' id='word_1_87' title='bbox 590 1365 733 1430; x_wconf 79' lang='lat' dir='ltr'><strong>baee</strong></span> <span class='ocrx_word' id='word_1_88' title='bbox 758 1363 1085 1429; x_wconf 86' lang='lat' dir='ltr'><strong>sententia</strong></span> <span class='ocrx_word' id='word_1_89' title='bbox 1114 1385 1132 1427; x_wconf 89' lang='lat'>:</span> <span class='ocrx_word' id='word_1_90' title='bbox 1172 1385 1205 1456; x_wconf 58' lang='grc' dir='ltr'><strong>ᾳ</strong></span> <span class='ocrx_word' id='word_1_91' title='bbox 1230 1360 1407 1426; x_wconf 87' lang='lat' dir='ltr'><strong>Unde</strong></span> <span class='ocrx_word' id='word_1_92' title='bbox 1432 1361 1514 1428; x_wconf 89' lang='lat' dir='ltr'><strong>de</strong></span> <span class='ocrx_word' id='word_1_93' title='bbox 1539 1381 1617 1429; x_wconf 89' lang='lat' dir='ltr'><strong>eo</strong></span> <span class='ocrx_word' id='word_1_94' title='bbox 1643 1373 1810 1429; x_wconf 73' lang='lat' dir='ltr'><strong>mete</strong></span> <span class='ocrx_word' id='word_1_95' title='bbox 1831 1365 2176 1448; x_wconf 84' lang='lat' dir='ltr'><strong>exponitur</strong></span> <span class='ocrx_word' id='word_1_96' title='bbox 2200 1366 2359 1430; x_wconf 90' lang='lat' dir='ltr'><strong>illud</strong></span> <span class='ocrx_word' id='word_1_97' title='bbox 2385 1367 2802 1454; x_wconf 60' lang='lat' dir='ltr'><strong>Apoealypsis</strong></span> <span class='ocrx_word' id='word_1_98' title='bbox 2843 1394 2859 1437; x_wconf 75' lang='lat' dir='ltr'><strong>t</strong></span> <span class='ocrx_word' id='word_1_99' title='bbox 2902 1372 3063 1440; x_wconf 77' lang='lat' dir='ltr'><strong>Vidi</strong></span> <span class='ocrx_word' id='word_1_100' title='bbox 3090 1373 3365 1441; x_wconf 77' lang='lat' dir='ltr'><strong>atterum</strong></span> <span class='ocrx_word' id='word_1_101' title='bbox 3393 1390 3514 1440; x_wconf 81' lang='lat' dir='ltr'><strong>an-</strong></span> 
     </span>
     <span class='ocr_line' id='line_1_10' title="bbox 305 1478 3516 1568; baseline 0.002 -18"><span class='ocrx_word' id='word_1_102' title='bbox 305 1484 506 1568; x_wconf 72' lang='lat' dir='ltr'><strong>qeltem</strong></span> <span class='ocrx_word' id='word_1_103' title='bbox 525 1482 978 1551; x_wconf 71' lang='lat' dir='ltr'><strong>ascendentem</strong></span> <span class='ocrx_word' id='word_1_104' title='bbox 1000 1480 1081 1548; x_wconf 82' lang='lat' dir='ltr'><strong>ab</strong></span> <span class='ocrx_word' id='word_1_105' title='bbox 1107 1484 1253 1548; x_wconf 75' lang='lat' dir='ltr'><strong>ortu</strong></span> <span class='ocrx_word' id='word_1_106' title='bbox 1281 1478 1461 1561; x_wconf 77' lang='lat' dir='ltr'><strong>solis,</strong></span> <span class='ocrx_word' id='word_1_107' title='bbox 1491 1482 1820 1550; x_wconf 75' lang='lat' dir='ltr'><strong>habentem</strong></span> <span class='ocrx_word' id='word_1_108' title='bbox 1845 1485 2107 1567; x_wconf 66' lang='lat' dir='ltr'><strong>sianum</strong></span> <span class='ocrx_word' id='word_1_109' title='bbox 2130 1484 2252 1550; x_wconf 85' lang='lat' dir='ltr'><strong>Dei</strong></span> <span class='ocrx_word' id='word_1_110' title='bbox 2279 1485 2441 1551; x_wconf 79' lang='lat' dir='ltr'><strong>vivi.</strong></span> <span class='ocrx_word' id='word_1_111' title='bbox 2476 1485 2560 1551; x_wconf 89' lang='lat' dir='ltr'><strong>De</strong></span> <span class='ocrx_word' id='word_1_112' title='bbox 2587 1489 2811 1554; x_wconf 91' lang='lat' dir='ltr'><strong>eodem</strong></span> <span class='ocrx_word' id='word_1_113' title='bbox 2843 1495 2957 1557; x_wconf 87' lang='lat' dir='ltr'><strong>aut</strong></span> <span class='ocrx_word' id='word_1_114' title='bbox 2984 1491 3179 1556; x_wconf 85' lang='lat' dir='ltr'><strong>simili</strong></span> <span class='ocrx_word' id='word_1_115' title='bbox 3209 1490 3516 1557; x_wconf 87' lang='lat' dir='ltr'><strong>Sermone</strong></span> 
     </span>
     <span class='ocr_line' id='line_1_11' title="bbox 307 1598 3510 1693; baseline 0.002 -27"><span class='ocrx_word' id='word_1_116' title='bbox 307 1601 400 1666; x_wconf 81' lang='lat' dir='ltr'><strong>sie</strong></span> <span class='ocrx_word' id='word_1_117' title='bbox 423 1608 641 1667; x_wconf 82' lang='lat' dir='ltr'><strong>narrat</strong></span> <span class='ocrx_word' id='word_1_118' title='bbox 666 1600 896 1666; x_wconf 80' lang='lat' dir='ltr'><strong>Frater</strong></span> <span class='ocrx_word' id='word_1_119' title='bbox 912 1598 1425 1665; x_wconf 70' lang='lat' dir='ltr'><strong>Bartholomaeus</strong></span> <span class='ocrx_word' id='word_1_120' title='bbox 1443 1598 1737 1680; x_wconf 87' lang='lat' dir='ltr'><strong>Pisanus,</strong></span> <span class='ocrx_word' id='word_1_121' title='bbox 1758 1600 1870 1665; x_wconf 92' lang='lat' dir='ltr'><strong>lib.</strong></span> <span class='ocrx_word' id='word_1_122' title='bbox 1896 1617 1990 1679; x_wconf 89' lang='lat'><strong>111,</strong></span> <span class='ocrx_word' id='word_1_123' title='bbox 2015 1598 2337 1681; x_wconf 67' lang='lat' dir='ltr'><strong>conform.</strong></span> <span class='ocrx_word' id='word_1_124' title='bbox 2368 1622 2462 1683; x_wconf 88' lang='lat'><strong>111,</strong></span> <span class='ocrx_word' id='word_1_125' title='bbox 2491 1604 2561 1669; x_wconf 92' lang='lat' dir='ltr'><strong>in</strong></span> <span class='ocrx_word' id='word_1_126' title='bbox 2588 1607 2814 1672; x_wconf 87' lang='lat' dir='ltr'><strong>ordine</strong></span> <span class='ocrx_word' id='word_1_127' title='bbox 2838 1613 2939 1688; x_wconf 82' lang='lat'><strong>31,</strong></span> <span class='ocrx_word' id='word_1_128' title='bbox 2961 1611 3125 1693; x_wconf 89' lang='lat' dir='ltr'><strong>part.</strong></span> <span class='ocrx_word' id='word_1_129' title='bbox 3148 1613 3212 1687; x_wconf 79' lang='lat'><strong>2,</strong></span> <span class='ocrx_word' id='word_1_130' title='bbox 3235 1608 3346 1674; x_wconf 84' lang='lat' dir='ltr'><strong>fol.</strong></span> <span class='ocrx_word' id='word_1_131' title='bbox 3368 1612 3510 1686; x_wconf 72' lang='lat'><strong>209,</strong></span> 
     </span>
     <span class='ocr_line' id='line_1_12' title="bbox 307 1716 3516 1804; baseline 0.002 -21"><span class='ocrx_word' id='word_1_132' title='bbox 307 1717 425 1783; x_wconf 85' lang='lat' dir='ltr'><strong>eol.</strong></span> <span class='ocrx_word' id='word_1_133' title='bbox 450 1723 491 1784; x_wconf 85' lang='lat'><strong>3</strong></span> <span class='ocrx_word' id='word_1_134' title='bbox 506 1739 527 1781; x_wconf 72' lang='grc' dir='ltr'><strong>ι</strong></span> <span class='ocrx_word' id='word_1_135' title='bbox 548 1740 581 1781; x_wconf 79' lang='grc' dir='ltr'>ι</span> <span class='ocrx_word' id='word_1_136' title='bbox 602 1717 789 1795; x_wconf 87' lang='lat' dir='ltr'><strong>Quod</strong></span> <span class='ocrx_word' id='word_1_137' title='bbox 804 1717 978 1782; x_wconf 83' lang='lat' dir='ltr'><strong>dicta</strong></span> <span class='ocrx_word' id='word_1_138' title='bbox 993 1716 1329 1800; x_wconf 82' lang='lat' dir='ltr'><strong>prophetia</strong></span> <span class='ocrx_word' id='word_1_139' title='bbox 1350 1716 1784 1799; x_wconf 68' lang='lat' dir='ltr'><strong>Apocalypsin,</strong></span> <span class='ocrx_word' id='word_1_140' title='bbox 1809 1736 1948 1797; x_wconf 86' lang='lat' dir='ltr'><strong>vm,</strong></span> <span class='ocrx_word' id='word_1_141' title='bbox 1977 1718 2173 1783; x_wconf 86' lang='lat' dir='ltr'><strong>fuerit</strong></span> <span class='ocrx_word' id='word_1_142' title='bbox 2199 1718 2282 1783; x_wconf 86' lang='lat' dir='ltr'><strong>ad</strong></span> <span class='ocrx_word' id='word_1_143' title='bbox 2307 1717 2586 1785; x_wconf 79' lang='lat' dir='ltr'><strong>litteram</strong></span> <span class='ocrx_word' id='word_1_144' title='bbox 2613 1722 2694 1788; x_wconf 89' lang='lat' dir='ltr'><strong>de</strong></span> <span class='ocrx_word' id='word_1_145' title='bbox 2719 1721 2791 1788; x_wconf 92' lang='grc' dir='ltr'><strong>Β.</strong></span> <span class='ocrx_word' id='word_1_146' title='bbox 2818 1723 3176 1804; x_wconf 83' lang='lat' dir='ltr'><strong>Franciseo,</strong></span> <span class='ocrx_word' id='word_1_147' title='bbox 3205 1724 3516 1792; x_wconf 85' lang='lat' dir='ltr'><strong>divinitus</strong></span> 
     </span>
     <span class='ocr_line' id='line_1_13' title="bbox 300 1833 3515 1919; baseline 0.002 -19"><span class='ocrx_word' id='word_1_148' title='bbox 300 1833 561 1900; x_wconf 76' lang='lat' dir='ltr'><strong>domino</strong></span> <span class='ocrx_word' id='word_1_149' title='bbox 591 1834 805 1900; x_wconf 86' lang='lat' dir='ltr'><strong>Fratri</strong></span> <span class='ocrx_word' id='word_1_150' title='bbox 840 1833 1340 1914; x_wconf 83' lang='lat' dir='ltr'><strong>Bonaventurae,</strong></span> <span class='ocrx_word' id='word_1_151' title='bbox 1364 1834 1704 1912; x_wconf 77' lang='lat' dir='ltr'><strong>cardinali,</strong></span> <span class='ocrx_word' id='word_1_152' title='bbox 1747 1839 1902 1900; x_wconf 82' lang='lat' dir='ltr'><strong>tune</strong></span> <span class='ocrx_word' id='word_1_153' title='bbox 1929 1835 2136 1900; x_wconf 78' lang='lat' dir='ltr'><strong>nostri</strong></span> <span class='ocrx_word' id='word_1_154' title='bbox 2174 1833 2425 1901; x_wconf 84' lang='lat' dir='ltr'><strong>Ordinis</strong></span> <span class='ocrx_word' id='word_1_155' title='bbox 2461 1836 2773 1919; x_wconf 86' lang='lat' dir='ltr'><strong>Generali,</strong></span> <span class='ocrx_word' id='word_1_156' title='bbox 2809 1839 2934 1904; x_wconf 77' lang='lat' dir='ltr'><strong>fuit</strong></span> <span class='ocrx_word' id='word_1_157' title='bbox 2967 1844 3324 1906; x_wconf 85' lang='lat' dir='ltr'><strong>ostensum.</strong></span> <span class='ocrx_word' id='word_1_158' title='bbox 3356 1840 3515 1905; x_wconf 87' lang='lat' dir='ltr'><strong>Cum</strong></span> 
     </span>
     <span class='ocr_line' id='line_1_14' title="bbox 297 1952 3515 2041; baseline 0.001 -25"><span class='ocrx_word' id='word_1_159' title='bbox 297 1954 473 2017; x_wconf 86' lang='lat' dir='ltr'><strong>enim</strong></span> <span class='ocrx_word' id='word_1_160' title='bbox 495 1953 570 2017; x_wconf 90' lang='lat' dir='ltr'><strong>in</strong></span> <span class='ocrx_word' id='word_1_161' title='bbox 594 1952 875 2018; x_wconf 75' lang='lat' dir='ltr'><strong>crastino</strong></span> <span class='ocrx_word' id='word_1_162' title='bbox 902 1952 1208 2034; x_wconf 80' lang='lat' dir='ltr'><strong>existens,</strong></span> <span class='ocrx_word' id='word_1_163' title='bbox 1249 1953 1318 2016; x_wconf 90' lang='lat' dir='ltr'><strong>in</strong></span> <span class='ocrx_word' id='word_1_164' title='bbox 1351 1952 1491 2018; x_wconf 87' lang='lat' dir='ltr'><strong>loeo</strong></span> <span class='ocrx_word' id='word_1_165' title='bbox 1512 1953 1581 2019; x_wconf 88' lang='lat' dir='ltr'><strong>S.</strong></span> <span class='ocrx_word' id='word_1_166' title='bbox 1602 1952 1820 2026; x_wconf 78' lang='lat' dir='ltr'><strong>Mariae</strong></span> <span class='ocrx_word' id='word_1_167' title='bbox 1863 1953 1942 2019; x_wconf 89' lang='lat' dir='ltr'><strong>de</strong></span> <span class='ocrx_word' id='word_1_168' title='bbox 1978 1953 2395 2021; x_wconf 84' lang='lat' dir='ltr'><strong>Portiuneula</strong></span> <span class='ocrx_word' id='word_1_169' title='bbox 2437 1956 2694 2021; x_wconf 86' lang='lat' dir='ltr'><strong>deberet</strong></span> <span class='ocrx_word' id='word_1_170' title='bbox 2719 1955 2800 2022; x_wconf 88' lang='lat' dir='ltr'><strong>de</strong></span> <span class='ocrx_word' id='word_1_171' title='bbox 2825 1954 2898 2021; x_wconf 91' lang='lat' dir='ltr'><strong>B.</strong></span> <span class='ocrx_word' id='word_1_172' title='bbox 2921 1956 3254 2022; x_wconf 80' lang='lat' dir='ltr'><strong>Francisoo</strong></span> <span class='ocrx_word' id='word_1_173' title='bbox 3290 1957 3515 2041; x_wconf 79' lang='lat' dir='ltr'><strong>praedi-</strong></span> 
     </span>
     <span class='ocr_line' id='line_1_15' title="bbox 293 2069 3513 2158; baseline 0.001 -24"><span class='ocrx_word' id='word_1_174' title='bbox 293 2085 467 2147; x_wconf 66' lang='lat' dir='ltr'><strong>care,</strong></span> <span class='ocrx_word' id='word_1_175' title='bbox 490 2072 723 2134; x_wconf 84' lang='lat' dir='ltr'><strong>tenens</strong></span> <span class='ocrx_word' id='word_1_176' title='bbox 742 2069 990 2136; x_wconf 88' lang='lat' dir='ltr'><strong>librum</strong></span> <span class='ocrx_word' id='word_1_177' title='bbox 1016 2069 1430 2154; x_wconf 59' lang='lat' dir='ltr'><strong>Apoealypffl</strong></span> <span class='ocrx_word' id='word_1_178' title='bbox 1456 2072 1607 2136; x_wconf 84' lang='lat' dir='ltr'><strong>ante</strong></span> <span class='ocrx_word' id='word_1_179' title='bbox 1633 2089 1727 2151; x_wconf 89' lang='lat' dir='ltr'><strong>se,</strong></span> <span class='ocrx_word' id='word_1_180' title='bbox 1758 2070 1951 2154; x_wconf 85' lang='lat' dir='ltr'><strong>eoepit</strong></span> <span class='ocrx_word' id='word_1_181' title='bbox 1971 2072 2431 2138; x_wconf 75' lang='lat' dir='ltr'><strong>instantissime</strong></span> <span class='ocrx_word' id='word_1_182' title='bbox 2454 2091 2643 2139; x_wconf 89' lang='lat' dir='ltr'><strong>orare</strong></span> <span class='ocrx_word' id='word_1_183' title='bbox 2669 2073 2897 2155; x_wconf 86' lang='lat' dir='ltr'><strong>Deum,</strong></span> <span class='ocrx_word' id='word_1_184' title='bbox 2932 2079 3251 2158; x_wconf 82' lang='lat' dir='ltr'><strong>quatenus</strong></span> <span class='ocrx_word' id='word_1_185' title='bbox 3275 2073 3513 2156; x_wconf 80' lang='lat' dir='ltr'><strong>digna-</strong></span> 
     </span>
     <span class='ocr_line' id='line_1_16' title="bbox 292 2186 3509 2274; baseline 0.002 -25"><span class='ocrx_word' id='word_1_186' title='bbox 292 2190 481 2251; x_wconf 82' lang='lat' dir='ltr'><strong>retur</strong></span> <span class='ocrx_word' id='word_1_187' title='bbox 501 2186 627 2250; x_wconf 87' lang='lat' dir='ltr'><strong>sibi</strong></span> <span class='ocrx_word' id='word_1_188' title='bbox 650 2186 964 2264; x_wconf 81' lang='lat' dir='ltr'><strong>revelare,</strong></span> <span class='ocrx_word' id='word_1_189' title='bbox 995 2186 1078 2251; x_wconf 92' lang='lat' dir='ltr'><strong>de</strong></span> <span class='ocrx_word' id='word_1_190' title='bbox 1102 2205 1232 2270; x_wconf 85' lang='lat' dir='ltr'><strong>quo</strong></span> <span class='ocrx_word' id='word_1_191' title='bbox 1269 2186 1395 2252; x_wconf 84' lang='lat' dir='ltr'><strong>fuit</strong></span> <span class='ocrx_word' id='word_1_192' title='bbox 1428 2187 1542 2252; x_wconf 87' lang='lat' dir='ltr'><strong>illa</strong></span> <span class='ocrx_word' id='word_1_193' title='bbox 1574 2187 1741 2253; x_wconf 86' lang='lat' dir='ltr'><strong>dieta</strong></span> <span class='ocrx_word' id='word_1_194' title='bbox 1782 2187 2003 2270; x_wconf 81' lang='lat' dir='ltr'><strong>figura</strong></span> <span class='ocrx_word' id='word_1_195' title='bbox 2043 2189 2457 2274; x_wconf 78' lang='lat' dir='ltr'><strong>Apocalypsis</strong></span> <span class='ocrx_word' id='word_1_196' title='bbox 2498 2191 2579 2256; x_wconf 92' lang='lat' dir='ltr'><strong>de</strong></span> <span class='ocrx_word' id='word_1_197' title='bbox 2623 2191 2874 2274; x_wconf 78' lang='lat' dir='ltr'><strong>Angelo</strong></span> <span class='ocrx_word' id='word_1_198' title='bbox 2921 2192 3199 2258; x_wconf 86' lang='lat' dir='ltr'><strong>habente</strong></span> <span class='ocrx_word' id='word_1_199' title='bbox 3243 2192 3509 2273; x_wconf 79' lang='lat' dir='ltr'><strong>signum</strong></span> 
     </span>
     <span class='ocr_line' id='line_1_17' title="bbox 296 2299 3511 2392; baseline 0.002 -25"><span class='ocrx_word' id='word_1_200' title='bbox 296 2302 409 2367; x_wconf 80' lang='lat' dir='ltr'><strong>Dei</strong></span> <span class='ocrx_word' id='word_1_201' title='bbox 432 2303 602 2385; x_wconf 81' lang='lat' dir='ltr'><strong>vivi,</strong></span> <span class='ocrx_word' id='word_1_202' title='bbox 627 2322 767 2387; x_wconf 85' lang='lat' dir='ltr'><strong>eap.</strong></span> <span class='ocrx_word' id='word_1_203' title='bbox 799 2323 916 2368; x_wconf 79' lang='lat' dir='ltr'><strong>vn.</strong></span> <span class='ocrx_word' id='word_1_204' title='bbox 959 2303 1040 2368; x_wconf 87' lang='lat' dir='ltr'><strong>Et</strong></span> <span class='ocrx_word' id='word_1_205' title='bbox 1065 2322 1198 2370; x_wconf 83' lang='lat' dir='ltr'><strong>vox</strong></span> <span class='ocrx_word' id='word_1_206' title='bbox 1224 2303 1303 2369; x_wconf 91' lang='lat' dir='ltr'><strong>de</strong></span> <span class='ocrx_word' id='word_1_207' title='bbox 1327 2304 1486 2370; x_wconf 83' lang='lat' dir='ltr'><strong>coelo</strong></span> <span class='ocrx_word' id='word_1_208' title='bbox 1514 2304 1692 2371; x_wconf 87' lang='lat' dir='ltr'><strong>venit</strong></span> <span class='ocrx_word' id='word_1_209' title='bbox 1715 2304 1934 2369; x_wconf 80' lang='lat' dir='ltr'><strong>dicens</strong></span> <span class='ocrx_word' id='word_1_210' title='bbox 1960 2324 1975 2367; x_wconf 74' lang='grc' dir='ltr'><strong><em>ε</em></strong></span> <span class='ocrx_word' id='word_1_211' title='bbox 2002 2299 2224 2370; x_wconf 85' lang='lat' dir='ltr'><strong>Frater</strong></span> <span class='ocrx_word' id='word_1_212' title='bbox 2258 2305 2743 2388; x_wconf 76' lang='lat' dir='ltr'><strong>Beneventum,</strong></span> <span class='ocrx_word' id='word_1_213' title='bbox 2769 2310 2989 2392; x_wconf 79' lang='lat' dir='ltr'><strong>figura</strong></span> <span class='ocrx_word' id='word_1_214' title='bbox 3020 2310 3132 2374; x_wconf 89' lang='lat' dir='ltr'><strong>illa</strong></span> <span class='ocrx_word' id='word_1_215' title='bbox 3156 2307 3511 2375; x_wconf 83' lang='lat' dir='ltr'><strong>litteraliter</strong></span> 
     </span>
     <span class='ocr_line' id='line_1_18' title="bbox 293 2419 3506 2510; baseline 0.001 -26"><span class='ocrx_word' id='word_1_216' title='bbox 293 2419 463 2486; x_wconf 75' lang='lat' dir='ltr'><strong>dieta</strong></span> <span class='ocrx_word' id='word_1_217' title='bbox 480 2426 579 2487; x_wconf 82' lang='lat' dir='ltr'><strong>est</strong></span> <span class='ocrx_word' id='word_1_218' title='bbox 600 2422 681 2487; x_wconf 91' lang='lat' dir='ltr'><strong>de</strong></span> <span class='ocrx_word' id='word_1_219' title='bbox 701 2423 891 2489; x_wconf 86' lang='lat' dir='ltr'><strong>beato</strong></span> <span class='ocrx_word' id='word_1_220' title='bbox 920 2422 1279 2488; x_wconf 78' lang='lat' dir='ltr'><strong>Franciseo.</strong></span> <span class='ocrx_word' id='word_1_221' title='bbox 1309 2421 1390 2487; x_wconf 87' lang='lat' dir='ltr'><strong>Et</strong></span> <span class='ocrx_word' id='word_1_222' title='bbox 1412 2420 1536 2486; x_wconf 86' lang='lat' dir='ltr'><strong>hoe</strong></span> <span class='ocrx_word' id='word_1_223' title='bbox 1561 2421 1699 2505; x_wconf 86' lang='lat' dir='ltr'><strong>ipse</strong></span> <span class='ocrx_word' id='word_1_224' title='bbox 1728 2420 2086 2502; x_wconf 82' lang='lat' dir='ltr'><strong>Fratribus,</strong></span> <span class='ocrx_word' id='word_1_225' title='bbox 2117 2425 2183 2487; x_wconf 87' lang='lat' dir='ltr'><strong>et</strong></span> <span class='ocrx_word' id='word_1_226' title='bbox 2215 2423 2633 2490; x_wconf 75' lang='lat' dir='ltr'><strong>saecularibus</strong></span> <span class='ocrx_word' id='word_1_227' title='bbox 2653 2426 3065 2510; x_wconf 88' lang='lat' dir='ltr'><strong>postmodum</strong></span> <span class='ocrx_word' id='word_1_228' title='bbox 3090 2425 3271 2491; x_wconf 84' lang='lat' dir='ltr'><strong>dixit.</strong></span> <span class='ocrx_word' id='word_1_229' title='bbox 3296 2448 3328 2486; x_wconf 67' lang='lat' dir='ltr'><strong>n</strong></span> <span class='ocrx_word' id='word_1_230' title='bbox 3355 2425 3506 2490; x_wconf 83' lang='lat' dir='ltr'><strong>Haee</strong></span> 
     </span>
     <span class='ocr_line' id='line_1_19' title="bbox 293 2535 3406 2621; baseline 0.001 -17"><span class='ocrx_word' id='word_1_231' title='bbox 293 2537 554 2604; x_wconf 78' lang='lat' dir='ltr'><strong>valeant</strong></span> <span class='ocrx_word' id='word_1_232' title='bbox 578 2538 812 2603; x_wconf 83' lang='lat' dir='ltr'><strong>saltem</strong></span> <span class='ocrx_word' id='word_1_233' title='bbox 834 2537 921 2602; x_wconf 89' lang='lat' dir='ltr'><strong>ad</strong></span> <span class='ocrx_word' id='word_1_234' title='bbox 943 2536 1319 2619; x_wconf 80' lang='lat' dir='ltr'><strong>hujusmodi</strong></span> <span class='ocrx_word' id='word_1_235' title='bbox 1345 2535 1674 2603; x_wconf 87' lang='lat' dir='ltr'><strong>Sermonis</strong></span> <span class='ocrx_word' id='word_1_236' title='bbox 1698 2539 2276 2621; x_wconf 82' lang='lat' dir='ltr'><strong>eonflrmationem,</strong></span> <span class='ocrx_word' id='word_1_237' title='bbox 2306 2545 2382 2605; x_wconf 86' lang='lat' dir='ltr'><strong>ut</strong></span> <span class='ocrx_word' id='word_1_238' title='bbox 2406 2544 2481 2606; x_wconf 89' lang='lat' dir='ltr'><strong>ut</strong></span> <span class='ocrx_word' id='word_1_239' title='bbox 2505 2542 2697 2607; x_wconf 83' lang='lat' dir='ltr'><strong>fuerit</strong></span> <span class='ocrx_word' id='word_1_240' title='bbox 2722 2543 2802 2609; x_wconf 92' lang='lat' dir='ltr'><strong>de</strong></span> <span class='ocrx_word' id='word_1_241' title='bbox 2827 2543 2939 2608; x_wconf 91' lang='lat' dir='ltr'><strong>illa</strong></span> <span class='ocrx_word' id='word_1_242' title='bbox 2962 2542 3200 2607; x_wconf 82' lang='lat' dir='ltr'><strong>ooelesti</strong></span> <span class='ocrx_word' id='word_1_243' title='bbox 3228 2560 3406 2608; x_wconf 82' lang='lat' dir='ltr'><strong>voce.</strong></span> 
     </span>
    </p>

    <p class='ocr_par' dir='ltr' id='par_1_5' title="bbox 377 2654 3419 2748">
     <span class='ocr_line' id='line_1_20' title="bbox 377 2654 3419 2748; baseline 0.001 -26"><span class='ocrx_word' id='word_1_244' title='bbox 377 2655 481 2748; x_wconf 45' lang='lat' dir='ltr'><strong>De·</strong></span> <span class='ocrx_word' id='word_1_245' title='bbox 493 2658 573 2722; x_wconf 89' lang='grc' dir='ltr'><strong>Β.</strong></span> <span class='ocrx_word' id='word_1_246' title='bbox 602 2655 815 2722; x_wconf 81' lang='lat' dir='ltr'><strong>clara.</strong></span> <span class='ocrx_word' id='word_1_247' title='bbox 849 2654 1049 2738; x_wconf 83' lang='lat' dir='ltr'><strong>Ineip.</strong></span> <span class='ocrx_word' id='word_1_248' title='bbox 1080 2654 1304 2720; x_wconf 83' lang='lat' dir='ltr'><strong>Brevis</strong></span> <span class='ocrx_word' id='word_1_249' title='bbox 1328 2655 1405 2721; x_wconf 77' lang='lat' dir='ltr'><strong>in</strong></span> <span class='ocrx_word' id='word_1_250' title='bbox 1431 2654 1805 2722; x_wconf 77' lang='lat' dir='ltr'><strong>volatilibus</strong></span> <span class='ocrx_word' id='word_1_251' title='bbox 1834 2658 2009 2739; x_wconf 80' lang='lat' dir='ltr'><strong>apis,</strong></span> <span class='ocrx_word' id='word_1_252' title='bbox 2035 2661 2101 2723; x_wconf 87' lang='lat' dir='ltr'><strong>et</strong></span> <span class='ocrx_word' id='word_1_253' title='bbox 2122 2657 2397 2724; x_wconf 75' lang='lat' dir='ltr'><strong>initium</strong></span> <span class='ocrx_word' id='word_1_254' title='bbox 2424 2656 2710 2727; x_wconf 79' lang='lat' dir='ltr'><strong>dulcoris</strong></span> <span class='ocrx_word' id='word_1_255' title='bbox 2737 2659 2925 2727; x_wconf 78' lang='lat' dir='ltr'><strong>habet</strong></span> <span class='ocrx_word' id='word_1_256' title='bbox 2943 2660 3195 2742; x_wconf 71' lang='lat' dir='ltr'><strong>tructus</strong></span> <span class='ocrx_word' id='word_1_257' title='bbox 3214 2660 3419 2727; x_wconf 79' lang='lat' dir='ltr'><strong>illius.</strong></span> 
     </span>
    </p>

    <p class='ocr_par' dir='ltr' id='par_1_6' title="bbox 376 2770 3504 2862">
     <span class='ocr_line' id='line_1_21' title="bbox 376 2770 3504 2862; baseline 0.002 -24"><span class='ocrx_word' id='word_1_258' title='bbox 376 2772 456 2838; x_wconf 84' lang='lat' dir='ltr'><strong>In</strong></span> <span class='ocrx_word' id='word_1_259' title='bbox 477 2772 942 2856; x_wconf 62' lang='lat' dir='ltr'><strong>assumptione</strong></span> <span class='ocrx_word' id='word_1_260' title='bbox 964 2773 1041 2838; x_wconf 88' lang='grc' dir='ltr'><strong>Β.</strong></span> <span class='ocrx_word' id='word_1_261' title='bbox 1056 2771 1375 2854; x_wconf 63' lang='lat' dir='ltr'><strong>Vir-uinis.</strong></span> <span class='ocrx_word' id='word_1_262' title='bbox 1406 2770 1603 2853; x_wconf 78' lang='lat' dir='ltr'><strong>Incip.</strong></span> <span class='ocrx_word' id='word_1_263' title='bbox 1634 2770 1792 2838; x_wconf 82' lang='lat' dir='ltr'><strong>Eece</strong></span> <span class='ocrx_word' id='word_1_264' title='bbox 1818 2773 2013 2855; x_wconf 79' lang='lat' dir='ltr'><strong>quasi</strong></span> <span class='ocrx_word' id='word_1_265' title='bbox 2041 2772 2267 2856; x_wconf 82' lang='lat' dir='ltr'><strong>aquila</strong></span> <span class='ocrx_word' id='word_1_266' title='bbox 2291 2773 2611 2855; x_wconf 74' lang='lat' dir='ltr'><strong>ascendet,</strong></span> <span class='ocrx_word' id='word_1_267' title='bbox 2641 2781 2705 2844; x_wconf 88' lang='lat' dir='ltr'><strong>et</strong></span> <span class='ocrx_word' id='word_1_268' title='bbox 2730 2775 3073 2857; x_wconf 78' lang='lat' dir='ltr'><strong>levabitur,</strong></span> <span class='ocrx_word' id='word_1_269' title='bbox 3096 2781 3155 2844; x_wconf 87' lang='lat' dir='ltr'><strong>et</strong></span> <span class='ocrx_word' id='word_1_270' title='bbox 3177 2776 3504 2862; x_wconf 64' lang='lat' dir='ltr'><strong>mpandqt</strong></span> 
     </span>
    </p>
   </div>
   <div class='ocr_carea' id='block_1_2' title="bbox 283 3005 3502 4380">
    <p class='ocr_par' dir='ltr' id='par_1_7' title="bbox 297 3005 3502 3207">
     <span class='ocr_line' id='line_1_22' title="bbox 372 3005 3502 3095; baseline 0.003 -23"><span class='ocrx_word' id='word_1_271' title='bbox 372 3006 714 3072; x_wconf 81' lang='lat' dir='ltr'><strong>Secundus</strong></span> <span class='ocrx_word' id='word_1_272' title='bbox 736 3006 820 3074; x_wconf 80' lang='lat' dir='ltr'><strong>de</strong></span> <span class='ocrx_word' id='word_1_273' title='bbox 844 3009 1068 3073; x_wconf 84' lang='lat' dir='ltr'><strong>eadem</strong></span> <span class='ocrx_word' id='word_1_274' title='bbox 1092 3008 1168 3072; x_wconf 88' lang='grc' dir='ltr'><strong>Β.</strong></span> <span class='ocrx_word' id='word_1_275' title='bbox 1203 3007 1480 3092; x_wconf 67' lang='lat' dir='ltr'><strong>Vimine.</strong></span> <span class='ocrx_word' id='word_1_276' title='bbox 1511 3005 1706 3091; x_wconf 78' lang='lat' dir='ltr'><strong>incip.</strong></span> <span class='ocrx_word' id='word_1_277' title='bbox 1732 3008 1999 3076; x_wconf 79' lang='lat' dir='ltr'><strong>Elevata</strong></span> <span class='ocrx_word' id='word_1_278' title='bbox 2019 3013 2111 3077; x_wconf 87' lang='lat' dir='ltr'><strong>est</strong></span> <span class='ocrx_word' id='word_1_279' title='bbox 2136 3010 2331 3078; x_wconf 78' lang='lat' dir='ltr'><strong>nabes</strong></span> <span class='ocrx_word' id='word_1_280' title='bbox 2359 3011 2439 3079; x_wconf 84' lang='lat' dir='ltr'><strong>de</strong></span> <span class='ocrx_word' id='word_1_281' title='bbox 2467 3012 2873 3080; x_wconf 79' lang='lat' dir='ltr'><strong>tabernaculo</strong></span> <span class='ocrx_word' id='word_1_282' title='bbox 2903 3011 3188 3093; x_wconf 76' lang='lat' dir='ltr'><strong>roederts,</strong></span> <span class='ocrx_word' id='word_1_283' title='bbox 3208 3013 3502 3095; x_wconf 76' lang='lat' dir='ltr'><strong>prorecti-</strong></span> 
     </span>
     <span class='ocr_line' id='line_1_23' title="bbox 297 3122 1609 3207; baseline -0.001 -18"><span class='ocrx_word' id='word_1_284' title='bbox 297 3122 1609 3207; x_wconf 71' lang='lat' dir='ltr'><strong>queswntflliilsraelperturmassuas.</strong></span> 
     </span>
    </p>

    <p class='ocr_par' dir='ltr' id='par_1_8' title="bbox 283 3240 3499 4380">
     <span class='ocr_line' id='line_1_24' title="bbox 367 3240 3499 3329; baseline 0.003 -25"><span class='ocrx_word' id='word_1_285' title='bbox 367 3240 447 3305; x_wconf 79' lang='lat' dir='ltr'><strong>ln</strong></span> <span class='ocrx_word' id='word_1_286' title='bbox 478 3241 642 3321; x_wconf 75' lang='lat' dir='ltr'><strong>testo</strong></span> <span class='ocrx_word' id='word_1_287' title='bbox 670 3240 749 3304; x_wconf 89' lang='lat' dir='ltr'><strong>S.</strong></span> <span class='ocrx_word' id='word_1_288' title='bbox 772 3241 1045 3308; x_wconf 74' lang='lat' dir='ltr'><strong>loannis</strong></span> <span class='ocrx_word' id='word_1_289' title='bbox 1074 3240 1361 3323; x_wconf 77' lang='lat' dir='ltr'><strong>Apostoli</strong></span> <span class='ocrx_word' id='word_1_290' title='bbox 1377 3246 1442 3309; x_wconf 86' lang='lat' dir='ltr'><strong>et</strong></span> <span class='ocrx_word' id='word_1_291' title='bbox 1461 3241 1909 3325; x_wconf 68' lang='lat' dir='ltr'><strong>Evamelistoe.</strong></span> <span class='ocrx_word' id='word_1_292' title='bbox 1933 3241 2130 3327; x_wconf 86' lang='lat' dir='ltr'><strong>Ineip.</strong></span> <span class='ocrx_word' id='word_1_293' title='bbox 2166 3245 2289 3322; x_wconf 81' lang='lat' dir='ltr'><strong>Qui</strong></span> <span class='ocrx_word' id='word_1_294' title='bbox 2311 3243 2537 3327; x_wconf 71' lang='lat' dir='ltr'><strong>diliait</strong></span> <span class='ocrx_word' id='word_1_295' title='bbox 2558 3245 2775 3312; x_wconf 82' lang='lat' dir='ltr'><strong>cordis</strong></span> <span class='ocrx_word' id='word_1_296' title='bbox 2800 3244 3221 3324; x_wconf 71' lang='lat' dir='ltr'><strong>mtcnditiam,</strong></span> <span class='ocrx_word' id='word_1_297' title='bbox 3246 3251 3499 3329; x_wconf 81' lang='lat' dir='ltr'><strong>propter</strong></span> 
     </span>
     <span class='ocr_line' id='line_1_25' title="bbox 291 3356 3490 3444; baseline 0.001 -22"><span class='ocrx_word' id='word_1_298' title='bbox 291 3357 569 3436; x_wconf 79' lang='lat' dir='ltr'><strong>oratiam</strong></span> <span class='ocrx_word' id='word_1_299' title='bbox 597 3356 914 3422; x_wconf 77' lang='lat' dir='ltr'><strong>labiorum</strong></span> <span class='ocrx_word' id='word_1_300' title='bbox 939 3372 1205 3423; x_wconf 74' lang='lat' dir='ltr'><strong>suorum</strong></span> <span class='ocrx_word' id='word_1_301' title='bbox 1233 3356 1484 3425; x_wconf 73' lang='lat' dir='ltr'><strong>habebit</strong></span> <span class='ocrx_word' id='word_1_302' title='bbox 1512 3358 1790 3424; x_wconf 78' lang='lat' dir='ltr'><strong>amicum</strong></span> <span class='ocrx_word' id='word_1_303' title='bbox 1817 3373 2046 3442; x_wconf 68' lang='lat' dir='ltr'><strong>repom.</strong></span> <span class='ocrx_word' id='word_1_304' title='bbox 2087 3357 2159 3423; x_wconf 89' lang='lat' dir='ltr'><strong>In</strong></span> <span class='ocrx_word' id='word_1_305' title='bbox 2194 3360 2319 3425; x_wconf 86' lang='lat' dir='ltr'><strong>hoe</strong></span> <span class='ocrx_word' id='word_1_306' title='bbox 2351 3365 2578 3426; x_wconf 82' lang='lat' dir='ltr'><strong>notatu</strong></span> <span class='ocrx_word' id='word_1_307' title='bbox 2604 3361 2908 3443; x_wconf 80' lang='lat' dir='ltr'><strong>dignum,</strong></span> <span class='ocrx_word' id='word_1_308' title='bbox 2938 3362 3109 3444; x_wconf 84' lang='lat' dir='ltr'><strong>quod</strong></span> <span class='ocrx_word' id='word_1_309' title='bbox 3141 3361 3444 3426; x_wconf 87' lang='lat' dir='ltr'><strong>asseritur</strong></span> <span class='ocrx_word' id='word_1_310' title='bbox 3476 3385 3490 3426; x_wconf 92' lang='lat'>:</span> 
     </span>
     <span class='ocr_line' id='line_1_26' title="bbox 290 3471 3499 3557; baseline 0.001 -19"><span class='ocrx_word' id='word_1_311' title='bbox 290 3471 477 3539; x_wconf 74' lang='lat' dir='ltr'><strong>Sicut</strong></span> <span class='ocrx_word' id='word_1_312' title='bbox 500 3473 581 3539; x_wconf 79' lang='lat' dir='ltr'><strong>in</strong></span> <span class='ocrx_word' id='word_1_313' title='bbox 606 3472 772 3541; x_wconf 79' lang='lat' dir='ltr'><strong>libro</strong></span> <span class='ocrx_word' id='word_1_314' title='bbox 800 3480 1021 3541; x_wconf 80' lang='lat' dir='ltr'><strong>nostro</strong></span> <span class='ocrx_word' id='word_1_315' title='bbox 1046 3472 1130 3540; x_wconf 79' lang='lat' dir='ltr'><strong>de</strong></span> <span class='ocrx_word' id='word_1_316' title='bbox 1155 3474 1548 3542; x_wconf 73' lang='lat' dir='ltr'><strong>Poenitemia</strong></span> <span class='ocrx_word' id='word_1_317' title='bbox 1573 3479 1669 3541; x_wconf 83' lang='lat' dir='ltr'><strong>est</strong></span> <span class='ocrx_word' id='word_1_318' title='bbox 1686 3473 2051 3557; x_wconf 77' lang='lat' dir='ltr'><strong>probatum.</strong></span> <span class='ocrx_word' id='word_1_319' title='bbox 2083 3473 2260 3540; x_wconf 90' lang='lat' dir='ltr'><strong>Unde</strong></span> <span class='ocrx_word' id='word_1_320' title='bbox 2278 3476 2685 3542; x_wconf 74' lang='lat' dir='ltr'><strong>inserendum</strong></span> <span class='ocrx_word' id='word_1_321' title='bbox 2707 3477 2963 3542; x_wconf 81' lang='lat' dir='ltr'><strong>videtur</strong></span> <span class='ocrx_word' id='word_1_322' title='bbox 2980 3480 3275 3542; x_wconf 86' lang='lat' dir='ltr'><strong>sanetum</strong></span> <span class='ocrx_word' id='word_1_323' title='bbox 3297 3474 3499 3543; x_wconf 88' lang='lat' dir='ltr'><strong>Bona-</strong></span> 
     </span>
     <span class='ocr_line' id='line_1_27' title="bbox 285 3591 3490 3677; baseline 0.002 -24"><span class='ocrx_word' id='word_1_324' title='bbox 285 3591 627 3655; x_wconf 78' lang='lat' dir='ltr'><strong>venturam</strong></span> <span class='ocrx_word' id='word_1_325' title='bbox 654 3591 985 3675; x_wconf 83' lang='lat' dir='ltr'><strong>scripsisse</strong></span> <span class='ocrx_word' id='word_1_326' title='bbox 1009 3592 1091 3657; x_wconf 91' lang='lat' dir='ltr'><strong>de</strong></span> <span class='ocrx_word' id='word_1_327' title='bbox 1115 3592 1512 3676; x_wconf 81' lang='lat' dir='ltr'><strong>poenitentia,</strong></span> <span class='ocrx_word' id='word_1_328' title='bbox 1540 3595 1747 3676; x_wconf 86' lang='lat' dir='ltr'><strong>ipsam</strong></span> <span class='ocrx_word' id='word_1_329' title='bbox 1774 3592 2009 3658; x_wconf 85' lang='lat' dir='ltr'><strong>scilieet</strong></span> <span class='ocrx_word' id='word_1_330' title='bbox 2029 3593 2359 3661; x_wconf 82' lang='lat' dir='ltr'><strong>Summam</strong></span> <span class='ocrx_word' id='word_1_331' title='bbox 2379 3594 2910 3677; x_wconf 66' lang='grc' dir='ltr'><strong>ρωηίῑεηιίαῖεπι,</strong></span> <span class='ocrx_word' id='word_1_332' title='bbox 2937 3612 3053 3659; x_wconf 87' lang='lat' dir='ltr'><strong>seu</strong></span> <span class='ocrx_word' id='word_1_333' title='bbox 3073 3595 3490 3676; x_wconf 76' lang='lat' dir='ltr'><strong>poenitentioe,</strong></span> 
     </span>
     <span class='ocr_line' id='line_1_28' title="bbox 285 3706 3489 3792; baseline 0.002 -22"><span class='ocrx_word' id='word_1_334' title='bbox 285 3721 478 3786; x_wconf 79' lang='lat' dir='ltr'><strong>quam</strong></span> <span class='ocrx_word' id='word_1_335' title='bbox 499 3708 573 3770; x_wconf 90' lang='lat' dir='ltr'><strong>in</strong></span> <span class='ocrx_word' id='word_1_336' title='bbox 592 3706 811 3772; x_wconf 79' lang='lat' dir='ltr'><strong>codiee</strong></span> <span class='ocrx_word' id='word_1_337' title='bbox 834 3708 946 3773; x_wconf 83' lang='lat' dir='ltr'><strong>eui</strong></span> <span class='ocrx_word' id='word_1_338' title='bbox 966 3708 1197 3773; x_wconf 85' lang='lat' dir='ltr'><strong>titulus</strong></span> <span class='ocrx_word' id='word_1_339' title='bbox 1228 3732 1244 3773; x_wconf 74' lang='grc' dir='ltr'><strong><em>ε</em></strong></span> <span class='ocrx_word' id='word_1_340' title='bbox 1277 3707 1642 3792; x_wconf 76' lang='lat' dir='ltr'><strong>Speculum,</strong></span> <span class='ocrx_word' id='word_1_341' title='bbox 1672 3715 1809 3779; x_wconf 83' lang='lat' dir='ltr'><strong>sive</strong></span> <span class='ocrx_word' id='word_1_342' title='bbox 1834 3712 2261 3779; x_wconf 78' lang='lat' dir='ltr'><strong>Itinerarium</strong></span> <span class='ocrx_word' id='word_1_343' title='bbox 2297 3715 2534 3780; x_wconf 80' lang='lat' dir='ltr'><strong>mentis</strong></span> <span class='ocrx_word' id='word_1_344' title='bbox 2571 3715 2648 3780; x_wconf 78' lang='lat' dir='ltr'><strong>in</strong></span> <span class='ocrx_word' id='word_1_345' title='bbox 2680 3713 2900 3792; x_wconf 82' lang='lat' dir='ltr'><strong>Deum,</strong></span> <span class='ocrx_word' id='word_1_346' title='bbox 2933 3710 3094 3776; x_wconf 90' lang='lat' dir='ltr'><strong>Bibl.</strong></span> <span class='ocrx_word' id='word_1_347' title='bbox 3124 3710 3489 3776; x_wconf 79' lang='lat' dir='ltr'><strong>Carthasia·</strong></span> 
     </span>
     <span class='ocr_line' id='line_1_29' title="bbox 283 3822 3491 3913; baseline 0.002 -25"><span class='ocrx_word' id='word_1_348' title='bbox 283 3838 512 3888; x_wconf 88' lang='lat' dir='ltr'><strong>norum</strong></span> <span class='ocrx_word' id='word_1_349' title='bbox 538 3822 915 3889; x_wconf 85' lang='lat' dir='ltr'><strong>anhaimii</strong></span> <span class='ocrx_word' id='word_1_350' title='bbox 940 3825 1014 3888; x_wconf 86' lang='lat' dir='ltr'><strong>in</strong></span> <span class='ocrx_word' id='word_1_351' title='bbox 1041 3824 1298 3905; x_wconf 87' lang='lat' dir='ltr'><strong>Suevia,</strong></span> <span class='ocrx_word' id='word_1_352' title='bbox 1328 3834 1394 3892; x_wconf 89' lang='lat' dir='ltr'><strong>et</strong></span> <span class='ocrx_word' id='word_1_353' title='bbox 1419 3828 1492 3892; x_wconf 90' lang='lat' dir='ltr'><strong>in</strong></span> <span class='ocrx_word' id='word_1_354' title='bbox 1517 3828 1657 3894; x_wconf 84' lang='lat' dir='ltr'><strong>cod.</strong></span> <span class='ocrx_word' id='word_1_355' title='bbox 1687 3833 1870 3908; x_wconf 72' lang='lat'><strong>4936,</strong></span> <span class='ocrx_word' id='word_1_356' title='bbox 1900 3831 2176 3895; x_wconf 87' lang='lat' dir='ltr'><strong>membr.</strong></span> <span class='ocrx_word' id='word_1_357' title='bbox 2205 3831 2365 3896; x_wconf 90' lang='lat' dir='ltr'><strong>olim</strong></span> <span class='ocrx_word' id='word_1_358' title='bbox 2394 3829 2792 3909; x_wconf 80' lang='lat' dir='ltr'><strong>Mazarinaeo,</strong></span> <span class='ocrx_word' id='word_1_359' title='bbox 2818 3830 3083 3913; x_wconf 83' lang='lat' dir='ltr'><strong>posthae</strong></span> <span class='ocrx_word' id='word_1_360' title='bbox 3103 3828 3267 3895; x_wconf 89' lang='lat' dir='ltr'><strong>Bibl.</strong></span> <span class='ocrx_word' id='word_1_361' title='bbox 3295 3828 3491 3910; x_wconf 80' lang='lat' dir='ltr'><strong>Regis</strong></span> 
     </span>
     <span class='ocr_line' id='line_1_30' title="bbox 286 3938 3489 4030; baseline 0.002 -25"><span class='ocrx_word' id='word_1_362' title='bbox 286 3938 479 4020; x_wconf 81' lang='lat' dir='ltr'><strong>(nnnc</strong></span> <span class='ocrx_word' id='word_1_363' title='bbox 523 3941 911 4024; x_wconf 78' lang='lat' dir='ltr'><strong>imperialis)</strong></span> <span class='ocrx_word' id='word_1_364' title='bbox 953 3941 1323 4025; x_wconf 85' lang='lat' dir='ltr'><strong>Galliarum,</strong></span> <span class='ocrx_word' id='word_1_365' title='bbox 1370 3946 1653 4030; x_wconf 79' lang='lat' dir='ltr'><strong>reperire</strong></span> <span class='ocrx_word' id='word_1_366' title='bbox 1700 3950 1821 4011; x_wconf 83' lang='lat' dir='ltr'><strong>est.</strong></span> <span class='ocrx_word' id='word_1_367' title='bbox 1869 3946 2186 4014; x_wconf 72' lang='lat' dir='ltr'><strong>Caeterum</strong></span> <span class='ocrx_word' id='word_1_368' title='bbox 2226 3947 2529 4030; x_wconf 79' lang='lat' dir='ltr'><strong>allegatio</strong></span> <span class='ocrx_word' id='word_1_369' title='bbox 2561 3946 2940 4030; x_wconf 84' lang='lat' dir='ltr'><strong>hujusmodi</strong></span> <span class='ocrx_word' id='word_1_370' title='bbox 2965 3965 3098 4012; x_wconf 93' lang='lat' dir='ltr'><strong>non</strong></span> <span class='ocrx_word' id='word_1_371' title='bbox 3123 3947 3399 4011; x_wconf 88' lang='lat' dir='ltr'><strong>habetur</strong></span> <span class='ocrx_word' id='word_1_372' title='bbox 3419 3943 3489 4010; x_wconf 92' lang='lat' dir='ltr'><strong>in</strong></span> 
     </span>
     <span class='ocr_line' id='line_1_31' title="bbox 284 4057 3490 4149; baseline 0.002 -27"><span class='ocrx_word' id='word_1_373' title='bbox 284 4057 546 4124; x_wconf 82' lang='lat' dir='ltr'><strong>editione</strong></span> <span class='ocrx_word' id='word_1_374' title='bbox 565 4058 1013 4142; x_wconf 78' lang='lat' dir='ltr'><strong>flag-ennensi,</strong></span> <span class='ocrx_word' id='word_1_375' title='bbox 1041 4060 1155 4124; x_wconf 90' lang='lat' dir='ltr'><strong>ubi</strong></span> <span class='ocrx_word' id='word_1_376' title='bbox 1179 4061 1520 4144; x_wconf 80' lang='lat' dir='ltr'><strong>praedictus</strong></span> <span class='ocrx_word' id='word_1_377' title='bbox 1547 4062 1774 4128; x_wconf 89' lang='lat' dir='ltr'><strong>Sermo</strong></span> <span class='ocrx_word' id='word_1_378' title='bbox 1800 4064 2044 4147; x_wconf 80' lang='lat' dir='ltr'><strong>legitur</strong></span> <span class='ocrx_word' id='word_1_379' title='bbox 2076 4065 2442 4149; x_wconf 73' lang='lat' dir='ltr'><strong>postellum</strong></span> <span class='ocrx_word' id='word_1_380' title='bbox 2469 4065 2548 4131; x_wconf 91' lang='lat' dir='ltr'><strong>de</strong></span> <span class='ocrx_word' id='word_1_381' title='bbox 2572 4063 2797 4129; x_wconf 85' lang='lat' dir='ltr'><strong>eodem</strong></span> <span class='ocrx_word' id='word_1_382' title='bbox 2822 4066 3043 4128; x_wconf 84' lang='lat' dir='ltr'><strong>saneto</strong></span> <span class='ocrx_word' id='word_1_383' title='bbox 3077 4062 3490 4145; x_wconf 78' lang='lat' dir='ltr'><strong>Evangelista</strong></span> 
     </span>
     <span class='ocr_line' id='line_1_32' title="bbox 287 4171 3492 4265; baseline 0.001 -25"><span class='ocrx_word' id='word_1_384' title='bbox 287 4171 677 4258; x_wconf 73' lang='lat' dir='ltr'><strong>incipientem</strong></span> <span class='ocrx_word' id='word_1_385' title='bbox 728 4176 950 4260; x_wconf 75' lang='lat' dir='ltr'><strong>Super</strong></span> <span class='ocrx_word' id='word_1_386' title='bbox 995 4190 1207 4243; x_wconf 75' lang='lat' dir='ltr'><strong>omnes</strong></span> <span class='ocrx_word' id='word_1_387' title='bbox 1247 4178 1502 4247; x_wconf 81' lang='lat' dir='ltr'><strong>coelos...</strong></span> <span class='ocrx_word' id='word_1_388' title='bbox 1533 4181 1620 4248; x_wconf 73' lang='lat' dir='ltr'><strong>St·</strong></span> <span class='ocrx_word' id='word_1_389' title='bbox 1646 4180 1952 4265; x_wconf 69' lang='lat' dir='ltr'><strong>diuaenti</strong></span> <span class='ocrx_word' id='word_1_390' title='bbox 1976 4199 2157 4250; x_wconf 77' lang='lat' dir='ltr'><strong>cura.</strong></span> <span class='ocrx_word' id='word_1_391' title='bbox 2199 4183 2439 4249; x_wconf 91' lang='lat' dir='ltr'><strong>Ibidem</strong></span> <span class='ocrx_word' id='word_1_392' title='bbox 2478 4181 2730 4264; x_wconf 90' lang='lat' dir='ltr'><strong>primus</strong></span> <span class='ocrx_word' id='word_1_393' title='bbox 2758 4181 2841 4246; x_wconf 88' lang='lat' dir='ltr'><strong>ad</strong></span> <span class='ocrx_word' id='word_1_394' title='bbox 2880 4179 3258 4260; x_wconf 86' lang='lat' dir='ltr'><strong>seeundum,</strong></span> <span class='ocrx_word' id='word_1_395' title='bbox 3297 4184 3361 4244; x_wconf 90' lang='lat' dir='ltr'><strong>et</strong></span> <span class='ocrx_word' id='word_1_396' title='bbox 3401 4197 3492 4244; x_wconf 87' lang='lat' dir='ltr'><strong>se-</strong></span> 
     </span>
     <span class='ocr_line' id='line_1_33' title="bbox 287 4292 1445 4380; baseline 0.003 -22"><span class='ocrx_word' id='word_1_397' title='bbox 287 4292 507 4358; x_wconf 79' lang='lat' dir='ltr'><strong>cundus</strong></span> <span class='ocrx_word' id='word_1_398' title='bbox 528 4295 613 4360; x_wconf 85' lang='lat' dir='ltr'><strong>ad</strong></span> <span class='ocrx_word' id='word_1_399' title='bbox 644 4295 961 4380; x_wconf 86' lang='lat' dir='ltr'><strong>primum</strong></span> <span class='ocrx_word' id='word_1_400' title='bbox 989 4311 1126 4359; x_wconf 84' lang='lat' dir='ltr'><strong>sese</strong></span> <span class='ocrx_word' id='word_1_401' title='bbox 1153 4295 1445 4362; x_wconf 82' lang='lat' dir='ltr'><strong>remittit.</strong></span> 
     </span>
    </p>
   </div>
  </div>
 </body>
</html>
