4059 6317
763 530 882 593 582

759 663 897 721 sunt
939 662 1137 721 autem
1174 664 1431 737 quatuor
1469 665 1741 739 peccate,
1788 662 2008 737 quibus
2048 660 2306 720 maxime

759 754 1033 814 homines
1071 755 1357 816 inhaerent
1381 760 1548 816 tems
1579 775 1596 815 x
1631 773 1774 816 nam
1799 755 1995 831 primo
2023 755 2223 827 jacent
2243 754 2307 811 in

760 851 918 907 terra
940 848 1305 923 negligentes
1332 855 1389 909 et
1420 850 1608 926 pigri3
1645 850 1909 910 secundo
1953 848 2308 907 incumbunt

760 945 929 1001 terrae
952 958 1062 1016 per
1088 942 1367 1002 affectum
1391 944 1644 1004 totaliter
1663 944 1866 1020 cupidi
1892 948 1951 1003 et
1969 942 2135 1003 avari
2146 961 2166 1016 3
2194 944 2305 1000 ter·

761 1038 843 1096 tio
866 1035 1052 1095 latent
1087 1036 1150 1095 in
1177 1040 1334 1096 terra
1356 1037 1572 1097 lubrici
1597 1041 1657 1098 et
1690 1037 1923 1111 lascivi,
1957 1040 2016 1097 et
2048 1037 2112 1094 in
2151 1039 2308 1095 terra

760 1131 969 1190 sedent
1003 1130 1220 1204 gulosi,
1256 1134 1314 1190 et
1353 1131 1580 1191 deliciis
1616 1133 1866 1192 assueti:
1908 1131 2171 1207 primum
2220 1130 2308 1188 vi·

760 1225 932 1299 tium,
957 1224 1080 1283 sive
1109 1228 1440 1300 peecatum,
1482 1228 1572 1284 est
1586 1229 1792 1285 eontra
1822 1225 2147 1300 potentiam
2168 1239 2308 1299 ope-

760 1320 1047 1393 rativam3
1091 1319 1441 1393 secundum,
1467 1336 1575 1394 per
1599 1320 1924 1395 potentiam
1951 1318 2271 1377 amativam
2283 1336 2302 1391 3

761 1414 1021 1486 tertium,
1048 1429 1157 1489 per
1181 1414 1507 1489 potentiam
1533 1416 1964 1488 generativam3
2002 1417 2302 1489 quartum,

761 1524 873 1583 per
898 1508 1226 1583 potentiam
1255 1509 1616 1568 nutritivam.
1646 1512 1800 1582 Ergo
1815 1551 1834 1581 ,
1863 1508 1913 1566 si
1954 1523 2194 1581 surgere
2222 1510 2309 1565 est

763 1618 828 1661 se
849 1618 887 1661 a
912 1605 1070 1661 terra
1095 1601 1344 1676 erigere,
1395 1602 1687 1661 debemus
1732 1602 1830 1660 hic
1872 1606 2103 1672 notare,
2137 1600 2305 1676 quod

762 1696 959 1771 primo
986 1695 1275 1755 debemus
1301 1712 1540 1770 surgere
1572 1714 1609 1756 a
1634 1713 1848 1755 somno
1885 1697 2155 1772 pigrities,
2181 1712 2305 1771 quo

764 1792 1000 1865 operari
1014 1790 1373 1864 negligimus
1382 1809 1401 1863 3
1417 1789 1704 1862 secundo,
1727 1806 1764 1848 a
1781 1789 2001 1863 frigore
2020 1789 2306 1862 avaritiis,

675 1888 688 1903 '
764 1900 872 1959 per
910 1884 1081 1959 quod
1118 1885 1379 1943 avaritiae
1428 1883 1717 1942 servimus
1728 1901 1748 1956 3
1789 1884 1981 1954 tertio,
2029 1899 2069 1941 a
2108 1882 2305 1942 calore

763 1975 1035 2048 luxurias,
1064 1994 1186 2051 quo
1213 1975 1487 2051 nosipsos
1527 1975 1820 2035 inficimus
1830 1996 1849 2049 3
1887 1980 2102 2051 quarto
2141 1991 2307 2044 vcro,

763 2071 843 2129 ab
870 2070 1149 2129 incendio
1174 2070 1348 2144 guloe,
1375 2086 1499 2146 quo
1518 2069 1817 2145 superflua
1845 2069 2253 2143 degustamus.

836 2164 1010 2238 Dico,
1064 2164 1232 2240 quod
1278 2163 1476 2238 primo
1502 2163 1870 2237 surgendum
1909 2167 1997 2222 est
2030 2180 2068 2221 a
2092 2179 2308 2222 somno

763 2258 1045 2335 pigritioe‚
1074 2261 1139 2316 ut
1179 2257 1413 2331 operari
1456 2258 1774 2333 possimus.
1815 2259 1960 2317 Nam
1986 2255 2086 2314 hic
2118 2257 2306 2317 male-

766 2352 956 2412 dictus
982 2367 1259 2423 somnus,
1286 2367 1409 2425 quo
1451 2355 1573 2410 tota
1599 2351 1697 2410 die
1736 2352 2000 2423 jacemus
2037 2356 2094 2409 et
2131 2352 2307 2411 sede-

762 2463 919 2519 mus,
937 2446 1120 2504 instar
1137 2444 1463 2519 corporalis
1482 2443 1699 2518 somni,
1725 2444 1913 2504 aufert
1936 2462 2114 2504 usum
2131 2446 2308 2506 bonae

765 2538 1159 2614 cogitationis,
1187 2554 1427 2597 sensum
1453 2538 1840 2609 discretionis,
1869 2542 2101 2598 motum
2127 2539 2305 2599 bonoe

765 2634 1147 2711 operationis,
1177 2638 1235 2692 et
1257 2632 1595 2691 facultatem
1639 2632 1816 2691 bonae
1855 2631 2218 2707 refectionis,
2251 2638 2310 2692 et

764 2730 982 2789 somnii
1006 2729 1416 2805 phantasmata
1446 2741 1607 2785 vana
1624 2767 1644 2795 ,
1680 2728 1738 2784 et
1763 2724 2103 2801 phantasias
2127 2727 2307 2785 indu-

764 2825 863 2885 cit.
891 2824 1143 2883 Stultum
1168 2827 1255 2881 est
1277 2838 1420 2894 ergo
1437 2862 1457 2894 ,
1484 2822 1543 2880 et
1566 2819 1780 2879 rationi
1808 2821 2199 2896 contrarium,
2220 2822 2307 2882 ibi

767 2917 1050 2990 dormire,
1077 2915 1183 2974 ubi
1212 2918 1297 2974 est
1319 2914 1729 2989 vigilandum3
1764 2918 1941 2988 stare,
1968 2917 2068 2976 vel
2084 2918 2306 2994 jacere,

764 3011 874 3072 ubi
899 3013 986 3069 est
1010 2994 1484 3081 ambulandum3
1525 3012 1582 3066 et
1607 3009 1946 3083 messere,
1972 3009 2080 3068 ubi
2106 3016 2191 3069 est
2218 3012 2306 3072 la-

764 3105 1127 3166 borandum.
1174 3102 1340 3161 Unde
1384 3101 1597 3161 dicitur
1644 3106 1662 3140 ¹
1707 3120 1722 3160 :
1772 3122 1802 3156 α
1846 3103 2073 3176 surgite
2114 3111 2171 3164 et
2207 3107 2308 3180 ite,

766 3198 911 3274 quia
931 3213 1057 3256 non
1079 3195 1312 3255 habetis
1344 3195 1442 3254 bic
1475 3194 1768 3270 requiem.
1805 3218 1833 3249 n
1874 3214 1905 3250 α
1931 3199 2120 3257 Homo
2149 3199 2310 3259 enim

765 3293 953 3352 factus
979 3290 1172 3349 estad
1197 3289 1628 3361 laborandum,
1658 3289 1808 3346 sicut
1832 3292 1959 3347 avis
1994 3290 2076 3349 ad
2102 3292 2310 3351 volan·

770 3386 949 3459 dum,
971 3405 1002 3442 ι
1030 3388 1099 3442 ut
1124 3383 1337 3442 dicitur
1361 3381 1405 3440 ².
1430 3403 1460 3438 ι
1477 3384 1540 3441 ln
1569 3382 1787 3440 sudore
1806 3382 2003 3441 vultus
2017 3383 2162 3456 tui,»
2184 3385 2309 3444 dic·

767 3483 896 3539 tum
923 3484 1009 3537 est
1033 3477 1264 3536 bomini
1305 3480 1351 3549 ³,
1397 3498 1425 3531 α
1451 3476 1706 3537 vesceris
1740 3493 1895 3551 pane
1935 3483 2058 3537 tuo.
2088 3500 2117 3534 n
2153 3482 2307 3554 Ergo

766 3588 892 3631 non
919 3577 1005 3632 est
1030 3571 1383 3642 dolendum,
1409 3569 1517 3629 sed
1545 3570 1917 3644 vigilandum
1937 3590 1953 3628 ι
1973 3588 2099 3632 non
2125 3575 2309 3647 pigri·

767 3666 1051 3738 tandum,
1093 3664 1201 3724 sed
1240 3664 1492 3723 sollicite
1542 3664 1936 3739 operandum.
1978 3665 2001 3702 ⁸
2037 3685 2068 3720 α
2104 3667 2308 3737 Quod-

769 3774 1028 3835 cumque
1061 3762 1255 3834 potest
1278 3774 1491 3817 manus
1521 3762 1650 3830 tua,
1696 3758 1977 3818 instanter
2002 3776 2251 3835 operare
2291 3779 2307 3819 ε

770 3854 913 3931 quia
939 3869 1049 3912 nec
1075 3868 1258 3928 opus,
1288 3868 1398 3911 nec
1424 3851 1576 3911 ratio
1596 3894 1617 3924 ,
1660 3868 1772 3911 nec
1806 3852 2163 3927 prudentia,
2196 3870 2310 3914 nec

768 3948 1057 4025 sapientia
1100 3951 1185 4005 est
1223 3947 1386 4021 apud
1419 3944 1638 4006 inferos
1656 3988 1676 4019 ,
1700 3951 1908 4022 quotu
1936 3963 2240 4022 properas.
2273 3970 2304 4007 ιο

771 4042 935 4101 Unde
962 4041 1244 4100 Dominus
1267 4041 1290 4076 ⁸
1319 4058 1335 4098 :
1372 4062 1400 4094 «
1427 4040 1762 4115 operamini
1781 4083 1799 4111 ,
1828 4041 1975 4099 dum
2016 4040 2146 4100 dies
2173 4045 2261 4100 est
2289 4060 2305 4101 ε

764 4137 964 4194 veniet
987 4138 1184 4193 autem
1210 4148 1355 4206 nox,
1384 4133 1532 4192 dum
1559 4150 1736 4193 nemo
1763 4134 1977 4210 poterit
2000 4136 2301 4209 operari.»

767 4232 813 4289 Ο
841 4233 1130 4305 quantum
1170 4227 1494 4286 dolebunt!
1526 4243 1710 4302 quam
1737 4243 1936 4286 amare
1980 4232 2117 4302 post
2147 4246 2307 4288 mor-

767 4328 886 4382 tem
912 4321 1270 4397 plorabunt,
1294 4321 1398 4397 qni
1422 4320 1607 4380 modo
1634 4320 1896 4396 operari,
1926 4327 1985 4379 et
2009 4325 2305 4397 poeniten-

766 4416 909 4476 tiam
959 4432 1134 4488 agere
1177 4417 1457 4473 renuunt!
1495 4415 1602 4472 sed
1645 4414 1794 4472 nihil
1839 4414 2079 4474 dolores
2122 4421 2179 4475 et
2219 4418 2308 4476 la-

752 4504 983 4586 'crymoe
1009 4514 1147 4567 tunc
1186 4507 1497 4580 valebunt,
1544 4507 1687 4582 quia
1730 4511 1963 4583 tempus
1996 4510 2308 4586 operandi,

767 4602 935 4677 quod
960 4617 1120 4661 nunc
1148 4605 1252 4674 est,
1287 4602 1610 4659 amiserunt
1622 4620 1641 4674 3
1670 4600 1757 4661 ibi
1786 4607 1988 4661 autem
2009 4621 2134 4663 non
2158 4608 2308 4663 tem·

766 4713 880 4770 pus
905 4695 1097 4755 estad
1123 4696 1522 4769 operandum.
1560 4695 1666 4753 sed
1696 4698 1923 4757 tantum
1962 4698 2047 4757 ad
2082 4698 2307 4775 patien-

768 4789 915 4849 dum
944 4808 960 4847 :
992 4792 1050 4848 et
1071 4787 1209 4847 ideo
1238 4787 1381 4845 dicit
1404 4788 1718 4863 Apostolus
1743 4790 1765 4825 ⁶
1793 4810 1811 4848 .·
1846 4808 1876 4847 α
1899 4792 2053 4853 liora
2080 4793 2309 4865 estjam

766 4899 878 4942 nos
908 4882 983 4940 de
1006 4897 1219 4941 somno
1247 4897 1508 4955 surgere,
1539 4903 1567 4935 »
1591 4885 1726 4955 etc„
1750 4884 1920 4960 quasi
1940 4884 2100 4947 dicat
2119 4904 2133 4943 z
2153 4885 2308 4957 Quid

764 4977 922 5036 ultra
949 4975 1263 5034 dormitis?
1301 4974 1449 5051 quid
1490 4975 1827 5050 negligitis?
1856 4977 2005 5051 quid
2048 4979 2309 5039 utilitatis

765 5070 1124 5145 expectatis?
1164 5072 1308 5127 Ecce
1353 5068 1496 5143 quia
1533 5069 1792 5128 Christus
1832 5074 1919 5129 est
1960 5072 2024 5129 in
2060 5073 2303 5145 Januis:

759 5163 1053 5237 jndicium
1094 5162 1564 5239 appropinquat,
1612 5167 1670 5221 et
1714 5166 1946 5239 tempus
1985 5166 2309 5226 reddendoe

764 5257 1008 5316 rationis
1033 5258 1224 5316 instat'.
1260 5256 1423 5315 Unde
1450 5257 1663 5316 dicitur
1686 5258 1710 5295 '¹
1739 5277 1754 5315 ε
1790 5278 1816 5312 c
1846 5261 2186 5334 Usquequo,
2213 5262 2306 5334 pi·

829 5384 846 5418 ¹
884 5382 1051 5445 Mai-h„
1080 5396 1148 5447 11,
1177 5388 1254 5435 to.
1286 5411 1341 5422 -
1382 5383 1400 5414 ²
1428 5382 1546 5444 Job,
1581 5395 1630 5447 v,
1660 5385 1706 5434 7.
1737 5409 1798 5422 -
1826 5384 1845 5414 ⁸
1872 5384 2136 5448 Gen.,1n,
2166 5389 2215 5435 9.
2243 5412 2307 5424 -

771 5452 787 5484 ⁴
814 5453 999 5518 Eccle„
1028 5467 1099 5519 lx,
1131 5460 1203 5505 10.
1236 5482 1297 5495 -—
1325 5457 1344 5488 ⁸
1366 5456 1629 5518 Joan.‚1x,
1659 5458 1705 5507 4.
1734 5482 1794 5494 —
1831 5455 1850 5485 ⁰
1880 5457 2036 5518 Rom..
2070 5469 2193 5523 xm,
2226 5462 2302 5509 11.

1695 524 2116 593 SERMONES
2160 525 2260 591 DE
2301 524 2557 592 SANGT
2561 526 2655 594 IS.
2698 526 3022 595 xxxvnl.

2413 677 2552 735 ger,
2593 662 2854 723 dormies
2872 660 2996 738 (ayt
3025 676 3342 736 usquequo
3365 675 3495 720 non
3519 676 3842 735 consurges
3878 676 3941 722 ex

2411 771 2626 815 somno
2679 757 2829 815 tuo?
2866 778 2896 810 n
2946 756 3122 827 Quis,
3176 754 3292 813 nisi
3343 756 3595 827 stultus,
3640 755 3939 830 dormiret,

2413 848 2561 907 dum
2598 849 2829 909 bellum
2865 849 3133 921 instaret,
3165 848 3315 908 dum
3350 849 3509 923 ignis
3536 850 3674 922 jam
3713 850 3944 911 domm

2409 943 2759 1016 invaderet,
2787 944 2933 1003 dum
2958 959 3107 1002 mox
3143 941 3391 1003 ferenda
3425 943 3725 1002 sententia
3760 945 3945 1003 mortis

2412 1040 2598 1096 emet?
2623 1038 2789 1096 Unde
2815 1036 2984 1096 addit
3006 1036 3309 1108 Salomon,
3330 1036 3544 1111 pigros
3570 1037 3837 1095 excitam
3857 1054 3947 1113 per

2412 1132 2755 1207 exemplum
2779 1132 2802 1168 ⁸
2839 1150 2856 1191 ι
2894 1151 2925 1186 α
2961 1130 3122 1189 Vade
3166 1129 3249 1189 ad
3280 1128 3643 1200 formicam,
3682 1137 3744 1191 et
3779 1134 3947 1191 consi·

2412 1225 2559 1284 dera
2584 1225 2711 1284 vias
2738 1225 2888 1299 ejus,
2919 1241 2956 1283 o
2982 1223 3184 1299 piger,
3221 1240 3357 1298 quae
3394 1240 3539 1283 cum
3586 1240 3721 1283 non
3754 1225 3947 1284 babeat

2414 1320 2650 1391 ducem,
2679 1334 2789 1377 nec
2814 1320 3237 1393 praceptorem
3255 1357 3277 1388 ,
3301 1319 3503 1376 oestate
3535 1321 3719 1392 parat
3744 1319 3853 1376 sibi
3874 1320 3943 1376 ei-

2412 1412 2584 1485 bum,
2614 1418 2678 1473 ut
2705 1411 3000 1481 comedat,
3026 1431 3056 1466 »
3090 1416 3202 1469 etc.
3230 1413 3435 1469 Notate
3474 1411 3722 1470 viarum
3774 1413 3945 1471 multi-

2411 1505 2815 1581 plicationem,
2861 1509 2920 1563 et
2956 1503 3336 1578 sagacitatem
3377 1504 3443 1561 in
3487 1505 3722 1563 eundo.
3773 1509 3942 1565 Notrte

2412 1616 2599 1673 grana
2624 1616 2747 1658 non
2765 1599 3130 1670 hordeacea,
3150 1597 3257 1656 sed
3275 1596 3647 1657 frumentina
3660 1598 3942 1672 eligendn3

2412 1694 2543 1768 ipsa
2570 1709 2777 1768 grana,
2805 1708 2882 1750 ne
2912 1693 3264 1766 germinent,
3291 1691 3667 1765 dividendo,
3698 1697 3759 1750 et
3777 1692 3943 1751 tum

2409 1791 2681 1862 tempora
2709 1786 3125 1860 cognoscendo
3153 1805 3169 1845 ε
3200 1803 3340 1845 cum
3368 1790 3574 1861 tamen
3606 1786 3942 1846 ducemne!

2411 1880 2652 1947 habeat,
2701 1881 2807 1955 qui
2855 1896 2989 1939 eam
3044 1879 3291 1952 doceat,
3336 1897 3449 1938 nec
3495 1886 3937 1956 praeceptor-an,

2410 1989 2594 2048 quem
2640 1974 2864 2033 timeat.
2921 1977 3074 2047 Ergo
3127 1973 3277 2049 quid
3326 1990 3442 2033 nos
3474 1974 3801 2045 faciemus,
3836 1976 3940 2049 qai,

2411 2084 2550 2126 cum
2575 2067 2778 2141 magni
2804 2083 3057 2143 corpore
3099 2068 3318 2140 simus,
3347 2067 3453 2143 qui
3480 2068 3817 2141 ‚ductorem
3856 2084 3941 2127 ve·

2410 2161 2596 2221 ritatis
2614 2162 2934 2221 habuimus
2954 2205 2974 2234 ,
3005 2161 3111 2237 qui
3138 2168 3570 2236 praeeeptorem
3598 2165 3943 2221 commim-

2412 2259 2531 2314 tem
2558 2256 2961 2330 suscepimus?
2980 2257 3169 2325 Quam
3193 2272 3399 2314 coram
3425 2271 3500 2314 eo
3515 2256 3941 2315 excusationem
4000 2283 4059 2323 E„

2410 2347 2788 2422 habebimus,
2816 2348 2867 2407 si
2892 2348 3127 2423 operari
3155 2348 3555 2423 negligimus?
3596 2350 3828 2409 utinam
3860 2366 3943 2409 cc-
3963 2343 4059 2398 fl·-

2413 2441 2733 2515 gitaremus
2758 2442 3068 2517 quomodo
3096 2442 3248 2501 inter
3269 2458 3414 2518 apes
3432 2443 3605 2502 nulla
3631 2448 3723 2503 est
3747 2444 3941 2513 otiosa,

2411 2535 2520 2593 sed
2547 2551 2753 2595 omnes
2779 2536 2860 2595 ad
2872 2534 3274 2595 laborandum
3289 2535 3543 2607 vadunt,
3561 2553 3791 2612 pascua
3806 2554 3943 2612 qun-

2410 2634 2569 2701 runt,
2597 2633 2655 2688 et
2678 2630 2801 2689 mel
2839 2645 2911 2688 ex
2939 2630 3189 2688 floribus
3228 2629 3467 2704 legunt,
3509 2632 3595 2690 ita
3631 2633 3807 2707 quod
3828 2636 3947 2692 tob

2412 2728 2670 2784 oneratis
2691 2723 2959 2796 redeunt,
2990 2727 3050 2781 et
3074 2723 3293 2783 otiosas
3318 2725 3669 2798 gravissime
3684 2728 3945 2801 puniunt,

2415 2821 2492 2890 et,
2523 2817 2573 2875 si
2598 2821 2866 2892 possunt,
2894 2816 3195 2877 occidunt.

2486 2911 2789 2982 Secunde,
2816 2909 3187 2984 surgendum
3225 2914 3312 2969 est
3346 2927 3385 2971 a
3418 2911 3644 2986 frigore
3686 2914 3949 2984 araride,

2415 3021 2539 3080 quo
2561 3004 2814 3064 totaliter
2838 3008 3006 3063 terras
3032 3005 3450 3065 incumbimus.
3483 3006 3653 3066 Unde
3678 3009 3841 3066 avari
3869 3009 3950 3067 di-

2416 3102 2556 3158 cunt
2580 3100 2603 3136 ⁹
2630 3118 2649 3156 ε
2685 3117 2715 3152 α
2741 3098 3188 3171 conglutinatus
3218 3100 3393 3158 estin
3424 3103 3584 3159 terra
3606 3108 3815 3162 venter
3830 3120 3951 3163 nus·

2415 3197 2523 3266 ter,
2562 3214 2591 3247 »
2642 3195 2701 3250 et
2733 3208 2940 3251 omnes
2992 3191 3237 3252 affectus
3275 3193 3481 3252 nostri.
3528 3198 3751 3255 Venter
3780 3198 3949 3270 enin,

2417 3287 2561 3362 quia
2586 3286 2812 3345 cibaria
2838 3286 3080 3361 appetit,
3106 3289 3163 3345 et
3188 3302 3260 3345 ea
3282 3293 3630 3362 conservat,
3661 3290 3856 3363 signat
3876 3290 3951 3350 ai-

2415 3381 2656 3455 fectum,
2684 3382 2852 3455 cuius
2873 3387 2960 3440 est
2984 3398 3081 3441 res
3106 3387 3419 3458 appetere,
3452 3388 3511 3443 et
3541 3391 3817 3461 acceptas
3842 3404 3952 3446 ser·

2416 3492 2594 3550 vare,
2650 3477 2733 3536 ad
2774 3476 3025 3535 modum
3071 3477 3380 3550 cuiusdam
3420 3480 3748 3538 memoriae.
3790 3485 3952 3556 Ergo,

2419 3587 2558 3629 cum
2586 3569 2752 3629 avari
2787 3570 2872 3628 sic
2892 3570 3129 3643 Jaceant
3143 3613 3165 3643 ,
3193 3576 3253 3630 et
3276 3574 3443 3631 terras
3474 3572 3839 3645 inbuant,
3864 3591 3955 3633 ne·

2420 3682 2579 3725 cesse
2620 3664 2844 3723 habent
2881 3667 2948 3722 ut
2981 3668 3257 3737 surgant,
3294 3669 3352 3723 et
3386 3665 3468 3724 ad
3518 3668 3710 3727 Deum
3753 3667 3955 3727 faeiem

2419 3776 2590 3819 suam
2622 3762 2871 3819 vertant.
2914 3757 3079 3816 Unde
3109 3756 3321 3817 dicitur
3361 3758 3437 3817 de
3474 3760 3742 3819 Hattboeo
3790 3768 3957 3836 Apes

2419 3853 2546 3913 tolo
2571 3853 2677 3928 qui
2700 3853 2780 3911 ad
2809 3851 3103 3911 telonium
3135 3852 3411 3926 sedebat,
3443 3858 3502 3911 et
3528 3870 3710 3913 avare
3735 3859 3957 3930 tempo-

2417 3947 2568 4009 ralia
2603 3946 2772 4005 lucra
2811 3945 3113 4021 quaerebat
3134 3944 3182 3983 ¹⁰
3208 3963 3225 4005 ε
3255 3965 3286 4000 α
3312 3946 3424 4016 Qui
3458 3962 3713 4020 surgens
3734 3951 3957 4007 seeutm

2420 4046 2508 4101 est
2553 4056 2729 4111 eum,
2765 4038 2919 4097 »id
2961 4041 3079 4112 est,
3138 4038 3450 4099 Christum.
3486 4041 3740 4115 Surgere
3788 4043 3957 4102 debet

2417 4136 2603 4195 bomo
2626 4135 2707 4193 ad
2732 4133 2985 4197 nedum
3011 4134 3219 4207 virgo,
3248 4151 3387 4208 qum
3410 4151 3557 4194 mox
3590 4142 3736 4196 nata
3758 4137 3959 4213 incipit

2419 4228 2767 4301 ascendere,
2813 4245 2851 4286 a
2888 4232 3045 4287 terra
3066 4242 3133 4286 se
3169 4226 3401 4288 elevare
3430 4233 3487 4287 et
3512 4246 3724 4293 versus
3745 4232 3954 4290 colum

2418 4338 2652 4397 semper
2694 4338 2758 4380 se
2802 4320 3057 4394 πίβωτος
3093 4335 3408 4396 nunquam
3449 4324 3957 4385 enimadterram

2418 4432 2480 4474 se
2507 4415 2684 4477 flectit
2692 4435 2712 4489 3
2738 4414 2860 4473 imo
2888 4413 2939 4471 si
2962 4412 3253 4475 violenter
3270 4414 3581 4477 incurvata
3594 4416 3792 4489 berit,
3815 4436 3949 4479 max

2421 4508 2664 4571 dimissa
2696 4524 2760 4566 se
2784 4506 3105 4567 adooeium
3142 4507 3313 4582 erigit
3352 4508 3597 4569 :solun
3634 4517 3956 4589 cntemps-

2420 4602 2650 4661 demin
2670 4605 2888 4661 terram
2924 4600 3080 4675 figit,
3110 4602 3221 4663 ubi
3242 4606 3476 4663 tantum
3501 4605 3741 4667 attrahit
3764 4623 3956 4667 naem-

2418 4695 2639 4754 sarium
2663 4695 3030 4764 alimentum.
3054 4697 3248 4770 Turpe
3266 4700 3354 4754 est
3370 4712 3540 4770 erge,
3570 4699 3737 4772 quod
3752 4700 3956 4773 hene,

2419 4790 2525 4864 qui
2549 4789 2735 4849 factus
2780 4791 2867 4847 est
2906 4788 2987 4847 ad
3029 4788 3463 4863 possidendam
3505 4807 3843 4867 supernum
3871 4812 3957 4854 re·

2417 4899 2625 4956 gnum,
2652 4897 2886 4957 semper
2918 4881 3133 4940 faciem
3174 4882 3469 4943 elevatam
3509 4900 3636 4945 non
3660 4894 3861 4961 portet
3881 4889 3956 4947 ad

2417 4976 2653 5044 coelum,
2682 4990 2994 5051 nunquam
3019 4975 3237 5034 coelun
3256 4978 3548 5052 respiciat,
3566 4996 3956 5056 nunquamne

2418 5070 2499 5129 ad
2527 5069 2746 5133 coelum
2773 5069 2981 5143 erigas,
3008 5068 3399 5144 sedsemper,
3427 5071 3953 5147 hartmannum,

2416 5169 2635 5225 terram
2646 5165 2938 5240 respiciat,
2954 5165 3218 5225 animam
3230 5166 3689 5244 nobilissimam,
3703 5172 3809 5230 Dei
3822 5174 3953 5231 ima-

2420 5328 2475 5339 ..
2515 5303 2532 5333 ⁷
2568 5302 2738 5363 va„
2779 5310 2860 5363 vr,
2889 5303 2936 5351 9.
2964 5326 3026 5337 -
3061 5302 3081 5331 ⁸
3110 5300 3255 5367 thid„
3282 5304 3329 5355 6.
3364 5329 3431 5343 -
3460 5301 3483 5336 ’
3508 5304 3646 5358 Psal.
3676 5318 3843 5371 xum,
3880 5310 3951 5359 2⁵.

2418 5398 2475 5410 —
2511 5372 2553 5408 ¹⁰
2580 5370 2790 5429 Metili..
2817 5384 2892 5428 lx,
2922 5374 2968 5423 9.

2485 5458 2555 5522 (a)
2584 5456 2706 5509 Cat.
2733 5456 2856 5507 edit.
2883 5455 3094 5511 dormi&
