4059 6317
706 485 826 551 306

1792 455 2216 527 SERMONES
2254 455 2355 526 DE
2399 458 2795 529 TEMPORE.

704 608 1089 684 Antichristo
1116 611 1181 677 et
1202 601 1600 688 temporibus
1638 597 1780 681 eius
1802 596 2239 681 superstitiose
2341 601 2555 662 autem
2580 597 2810 664 dicitur
2840 597 3150 664 Dominus
3194 597 3476 663 animam
3513 599 3730 662 tenere
3765 611 3870 679 per

705 725 1083 809 garrientes.
1114 718 1275 783 Item
1301 713 1484 779 docet
1512 709 1768 775 vincere
1793 704 2021 770 mundi
2060 703 2243 770 vani-

701 834 935 910 tatem3
960 819 1373 893 Psalmista¹:
1411 814 1581 895 «Qui
1606 814 1787 881 docet
1806 829 2040 877 manus
2064 827 2242 875 meas

702 938 784 1003 ad
804 935 1125 1021 praelium,
1140 933 1204 995 et
1218 924 1455 1009 digitos
1481 939 1659 987 meos
1680 918 1787 1002 (a),
1809 940 1840 978 n
1866 921 1984 983 etc.
2008 915 2082 981 ln
2107 932 2243 982 ma-

702 1043 897 1111 nibus
914 1038 1324 1125 'operationes
1348 1079 1368 1110 ‚
1397 1032 1467 1095 in
1507 1029 1794 1114 quinque
1826 1025 2063 1109 divitis
2092 1040 2239 1087 sen·

703 1169 901 1218 suum
928 1144 1335 1215 discretiones
1361 1137 1810 1226 significantur
1842 1155 1859 1197 ι
1894 1131 2051 1197 dum
2082 1147 2240 1212 ergo

702 1259 867 1324 bene
884 1253 1230 1341 operando,
1246 1252 1315 1316 et
1331 1263 1556 1314 sensus
1581 1240 2002 1319 rerraenando,
2020 1243 2244 1304 contra

702 1366 1014 1432 vanitates
1034 1360 1451 1435 reluctamur,
1480 1356 1637 1419 tunc
1664 1349 1963 1416 manibus
1986 1351 2052 1412 et
2079 1344 2243 1428 digi-

701 1476 784 1541 tis
811 1471 1206 1559 praeliamur.
1234 1462 1607 1532 Praeliemur
1633 1475 1794 1541 ergo
1820 1454 2092 1521 viriliter
2113 1500 2131 1532 ,
2163 1455 2240 1517 ut

702 1583 784 1649 ab
809 1582 947 1665 ipso
964 1590 1347 1643 coronemur
1366 1567 1769 1660 perenniter.-
1787 1562 2137 1645 Gregorius
2160 1560 2186 1597 ¹
2217 1580 2235 1624 z

711 1713 743 1751 α
766 1688 1099 1755 Certamen
1128 1680 1337 1752 cordis
1360 1676 1562 1744 nostri
1588 1671 1841 1757 aspicit,
1871 1674 1934 1736 et
1961 1667 2075 1754 qui
2101 1669 2243 1752 post

700 1796 1029 1862 vincentes
1053 1790 1460 1867 remunerat,
1498 1800 1673 1849 nunc
1709 1779 2099 1847 decertantes
2126 1777 2238 1858 ju·

700 1905 832 1967 vat.
879 1923 911 1962 ι»
945 1898 1106 1965 Item
1145 1896 1327 1963 docet
1370 1894 1576 1957 facere
1628 1887 1740 1954 Dei
1797 1885 2234 1962 voluntatem3

698 2008 1034 2075 Psalmista
1072 1999 1095 2042 ⁸
1125 2027 1143 2070 ι
1184 2026 1215 2065 α
1239 2003 1400 2069 Doce
1448 2018 1555 2064 me
1595 1998 1802 2062 iacere
1839 1993 2238 2059 voluntatem

697 2122 911 2197 tuam,
941 2137 973 2176 ο
1000 2117 1121 2181 etc.
1150 2109 1320 2178 Bene
1346 2108 1496 2174 dicit
1522 2112 1703 2174 tuam
1721 2126 1746 2170 .·
1772 2101 2034 2187 quidam
2063 2100 2238 2165 enim

698 2229 951 2290 tantum
977 2221 1283 2308 quaerunt
1306 2216 1510 2281 facere
1539 2231 1724 2279 suam
1744 2261 1765 2292 ,
1797 2209 1954 2294 quia
1980 2205 2092 2273 Dei
2120 2224 2236 2272 vo-

694 2332 1010 2397 luntatem
1035 2346 1170 2393 non
1196 2322 1554 2392 attendunt.
1586 2319 1609 2355 ⁸
1647 2342 1678 2381 α
1705 2317 1856 2384 Haec
1877 2320 1973 2384 est
1998 2313 2234 2380 volun-

699 2443 795 2505 tas
820 2439 962 2519 Dei,
991 2431 1401 2502 sanctificatio
1436 2433 1678 2509 vestra,
1705 2448 1739 2487 n
1772 2430 1891 2491 etc.
1931 2423 2085 2488 Haec
2115 2421 2238 2486 tria

697 2545 1095 2612 desiderabat
1120 2538 1332 2628 doceri
1354 2588 1371 2619 ,
1404 2537 1518 2622 qui
1544 2533 1742 2602 dicit·
1769 2555 1785 2597 ι
1821 2555 1854 2595 ι
1878 2530 2237 2597 Bonitatem

698 2658 763 2721 et
791 2650 1214 2736 disciplinam,
1240 2651 1306 2713 et
1329 2645 1664 2711 scientiam
1690 2643 1844 2708 doce
1868 2658 1976 2707 me
2002 2661 2019 2703 z
2054 2659 2086 2698 s
2118 2639 2238 2703 Bo·

696 2762 979 2830 nitatem
1013 2755 1282 2823 faciendi
1315 2758 1497 2820 tuam
1533 2750 1932 2817 voluntatem
1957 2794 1978 2828 ,
2028 2742 2202 2811 disci
2207 2778 2234 2792 ·

695 2868 946 2952 plinam
971 2863 1264 2947 fugiendi
1290 2859 1664 2938 vanitatem,
1694 2854 2037 2925 scientiam
2059 2850 2239 2918 intel-

690 2972 939 3059 ligendi
959 2973 1317 3040 veritatem.

776 3083 864 3149 De
891 3084 1153 3166 quarto,
1183 3075 1477 3144 Psalmus
1499 3075 1521 3112 ⁸
1547 3095 1564 3140 z
1592 3095 1624 3135 ι
1650 3069 1927 3155 Spiritus
1954 3071 2108 3134 tuus
2131 3067 2234 3134 bo-

697 3209 826 3257 nus
861 3187 1133 3260 deducet
1160 3203 1268 3252 me
1298 3184 1369 3248 in
1412 3186 1652 3247 terram
1674 3225 1695 3256 ,
1719 3198 1751 3237 n
1785 3180 1908 3242 etc.
1941 3196 1955 3240 ε
1996 3181 2237 3242 terram

697 3298 924 3381 utique
947 3296 1027 3362 de
1053 3311 1185 3378 qua
1209 3288 1501 3356 Psalmus
1528 3288 1552 3323 '¹
1584 3308 1649 3352 :a
1682 3283 1894 3350 Portio
1918 3301 2098 3363 mea,
2120 3282 2236 3348 Do-

697 3406 906 3484 mine,
932 3403 1005 3467 in
1023 3403 1198 3465 terra
1220 3391 1601 3462 viventium.
1625 3413 1657 3453 n
1682 3391 1821 3459 Non
1840 3409 1999 3473 ergo
2023 3389 2232 3455 solum

697 3511 1022 3595 angelico,
1060 3506 1186 3588 sed
1215 3504 1410 3572 etiam
1444 3501 1667 3568 divino
1704 3499 1932 3583 spiritu
1969 3498 2232 3565 evolan-

697 3620 862 3686 tium
888 3616 1127 3682 animae
1153 3613 1576 3680 deducuntur.
1615 3606 2059 3690 Gregorius,
1991 3607 2059 3644 ⁸·
2099 3628 2131 3668 ι
2159 3605 2230 3670 In

700 3732 1016 3792 aeternum
1042 3720 1315 3806 Spiritus
1339 3721 1557 3783 manet
1583 3733 1732 3780 cum
1758 3713 2026 3793 sanctis,
2070 3730 2235 3796 quos

700 3834 769 3899 in
807 3834 930 3898 hac
952 3832 1089 3898 vita
1125 3844 1378 3910 semper
1401 3820 1805 3890 invisibiliter
1843 3820 2017 3885 intus
2051 3818 2230 3885 illus

700 3945 856 4021 trat,
888 3938 1048 4005 etin
1071 3938 1291 4001 futuro
1320 3933 1402 3998 ad
1429 3927 1976 4012 contemplandam
2002 3945 2231 4011 perpe-

626 4023 637 4036 ·
697 4052 814 4115 tuo
861 4045 1136 4131 speciem
1183 4058 1322 4108 suae
1374 4037 1722 4122 majestatis
1776 4034 2140 4101 introducit.
2192 4054 2223 4094 n

696 4153 869 4221 Bene
892 4154 1111 4220 autem
1133 4145 1327 4214 dicit:
1363 4143 1624 4213 deduoet
1635 4161 1664 4225 ,·
1689 4141 2012 4208 ducuntur
2056 4140 2229 4205 enim

696 4260 1091 4328 evolantium
1114 4255 1385 4334 animae,
1410 4251 1810 4317 deducuntur
1833 4252 1898 4313 et
1922 4247 2227 4330 dirigun-

696 4373 825 4435 tur.
855 4367 1206 4443 Ducuntur,
1236 4379 1319 4427 ne
1345 4360 1645 4436 timeant3
1675 4355 2103 4434 deducuntur,
2144 4373 2227 4419 ne

697 4477 960 4553 cadant;
1011 4473 1401 4554 diriguntur,
1450 4484 1535 4531 ne
1577 4464 1993 4530 circumeant.
2046 4459 2231 4527 Psal-

697 4602 845 4650 mus
868 4584 892 4618 ⁹
923 4603 941 4648 t
979 4575 1315 4646 «Tenuisti
1347 4589 1614 4638 manum
1644 4571 2010 4650 dexteram,
2040 4590 2072 4630 n
2106 4572 2225 4635 etc.

694 4685 875 4756 Tunc
895 4706 1011 4774 per
1034 4702 1303 4752 manum
1315 4700 1436 4748 nos
1452 4673 1698 4746 sortiter
1712 4681 1884 4744 tenet
1907 4677 1977 4743 in
1999 4681 2223 4758 morte,

694 4799 751 4864 si
796 4814 972 4863 nunc
995 4812 1146 4860 eum
1189 4808 1304 4878 per
1328 4806 1615 4856 amorem
1650 4785 1895 4851 fortiter
1939 4788 2230 4851 tenemus

695 4908 765 4972 in
802 4907 1015 4971 mente
1052 4901 1098 4942 ¹⁰
1139 4917 1158 4965 ι
1192 4923 1225 4962 α
1263 4896 1488 4964 Inveni
1521 4912 1716 4980 quem
1763 4891 1977 4975 diligit
2012 4893 2231 4959 anima

694 5030 892 5079 mea:
923 5009 1104 5076 tenui
1130 5007 1362 5104 illum,
1388 5022 1597 5088 neque
1621 5000 2022 5067 dimittam.»
2058 4999 2230 5067 Bene

762 5134 1317 5198 ¹Pnul.cxt.111,1.-
1343 5129 1627 5195 erog.—

692 5200 1436 5312 ⁸11½es⁷s„1v,3.—⁸Psa1.
1464 5201 1841 5261 cxv111,66.—
1869 5198 2038 5250 Ῥεαὶ.
2066 5211 2229 5266 cun,

695 5275 1631 5341 11.-⁷P⁸a1.cx1.1‚6.—·.Greg
1647 5297 1712 5310 —
1737 5269 2228 5337 Psal.1.xx11,24.

692 5353 1013 5418 —sscant.,
1037 5352 1200 5420 ιιι,4.
1222 5374 1287 5388 -
1311 5343 1514 5398 ¹.¹Psa1
1544 5354 1673 5408 xxu,
1699 5344 1835 5395 3.-
1857 5343 2125 5406 ¹¹Jerem„
2151 5354 2229 5407 v1,

1566 5125 1838 5179 -⁸P.sal
1870 5131 2231 5192 extu,10.—
2311 5157 2314 5160 >

2350 721 2620 802 {nanum
2647 706 2975 772 dexteram
3001 727 3019 770 z
3044 706 3114 770 in
3141 705 3400 772 dextera
3424 704 3597 769 enim
3625 702 3759 767 vita
3776 702 3877 767 bo·

2346 829 2438 876 na
2455 861 2475 893 ‚
2514 812 2585 878 in
2626 813 2885 880 sinistra
2933 830 3234 898 perversa
3273 813 3406 878 vita
3458 810 3871 894 significatur.

2348 915 2472 983 Per
2515 937 2783 985 manum
2824 939 2981 1003 ergo
3018 920 3347 986 dexteram
3373 918 3591 985 anima
3624 916 3874 983 evolans

2347 1024 2701 1106 deducitur,
2730 1028 2989 1113 quando
3013 1047 3127 1111 per
3142 1028 3329 1094 bonae
3341 1027 3491 1094 vitae
3517 1044 3712 1110 opera
3736 1024 3870 1089 sub-

2347 1131 2643 1212 vehitur;
2676 1152 2792 1219 per
2818 1153 3087 1199 manum
3129 1137 3347 1200 autem
3390 1132 3713 1197 sinistram
3751 1131 3877 1196 ani-

2344 1258 2456 1304 ma
2480 1233 2590 1306 illa
2626 1260 2667 1306 a
2701 1242 2951 1308 diabolo
2994 1244 3273 1324 tenetur,
3322 1259 3471 1326 quae
3511 1259 3628 1325 per
3664 1256 3874 1325 pravae

2343 1345 2500 1410 vitae
2545 1364 2738 1430 opera
2785 1348 2867 1413 ad
2901 1346 3224 1412 infernum
3265 1344 3620 1411 deducitur.
3672 1343 3875 1409 Dedu-

2344 1457 2581 1520 cuntur
2604 1454 2800 1520 etiam
2826 1455 3061 1520 animae
3090 1452 3409 1519 evolantes
3426 1499 3445 1530 ‚
3490 1453 3566 1516 ut
3599 1450 3879 1533 dirigan-

2342 1563 2472 1638 tur,
2504 1579 2589 1626 ne
2613 1561 3002 1627 circumeant
3048 1579 3163 1645 per
3201 1559 3673 1643 purgationem.
3726 1555 3878 1622 Boni

2343 1668 2519 1733 enim
2542 1686 2657 1752 per
2681 1667 3002 1753 duplicem
3021 1667 3195 1733 viam
3207 1667 3454 1733 vadunt
3472 1665 3553 1731 ad
3570 1682 3868 1749 regnum,

2343 1793 2459 1860 per
2470 1775 2664 1841 latam
2675 1822 2693 1856 ,
2713 1777 2778 1841 et
2794 1775 3109 1841 semitam.
3135 1774 3258 1839 Per
3274 1773 3450 1839 viam
3467 1772 3664 1837 latam
3680 1776 3878 1837 tran&

2345 1885 2501 1946 eunt
2519 1930 2537 1962 ‚
2580 1881 2693 1966 qui
2728 1899 2845 1966 per
2878 1880 3333 1966 purgationem
3360 1883 3729 1954 transeunt3
3765 1897 3879 1962 per

2343 1990 2634 2054 semitam
2663 1989 3088 2069 deducuntur,
3137 1988 3249 2072 qui
3290 1985 3371 2052 ad
3415 2005 3699 2070 regnum
3745 1986 3880 2053 sine

2340 2075 2719 2179 purgatorio
2745 2097 3103 2161 transeunt.
3136 2093 3430 2159 Psalmus
3445 2094 3485 2131 ¹¹
3521 2113 3580 2155 z«
3605 2092 3879 2159 Deduxit

2343 2221 2449 2267 me
2474 2221 2589 2286 per
2615 2201 2872 2268 semitas
2891 2202 3183 2286 justitiae.
3206 2223 3236 2261 ι)
3267 2200 3336 2266 Si
3359 2217 3517 2283 ergo
3553 2200 3877 2280 volumus,

2343 2309 2573 2374 fratres
2594 2357 2612 2388 ‚
2638 2308 2720 2374 ad
2745 2308 2984 2374 coelum
3011 2308 3136 2373 cito
3161 2307 3414 2386 venire,
3445 2326 3561 2392 per
3589 2308 3883 2373 semitam

2343 2416 2718 2482 itineremus
2744 2416 3017 2499 perfecte
3042 2416 3315 2482 vivendo
3341 2464 3362 2496 ,
3394 2418 3459 2481 et
3478 2420 3735 2498 patrum
3763 2433 3882 2481 no-

2344 2529 2625 2588 strorum
2652 2524 2947 2607 antiquas
2972 2523 3385 2607 perfectiones
3422 2523 3744 2605 sequendo
3770 2524 3819 2565 ¹²
3861 2545 3878 2589 t

2351 2653 2384 2692 α
2401 2629 2799 2712 interrogate
2822 2628 2901 2695 de
2926 2629 3166 2695 semitis
3192 2629 3474 2714 antiquis
3490 2679 3510 2710 ‚
3536 2633 3601 2695 et
3625 2647 3776 2713 quse
3801 2631 3884 2695 sit

2342 2737 2450 2802 via
2475 2736 2644 2801 bona
2664 2784 2682 2816 ,
2713 2722 2778 2800 et
2821 2736 3141 2802 ambulate
3171 2737 3243 2801 in
3279 2754 3399 2801 ea:
3433 2740 3499 2800 et
3540 2735 3884 2803 invenietis

2341 2843 2754 2925 refrigerium
2813 2844 3152 2909 animabus
3211 2843 3462 2909 vestris.
3510 2865 3542 2904 ι»
3589 2842 3884 2925 Refrige-

2342 2950 2517 3017 rium
2538 2949 2666 3016 111ae
2684 2950 2920 3016 animae
2937 2950 3316 3030 inveniunt,
3337 2969 3487 3036 qnae
3509 2969 3624 3036 per
3647 2955 3882 3017 aestum

2342 3058 2700 3140 purgatorii
2729 3075 2859 3123 non
2895 3061 3251 3124 transeunt.
3282 3057 3450 3136 Quid
3492 3061 3710 3124 autem
3751 3059 3884 3132 mi·

2341 3181 2514 3243 m,
2545 3163 2601 3228 si
2629 3165 2885 3248 perfecti
2911 3183 3024 3248 per
3045 3165 3496 3248 purgatorium
3523 3182 3656 3231 non
3680 3174 3880 3229 trans·

2342 3274 2514 3350 eant,
2538 3271 2653 3355 qui
2674 3270 3010 3356 purganda
3034 3272 3254 3337 omnia
3273 3272 3480 3339 vitant
3494 3275 3557 3337 et
3575 3271 3881 3354 fugiunt?

2342 3376 2629 3444 Isidorus
2653 3379 2701 3421 ¹⁸
2731 3401 2802 3445 z«
2827 3379 3004 3445 Sicut
3035 3379 3322 3447 falsitatis
3347 3381 3590 3446 crimen
3617 3400 3659 3445 a
3683 3381 3882 3464 profl-

2341 3484 2654 3551 cientibus
2696 3487 3183 3569 pertimescitur,
3234 3487 3324 3552 ita
3366 3487 3570 3553 otlosa
3610 3489 3810 3556 verba
3840 3506 3883 3553 a

2340 3593 2631 3676 perfectis
2670 3595 2830 3660 viris
2874 3595 3181 3661 vitantur.
3209 3615 3241 3655 n
3277 3595 3692 3661 Deducuntur
3716 3613 3878 3681 quo·-

2349 3720 2475 3785 que
2503 3700 2896 3767 evolantium
2916 3703 3186 3783 animae,
3213 3704 3291 3767 ut
3317 3702 3773 3784 conducantur,
3801 3720 3883 3767 ne

2342 3806 2614 3872 timeant
2637 3807 2995 3888 diabolum,
3026 3807 3139 3891 qui
3166 3806 3312 3873 licet
3337 3826 3471 3873 non
3494 3808 3692 3893 possit
3729 3826 3881 3892 per-

2341 3914 2655 3981 fectorum
2693 3916 2940 3981 animas
2976 3915 3046 3981 in
3069 3916 3253 3982 exitu
3288 3915 3602 3998 detinere,
3641 3917 3882 3983 nihilo—

2341 4022 2558 4088 minus
2582 4027 2801 4089 tamen
2825 4023 3096 4089 libenter
3123 4041 3232 4089 eas
3256 4023 3639 4105 deterreret,
3665 4025 3722 4090 si
3750 4043 3878 4090 non

2339 4129 2413 4194 in
2439 4147 2592 4214 pace
2620 4128 2895 4215 Spiritus
2919 4130 3120 4196 sancti
3147 4130 3612 4198 deducerentur
3633 4134 3721 4198 ¹⁸:
3754 4154 3787 4194 ι
3805 4131 3881 4197 Ιιι

2338 4234 2564 4301 laetitia
2581 4237 3056 4320 ingrediemini,
3074 4242 3138 4306 et
3155 4239 3222 4304 in
3237 4257 3392 4323 pace
3405 4240 3827 4306 deducemini.
3838 4260 3871 4299 n

2340 4341 2492 4408 Haec
2535 4362 2664 4427 pax
2679 4390 2701 4423 ,
2730 4363 2925 4428 quam
2968 4350 3205 4413 sanctae
3252 4347 3488 4413 animae
3529 4347 3771 4414 habent
3810 4346 3881 4412 in

2339 4467 2604 4532 egressu
2629 4451 2708 4516 de
2739 4468 3001 4536 corpore
3028 4458 3092 4519 et
3120 4454 3200 4520 de
3224 4453 3503 4535 mundo,
3543 4454 3738 4538 longe
3784 4458 3880 4519 est

2339 4574 2380 4620 a
2403 4556 2690 4639 reprobis
2719 4557 2792 4623 in
2816 4561 3101 4643 ipsorum
3126 4577 3393 4643 egressu
3425 4561 3519 4625 ¹⁸:
3559 4585 3592 4624 α
3615 4566 3686 4626 ln
3714 4565 3877 4628 tem-

2337 4680 2496 4746 pore
2535 4662 2644 4728 illo
2681 4679 2817 4730 non
2841 4666 2962 4731 erit
3000 4686 3129 4751 pax
3165 4668 3515 4751 egredienti
3551 4672 3619 4733 et
3654 4667 3878 4751 ingre·

2339 4770 2531 4835 dienti
2552 4819 2573 4854 ‚
2615 4773 2726 4839 sed
2765 4777 3039 4840 terrores
3094 4775 3411 4859 undique,
3443 4797 3475 4837 s
3514 4780 3634 4841 etc.
3674 4775 3875 4859 Eure·-
3915 4862 3920 4866 ⁸

2339 4873 2553 4946 deeuti
2579 4881 2922 4964 mundum,
2951 4881 3344 4966 inoredienti
3363 4882 3716 4965 infernum,
3745 4901 3875 4949 non

2338 4986 2460 5051 erit
2483 5005 2633 5070 pax.

2339 5184 2421 5232 16.
2454 5209 2509 5219 -
2544 5183 2587 5220 ¹⁸
2615 5185 2753 5250 laid„
2793 5186 2955 5250 Sene„
2988 5185 3076 5237 lib.
3115 5186 3187 5250 11,
3216 5199 3263 5238 c.
3301 5197 3452 5237 xxix.
3478 5212 3544 5226 -
3571 5188 3614 5224 ¹⁸
3638 5186 3761 5253 Ian„
3790 5198 3875 5254 rav,

2341 5254 2419 5305 12.
2449 5279 2512 5294 -
2534 5255 2579 5291 ¹⁸
2605 5257 2647 5306 ll
2677 5257 2872 5321 Pus-al„
2899 5269 2990 5321 xv,
3020 5261 3071 5308 6.

2404 5348 2469 5414 (α)
2499 5349 2622 5401 Coet.
2656 5349 2776 5403 edit.
2805 5365 2902 5402 non
2928 5349 3109 5401 habent
3135 5353 3188 5401 et
3209 5347 3397 5414 digitos
3421 5363 3589 5404 meos.
