4059 6317
871 485 1252 556 DOMINICA
1291 485 1377 553 111
1417 483 1501 550 IN
1543 477 2187 562 QUADRAGESMA.
2231 482 2493 551 SERMO
2529 480 2579 549 Ι.

168 626 241 703 tu,
273 622 615 704 luxuriose,
663 626 763 702 tu,
792 622 1032 703 invide,
1079 627 1176 702 tu,
1212 640 1436 700 avare,
1465 618 1667 685 sordi-

167 730 278 794 dior
302 748 369 793 es
392 730 679 813 quolibet
715 748 872 795 cane
890 778 911 808 ,
952 735 1016 794 et
1038 729 1332 795 foetidior.
1364 724 1670 808 Augusti-

165 856 262 901 nus
285 839 350 901 ¹:
386 861 416 898 α
443 836 695 914 Quanto
737 836 1126 903 tolerabilius
1170 836 1343 901 canis
1378 832 1668 918 putridus

165 944 306 1009 roetet
365 944 737 1010 hominibus
761 992 780 1022 ,
834 962 1031 1026 quam
1085 943 1301 1008 anima
1354 940 1669 1025 peccatrix

165 1049 293 1115 Deo!
313 1072 344 1110 n
375 1050 614 1133 Magna
639 1051 969 1134 patientia,
999 1051 1172 1134 quod
1196 1049 1503 1116 Dominus
1528 1065 1668 1131 per-

165 1157 323 1221 mittit
339 1176 407 1223 se
431 1177 471 1223 a
497 1159 770 1223 canibus
787 1158 1051 1223 comedi.
1074 1156 1297 1223 Nonne
1320 1156 1484 1222 sicut
1494 1153 1668 1219 canis

164 1283 254 1347 per
275 1266 585 1330 vomitum
604 1313 628 1346 ‚
659 1266 750 1330 ita
775 1284 890 1348 per
913 1266 1366 1330 consessionem
1405 1261 1665 1339 faciunt,

165 1377 214 1436 et
235 1377 361 1454 post
386 1372 625 1439 Pascha
652 1374 734 1439 ad
754 1392 852 1454 ea,
871 1392 1018 1458 quas
1034 1375 1444 1453 vomuerunt,
1465 1369 1670 1435 redie-

164 1485 327 1561 runt,
354 1482 519 1547 sicut
559 1482 738 1546 canis
760 1483 809 1562 2,
838 1483 952 1564 qui
989 1480 1330 1547 revertitur
1355 1478 1434 1543 ad
1459 1476 1667 1542 vomi-

163 1588 317 1650 tum?

230 1696 306 1760 De
328 1700 552 1779 quarta
569 1696 652 1780 (a)
670 1696 726 1759 ⁸:
754 1719 787 1757 e
810 1694 947 1778 Ego
970 1695 1238 1779 dispono
1265 1692 1467 1772 vobiS,
1488 1714 1521 1752 1>
1546 1695 1666 1756 etc.

165 1800 293 1865 Haec
327 1805 420 1866 est
464 1819 692 1867 mensa
731 1802 1148 1867 admiratione
1190 1801 1395 1882 digna
1409 1846 1432 1879 ,
1485 1798 1669 1863 sicuti

162 1908 560 1990 significatum
605 1912 703 1973 est
727 1908 753 1941 ⁸
787 1931 803 1971 ε
841 1930 872 1969 α
897 1906 1130 1973 Videns
1175 1911 1393 1971 autem
1438 1905 1670 1986 regina

164 2012 308 2080 Saba
343 2033 600 2081 omnem
625 2014 1005 2097 sapientiam
1050 2013 1424 2093 Salomonis,
1447 2015 1512 2077 et
1550 2012 1665 2077 do·-

164 2139 350 2201 mum,
390 2140 587 2206 quam
627 2122 1087 2200 aedificaverat,
1127 2122 1188 2184 et
1228 2120 1402 2185 cibos
1429 2137 1668 2184 mensae

166 2231 300 2310 ejus,
312 2229 738 2296 ethabitacula
750 2245 1106 2308 servorum,
1127 2227 1542 2309 ordinemque
1552 2225 1671 2288 mi-

74 2393 82 2400 ,
164 2335 561 2414 nistrantium,
581 2341 923 2419 vestesque
935 2352 1159 2399 eorum
1175 2380 1195 2411 ‚
1222 2338 1286 2398 et
1306 2335 1664 2416 pincernas»,

166 2443 598 2524 etholocausta,
620 2462 756 2509 non
781 2442 1056 2507 habebat
1080 2441 1249 2506 ultra
1276 2440 1595 2522 spiritum.
1625 2462 1657 2500 n

164 2550 380 2636 Regina
413 2560 509 2621 est
552 2555 775 2619 anima
813 2553 1143 2619 evolatura
1194 2551 1551 2616 coronanda
1599 2552 1667 2614 in

166 2661 347 2744 ooelis,
374 2681 518 2747 quae
555 2661 897 2728 mirabitur
933 2661 1002 2724 in
1044 2659 1506 2742 sapientissima
1533 2658 1662 2722 dis-

166 2770 438 2849 positione
478 2771 713 2836 domus
756 2767 1043 2832 coelesfis.
1085 2767 1219 2830 Cibi
1248 2783 1490 2831 mensae
1534 2783 1663 2831 οω-

169 2872 310 2940 lestis
348 2882 494 2942 sunt
528 2875 970 2941 delectationes
991 2874 1060 2937 in
1087 2873 1346 2939 dextera
1369 2872 1501 2936 Dei.
1532 2871 1664 2936 Ha·-

174 2982 405 3050 bitacula
429 2989 583 3050 sunt
608 2983 970 3048 mansiones
1008 2981 1230 3045 multae
1256 2997 1373 3063 pro
1399 2979 1663 3044 diversi-

172 3093 272 3157 tate
293 3093 682 3159 meritorum.
710 3089 971 3156 ordines
993 3088 1493 3152 ministrantium
1512 3091 1665 3151 sunt

166 3198 388 3264 ordines
421 3198 828 3281 angelorum.
873 3196 1205 3262 Pincernae
1250 3197 1405 3259 sunt
1428 3194 1663 3260 animae

163 3310 510 3386 sanctorum,
538 3306 771 3371 vinum
797 3303 1018 3368 aeterni
1043 3302 1303 3379 amoris,
1330 3306 1395 3367 et
1420 3301 1570 3381 Dee,
1600 3306 1663 3366 et

160 3414 362 3479 sanctis
383 3415 658 3481 invicem
685 3411 1113 3497 propinantes.
1145 3409 1361 3475 Vestes
1377 3412 1527 3474 sunt
1541 3408 1661 3473 cla-

159 3520 368 3588 rItateS.
393 3522 630 3588 Eorum
671 3518 1037 3584 holocausta
1062 3520 1212 3583 sunt
1235 3517 1474 3597 laudes,
1504 3534 1657 3601 quae

159 3626 276 3694 sine
321 3630 444 3694 flne
502 3628 886 3693 offeruntur.
938 3624 1094 3690 Ecce
1112 3673 1131 3702 ,
1186 3624 1291 3689 bis
1358 3626 1659 3690 omnibus

157 3734 289 3800 visis
306 3784 326 3815 ,
353 3736 565 3801 anima
595 3734 783 3798 beata
821 3750 951 3797 non
981 3731 1242 3796 babebit
1280 3731 1449 3796 ultra
1470 3733 1656 3816 spiri-

155 3845 313 3924 tum,
347 3846 497 3928 quia
535 3862 576 3908 a
616 3860 686 3906 se
723 3840 1019 3907 deficiens
1041 3886 1059 3918 ,
1091 3843 1223 3905 tota
1263 3841 1558 3905 transibit
1590 3842 1657 3905 in

153 3945 485 4016 Dominum.
539 3948 615 4013 ln
666 3947 772 4012 his
810 3946 1109 4012 omnibus
1149 3944 1505 4012 Salomonis
1551 3965 1653 4011 sa-

154 4055 422 4136 pientiam
441 4056 802 4137 mirabitur,
826 4057 891 4119 et
915 4055 984 4118 in
1009 4054 1477 4119 ordinatissima
1497 4073 1658 4139 prae-

150 4161 433 4231 dictorum
459 4164 873 4231 multitudine
911 4163 1344 4228 delectabitur.
1389 4162 1652 4245 Augus-

153 4267 300 4335 tinus
318 4273 381 4337 ⁸:
435 4295 465 4335 ι
522 4271 728 4337 Tanta
775 4274 870 4335 est
919 4270 1325 4354 pulchritudo
1360 4273 1654 4353 Justitiae,

150 4378 301 4442 tanta
333 4384 427 4444 est
461 4379 833 4462 jucunditas
878 4378 1040 4444 lucis
1078 4382 1334 4443 aeternae
1351 4426 1374 4459 ,
1413 4380 1536 4445 hoc
1560 4386 1657 4446 est

151 4479 658 4552 incommutabilis
699 4486 1014 4566 veritatiS,
1071 4490 1264 4569 atque
1304 4486 1651 4570 sapientiai,

150 4594 210 4653 ut
244 4594 420 4658 etiam
461 4595 520 4658 si
561 4611 696 4658 non
722 4592 943 4658 liceret
997 4592 1072 4675 (b)
1112 4594 1388 4677 amplius
1415 4596 1653 4675 videre,

152 4713 320 4778 quam
360 4701 554 4766 unius
597 4700 726 4766 diei
759 4703 949 4780 hora,
997 4704 1252 4784 propter
1290 4700 1411 4765 hoc
1444 4702 1653 4767 solum

147 4803 617 4872 innumerabiles
633 4806 789 4871 anni
805 4806 1003 4890 hujus
1019 4807 1172 4871 vitae
1190 4806 1362 4890 pleni
1388 4807 1650 4889 deliciis,

147 4916 203 4976 et
258 4913 754 4979 circumfluentia
818 4913 1261 4996 temporalium
1336 4914 1651 4981 bonorum

145 5021 348 5087 merito
367 5023 893 5088 contemneretur.
928 5041 960 5081 n

201 5183 216 5213 ⁸
237 5183 339 5234 imo
366 5187 538 5234 auctor
571 5182 661 5234 lib.
695 5182 771 5232 De
794 5183 925 5233 cont.
953 5182 1111 5245 cord„
1137 5198 1184 5234 c.
1213 5194 1285 5248 lv,
1312 5181 1447 5234 inter
1470 5182 1655 5248 Spuria

144 5253 293 5318 Aug„
326 5257 452 5318 App.
475 5258 602 5307 tom.
635 5256 726 5306 vl.
750 5280 816 5292 -
841 5255 866 5289 ¹
889 5253 1062 5316 Pron„
1088 5267 1229 5319 xxvn,
1265 5260 1341 5307 11.
1371 5280 1434 5294 -
1459 5254 1482 5290 ⁸
1513 5256 1650 5317 Luc„

147 5333 263 5387 xxiv,
287 5328 364 5375 29.
381 5351 441 5363 -
463 5325 481 5357 ⁴
509 5326 576 5376 ΙΙΙ
607 5325 746 5390 Req„
769 5336 822 5388 x,
840 5326 889 5374 4.
910 5325 1155 5390 —⁸Aug.
1181 5352 1244 5365 -
1268 5326 1291 5363 ⁸
1317 5327 1453 5388 Luc„
1481 5328 1648 5390 x1,14.

146 5394 231 5432 -Ἷ
256 5395 442 5454 luch„
466 5406 655 5459 xxvni,
683 5398 762 5447 16.
789 5421 853 5432 —
869 5392 893 5430 ⁸
916 5394 1094 5460 Eccli„
1127 5409 1248 5460 xxv,
1276 5400 1324 5448 4.
1345 5423 1406 5435 -
1429 5397 1451 5432 ⁹
1469 5396 1583 5459 Job,
1607 5408 1648 5461 1,

147 5467 292 5517 21.—
317 5470 357 5504 ¹·
380 5468 576 5534 nauh„
593 5479 668 5533 xv,
688 5471 739 5520 9.
756 5493 821 5506 -
841 5468 872 5498 ¹¹
896 5467 1104 5531 August.
1123 5496 1186 5509 —
1210 5470 1245 5502 ¹²
1261 5470 1440 5530 uam,
1457 5479 1567 5534 xvi,
1596 5472 1644 5523 9.

3187 485 3306 556 163

1895 743 2264 820 DOMINIGA
2305 745 2387 819 111
2431 744 2510 819 IN
2554 736 3177 828 QUADRAGESIMA.

2195 914 2483 984 SERMO
2528 914 2879 986 PRIMUS.

1853 1046 2017 1116 Erat
2043 1048 2226 1115 Iesus
2270 1049 2531 1131 ejiciam
2564 1049 2951 1118 doemonium
2979 1050 3023 1114 ⁸.
3052 1050 3308 1134 Oportet

1775 1153 1851 1215 ut
1891 1152 2179 1219 diabolus
2220 1156 2511 1238 eJiciatur
2548 1176 2661 1240 per
2702 1157 3142 1223 contritionem
3161 1205 3181 1239 ,
3234 1161 3311 1223 ut

1775 1263 1996 1323 mutus
2038 1261 2336 1345 loquatur
2376 1282 2490 1346 per
2532 1265 3008 1330 confessionem.
3072 1265 3310 1349 Ejectio

1774 1369 1985 1429 autem
2031 1368 2259 1435 diaboli
2295 1372 2697 1455 quadruplex
2740 1376 2837 1438 est
2856 1420 2874 1453 ,
2905 1373 3196 1439 videlicet
3230 1375 3309 1439 de

1775 1488 1966 1550 caecO,
1994 1473 2074 1538 de
2100 1474 2320 1558 impio,
2350 1476 2429 1541 de
2455 1477 2730 1557 obsess0,
2761 1477 2839 1542 de
2866 1479 3128 1544 mundo.
3162 1479 3301 1545 Pri-

1775 1595 1884 1642 ma
1900 1626 1921 1657 ,
1969 1580 2220 1646 diabolo
2259 1584 2694 1666 superbiente3
2739 1586 3052 1666 secunda,
3110 1588 3307 1672 impio

1775 1686 2121 1766 poenitente
2157 1711 2175 1766 ;
2237 1690 2427 1754 tertia
2451 1739 2475 1770 ,
2548 1689 2791 1757 Christo
2856 1695 3302 1777 praecipimoe3

1773 1797 2021 1875 quarta,
2055 1796 2295 1863 mundo
2320 1798 2609 1863 credente
2636 1801 2798 1865 facta
2829 1806 2945 1866 est.

1854 1900 1944 1964 De
1995 1903 2207 1986 prima
2246 1904 2321 1968 ⁷:
2370 1903 2744 1984 «Peccasti,
2799 1912 2862 1971 et
2916 1910 3071 1991 ejeci
3125 1913 3187 1974 te
3229 1911 3308 1976 de

1776 2011 1990 2073 monte
2017 2009 2153 2087 Dei,
2182 2014 2246 2075 et
2270 2011 2515 2093 perdidi
2551 2017 2632 2094 te,
2665 2031 2704 2077 o
2744 2013 3106 2080 Cherubim.
3134 2038 3164 2076 ι)
3201 2016 3305 2082 Ti-

1776 2115 2082 2180 mendum
2109 2120 2202 2181 est
2227 2135 2384 2200 ergo
2397 2119 2704 2202 superbis.
2729 2119 2796 2184 Si
2810 2122 2984 2185 enim
3007 2123 3077 2186 in
3091 2128 3305 2189 monte

1775 2221 1916 2285 coeli
1943 2228 2110 2288 stare
2138 2243 2266 2289 non
2291 2225 2497 2308 potuit
2521 2226 2794 2307 angelus
2810 2230 3149 2311 superbus,
3171 2249 3302 2314 quo

1774 2329 1964 2394 modo
2034 2333 2368 2398 ascendere
2394 2337 2599 2416 potest
2670 2334 2866 2399 homo
2932 2338 3248 2419 superbus
3275 2340 3308 2402 ’ἒ

1772 2435 1931 2501 Item
1958 2485 1977 2515 ,
2021 2439 2077 2501 si
2122 2443 2379 2522 propter
2429 2459 2625 2505 unam
2674 2443 3037 2526 superbiam
3087 2445 3308 2511 cecidit

1772 2544 2082 2626 angelnS,
2121 2546 2274 2628 quid
2302 2548 2410 2612 flet
2432 2548 2512 2613 de
2534 2548 2922 2631 bominibus,
2952 2552 3065 2635 qui
3089 2553 3301 2617 omni·

1772 2650 1894 2715 bus
1939 2653 2104 2717 vitiis
2148 2653 2319 2737 pleni
2361 2658 2559 2721 sunt?
2586 2656 2844 2723 Odibilis
2880 2663 2976 2724 est
3008 2678 3168 2743 ergo
3194 2679 3303 2726 su-

1770 2759 1988 2842 perbia
2031 2779 2164 2826 non
2199 2762 2404 2827 solum
2432 2764 2649 2846 angeli
2671 2813 2688 2841 ‚
2732 2765 2840 2830 sed
2868 2766 3148 2834 hominis
3176 2771 3306 2832 mi-

1772 2866 1896 2931 seri
1936 2871 1961 2907 ⁸
1998 2885 2017 2931 ε
2051 2891 2083 2929 α
2127 2868 2281 2934 Tres
2319 2872 2558 2953 species
2596 2871 2794 2937 odivit
2840 2874 3054 2939 anima
3107 2894 3250 2942 mea
3281 2898 3297 2941 ε

1772 2994 2119 3060 pauperem
2159 2980 2508 3062 superbum
2531 3030 2549 3059 ,
2603 2982 2864 3048 divitem
2909 2986 3300 3068 mendacem,

1771 3102 1988 3149 senem
2027 3086 2299 3151 fatuum.
2337 3109 2369 3147 n
2409 3087 2659 3172 Pauper
2698 3092 3011 3174 superbus
3045 3097 3142 3159 est
3181 3095 3300 3160 ho·

1769 3208 1876 3256 mo
1926 3214 1943 3256 ε
1994 3211 2237 3277 pauper
2284 3195 2458 3259 enim
2524 3199 2838 3264 mundum
2905 3201 3299 3283 ingreditur,

1768 3319 2011 3384 pauper
2047 3303 2377 3385 egreditur
2402 3309 2424 3344 ⁰
2457 3322 2476 3368 ε
2510 3328 2541 3366 α
2562 3305 2784 3372 Nudus
2818 3325 3117 3390 egressus
3156 3328 3302 3377 sum

1767 3408 1847 3473 de
1902 3414 2086 3475 utero
2140 3411 2359 3475 matris
2415 3429 2575 3477 meae
2597 3460 2614 3493 ,
2645 3417 2707 3478 et
2755 3415 2969 3480 nudus
3017 3399 3303 3483 revertar

1765 3515 1938 3596 illuc,
1964 3539 1995 3577 n
2017 3516 2253 3583 scilicet
2277 3519 2358 3584 ad
2385 3537 2689 3601 magnam
2721 3527 3011 3603 matrem,
3042 3541 3190 3608 quae
3209 3529 3303 3589 est

1766 3627 1958 3688 terra.
2001 3624 2189 3690 Dives
2215 3627 2492 3691 mendax
2517 3630 2614 3692 est
2647 3628 2938 3694 diabolus
2953 3677 2976 3710 ,
3014 3631 3194 3698 dives
3233 3632 3304 3698 in

1764 3732 2181 3814 promissione
2200 3734 2246 3771 ¹⁰
2275 3756 2291 3799 :
2323 3733 2519 3800 «Haec
2534 3735 2753 3800 omnia
2775 3736 2894 3801 tibi
2912 3737 3096 3813 dabo,
3122 3760 3153 3798 υ
3179 3744 3298 3805 etc.

1767 3837 2040 3904 Mendax
2083 3844 2299 3905 autem
2337 3845 2435 3907 est
2477 3842 2548 3906 in
2591 3842 2939 3924 solutione3
2987 3845 3302 3928 Augusti-

1761 3965 1887 4012 nus
1914 3948 1957 3989 ¹¹
1994 3970 2010 4011 :
2047 3970 2080 4009 α
2102 3946 2325 4014 Veniet
2358 3948 2493 4013 dies
2509 3948 2757 4032 judicii,
2784 3954 2849 4014 et
2876 3951 3160 4017 invenies
3184 3971 3296 4019 ve-

1764 4072 1934 4133 rum,
1964 4054 2136 4138 quod
2161 4055 2582 4121 comminatus
2609 4059 2702 4120 est
2735 4055 2921 4137 Deus,
2951 4063 3016 4124 et
3039 4057 3297 4138 falsum,

1762 4162 1935 4245 quod
1974 4161 2291 4246 pollicitus
2316 4165 2411 4227 est
2434 4161 2745 4230 diabolus.
2782 4185 2814 4224 n
2850 4161 3060 4231 Senex
3090 4167 3299 4232 fatuus

1765 4274 1863 4335 est
1891 4271 2208 4350 muudus,
2236 4270 2350 4354 qui
2389 4270 2563 4335 fatua
2604 4272 2925 4354 sequitur,
2975 4276 3039 4337 et
3089 4269 3297 4339 fatuos

1763 4377 1933 4443 facit.
1949 4377 2259 4460 Superbia
2287 4376 2648 4443 Luciferum
2678 4378 2757 4446 de
2787 4378 2970 4459 coelo,
2998 4380 3202 4445 Adam
3217 4381 3297 4446 de

1762 4484 2074 4567 paradiso,
2102 4483 2679 4554 Nabuchodonosor
2697 4486 2777 4551 de
2793 4503 2998 4568 regno
3024 4488 3228 4571 ejecit.

1841 4591 1928 4656 De
1955 4592 2231 4658 secunda
2257 4591 2328 4675 (c)
2360 4594 2406 4629 ¹²
2428 4614 2445 4657 ε
2469 4615 2501 4654 α
2523 4591 2834 4676 Apparuit
2845 4593 3053 4676 primo
3079 4593 3296 4661 Mariae

1765 4697 2157 4782 Magdalenae
2167 4746 2189 4779 ,
2222 4701 2301 4767 de
2327 4719 2458 4784 qua
2483 4702 2751 4784 ejecerat
2788 4704 3031 4784 septem
3063 4703 3298 4769 daemo-

1764 4805 1895 4870 nia.
1925 4828 1957 4867 υ
1993 4806 2248 4891 Septem
2289 4812 2501 4873 autem
2526 4808 2928 4874 daemonibus
2953 4809 3295 4892 spirituali-

1763 4916 1860 4978 ter
1895 4913 2187 4980 obsessus
2212 4917 2341 4993 est,
2369 4915 2483 4997 qui
2520 4919 2760 4998 septem
2799 4914 3164 4998 capitalium
3190 4917 3291 4983 vi-

1764 5019 2003 5085 tiorum
2050 5020 2444 5106 principibus
2477 5022 2797 5105 subjectus
2836 5027 2965 5105 est,
3005 5022 3296 5090 videlicet

1763 5127 2080 5210 superbiae
2095 5175 2117 5208 ,
2146 5128 2402 5194 invidiae
2419 5177 2440 5210 ‚
2478 5129 2592 5194 irae
2611 5178 2631 5210 ,
2677 5129 2934 5210 acediae,
2978 5130 3287 5212 avaritiae,

1762 5234 1960 5317 gulae,
2003 5236 2313 5301 luxuriae.
2363 5235 2540 5301 Unde
2586 5236 2653 5300 in
2705 5236 2826 5300 hoc
2882 5236 3286 5319 Evangelio:

1767 5342 1939 5408 Tum
1992 5345 2266 5411 assumit
2309 5343 2472 5411 alios
2525 5350 2759 5426 septem
2801 5347 3073 5427 spiritus
3090 5392 3108 5424 ‚
3160 5350 3282 5412 etc.

1824 5467 1893 5533 (a)
1921 5468 2044 5521 Goet.
2073 5469 2194 5520 edit.
2222 5473 2421 5536 quarto.
2450 5495 2512 5508 —
2540 5468 2609 5536 (ὸ)
2644 5468 2783 5522 licet.
2807 5495 2872 5511 -·-
2904 5469 2971 5536 (c)
2996 5472 3246 5530 secundo.
