4059 6317
673 494 792 556 512

671 623 876 701 puella
901 623 1235 701 prudentia.
1275 624 1418 684 Mira
1446 625 1836 700 tyrannorum
1870 623 2126 698 insania,
2160 627 2219 685 et

435 727 648 847 ,ἔξω
674 718 901 777 01001100
933 718 1296 778 detestanda.
1326 722 1471 778 Nam
1507 724 1742 778 sanctus
1777 718 2043 790 Quiricus
2080 735 2218 777 cum

675 812 852 871 trium
873 828 1170 872 annorum
1206 815 1377 883 esset,
1404 815 1462 871 et
1488 811 1685 871 verbis
1716 812 2107 887 prudentibus
2132 813 2218 870 in-

673 921 821 983 0000
859 906 1047 980 judici
1072 907 1455 982 responderet
1466 926 1485 979 ς
1527 905 1736 979 iudex,
1767 906 1929 965 uude
1973 907 2220 966 haberet

672 999 840 1059 illam
864 1000 1263 1076 prudentiam,
1279 1000 1602 1075 requisivit.
1634 1002 1737 1060 Cui
1759 1002 2079 1061 infantulus
2106 1003 2214 1062 ait:

678 1113 709 1149 α
738 1094 913 1153 Miror
940 1094 1016 1153 de
1042 1099 1098 1154 te
1123 1095 1455 1170 quomodo,
1498 1095 1657 1154 unde
1684 1096 1830 1153 mihi
1869 1096 1941 1155 sit
1981 1097 2216 1172 sapien·

673 1188 775 1261 tia,
803 1203 928 1246 000
964 1189 1241 1260 advertis,
1289 1206 1425 1248 cum
1453 1189 1594 1249 talia
1627 1189 1795 1265 loqui
1831 1206 1955 1248 000
1991 1190 2065 1249 011
2100 1191 2215 1250 hu-

670 1284 769 1356 jus
796 1283 1022 1341 aetatis?
1053 1305 1082 1336 »
1132 1283 1379 1341 Volebat
1418 1283 1576 1341 enim
1605 1300 1744 1343 eum
1783 1283 2064 1343 inducere
2090 1288 2218 1345 uta

436 1376 901 1504 ιριι111’.ῃ.ιιειιιιιι·(11111010
929 1382 1309 1450 cognosceret
1342 1392 1404 1435 se
1430 1377 1597 1435 illam
1620 1378 2029 1437 110001011οο
2063 1379 2218 1452 talis,

674 1470 1126 1543 01Ρο00000100,
1160 1470 1494 1529 Alexander
1529 1470 1630 1529 ille
1664 1471 1937 1547 inclytus,
1980 1472 2056 1531 de
2094 1490 2216 1548 quo

677 1562 819 1623 dicit
853 1565 1204 1638 Augustinus
1233 1568 1275 1637 ¹,
1306 1563 1471 1640 quod
1509 1581 1643 1623 cum
1672 1564 1735 1623 in
1771 1565 1977 1641 praeda
2011 1583 2218 1642 quem-

676 1657 817 1716 dam
843 1657 1095 1732 piratam
1123 1657 1395 1733 cepisset,
1421 1660 1478 1716 et
1504 1657 1581 1717 ab
1610 1674 1681 1716 eo
1723 1665 2043 1734 quaereret,
2070 1661 2219 1736 quid

676 1767 866 1809 causae
901 1755 1051 1810 esset
1077 1751 1246 1826 quod
1282 1767 1446 1810 mare
1473 1752 1720 1811 haberet
1756 1752 2053 1826 infestum,
2090 1757 2217 1829 0300

675 1844 949 1919 prudenti
968 1845 1352 1919 responsione
1367 1845 1633 1920 placatus
1646 1850 1732 1905 est
1751 1864 1766 1905 ε
1795 1847 1944 1905 dixit
1961 1849 2119 1908 enim
2138 1849 2218 1908 ad

677 1954 813 1996 eum
827 1937 1046 2015 pirata:
1062 1958 1087 1991 α
1101 1940 1218 1997 Hoc
1241 1954 1353 2013 ego
1370 1938 1524 1999 facio
1543 1941 1605 1998 in
1618 1957 1804 2012 mare,
1818 1942 1986 2017 quod
1998 1947 2063 2001 tu
2075 1941 2219 2002 facis

677 2032 739 2089 in
767 2036 952 2106 terra3
984 2033 1126 2106 quia
1163 2047 1275 2106 030
1302 2032 1566 2107 praedor,
1595 2040 1654 2093 et
1675 2039 1737 2093 tu
1764 2036 2065 2111 praedaris.
2104 2038 2220 2096 Sed

678 2126 820 2200 quia
843 2142 954 2199 030
980 2125 1134 2184 facio
1154 2125 1270 2184 hoc
1297 2126 1511 2200 exiguo
1535 2128 1798 2202 navigio,
1822 2130 1974 2189 latro
2001 2147 2188 2190 vocor
2195 2151 2214 2205 ς

676 2223 741 2279 tu
768 2224 964 2279 autem
984 2221 1126 2296 quia
1147 2222 1404 2280 maxima
1431 2222 1635 2294 classe,
1655 2225 1995 2297 imperator.
2023 2245 2052 2281 n
2078 2230 2218 2285 Nar·

675 2320 766 2375 rat
791 2315 949 2372 enim
975 2314 1236 2374 Valerius
1250 2316 1577 2374 Maximus²
1578 2317 1788 2391 ,quod
1807 2317 1950 2377 dum
1967 2319 2218 2379 Alexan·

679 2409 786 2468 (101
805 2410 988 2468 semel
1013 2409 1191 2469 idolis
1210 2409 1565 2483 immolaret,
1597 2416 1959 2486 praeceptum
1991 2418 2078 2472 est
2103 2414 2217 2473 sibi

677 2508 745 2562 01
763 2503 1064 2579 quidquid
1078 2504 1188 2562 sibi
1212 2505 1471 2579 primum
1486 2505 1716 2563 exeunti
1740 2506 1815 2564 de
1828 2512 2001 2580 porta
2016 2524 2219 2568 occur·

677 2600 850 2669 reret,
873 2597 1067 2655 occidi
1091 2597 1343 2672 juberet.
1385 2599 1649 2672 Cumque
1665 2600 1899 2658 exeunti
1928 2601 2218 2661 asinarius

679 2691 928 2766 quidam
955 2707 1092 2749 cum
1119 2691 1287 2749 asino
1317 2693 1689 2763 occurrisset,
1719 2697 1776 2752 et
1801 2693 1901 2752 ille
1920 2711 2056 2753 eum
2084 2697 2217 2772 capi

676 2783 923 2856 fecisset,
956 2784 1223 2860 quaesivit
1251 2784 1328 2842 ab
1365 2801 1436 2844 eo
1465 2786 1734 2857 rusticus,
1780 2804 1902 2863 qua
1938 2786 2012 2846 (10
2042 2804 2219 2849 00000

678 2893 813 2936 eum
844 2878 1033 2936 occidi
1066 2879 1319 2951 juberet.
1357 2879 1462 2938 Cui
1490 2896 1626 2937 cum
1651 2896 1757 2939 rex
1784 2897 2023 2941 causam
2062 2882 2217 2941 indi-

680 2975 883 3043 casset,
914 2972 1013 3030 ille
1043 2971 1157 3030 ait:
1194 2992 1222 3026 α
1250 2972 1308 3030 Si
1335 2972 1416 3030 ita
1444 2977 1548 3045 est,
1578 2991 1616 3032 0
1644 2990 1769 3045 rex,
1799 2976 1865 3033 ut
1891 2975 2059 3048 dicis,
2093 2993 2218 3036 000

680 3081 793 3139 030
824 3065 975 3123 10011
1005 3065 1219 3137 debeo,
1258 3066 1364 3124 sed
1398 3066 1616 3138 001000,
1639 3068 1741 3142 qui
1771 3068 1874 3126 tibi
1895 3071 2089 3143 primo
2118 3087 2221 3129 00·

680 3160 878 3216 currit.
910 3180 940 3214 »
982 3159 1304 3216 Delectatus
1349 3158 1524 3231 igitur
1566 3176 1670 3218 rex
1711 3161 1786 3218 de
1818 3163 2095 3236 prudenti
2130 3181 2220 3223 re-

681 3252 998 3327 sponsione
1013 3251 1158 3325 ejus,
1176 3251 1370 3326 ipsum
1382 3252 1650 3327 protinus
1661 3253 1952 3314 liberavit.
1978 3257 2218 3317 Multum

682 3346 841 3403 enim
878 3345 1035 3404 valet
1070 3345 1233 3419 apud
1268 3345 1560 3420 sapientes
1597 3347 1861 3421 prudens
1885 3354 2215 3425 responsio,

682 3439 957 3514 quamvis
992 3439 1212 3497 nullius
1250 3438 1322 3496 sit
1361 3439 1645 3514 ponderis
1673 3442 1833 3516 apud
1861 3445 2083 3503 stultos.
2118 3450 2220 3505 Po·

681 3537 828 3590 terat
848 3548 989 3606 ergo
1018 3532 1212 3591 dicere
1237 3532 1412 3591 beata
1436 3534 1612 3592 Lucia
1637 3552 1770 3593 cum
1799 3537 1919 3594 suis
1940 3537 2220 3598 fidelibus

681 3625 834 3684 illud
860 3627 1125 3701 Apostoli
1154 3628 1212 3682 ⁸:
1254 3646 1280 3680 α
1303 3630 1616 3686 curramus
1641 3645 1747 3704 per
1773 3631 2116 3705 patientiam
2139 3634 2219 3691 ad

681 3720 1049 3795 propositum
1075 3719 1250 3778 nobis
1277 3725 1593 3779 certamen.
1623 3744 1651 3776 »
1683 3726 1810 3782 Nou
1838 3725 1994 3783 enim
2023 3726 2221 3785 solum

684 3819 770 3871 est
791 3818 1084 3872 certamen
1110 3815 1400 3889 patienter
1415 3816 1794 3890 portandum,
1806 3818 1912 3876 sed
1940 3823 2025 3877 est
2043 3819 2097 3878 ei
2125 3837 2222 3880 oc·

684 3908 1062 3982 currendum,
1095 3909 1235 3983 quia
1258 3907 1580 3967 multorum
1604 3910 1904 3971 bonorum
1928 3919 2013 3972 est
2040 3920 2222 3973 00110-

683 4016 841 4076 men,
872 4008 930 4061 et
955 4004 1211 4062 maxime
1252 4021 1388 4062 cum
1423 4005 1497 4063 sit
1536 4004 1615 4063 ad
1642 4006 1891 4078 gloriam
1928 4010 2223 4083 perducti-

685 4112 847 4154 vum.
876 4096 1010 4168 Sed,
1050 4098 1199 4155 sicut
1223 4099 1580 4171 Augustinus
1606 4097 1628 4132 ⁴
1654 4099 1828 4159 dicit:
1866 4123 1895 4157 α
1912 4106 2027 4161 Nos
2055 4104 2222 4162 volu·

684 4206 816 4248 mus
848 4191 1103 4263 gaudere
1126 4208 1262 4249 cum
1282 4192 1515 4262 sanctie,
1543 4196 1598 4250 et
1623 4193 2031 4254 tribulationes
2057 4215 2223 4257 mun-

687 4285 750 4343 di
777 4285 1058 4343 nolumus
1085 4288 1366 4344 sustinere
1400 4303 1533 4345 cum
1561 4288 1698 4345 illis.
1728 4290 1837 4359 Qui
1865 4292 2024 4350 enim
2051 4309 2222 4352 sanc-

687 4382 778 4437 tos
804 4384 1113 4454 martyres,
1147 4379 1242 4437 vel
1269 4380 1330 4438 in
1351 4386 1631 4455 quantum
1665 4384 1939 4456 potuerit,
1969 4386 2226 4447 noluerit

687 4471 923 4544 imitari,
948 4473 1025 4530 ad
1049 4489 1256 4532 eorum
1274 4473 1699 4534 beatitudinem
1717 4492 1838 4534 000
1856 4479 2070 4552 0010111
2090 4497 2224 4555 per-

686 4566 907 4624 venire.
937 4587 965 4619 ι

756 4662 1011 4719 Tertium
1036 4663 1332 4719 certamen
1357 4660 1468 4720 viri
1488 4662 1804 4737 spiritualis
1830 4668 1916 4724 est
1933 4682 2067 4724 cum
2094 4666 2223 4727 dia-

685 4753 854 4826 bole,
886 4758 953 4812 ut
975 4754 1125 4813 trahi
1154 4754 1232 4813 ab
1277 4771 1349 4813 eo
1384 4771 1507 4814 000
1545 4755 1740 4815 valeat
1782 4757 1861 4815 ad
1895 4764 2223 4834 peccatum.

688 4848 972 4907 Diabolus
993 4865 1115 4907 000
1145 4849 1420 4921 comedit,
1448 4865 1571 4908 non
1616 4851 1786 4925 bibit,
1826 4867 1949 4910 000
1987 4852 2226 4927 dormit,

688 4958 999 5019 nunquam
1017 4944 1262 5018 quiescit
1271 4965 1288 5017 3
1318 4944 1425 5002 sed
1443 4962 1675 5020 semper
1695 4946 1900 5005 circuit
1918 4964 2085 5006 more
2110 4947 2230 5007 leo-

688 5037 802 5109 nis,
829 5042 894 5095 ut
919 5036 1183 5111 aliquem
1211 5037 1497 5097 devorare
1524 5040 1726 5113 possit.
1754 5043 1976 5099 Etcum
1995 5040 2232 5101 infectet

688 5131 847 5191 omni
869 5135 1159 5206 tempore,
1179 5131 1434 5193 maxime
1458 5134 1656 5190 tamen
1681 5131 1914 5192 infestat
1932 5134 1995 5193 10
2014 5139 2227 5210 100110,

751 5285 769 5320 ¹
799 5287 1031 5351 August„
1059 5284 1126 5337 de
1156 5285 1311 5338 civit.
1343 5287 1464 5349 Dei,
1495 5285 1584 5336 lib.
1616 5286 1704 5352 Ν,
1731 5302 1776 5340 0.
1810 5299 1889 5339 ιιι.
1917 5313 1978 5327 -
2008 5289 2030 5324 ¹
2058 5288 2227 5342 valer.

691 5356 852 5423 Max„
877 5356 969 5409 110.
998 5358 1111 5422 vn,
1137 5371 1183 5409 c.
1216 5370 1293 5421 ιιι,
1320 5363 1519 5411 extem.
1548 5373 1604 5411 0.
1635 5364 1681 5411 1.
1716 5386 1780 5398 -
1804 5359 1827 5396 ⁸
1848 5360 2020 5420 Hebr„
2053 5373 2150 5426 ιιι,
2182 5367 2227 5413 t.

691 5454 754 5469 ——
783 5430 805 5465 ⁴
844 5431 953 5482 imo
980 5434 1158 5482 auctor
1184 5445 1339 5482 serm.
1368 5443 1534 5483 ccxxv
1566 5430 1662 5496 (al.
1701 5434 1891 5498 nvn),
1925 5447 1977 5483 0.
2016 5434 2065 5496 1,
2099 5433 2233 5483 inter

1719 488 2137 557 SERMONES
2176 488 2280 558 DE
2321 490 2671 561 SANCTlS.
2718 490 2821 564 lx.

2322 627 2511 687 sciens
2538 631 2682 706 quia
2706 631 3011 692 modicum
3042 636 3275 710 tempus
3293 633 3495 706 habet,
3523 637 3590 694 ut
3619 635 3717 696 vel
3740 636 3857 696 vin·

2323 728 2435 796 cat,
2459 725 2554 782 vel
2582 726 2808 800 perdat.
2839 730 2935 784 Est
2968 744 3108 802 ergo
3145 745 3282 788 cum
3319 743 3391 789 eo
3434 728 3662 789 fortiter
3690 731 3857 789 dimi-

2324 817 2604 889 candum,
2642 824 2700 877 et
2733 820 2794 878 in
2820 819 2989 879 nullo
3031 822 3385 881 cedendum.
3424 826 3630 882 Nonne
3672 824 3856 897 miles,

2324 911 2431 985 qui
2459 910 2538 986 (a)
2580 913 2755 970 morti
2797 914 3186 988 adjudicatus,
3224 932 3335 991 pro
3379 916 3725 976 defensione
3758 935 3859 976 sua

2325 998 2620 1055 certamen
2652 997 2799 1056 belli
2836 999 3089 1059 libenter
3127 1001 3370 1075 subiret,
3396 1002 3446 1059 si
3481 1000 3634 1061 forte
3665 1002 3861 1061 devin-

2325 1090 2517 1148 cendo
2546 1095 2888 1166 superaret?
2915 1097 3065 1168 Ergo
3093 1095 3142 1153 si
3168 1112 3375 1154 omnes
3402 1095 3511 1153 filii
3538 1098 3749 1154 mortis
3773 1113 3862 1156 su-

2323 1199 2478 1256 mus,
2515 1200 2627 1243 nec
2669 1185 2781 1244 nisi
2824 1188 3153 1262 pugnando
3195 1192 3253 1247 et
3288 1189 3588 1248 vincendo
3630 1189 3861 1248 liberari

2322 1293 2660 1353 possumus,
2685 1296 2951 1355 pugnare
2978 1285 3182 1341 000110
3203 1283 3431 1341 hostem
3460 1299 3589 1341 000
3609 1285 3862 1358 negliga-

2323 1386 2478 1430 mus.
2523 1374 2709 1432 Grave
2735 1374 2843 1433 tibi
2872 1375 3107 1434 videtur
3145 1392 3448 1451 pugnare;
3479 1377 3592 1436 sed
3635 1379 3862 1451 gravi-⁸

2326 1464 2492 1524 estin
2519 1471 2801 1527 aeternum
2826 1469 3039 1545 perire.
3070 1473 3222 1543 Ergo
3251 1470 3442 1529 dulcis
3466 1470 3579 1530 tibi
3602 1488 3763 1530 nunc
3786 1490 3865 1530 sa·

2323 1558 2450 1635 piat
2474 1576 2698 1634 pugna,
2727 1566 2795 1620 ut
2818 1579 2998 1637 poena
3014 1561 3282 1623 libereris
3299 1569 3538 1624 aeterna.
3557 1569 3864 1641 Nunquam

2324 1654 2484 1712 male
2512 1671 2648 1713 cum
2674 1653 2954 1716 frenetico
2994 1657 3207 1731 agitur,
3244 1674 3320 1716 00
3366 1675 3429 1717 00
3454 1658 3717 1734 00111001
3742 1660 3867 1733 gla-

2327 1747 2451 1819 dio,
2489 1749 2539 1805 si
2582 1747 2724 1809 fune
2758 1749 2989 1823 ligetur.
3028 1754 3341 1828 Nunquam
3372 1768 3513 1810 cum
3546 1753 3863 1827 lethargico

2324 1840 2481 1899 male
2499 1841 2711 1916 agitur,
2731 1859 2808 1901 ne
2824 1844 2889 1902 in
2904 1844 3257 1905 dormiendo
3269 1846 3586 1919 moriatur,
3602 1847 3653 1905 si
3676 1847 3863 1923 capilli

2325 1936 2381 1994 ei
2406 1936 2734 2010 trahantur,
2763 1941 2820 1996 et
2839 1938 3031 1999 barba
3055 1939 3362 2015 expilatur.
3386 1944 3713 2016 Nunquam
3738 1960 3864 2003 cum

2325 2047 2704 2107 quocumque
2732 2032 2969 2092 infirmo
2997 2034 3153 2092 male
3188 2034 3400 2108 agitur,
3430 2034 3481 2093 si
3523 2036 3727 2095 dolori
3761 2039 3862 2098 (10·

2323 2123 2452 2183 1010
2490 2125 2855 2185 subvenitur.
2892 2130 3021 2187 Non
3047 2133 3238 2203 potest
3284 2148 3353 2191 00
3390 2134 3707 2209 00111ᾶοοι
3749 2134 3863 2192 0100

2325 2219 2536 2278 (101010
2577 2222 2857 2294 11000011,
2894 2227 2953 2281 01
2979 2222 3055 2281 (10
3081 2224 3382 2300 profundo
3422 2228 3676 2287 vulnere
3703 2227 3863 2302 trahi,

2325 2314 2488 2388 quod
2503 2319 2699 2374 tamen
2720 2315 3028 2375 dimissum
3046 2318 3231 2377 inficit
3249 2333 3465 2396 corpus
3484 2326 3677 2381 totum
3697 2343 3713 2381 ι
3734 2339 3863 2396 0130

2323 2413 2597 2484 parcetur
2635 2410 2854 2483 dolori,
2885 2416 2948 2469 ut
2973 2428 3040 2471 os
3067 2428 3190 2470 non
3220 2414 3501 2474 eductum
3536 2433 3777 2477 necesse
3801 2418 3867 2476 sit

2324 2503 2479 2563 mori
2498 2505 2529 2560 ⁴?
2554 2507 2870 2579 Nunquam
2897 2505 3246 2565 dimittenda
3280 2514 3367 2567 est
3385 2511 3709 2585 medicina,
3744 2528 3865 2587 0010

2326 2602 2413 2655 001
2450 2597 2539 2655 011
2569 2614 2796 2670 010010,
2837 2600 2889 2657 si
2926 2598 2998 2657 sit
3045 2599 3222 2658 totius
3263 2604 3529 2678 corporis
3567 2606 3861 2664 sanativa:

2324 2706 2467 2764 ergo
2493 2708 2619 2750 000
2647 2697 2732 2751 001
2756 2691 3041 2765 fugienda
3067 2710 3291 2768 pugna,
3315 2696 3420 2754 sed
3449 2698 3653 2772 potius
3680 2699 3863 2775 inqui-

2324 2786 2533 2857 renda,
2564 2802 2685 2860 qua
2708 2786 2892 2845 homo
2915 2789 3155 2846 sanatur
3172 2804 3209 2845 a
3228 2791 3455 2864 0000011
3476 2792 3718 2864 morbo,
3740 2809 3865 2868 pur·

2325 2882 2516 2951 gatur,
2545 2883 2602 2937 et
2625 2880 2758 2937 vitae
2774 2880 3019 2954 perditae
3031 2882 3368 2941 restituitur.
3389 2885 3459 2942 Ut
3490 2883 3671 2958 igitur
3689 2885 3862 2944 homo

2324 2988 2592 3046 pugnare
2615 2974 2756 3031 sciat
2778 2990 2942 3033 more
2964 2975 3239 3049 militum,
3269 2993 3503 3052 semper
3525 2979 3671 3036 sein
3700 2979 3864 3038 bellis

2325 3071 2611 3125 exerceat.
2640 3069 2785 3125 Nam
2811 3072 3078 3142 tempore
3111 3070 3277 3144 pacis
3302 3070 3527 3128 faciunt
3552 3074 3862 3147 tyrocinia,

2325 3175 2401 3217 ne
2442 3162 2710 3234 tempore
2752 3160 2893 3219 belli
2921 3161 3253 3221 inveniatur
3291 3163 3369 3221 ab
3404 3164 3679 3224 hostibus
3718 3166 3865 3224 inex·

2325 3253 2497 3331 perti.
2527 3258 2674 3313 Nam
2695 3256 2753 3311 et
2772 3256 3053 3313 Dominus
3073 3256 3292 3315 dimisit
3311 3262 3514 3331 gentes
3543 3260 3695 3318 inter
3718 3260 3863 3318 filios

2327 3347 2525 3420 lsrael,
2565 3351 2631 3406 ut
2655 3348 2718 3406 in
2745 3348 2860 3406 illis
2886 3366 2988 3408 eos
3015 3350 3293 3423 erudiret,
3331 3354 3389 3409 et
3429 3351 3721 3412 discerent
3756 3370 3863 3429 00·

2326 3456 2508 3514 30010
2542 3458 2678 3500 0010
2709 3442 2999 3516 hostibus,
3045 3449 3102 3503 et
3133 3443 3355 3503 habere
3384 3447 3864 3506 consuetudinem

2325 3534 2655 3608 praeliandi.
2678 3537 2867 3606 Quare
2891 3537 2975 3594 sic
2991 3537 3198 3596 timent
3220 3538 3491 3598 homines
3508 3541 3705 3599 mori?
3726 3541 3865 3611 Quia

2326 3644 2452 3687 000
2478 3632 2614 3686 0001
2640 3630 2838 3688 adhuc
2866 3631 3112 3705 experti.
3144 3631 3315 3690 Probi
3344 3632 3581 3704 milites,
3610 3639 3669 3692 et
3704 3633 3866 3692 bellis

2328 3724 2566 3797 assueti,
2610 3724 2772 3782 bella
2816 3741 2941 3783 non
2977 3724 3234 3799 fugiunt,
3261 3726 3367 3785 sed
3393 3727 3513 3785 illis
3538 3732 3863 3786 occurrunt.

2328 3816 2418 3874 Sic
2438 3816 2612 3876 beata
2638 3818 2811 3877 Lucia
2837 3818 3064 3878 bellum
3082 3836 3205 3878 non
3223 3818 3392 3893 fugit,
3414 3820 3522 3879 sed
3544 3821 3608 3878 in
3626 3837 3699 3879 00
3720 3821 3867 3879 10011

2328 3912 2694 3986 praeoptavit.
2731 3913 2895 3971 Unde
2935 3917 3165 3986 poterat
3202 3914 3263 3971 in
3308 3918 3496 3973 morte
3529 3930 3642 3973 sua
3681 3916 3866 3974 dicere

2330 4005 2481 4064 illud
2511 4006 2769 4082 Apostoli
2794 4006 2873 4065 ad
2894 4009 3264 4067 Timotheum
3282 4009 3304 4045 ⁸
3335 4026 3351 4067 :
3380 4026 3410 4064 α
3433 4012 3665 4068 Bonum
3689 4013 3867 4068 certa·

2331 4118 2471 4160 men
2498 4101 2759 4161 certavi:
2791 4123 2821 4157 n
2860 4118 2994 4162 0000
3035 4103 3271 4162 0001100
3307 4104 3526 4179 000110.
3561 4125 3591 4161 α
3628 4107 3867 4164 Cursum

2331 4195 2813 4254 consummavi.»
2828 4212 2962 4255 0000
2972 4198 3236 4256 rectituto
3253 4196 3610 4257 intentionis.
3616 4202 3686 4257 Et
3700 4213 3867 4274 prop-

2330 4296 2489 4349 terea
2515 4290 2815 4365 sequitur:
2849 4310 2879 4345 ι
2908 4293 2985 4349 De
3034 4291 3261 4365 reliquo
3303 4294 3390 4350 est
3430 4291 3577 4349 mihi
3618 4291 3866 4369 reposita

2334 4399 2556 4443 corona
2590 4384 2899 4458 justitiae.»
2922 4386 3154 4442 Certum
3183 4387 3270 4442 est
3298 4384 3457 4443 enim
3484 4385 3653 4459 quod
3683 4385 3866 4444 omnis

2332 4478 2548 4550 homo,
2595 4477 2700 4553 qui
2751 4493 2888 4536 cum
2936 4478 3047 4536 hac
3094 4482 3293 4536 000010
3334 4479 3564 4552 virgine
3612 4483 3864 4555 pugnat,

2334 4571 2415 4630 ita
2456 4571 2623 4647 quod
2655 4576 2788 4630 ante
2821 4577 3076 4630 mortem
3103 4588 3227 4630 non
3271 4570 3525 4645 deficiat,
3564 4573 3671 4631 sed
3710 4570 3867 4648 quod

2336 4666 2510 4741 coepit
2559 4664 2785 4725 fortiter
2839 4670 3049 4739 teneat,
3090 4681 3399 4741 nunquam
3447 4665 3660 4740 fugiat,
3710 4683 3871 4726 0010·

2336 4776 2477 4818 0010
2500 4764 2845 4835 0000010100
2873 4764 2959 4818 001
2985 4759 3423 4835 sempiternam.
3453 4760 3785 4819 Bernardus
3810 4758 3867 4816 ⁸:

2342 4855 2431 4914 «Ο
2454 4852 2595 4912 felix
2632 4859 2688 4913 et
2713 4871 2920 4913 secura
2946 4871 3058 4930 pro
3085 4856 3309 4913 Christo
3338 4870 3565 4930 pugna,
3591 4855 3657 4912 in
3683 4868 3802 4929 qua
3825 4851 3872 4909 sl

2336 4947 2516 5006 fueris
2537 4953 2761 5024 captus,
2795 4949 2845 5007 si
2871 4948 2952 5006 ad
2977 4951 3194 5007 terram
3229 4951 3571 5023 prostratus,
3598 4949 3650 5005 si
3676 4947 3874 5005 acriter

2338 5041 2698 5115 vulneratus,
2728 5042 2777 5100 si
2806 5042 2983 5101 etiam
3009 5042 3242 5114 millies,
3271 5042 3321 5099 si
3350 5041 3468 5099 dici
3486 5046 3707 5116 posset,
3734 5039 3874 5100 0001-

2336 5152 2461 5209 000,
2487 5152 2612 5195 000
2646 5135 3019 5196 fraudaberis
3044 5152 3083 5195 a
3108 5134 3375 5205 victoria,
3399 5150 3513 5194 nec
3547 5150 3655 5209 per
3682 5149 3874 5194 conse·

2341 5273 2500 5336 Opera
2527 5275 2687 5336 Aug„
2724 5271 2956 5336 Append.
2984 5275 3110 5322 tom.
3154 5272 3216 5322 V.
3248 5295 3303 5306 —
3346 5270 3370 5305 ⁸
3398 5271 3439 5320 u
3472 5269 3617 5332 Hm„
3648 5280 3716 5333 iv,
3748 5271 3794 5319 7.
3814 5286 3875 5306 -

2338 5346 2363 5381 ⁸
2390 5347 2571 5409 Bern.,
2598 5344 2668 5396 ad
2690 5343 2829 5406 1106..
2860 5343 3013 5408 epist.
3042 5354 3079 5405 1,
3103 5355 3158 5393 0.
3190 5345 3266 5393 13.

2405 5431 2470 5494 (a)
2505 5430 2617 5480 Del.
2645 5428 2751 5494 qui.
