4059 6317
702 621 957 688 cissima
991 602 1322 689 sententia.
1371 621 1445 687 ιιι
1477 621 1720 706 judicio
1759 623 2103 692 damnandi
2150 624 2237 690 si-

703 730 841 795 mul
866 732 1055 795 erunt
1083 728 1331 795 confusi
1365 729 1437 794 in
1474 731 1765 797 omnium
1795 733 2134 816 praesentia
2159 734 2177 769 ¹
2215 756 2231 798 ε

710 858 744 901 α
769 836 1158 903 Convenient
1203 854 1456 918 omnes,
1506 842 1572 905 et
1612 839 1899 917 stabunt,
1944 847 2008 905 et
2040 858 2235 922 pave-

702 948 865 1013 bunt
879 994 901 1027 ‚
930 950 996 1012 et
1022 947 1490 1017 confundentur
1515 948 1730 1014 simul.
1754 970 1785 1009 n
1813 947 2234 1030 convenient,

703 1055 969 1138 inquam
987 1102 1009 1135 ,
1039 1055 1513 1136 universaliter,
1547 1056 1805 1122 stabunt
1827 1057 2239 1141 praesentiali-

704 1166 823 1239 ter,
851 1160 1177 1246 pavebunt
1221 1162 1602 1242 mentaliter,
1653 1162 2126 1229 confundentur
2151 1164 2239 1228 si·-

708 1267 846 1334 mul
880 1267 1284 1334 aeternaliter.
1332 1268 1457 1335 Sed
1502 1269 1673 1335 unde
1707 1269 1830 1335 erit
1869 1268 1976 1335 ille
2018 1288 2242 1355 pavor,

707 1374 833 1440 nisi
849 1375 929 1442 de
944 1376 1243 1442 omnibus
1256 1377 1563 1460 peccatis?
1575 1376 1957 1460 Gregorius*
1975 1397 1989 1440 ε
2007 1400 2040 1440 α
2062 1377 2245 1445 Nune

709 1486 939 1548 cuncta
981 1487 1235 1567 peccata
1257 1483 1461 1561 {simul
1502 1489 1650 1552 ante
1679 1485 1897 1551 oculos
1938 1487 2241 1567 redeunt3

710 1590 803 1657 ibi
827 1591 1066 1668 omnia,
1096 1610 1244 1676 quae
1269 1610 1421 1657 cum
1446 1593 1854 1659 delectatione
1879 1594 2043 1659 faeta
2071 1600 2245 1676 sunt,

710 1697 792 1764 ad
816 1698 1197 1764 memoriam
1223 1717 1373 1765 cum
1399 1718 1638 1783 pavore
1661 1706 2064 1767 revocantur.
2094 1724 2125 1763 n
2154 1702 2251 1766 Si-

711 1805 851 1870 mul
883 1805 1076 1870 etiam
1124 1809 1317 1871 erunt
1349 1807 1605 1891 reprobi
1636 1808 1873 1891 stupidi
1888 1856 1910 1889 ‚
1960 1814 2024 1874 et
2068 1809 2251 1892 quasi

714 1911 878 1978 muti
922 1911 990 1976 in
1036 1913 1294 1997 publica
1320 1915 1640 1981 audientia
1665 1916 1690 1954 ⁸
1722 1939 1738 1979 z
1777 1939 1809 1977 α
1835 1915 2151 1981 Accedant
2187 1921 2253 1982 et

714 2021 869 2084 tunc
892 2020 1261 2103 loquantur,
1289 2020 1485 2087 simul
1517 2022 1599 2088 ad
1638 2022 1953 2106 judicium
1990 2025 2250 2108 propin-

697 2145 1009 2212 quemus.
1034 2151 1066 2190 n
1090 2127 1248 2194 Eece
1272 2129 1445 2212 quod
1469 2130 1792 2196 audientia
1817 2149 1948 2197 non
1975 2136 2255 2215 negatur

716 2237 808 2302 eis
823 2283 842 2317 ,
894 2239 1066 2320 patet
1083 2283 1105 2314 ‚
1147 2255 1297 2303 cum
1333 2236 1566 2303 dicitur
1616 2260 1633 2303 ε
1678 2239 1849 2306 Tunc
1879 2238 2251 2324 loquantur,

717 2343 902 2427 quasi
927 2343 1093 2409 dicat
1118 2343 1427 2411 Dominus
1451 2363 1565 2427 per
1591 2345 1975 2430 Prophetam
2012 2370 2029 2414 t
2071 2347 2255 2415 Modo

716 2457 972 2542 reprobi
1024 2457 1174 2522 satis
1216 2477 1286 2523 se
1338 2465 1681 2538 excusant;
1727 2461 1916 2526 modo
1960 2460 2183 2527 dieunt
2235 2485 2252 2528 t

720 2563 862 2631 Non
878 2582 1217 2648 possumus
1241 2565 1380 2631 haec
1396 2566 1499 2632 vel
1510 2565 1621 2630 illa
1638 2572 1892 2650 peccata
1916 2567 2253 2649 dimittere,

718 2691 849 2738 non
875 2672 1165 2739 valemus
1189 2673 1331 2739 haee
1350 2673 1456 2740 vel
1479 2672 1591 2738 illa
1613 2674 1785 2739 bona
1816 2674 2044 2740 facere.
2073 2674 2258 2743 Modo

719 2780 872 2845 satis
895 2780 1285 2864 loquuntur3
1316 2782 1427 2847 sed
1454 2785 1623 2847 certe
1650 2787 1804 2848 tunc
1825 2801 2052 2866 parum
2080 2783 2258 2866 loqui

720 2892 1058 2971 poterunt,
1105 2892 1412 2971 tanquam
1454 2892 1779 2972 stupentes
1825 2894 1892 2957 et
1939 2891 2261 2956 obmutes-

721 2997 935 3059 centes
958 2993 983 3030 ⁴
1015 3015 1033 3059 :
1071 3018 1106 3057 ι
1126 2994 1209 3059 At
1248 2995 1355 3059 ille
1396 2996 1740 3062 obmutuit.
1774 3019 1805 3058 n
1842 2997 2048 3063 Simul
2086 3017 2258 3083 quo-

722 3119 850 3184 que
895 3104 1086 3166 erunt
1134 3103 1389 3185 reprobi
1436 3104 1718 3187 absorpti
1763 3125 1803 3171 a
1846 3106 2260 3173 voracissima

726 3208 1041 3274 sententia
1065 3208 1088 3244 ⁸
1121 3230 1136 3272 ε
1177 3231 1209 3271 α
1234 3208 1426 3275 Tacui
1440 3258 1460 3290 ,
1496 3229 1745 3295 semper
1780 3212 1928 3277 silui
1945 3261 1967 3293 ,
2017 3213 2265 3296 patiens

728 3315 823 3381 {ui
841 3363 863 3394 ,
912 3314 1076 3380 sicut
1118 3316 1474 3398 parturiens
1513 3316 1743 3401 loquar
1775 3341 1791 3383 ε
1840 3319 2156 3403 dissipabo
2200 3325 2266 3386 et

730 3421 1111 3503 absorbebo,
1142 3421 1336 3487 simul
1361 3424 1639 3489 desertos
1665 3424 1891 3491 faciam
1915 3431 2165 3493 montes
2181 3477 2198 3507 ,
2215 3432 2254 3489 'n

730 3528 798 3593 id
828 3531 953 3608 est,
993 3529 1297 3612 superbos
1338 3534 1716 3614 peccatores
1754 3532 2065 3600 Dominus
2094 3554 2267 3601 nunc

730 3638 895 3700 tacet
921 3635 1002 3700 ad
1031 3638 1175 3700 tuas
1198 3636 1397 3701 foedas
1438 3636 1886 3722 cogitationeS,
1927 3643 2160 3709 scilicet
2187 3646 2267 3711 ad

731 3749 875 3811 tuas
900 3742 1101 3809 malas
1144 3742 1526 3822 locutiones,
1575 3744 1821 3829 patiens
1859 3752 1954 3812 est
1996 3751 2078 3814 ad
2124 3755 2269 3816 tuas

733 3853 988 3936 iniquas
1009 3852 1434 3935 operationes;
1464 3852 1574 3917 sed
1602 3854 1769 3919 sleut
1792 3859 2153 3938 parturiens
2182 3862 2270 3925 lo-

735 3959 956 4039 quitur
980 3958 1045 4022 ⁸:
1087 3979 1119 4018 α
1144 3955 1264 4036 Ite,
1317 3955 1663 4038 maledicti,
1707 3959 2028 4042 inignem
2069 3968 2268 4029 aeter-

737 4083 899 4130 num
923 4086 940 4130 ε
970 4086 1002 4126 ι
1024 4069 1087 4130 et
1114 4069 1269 4130 tunc
1294 4064 1770 4149 dissipabuntur
1793 4068 2110 4135 malorum
2127 4090 2270 4137 con·

738 4173 878 4238 silia
897 4222 917 4253 ‚
973 4173 1481 4239 absorbebuntur
1519 4192 1745 4241 omnes
1783 4197 1824 4242 a
1859 4180 2270 4247 voracissima

739 4279 1073 4360 sententia,
1104 4279 1297 4345 simul
1319 4280 1549 4345 deserti
1570 4288 1759 4349 erunt
1779 4286 1861 4349 ab
1889 4289 2069 4351 omni
2094 4289 2274 4353 auxi-

739 4387 830 4453 tio
868 4391 932 4452 et
959 4387 1187 4469 gratia.
1240 4387 1504 4471 Propter
1537 4388 1658 4453 bas
1691 4393 2114 4474 reproborum
2149 4416 2274 4461 an-

741 4495 992 4577 gustias
1029 4493 1099 4558 in
1126 4493 1405 4575 jndicio,
1451 4495 1541 4560 ait
1580 4495 1917 4564 Anselmus
1947 4522 1961 4563 ε
2005 4525 2038 4563 α
2061 4502 2110 4568 0
2150 4502 2272 4569 'an-

740 4601 982 4683 gustia,
1007 4622 1039 4662 n
1070 4604 1192 4667 etc.
1231 4600 1501 4685 Require
1526 4602 1598 4667 in
1624 4621 1914 4672 sermone
1947 4630 1962 4674 ε
1997 4609 2140 4676 Pax
2166 4628 2276 4680 vo·

744 4709 843 4779 bis
869 4756 888 4788 ,
920 4714 993 4773 ut
1019 4726 1216 4792 supra
1241 4709 1288 4773 ⁷.
2052 4700 2057 4704 ’

823 4815 1061 4895 Quarto
1096 4816 1287 4881 modo
1322 4820 1513 4881 erunt
1555 4816 1847 4884 homines
1891 4822 2044 4888 boni
2085 4825 2281 4891 simul

743 4925 812 4989 in
848 4923 989 4989 coeli
1023 4922 1278 5006 palatio.
1308 4927 1333 4965 ⁸
1366 4945 1398 4984 α
1428 4921 1635 4989 Simul
1679 4925 2074 5012 laudabunt,
2127 4933 2281 5015 quia

745 5030 933 5096 oculo
959 5030 1041 5099 ad
1067 5029 1323 5096 oculum
1353 5029 1692 5113 videbunt,
1722 5050 1872 5098 cum
1900 5040 2282 5104 converterit

748 5139 1053 5204 Dominus
1092 5137 1268 5204 Sion.
1296 5160 1327 5198 ι)
1363 5137 1506 5204 Nou
1553 5139 1764 5206 solum
1808 5140 1961 5207 Sion
1996 5144 2277 5211 militan-

810 5265 830 5300 1
850 5264 967 5326 Iso„
988 5274 1131 5327 me,
1156 5268 1231 5315 11.
1252 5289 1316 5303 —
1340 5264 1359 5297 ²
1379 5266 1555 5331 tii-eg„
1578 5266 1787 5330 Mor-al„
1808 5268 1897 5320 lib.
1925 5270 2063 5334 Vni,
2088 5286 2136 5323 c.
2160 5285 2279 5339 mn,

750 5334 816 5387 el.
844 5347 1025 5400 xxxu,
1064 5349 1117 5387 n.
1150 5337 1240 5402 90,
1273 5337 1444 5401 quoad
1469 5351 1694 5390 sensum.
1717 5365 1781 5376 —
1807 5340 1828 5372 ⁸
1854 5342 1973 5407 lea„
2001 5354 2120 5408 xm,
2150 5349 2195 5395 ¹.
2222 5370 2283 5385 —

749 5409 769 5440 ⁴
784 5407 986 5472 Mami„
1002 5418 1135 5472 1111,
1156 5410 1298 5460 ¹2—
1312 5409 1331 5442 ⁵
1350 5410 1469 5472 lea„
1489 5422 1620 5472 xm,
1637 5414 1813 5462 ¹4.-⁸
1832 5413 2175 5479 neumam,
2200 5420 2282 5469 41.

752 5505 813 5521 —
837 5481 854 5513 ²
879 5481 1014 5546 vid„
1034 5494 1173 5546 sup„
1196 5480 1293 5536 fer.
1319 5485 1437 5536 tert.
1464 5481 1521 5535 in
1556 5483 1762 5547 Pascb„
1791 5498 1946 5537 serm.
1971 5498 2056 5551 111,
2087 5501 2140 5553 p.
2169 5490 2280 5551 228,

1793 487 2209 557 SERMONRS
2247 488 2352 557 DE
2390 489 2785 557 TEMPORE.

2341 627 2472 691 tem
2489 673 2512 705 ,
2567 627 2677 692 sed
2728 627 2923 693 etiam
2976 625 3482 710 triumphantem
3532 625 3858 693 Ecclesiam

2342 733 2679 816 significat.
2722 734 2887 801 Nam
2931 736 3094 801 sieut
3140 735 3252 799 illa
3294 735 3365 799 in
3420 736 3697 801 tenebris
3738 736 3860 800 suis

2343 841 2737 908 convertitur
2777 843 2859 908 de
2902 842 3088 925 culpa
3125 841 3207 907 ad
3259 840 3536 923 gratiam
3553 889 3575 922 ‚
3629 843 3719 906 ita
3753 841 3864 907 ista

2343 949 2423 1014 de
2447 949 2707 1015 miseria
2731 949 2813 1015 ad
2832 949 3130 1032 gloriam.
3158 948 3253 1014 lbi
3275 948 3465 1014 oculo
3481 949 3561 1015 ad
3586 948 3858 1027 oculum,

2345 1056 2502 1120 facie
2530 1055 2612 1120 ad
2635 1055 2859 1121 faeiem
2884 1054 3243 1122 videbimus
3270 1054 3497 1121 Deum.
3527 1054 3735 1121 Simul
3755 1075 3863 1121 au·

2347 1165 2477 1227 tem
2502 1162 2654 1227 boni
2689 1166 2880 1227 erunt
2910 1162 2976 1226 in
3004 1161 3209 1228 tribus
3236 1180 3255 1226 z
3287 1162 3357 1227 in
3381 1162 3747 1228 animarum
3780 1163 3869 1228 fe·

2347 1269 2579 1334 licitate
2600 1317 2623 1349 ,
2653 1271 2723 1334 in
2757 1268 3142 1352 angelorum
3166 1269 3460 1334 societate
3478 1317 3498 1348 ‚
3547 1270 3623 1334 in
3659 1288 3870 1353 corpo-

2350 1377 2471 1443 rali
2496 1378 2994 1443 immortalitate.
3024 1377 3234 1444 Simul
3255 1381 3449 1444 erunt
3471 1379 3630 1444 boni
3655 1380 3727 1445 in
3752 1381 3878 1445 ani-

2353 1503 2605 1550 marum
2634 1484 2927 1550 felicitate
2944 1532 2966 1565 ‚
3007 1485 3464 1568 quae·maxime
3498 1486 3788 1551 consistit
3816 1487 3880 1551 in

2353 1592 2465 1658 Dei
2500 1592 2744 1658 visione
2788 1615 2805 1658 ι
2852 1598 3113 1677 propter
3161 1594 3286 1658 hoc
3333 1593 3564 1659 dicitur
3611 1615 3629 1658 τ
3682 1594 3882 1661 Simul

2356 1701 2714 1770 laudabunt
2727 1749 2746 1773 ,
2778 1704 2936 1785 quia
2960 1701 3136 1770 oculo
3163 1703 3254 1769 ad
3282 1702 3538 1769 oculum
3561 1701 3880 1770 umbrant.

2355 1816 2379 1850 ⁹
2405 1833 2437 1871 α
2461 1810 2630 1873 Beati
2654 1808 2900 1874 mundo
2928 1809 3148 1887 corde,
3191 1809 3497 1892 quoniam
3530 1808 3659 1891 ipsi
3692 1810 3885 1875 Deum

2356 1917 2692 1982 videbunt.
2735 1937 2766 1976 ο
2818 1915 2944 1982 Sed
2991 1916 3312 2000 quomodo
3365 1915 3623 1982 videtur
3677 1916 3841 1983 Deus
3854 1918 3884 1980 ‘2

2357 2025 2754 2107 Augustinus
2796 2025 2842 2060 ¹⁰
2885 2045 2903 2088 ε
2934 2045 2968 2088 α
2988 2024 3085 2089 lta
3127 2028 3224 2089 est
3265 2024 3430 2090 Deus
3465 2027 3666 2090 notus
3707 2029 3892 2108 atque

2359 2131 2770 2215 conspicuus,
2796 2134 2874 2196 ut
2898 2131 3192 2199 videatur
3216 2151 3257 2195 a
3278 2131 3466 2197 nobis
3488 2131 3768 2213 singulis
3781 2180 3801 2212 ‚
3827 2130 3892 2197 in

2360 2239 2544 2305 nobis
2567 2238 2879 2318 videatur,
2906 2239 2988 2304 ab
3018 2236 3217 2305 altero
3242 2239 3311 2302 in
3350 2236 3549 2303 altero
3574 2238 3888 2318 videatur,

2362 2347 2467 2415 vel
2491 2347 2696 2430 seipso
2718 2345 3012 2412 videatur
3038 2345 3108 2409 in
3132 2346 3292 2411 coelo
3317 2363 3509 2427 novo,
3540 2350 3608 2410 et
3634 2346 3708 2411 in
3728 2351 3896 2412 term

2363 2473 2554 2520 nova.
2575 2474 2607 2514 ι
2633 2452 2778 2532 Sed,
2808 2453 2975 2518 heut
2996 2452 3194 2517 istum
3220 2451 3505 2532 oculum,
3533 2471 3667 2535 quo
3685 2452 3897 2520 videre

2364 2562 2595 2627 debent
2620 2559 2819 2624 Deum
2863 2559 3133 2625 deorum
3177 2559 3245 2623 in
3293 2558 3448 2624 Sion
3465 2607 3487 2639 ,
3536 2559 3730 2625 multi
3774 2564 3901 2625 tur·

2365 2670 2513 2735 bant
2527 2715 2545 2747 ,
2578 2667 2765 2733 multi
2799 2670 3122 2732 excaecant
3165 2664 3433 2750 pulvere
3473 2667 3771 2732 avaritiae
3807 2668 3848 2703 ¹¹
3877 2689 3892 2729 ·.

2374 2799 2405 2838 ι
2442 2774 2660 2860 Neque
2705 2774 2971 2857 accipies
3022 2792 3294 2839 munera
3308 2820 3330 2854 ,
3382 2791 3535 2858 quae
3579 2776 3903 2840 excaecant

2366 2883 2558 2949 etiam
2584 2882 2949 2967 prudentes,
2981 2884 3046 2947 et
3070 2883 3452 2947 subvertunt
3476 2881 3682 2947 verba
3703 2884 3905 2964 justo·

2368 3011 2539 3057 rum.
2559 3013 2590 3051 ι)
2636 2990 2814 3056 Unde
2852 2994 2918 3055 et
2958 2988 3187 3054 Tobias
3223 2992 3581 3054 excaecatus
3630 2994 3907 3055 stercore

2368 3097 2793 3165 hirundinum
2822 3098 2867 3134 ¹¹
2894 3096 3035 3162 fuit.
3065 3096 3272 3162 Simul
3300 3101 3493 3162 erunt
3517 3097 3693 3162 beati
3718 3112 3909 3178 ange-

2371 3207 2586 3273 lorum
2613 3206 2928 3283 societate,
2954 3205 3110 3289 quia
3135 3204 3437 3269 ordinum
3462 3203 3758 3287 ipsorum
3779 3204 3912 3268 rui-

2373 3332 2525 3379 nam
2574 3313 3049 3378 instaurabunt.
3094 3311 3273 3377 Unde
3325 3311 3754 3393 subiungitur
3802 3313 3854 3352 ¹⁸
3890 3331 3907 3376 z

2382 3443 2414 3483 α
2445 3421 2721 3486 Gaudete
2741 3467 2760 3500 ,
2789 3425 2853 3485 et
2891 3419 3144 3484 laudate
3172 3418 3363 3483 simul
3381 3466 3401 3498 ,
3443 3418 3696 3483 deserta
3726 3418 3908 3484 Jeru-

2375 3530 2594 3595 salem.
2614 3549 2646 3589 »
2676 3528 2926 3594 Deserta
2951 3527 3220 3592 coelestis
3243 3525 3599 3591 Jerusalem
3624 3526 3752 3591 dici
3778 3544 3915 3610 pos·

2376 3640 2524 3702 sunt
2545 3636 2797 3702 ordines
2822 3634 2925 3702 vel
2953 3633 3310 3699 mansiones
3326 3679 3345 3712 ,
3374 3651 3536 3716 quas
3560 3633 3915 3699 desertores

2377 3744 2596 3827 angeli
2619 3744 3060 3809 deseruerunt.
3092 3738 3356 3822 Propter
3380 3739 3506 3804 hoc
3532 3740 3774 3805 coelum
3817 3742 3911 3807 di-

2378 3854 2543 3917 citur
2568 3852 2884 3916 desertum
2912 3848 2960 3890 ¹⁸
2990 3869 3052 3912 ια
3078 3845 3234 3924 Quis
3258 3863 3342 3910 ex
3366 3845 3549 3911 vobis
3575 3846 3778 3915 homo
3802 3847 3913 3912 ba·

2378 3961 2487 4024 bet
2511 3962 2769 4023 centum
2794 3973 2950 4021 oves
2972 3954 3042 4019 in
3067 3953 3361 4019 deserto?
3384 3974 3416 4014 n
3453 3950 3578 4030 Qui
3599 3972 3766 4036 ergo
3791 3973 3914 4020 coe·

2378 4065 2590 4131 lorum
2621 4063 2870 4129 deserta
2910 4060 3289 4126 habitabunt
3322 4077 3475 4124 eum
3510 4062 3800 4142 angelis,
3830 4062 3917 4125 si·

2382 4172 2521 4238 mul
2544 4170 2918 4237 laudabunt.
2946 4167 3356 4250 Augustinus
3375 4168 3422 4209 ¹⁸
3445 4184 3509 4231 :a
3529 4165 3695 4233 Cum
3722 4172 3922 4233 mn&

2382 4282 2526 4347 ierit
2551 4278 2863 4361 gemitus,
2892 4294 3045 4342 mox
3067 4294 3202 4340 una
3229 4275 3299 4339 in
3321 4291 3479 4341 voce
3498 4322 3517 4356 ,
3550 4293 3691 4341 uno
3718 4275 3791 4340 in
3819 4293 3922 4358 po-

2384 4391 2536 4473 pulo
2557 4438 2575 4467 ,
2603 4388 2671 4452 in
2695 4405 2829 4452 una
2853 4385 3060 4470 patria
3076 4384 3321 4449 erimus
3347 4382 3549 4448 millia
3574 4383 3920 4448 hominum

2385 4499 2525 4579 conj
2535 4498 2725 4560 uncta
2747 4493 2817 4557 in
2848 4490 3261 4576 psallentibus
3301 4489 3686 4572 angelorum
3715 4491 3922 4556 choris

2386 4603 2735 4669 ccelestium
2754 4651 2771 4682 ‚
2809 4602 3117 4684 perpetuo
3142 4597 3212 4661 in
3240 4615 3374 4662 una
3409 4597 3665 4662 civitate
3700 4597 3919 4664 viven-

2386 4713 2572 4778 tium.
2609 4732 2641 4771 »
2674 4708 2879 4775 Simul
2904 4709 3164 4790 insuper
3190 4708 3382 4771 erunt
3406 4704 3573 4769 beati
3599 4703 3673 4768 in
3698 4723 3921 4789 corpo-

2388 4840 2537 4888 rum
2561 4817 3033 4884 immortalitate
3049 4816 3093 4853 ¹⁸
3114 4837 3130 4882 ε
3155 4839 3187 4877 α
3200 4813 3407 4880 Simul
3426 4813 3763 4898 rapiemur
3783 4829 3929 4879 cum

2390 4930 2549 5006 illis,
2591 4948 2624 4988 n
2671 4930 2818 5005 eto„
2875 4947 2907 4987 α
2941 4929 3005 4988 et
3048 4923 3141 4988 sie
3176 4938 3428 5005 semper
3467 4938 3619 4985 cum
3658 4919 3930 4987 Domino

2390 5038 2655 5103 erimus.
2686 5055 2716 5095 n
2751 5033 2870 5100 Sed
2910 5030 3074 5114 rapti
3115 5045 3378 5112 corpore
3399 5076 3418 5109 ,
3467 5045 3727 5111 semper
3784 5045 3929 5095 cum

2392 5147 2531 5229 ipso
2557 5144 2842 5209 erimus:
2873 5157 3035 5221 ergo
3061 5136 3452 5203 immortales
3478 5135 3749 5202 erimus.

2392 5345 2494 5397 eol.
2516 5346 2626 5395 1.—
2644 5340 2808 5404 ⁸18a.‚
2826 5350 2925 5402 ιιι,
2947 5340 3059 5389 8.-
3076 5336 3096 5367 ⁸
3124 5333 3328 5396 naith„
3362 5343 3412 5397 v,
3437 5335 3551 5384 8.—
3575 5333 3617 5369 ¹⁰
3636 5335 3930 5400 August,-

2394 5418 2434 5453 11
2469 5414 2649 5476 Exod„
2677 5423 2866 5474 xxxin,
2890 5413 2937 5461 8.
2957 5434 3019 5446 -
3046 5408 3088 5443 ¹¹
3111 5405 3245 5469 rob„
3264 5417 3325 5468 11,
3350 5409 3426 5455 Η.
3447 5431 3511 5443 -
3537 5404 3581 5441 ¹⁸
3608 5406 3732 5468 lua„
3763 5418 3856 5471 ιιι,
3881 5408 3927 5457 9.

2394 5514 2457 5527 .-
2486 5488 2523 5520 u
2552 5487 2689 5550 Luc„
2713 5495 2802 5549 xv,
2834 5485 2883 5536 4.
2913 5506 2977 5523 -
3001 5480 3045 5517 ¹⁸
3068 5480 3197 5544 Aug.
3221 5503 3284 5516 —
3308 5476 3352 5512 ¹⁸
3378 5477 3397 5528 l
3423 5476 3606 5539 rnen„
3633 5485 3709 5541 ιν,
3738 5479 3823 5529 16.
