4059 6317
959 520 1339 589 DOMINICA
1378 522 1542 589 XVII
1587 522 1782 590 POST
1827 523 2408 593 PENTEGOSTEN.
2454 525 2717 592 SERMO
2759 524 2863 591 lV.

317 655 683 722 tributionis
709 673 1080 724 mensuram
1101 679 1118 723 ε
1143 658 1495 724 secundum
1521 658 1692 725 enim
1711 659 1858 724 cha·

317 760 570 828 ritatem
598 763 721 829 viae
749 765 1223 831 mensurabitur
1257 766 1466 848 gloria
1498 768 1721 851 patriae
1734 817 1751 846 ‚
1781 772 1857 833 ut

317 873 432 937 ubi
456 872 599 956 plus
622 872 701 937 de
740 872 1094 954 dilectione,
1145 874 1233 939 ibi
1270 874 1414 958 plus
1442 876 1520 940 de
1564 876 1858 942 beatifica

319 982 566 1046 visione
597 1002 612 1044 t
655 980 808 1065 quia
852 982 1236 1064 magnitudo
1276 983 1488 1048 meriti
1529 1001 1661 1048 non
1697 1002 1855 1049 con-

318 1088 486 1182 sistit
509 1089 578 1152 in
603 1089 903 1153 exteriori
937 1107 1150 1173 opere,
1187 1090 1299 1154 sed
1341 1090 1627 1156 interiori
1663 1091 1855 1156 dilec-

321 1197 513 1261 tione.
544 1195 706 1260 Hinc
743 1201 839 1260 est
879 1196 1051 1279 quod
1093 1196 1507 1280 martyrium,
1548 1198 1719 1280 quod
1764 1204 1860 1264 est

320 1304 585 1388 majoris
609 1304 858 1387 praemii
891 1304 1057 1369 inter
1101 1306 1320 1369 omnia
1359 1323 1508 1392 quae
1552 1306 1701 1399 facit
1737 1307 1859 1373 ho-

321 1430 451 1491 mo,
483 1410 717 1475 dicitur
758 1429 897 1475 esse
925 1429 1089 1496 opus
1125 1411 1472 1494 charitatis,
1504 1415 1859 1479 secundum

321 1519 481 1584 illud
509 1519 530 1554 ¹
565 1535 582 1579 ι
611 1542 642 1581 (ι
670 1517 972 1602 Majorem
1003 1518 1403 1585 dilectionem
1426 1538 1617 1585 nemo
1643 1521 1857 1602 habet,

321 1631 393 1692 ut
445 1628 727 1694 animam
783 1646 967 1693 suam
1008 1631 1203 1710 ponat
1253 1628 1396 1711 quis
1463 1647 1579 1712 pro
1640 1630 1862 1694 amicis

322 1736 478 1801 suis.
508 1759 539 1798 12
579 1735 840 1802 Ratione
871 1736 1069 1819 hujus
1095 1736 1386 1818 assignat
1412 1738 1756 1821 Apostolus
1782 1745 1806 1779 ¹
1839 1761 1855 1803 :

331 1866 361 1904 α
386 1843 456 1909 Si
483 1845 639 1926 quid
670 1848 764 1908 est
790 1844 965 1909 aliud
998 1844 1392 1923 mandatum,
1422 1845 1494 1909 in
1519 1847 1643 1911 1100
1666 1846 1863 1912 verbo

324 1952 761 2017 instauratur:
793 1953 1030 2036 Dz'liqes
1051 1955 1427 2036 proximum
1454 1960 1654 2035 tuum,
1685 1955 1861 2022 sicut

323 2062 596 2141 teipsum
626 2082 643 2124 ι
676 2060 1000 2143 plenitudo
1014 2078 1173 2143 ergo
1197 2061 1364 2142 legis
1381 2064 1478 2125 est
1496 2061 1746 2128 dileetio
1778 2083 1795 2126 ι
1824 2084 1855 2121 n

323 2167 510 2251 quasi
537 2167 701 2233 dicat
730 2190 745 2233 :
779 2168 846 2232 Si
869 2168 1065 2232 homo
1090 2167 1362 2247 deficiat,
1387 2172 1627 2233 etcum
1645 2186 1719 2232 eo
1744 2168 1867 2234 dis-

323 2279 623 2358 pensetur
671 2275 920 2339 ratione
965 2275 1352 2339 necessitatis
1396 2276 1465 2340 in
1511 2276 1825 2342 mandatis
1839 2324 1862 2357 ‚

323 2386 529 2464 potest
572 2382 641 2447 in
675 2381 797 2447 isto
839 2383 1206 2467 recuperari
1261 2401 1399 2448 suae
1443 2383 1868 2467 plenitudinis

325 2488 591 2553 ratione.
624 2487 976 2571 Gregorius
1007 2491 1030 2526 ⁸
1060 2511 1075 2553 :
1108 2513 1139 2551 «
1184 2489 1504 2556 Nimirum
1539 2509 1691 2555 cum
1733 2510 1867 2556 una

327 2600 676 2684 eademque
697 2601 779 2665 sit
805 2601 1103 2682 charitas,
1139 2602 1195 2666 si
1221 2606 1501 2666 mentem
1535 2602 1721 2685 plene
1746 2602 1863 2669 ha-

325 2707 492 2788 beat,
521 2708 603 2772 ad
629 2706 969 2772 innumera
1010 2725 1204 2790 opera
1242 2708 1718 2774 multiformiter
1762 2729 1866 2775 ac-

326 2815 570 2890 cendat,
601 2818 665 2880 01
691 2814 1160 2898 perfectionem.
1190 2837 1220 2876 n
1254 2816 1377 2882 Sed
1401 2821 1620 2881 tamen
1644 2817 1716 2881 in
1744 2818 1868 2884 isto

326 2940 455 2986 non
485 2925 690 3004 potest
723 2921 1092 3005 dispensari,
1137 2941 1215 2988 eo
1242 2924 1417 3007 quod
1461 2926 1746 3007 ejusdem
1774 2931 1871 2990 est

327 3029 606 3093 defectus
630 3032 694 3093 et
718 3029 976 3093 amissio
989 3077 1008 3109 ‚
1040 3030 1199 3095 etin
1229 3031 1371 3094 aliis
1399 3032 1712 3097 mandatis
1739 3051 1868 3098 non

325 3141 534 3221 potest
553 3136 919 3215 instaurari,
948 3138 1253 3220 quoniam
1270 3138 1292 3173 ⁸
1330 3161 1360 3200 ε(
1393 3157 1524 3203 11011
1545 3143 1640 3205 est
1666 3141 1872 3223 digna

326 3246 695 3331 ponderatio
723 3246 980 3324 animae,
1013 3268 1042 3305 »
1079 3250 1198 3310 etc.

407 3354 754 3438 Sequitur:
787 3355 1134 3422 Dominum
1161 3356 1361 3421 Deum
1383 3361 1591 3425 tuum.
1620 3356 1739 3423 Ubi
1767 3358 1873 3426 in-

332 3463 544 3528 sinuat
591 3461 961 3527 honorabile
1001 3462 1104 3544 obj
1113 3466 1325 3527 ectum
1364 3463 1717 3530 divinitatis
1741 3514 1759 3544 ‚
1807 3470 1876 3533 et

332 3571 526 3635 etiam
557 3568 750 3633 totius
793 3569 1143 3634 Trinitatis,
1192 3569 1331 3635 Non
1365 3571 1537 3635 enim
1580 3555 1819 3638 vacant
1835 3593 1876 3638 a

335 3678 638 3762 mysterio
686 3677 827 3743 haec
882 3677 1008 3742 tria
1063 3677 1408 3758 vocabula,
1478 3680 1827 3747 Dominum
1848 3729 1871 3762 ‚

341 3791 561 3866 Deum,
601 3786 827 3866 Tuum,
874 3804 952 3851 eo
981 3786 1161 3869 quod
1186 3804 1303 3869 per
1330 3786 1472 3870 ipsa
1512 3788 1876 3854 manifesta-

336 3899 443 3959 tur
466 3894 741 3959 Trinitas
765 3910 1182 3976 personarum
1203 3894 1663 3959 conferentium
1692 3896 1877 3960 nobis

336 4002 463 4066 tria
483 4001 762 4066 maxima
788 4001 1115 4079 beneficia,
1153 4018 1269 4083 per
1294 4019 1441 4084 quae
1476 4002 1554 4066 ad
1593 4003 1875 4068 dilectio-

338 4127 487 4173 nem
516 4107 963 4173 delectabiliter
985 4107 1326 4172 allicimur.
1360 4107 1539 4173 Unde
1568 4109 1877 4178 Dominus

337 4215 568 4280 dicitur
594 4216 853 4298 propter
879 4213 1306 4279 conditionem
1322 4215 1630 4280 naturalis
1648 4234 1786 4282 esse
1808 4218 1879 4283 in

337 4324 657 4387 creatione
679 4343 697 4400 ;
728 4321 922 4402 Deus,
948 4326 1210 4404 propter
1235 4321 1635 4388 collationem
1656 4325 1874 4389 multi-

336 4430 514 4513 plicis
542 4428 770 4510 gratiae
805 4427 874 4491 in
914 4428 1430 4507 conservatione;
1470 4430 1665 4511 Τιιαε,
1690 4450 1880 4516 prop-

335 4542 431 4603 ter
459 4536 865 4602 donationem
896 4535 1002 4599 sui
1034 4535 1266 4618 ipsius,
1309 4537 1446 4602 sive
1491 4537 1880 4605 haereditatis

335 4648 683 4727 perpetuae,
733 4642 801 4706 in
849 4640 1311 4725 glorificatione
1351 4663 1368 4708 :
1406 4648 1471 4708 et
1514 4646 1604 4710 sic
1650 4664 1876 4729 appro-

337 4751 540 4835 priate
563 4749 903 4833 loquendo,
935 4766 1051 4832 per
1078 4747 1282 4815 Patris
1321 4753 1673 4835 potentiam
1701 4773 1878 4820 crea-

341 4876 523 4938 mur3
581 4875 695 4939 per
745 4855 886 4921 Filii
946 4857 1323 4939 sapientiam
1389 4876 1873 4942 conservamur3

341 4984 457 5049 per
530 4964 805 5048 Spiritus
880 4963 1078 5028 sancti
1152 4963 1556 5031 clementiam
1630 4969 1878 5051 glorifi-

344 5091 587 5140 camur.

423 5178 637 5245 Primo
669 5200 685 5244 :
730 5176 972 5260 Diliqes
997 5176 1340 5245 Dominum
1370 5184 1631 5264 propter
1656 5189 1875 5255 condi-

341 5288 580 5352 tionem
600 5284 910 5352 naturalis
936 5302 1072 5350 esse
1107 5285 1175 5350 in
1215 5287 1557 5369 creatione;
1596 5294 1765 5360 unde
1791 5302 1815 5338 ⁸
1859 5319 1874 5362 :

407 5449 422 5482 ἱ
449 5448 613 5509 loon„
637 5458 726 5511 xv,
756 5449 834 5496 13.
864 5472 926 5484 -
953 5446 972 5477 ²
998 5448 1157 5510 Rom„
1181 5459 1310 5512 1111,
1339 5451 1476 5500 9-10.
1502 5479 1566 5492 -
1592 5454 1613 5486 ³
1639 5457 1793 5523 Greg,
1816 5487 1877 5501 -

347 5521 363 5550 ⁸
393 5517 567 5585 teeti„
593 5529 669 5583 vi,
700 5521 776 5570 15.
807 5543 867 5556 -
894 5519 913 5548 ⁸
947 5519 1110 5582 Dent„
1137 5532 1192 5583 x,
1222 5521 1298 5571 12.
1330 5546 1389 5560 -
1416 5523 1438 5557 ⁰
1465 5524 1604 5579 Psal.
1635 5540 1771 5594 xcvi,
1799 5536 1874 5586 10.

3384 529 3509 594 443

1974 659 2112 726 «Et
2147 680 2326 728 1111110
2370 660 2527 746 quid
2573 661 2752 728 aliud
2788 660 3096 728 Dominus
3143 660 3310 728 Deus
3357 665 3511 728 tuus

1963 768 2124 850 petit
2149 788 2190 833 a
2232 773 2317 849 te,
2364 769 2490 834 nisi
2530 773 2604 834 ut
2638 769 2866 840 timeas
2910 767 3258 834 Dominum
3304 768 3507 836 Deum

1966 878 2177 955 tuum,
2207 880 2271 941 et
2297 877 2535 959 diligas
2560 882 2740 941 eam?
2768 899 2799 937 n
2845 875 3008 954 Quia
3036 876 3232 941 homo
3259 881 3511 944 tenetur

1967 985 2031 1046 et
2058 983 2389 1066 obligatur
2426 984 2770 1049 Dominum
2796 984 3021 1048 timere
3056 983 3409 1063 humiliter,
3446 989 3513 1050 et

1968 1090 2356 1170 obedienter,
2393 1096 2456 1156 et
2488 1091 2774 1169 fideliter,
2803 1095 2866 1156 et
2894 1091 3166 1173 diligere
3192 1092 3511 1157 ferventer
3610 1083 3626 1116 '

1966 1198 2215 1263 ratione
2242 1199 2552 1279 beneficii,
2582 1201 2754 1282 quod
2791 1199 2910 1264 sibi
2939 1198 3208 1264 contulit
3236 1199 3307 1263 in
3333 1217 3513 1263 crea·-

1968 1305 2160 1371 tione.
2194 1305 2353 1399 Cum
2379 1307 2435 1389 ej
2444 1325 2521 1372 us
2546 1325 2683 1372 esse
2707 1308 2855 1372 fecit
2880 1307 3266 1390 insignitum
3294 1308 3514 1374 divina

1966 1412 2279 1495 imagine,
2319 1415 2565 1479 ratione
2607 1417 2792 1496 cujus
2840 1415 2923 1480 ad
2968 1416 3109 1490 11100
3139 1416 3264 1480 tria
3303 1416 3510 1482 adim·-

1969 1520 2199 1603 plenda
2219 1521 2411 1586 habet
2426 1521 2928 1603 possibilitatem,
2948 1523 3089 1588 ideo
3103 1527 3413 1606 tanquam
3431 1543 3516 1591 ex

1969 1627 2183 1692 debito
2208 1628 2332 1693 1100
2350 1628 2641 1711 requirit,
2657 1647 2807 1694 cum
2823 1630 3006 1695 dicit:
3033 1632 3127 1698 Et
3152 1647 3324 1698 nunc
3346 1631 3515 1714 quid

1972 1737 2288 1804 Dominus
2333 1737 2503 1803 Deus
2547 1741 2701 1805 tuus
2734 1739 2899 1819 petit
2942 1754 2985 1804 a
3026 1744 3107 1817 te,
3150 1740 3289 1806 nisi
3317 1744 3390 1806 ui
3412 1741 3515 1808 ii·

1970 1860 2140 1910 meas
2183 1845 2534 1910 Dominum
2572 1846 2776 1911 Deum
2830 1852 3009 1911 tuum
3022 1847 3057 1911 P
3102 1845 3260 1911 Ecce
3318 1847 3517 1913 timor

1973 1949 2354 2015 humilitatis
2387 1956 2451 2016 et
2492 1953 2926 2035 subjacentiae.
2972 1953 3069 2022 Et
3115 1952 3395 2022 ambules
3440 1957 3538 2026 in.

1971 2059 2105 2125 viis
2132 2058 2273 2139 ejus
2308 2077 2332 2124 .·
2375 2077 2520 2124 0000
2561 2059 2743 2124 labor
2790 2060 2992 2126 fidelis
3028 2060 3405 2126 obedientiae
3445 2062 3519 2128 in

1972 2167 2347 2230 executione
2372 2166 2846 2247 mandatorum,
2875 2185 3023 2251 quae
3060 2169 3324 2234 nomine
3365 2171 3510 2237 via-

1973 2290 2118 2340 rum
2145 2273 2596 2359 designantur.
2626 2275 2867 2357 Diliqes
2905 2290 3050 2341 eum
3067 2293 3092 2339 .·
3122 2293 3268 2342 0000
3301 2276 3518 2344 fervor

1974 2380 2354 2448 sinceritatis
2380 2387 2446 2447 et
2470 2381 2956 2447 benevolentiae.

2058 2487 2350 2554 Secundo
2379 2507 2396 2553 ε
2428 2489 2670 2572 Diliqes
2705 2490 2912 2556 Deum
2952 2492 3209 2574 propter
3241 2490 3521 2557 collatio-

1974 2597 2219 2662 tionem
2241 2597 2609 2681 multiplicis
2651 2598 2878 2679 gratiae
2917 2599 2987 2662 in
3035 2599 3116 2682 (a)
3169 2616 3521 2664 conserva-

1976 2705 2171 2770 tione.
2202 2704 2382 2770 Unde
2406 2705 2475 2768 in
2502 2704 2755 2770 Psalmo
2781 2711 2842 2767 ⁸:
2887 2729 2917 2766 (ι
2953 2705 3077 2784 Qui
3105 2704 3371 2786 diligitis
3393 2705 3516 2772 Do-

1977 2814 2230 2878 minum
2250 2863 2267 2894 ‚
2318 2836 2347 2873 22
2395 2815 2714 2897 operando
2747 2814 2992 2880 bonum
3038 2831 3150 2898 per
3190 2832 3478 2879 amorem
3495 2861 3518 2896 ,

1986 2946 2018 2983 (ι
2045 2923 2215 2988 odite
2251 2922 2495 2988 malum
2544 2943 2560 2985 z
2604 2922 2879 2988 custodit
2925 2921 3236 2986 Dominus
3274 2921 3523 2988 animas

1980 3034 2345 3095 sanctorum
2384 3047 2676 3094 suorum.
2726 3050 2757 3088 >³
2812 3029 2945 3111 Qui
2989 3027 3279 3112 diligitis
3307 3029 3524 3095 Domi-

1978 3153 2136 3202 num
2162 3154 2277 3220 per
2298 3153 2585 3200 amorem
2615 3135 2936 3219 operando
2974 3135 3242 3213 bonum,
3281 3158 3311 3197 «
3356 3137 3526 3203 odite

1980 3245 2258 3324 malum,
2308 3266 2339 3305 n
2393 3243 2764 3308 declinando
2804 3242 3051 3309 malum
3093 3246 3158 3307 et
3196 3248 3526 3326 peccatum

1979 3371 2095 3436 per
2122 3354 2461 3418 timorem:
2492 3352 2645 3433 qnia
2677 3368 2793 3435 per
2829 3350 2939 3416 Dei
2982 3368 3270 3416 amorem
3313 3352 3524 3417 1101111-

1980 3481 2097 3527 nes
2122 3462 2323 3527 sancti
2349 3462 2734 3538 efficiuntur,
2776 3463 2842 3526 et
2882 3460 3267 3526 beneficium
3312 3464 3522 3525 custo-

1980 3569 2105 3636 0101
2130 3575 2197 3635 01
2219 3568 2715 3635 conservationis
2741 3586 2782 3632 a
2811 3567 2935 3633 Deo
2965 3571 3317 3633 merentur.
3349 3567 3528 3634 Unde

1981 3678 2272 3761 sequitur
2305 3699 2321 3741 ι
2357 3675 2649 3744 Custodit
2693 3676 3004 3744 Dominus
3043 3676 3301 3743 animas
3337 3691 3526 3742 sanc-

1982 3792 2197 3853 torum
2218 3801 2480 3853 suorum
2509 3784 2865 3850 multorum
2889 3784 3345 3848 beneficiorum
3393 3785 3527 3849 col-

1979 3893 2237 3960 latione.
2268 3890 2432 3957 Nam
2457 3891 2538 3956 ad
2561 3892 2843 3956 hominis
2876 3890 3234 3956 custodiam
3273 3894 3337 3955 et
3380 3909 3525 3957 con-

1981 4001 2431 4079 servationem,
2461 4000 2757 4066 omnium
2796 4003 3236 4066 creaturarum
3266 4000 3528 4066 servitia

1981 4116 2047 4175 et
2073 4109 2382 4174 beneficia
2406 4111 2819 4173 concurrunt.
2856 4106 3093 4189 Angeli
3125 4106 3301 4170 enim
3328 4107 3522 4171 mini-

1983 4219 2189 4281 strant
2212 4216 2302 4295 ei;
2332 4216 2568 4281 coelum
2592 4214 2702 4279 dat
2729 4214 2789 4279 01
2815 4214 3024 4279 lucem
3050 4215 3118 4277 in
3135 4213 3262 4294 die,
3286 4216 3364 4280 ut
3381 4232 3527 4298 ope-

1982 4330 2164 4391 retur
2179 4348 2198 4404 ;
2234 4325 2528 4390 tenebras
2553 4324 2624 4387 in
2648 4325 2854 4402 nocte,
2888 4324 2963 4387 ut
2989 4321 3306 4406 quiescam
3335 4325 3401 4386 et
3422 4322 3521 4405 ip-

1983 4452 2206 4500 sorum
2240 4432 2466 4497 utilem
2510 4429 3008 4497 vicissitudinem
3030 4477 3048 4507 ‚
3104 4446 3319 4494 aerem
3378 4428 3527 4495 fecit

1984 4542 2173 4621 Deus,
2203 4547 2281 4607 ut
2322 4542 2635 4625 praeberet
2672 4537 2921 4604 homini
2961 4537 3187 4602 utilem
3222 4536 3520 4617 calorem,

1983 4655 2048 4716 et
2067 4669 2260 4716 omne
2282 4668 2492 4733 genus
2510 4650 2729 4716 avium
2751 4648 2814 4712 ei
2835 4645 3246 4710 ministraret.
3269 4645 3524 4727 Aquam

1983 4758 2148 4838 fecit,
2177 4762 2251 4824 ut
2276 4757 2401 4823 sibi
2431 4761 2653 4840 potum
2679 4755 3009 4833 tribueret,
3041 4751 3259 4817 sordes
3288 4768 3525 4834 purga-

1983 4870 2105 4947 ret,
2152 4867 2397 4934 arentia
2431 4865 2762 4947 irrigaret,
2813 4865 2879 4926 et
2928 4860 3360 4926 diversitatem
3401 4858 3526 4942 pis-

1984 4976 2158 5040 cium
2184 4975 2262 5039 ad
2292 4991 2485 5038 suum
2511 4989 2708 5037 usum
2726 4969 3023 5037 nutriret.
3058 4966 3327 5032 Terram
3352 4965 3520 5046 fecit,

1982 5088 2059 5150 ut
2082 5101 2236 5149 eum
2277 5084 2580 5166 portaret,
2617 5097 2782 5164 pane
2807 5076 3210 5155 confortaret,
3256 5076 3321 5138 et
3369 5073 3524 5139 vino

1984 5193 2351 5259 laetificaret.
2412 5187 2609 5254 Totus
2662 5184 2943 5250 mundus
2989 5183 3186 5249 servit
3234 5181 3487 5247 homini
3498 5228 3521 5261 ,

1984 5301 2139 5387 quia
2187 5289 2388 5363 factus
2430 5300 2526 5361 est
2563 5312 2680 5377 pro
2719 5292 3004 5357 homine.
3050 5290 3315 5356 Ratione
3365 5307 3526 5373 ergo

1981 5411 2310 5474 tantorum
2335 5401 2813 5481 beneficiorum,
2843 5400 2956 5484 qui
2998 5397 3264 5481 diligitis
3289 5396 3521 5480 Deum,

2052 5532 2120 5599 (α)
2147 5531 2269 5584 Coet.
2294 5528 2416 5582 edit.
2444 5527 2496 5582 id
2523 5530 2617 5580 est.
