4059 6317
691 467 813 535 238

688 605 892 687 pisces
908 601 1094 668 multi
1110 600 1287 683 satiS,
1296 602 1652 686 'postquam
1670 602 1964 666 venerint
1986 602 2068 685 (a)
2083 600 2236 665 illuc

689 727 878 792 aquae
898 710 1071 791 istae,
1102 713 1166 775 et
1191 709 1589 774 sanabuntur
1625 711 1689 773 et
1726 707 1950 774 vivent
1988 707 2229 787 omnia,

689 817 769 880 ad
796 835 944 900 quae
973 818 1221 883 venerit
1245 820 1515 881 torrens.
1540 837 1572 876 n
1600 816 1807 881 Pisces
1832 833 2016 897 ergo,
2050 815 2111 879 id
2141 821 2236 880 est

687 925 928 1006 fideles,
956 925 1071 1009 qui
1102 926 1172 990 in
1195 925 1318 990 hoc
1343 928 1623 990 torrente
1647 922 1949 1006 baptismi
1975 923 2234 1006 capiun-

687 1036 815 1114 tur,
848 1033 1033 1099 valde
1063 1032 1204 1098 sani
1236 1036 1409 1097 sunt.
1450 1031 1630 1097 Unde
1656 1031 1734 1096 de
1769 1034 2051 1095 torrente
2087 1032 2233 1113 bap-

686 1141 860 1206 tismi
886 1142 955 1204 in
977 1144 1326 1206 torrentem
1355 1139 1575 1222 gaudii
1602 1140 2123 1221 transponantur,
2153 1137 2234 1202 de

687 1266 818 1331 quo
840 1247 1171 1313 Psalmista
1198 1249 1218 1284 ¹
1251 1269 1269 1312 :
1309 1270 1341 1309 α
1381 1246 1690 1312 Torrente
1726 1245 2070 1329 voluptatis
2105 1249 2233 1311 tuas

685 1355 940 1438 potabis
982 1373 1122 1435 eoS,
1170 1356 1324 1437 quia
1361 1354 1532 1439 apud
1570 1359 1633 1421 te
1677 1356 1773 1419 est
1813 1353 1955 1419 fons
1995 1354 2170 1420 vitae.
2192 1375 2224 1415 ι

689 1462 903 1528 Pisces
930 1467 1149 1528 autem
1169 1463 1426 1543 diaboli,
1460 1462 1755 1528 homines
1782 1460 2089 1545 perversi,
2118 1461 2233 1545 qui

688 1573 755 1635 in
782 1569 1124 1656 paludibus
1147 1569 1458 1637 vitiorum
1493 1571 1894 1647 nutriuntur,
1924 1569 2067 1634 sani
2098 1587 2232 1634 non

687 1682 862 1742 sunt.
896 1676 1075 1742 Unde
1098 1678 1330 1744 dicitur
1353 1678 1592 1744 ibidem
1615 1679 1640 1714 ¹
1672 1699 1689 1743 :
1729 1699 1761 1739 α
1797 1676 1873 1742 ln
1907 1676 2233 1742 littoribus

686 1788 851 1867 ejus,
871 1788 935 1849 et
953 1784 1370 1868 palustribuS,
1392 1804 1523 1851 non
1541 1785 1961 1851 sanabuntur.
1984 1806 2015 1845 n
2046 1782 2119 1848 In
2135 1783 2233 1848 lit-

686 1891 933 1956 toribus
976 1896 1131 1957 sunt
1165 1892 1347 1975 impii
1382 1911 1499 1976 per
1531 1892 1905 1975 cupiditates
1941 1896 2232 1957 terreno-

689 2018 875 2079 rum3
909 2000 979 2065 in
998 1998 1335 2082 paludibus
1356 2004 1594 2081 autem,
1618 2019 1732 2084 per
1750 2000 2230 2082 corruptionem

687 2104 1041 2171 carnalium
1070 2107 1475 2189 voluptatum
1515 2126 1534 2171 ι
1565 2107 1735 2173 unde
1761 2110 2074 2188 tanquam
2098 2104 2228 2188 pis-

685 2231 788 2278 ces
803 2212 1038 2281 diaboli
1055 2215 1444 2279 assabantur
1460 2220 1769 2298 perpetuo
1781 2230 1974 2297 super
1991 2230 2231 2296 prunas

684 2320 940 2385 inferni.
968 2320 1212 2385 Gratias
1232 2338 1393 2404 ergo
1410 2325 1605 2403 agant
1622 2338 1846 2386 omnes
1866 2319 2038 2384 beati
2058 2317 2232 2384 Chri-

686 2434 806 2510 sto,
840 2449 958 2514 pro
985 2431 1202 2496 lateris
1230 2431 1332 2496 sui
1358 2432 1688 2498 beneflcio.

765 2536 853 2602 De
911 2541 1140 2621 quarto
1182 2538 1413 2605 dicitur
1471 2540 1578 2605 hic
1645 2561 1662 2604 :
1725 2539 1903 2624 Affer
1962 2554 2230 2605 manum

683 2651 886 2725 tuam,
918 2652 981 2714 et
1014 2647 1217 2727 mitte,
1256 2650 1378 2713 etc.
1425 2647 1542 2712 Hic
1567 2647 1921 2712 ostenditur
1963 2648 2106 2729 ejus
2145 2646 2232 2711 la·

683 2756 811 2832 tus,
842 2755 905 2817 et
930 2771 1184 2818 manus.
1216 2752 1614 2819 Gloriflcatus
1638 2770 1797 2836 ergo
1821 2751 2109 2817 Christus
2135 2772 2231 2819 os-

682 2860 889 2926 tendit
913 2860 1104 2940 latus‚
1133 2863 1317 2945 quasi
1343 2862 1579 2928 diceret
1611 2880 1628 2926 ε
1676 2860 1774 2927 Ad
1819 2860 1986 2924 banc
2018 2879 2231 2925 resur-

681 2969 979 3033 rectionis
1036 2969 1314 3051 gloriam
1376 2970 1575 3052 hujus
1645 2969 1862 3033 lateris
1921 2969 2230 3034 beneflcio

684 3077 1081 3158 pervenitur.
1113 3076 1248 3141 Hoc
1270 3076 1706 3158 significatum
1734 3080 1834 3140 est
1856 3077 1901 3154 ⁸,
1943 3076 2056 3140 ubi
2085 3075 2228 3140 dici-

683 3186 813 3262 tur,
845 3183 1016 3265 quod
1058 3183 1207 3247 tulit
1243 3181 1503 3247 Samuel
1543 3183 1913 3248 lenticulam
1961 3182 2122 3261 olei,
2167 3186 2232 3247 et

681 3289 942 3353 inunxit
986 3288 1138 3354 Saul
1184 3291 1254 3353 in
1292 3307 1538 3369 regem.
1581 3288 1940 3369 Lenticula,
1977 3294 2056 3354 ut
2079 3290 2231 3355 dicit

684 3394 925 3474 Glossa,
947 3400 1043 3460 est
1058 3396 1251 3461 fictile
1269 3414 1406 3474 vas,
1432 3395 1951 3480 quadrangulum
1983 3396 2229 3461 habens

682 3501 971 3567 foramen
993 3502 1062 3566 in
1088 3502 1309 3567 latere.
1348 3502 1474 3568 Vas
1513 3504 1703 3568 fictile
1730 3503 1958 3568 Christi
1994 3521 2229 3587 corpus

680 3611 803 3689 est,
845 3609 1020 3692 quod
1057 3613 1153 3674 est
1191 3609 1714 3693 quadrangulum
1756 3629 1871 3695 per
1914 3610 2230 3694 quadrifa-

681 3714 845 3780 riam
895 3715 1352 3781 distensionem
1400 3717 1468 3781 in
1513 3735 1720 3782 cruce.
1753 3716 2116 3782 Bernardus
2151 3718 2172 3752 ⁸
2204 3736 2223 3782 z

689 3845 721 3883 α
745 3823 926 3887 Astat
955 3822 1136 3889 Jesus
1166 3823 1236 3887 in
1273 3823 1482 3888 medio
1514 3822 1870 3907 quadrifida
1907 3825 2008 3888 sui
2046 3829 2227 3907 parte

678 3928 1022 4024 distensus,
1053 3933 1128 3996 ut
1165 3930 1466 3995 omnibus
1502 3949 1585 3995 ex
1615 3931 1796 3996 omni
1834 3935 2012 4015 parte
2051 3931 2133 3996 ad
2158 3949 2226 3996 se

678 4037 1083 4102 venientibus
1109 4036 1578 4120 amplissimum
1602 4055 1737 4103 suae
1773 4037 2226 4103 misericordiae

678 4142 896 4209 sinum
924 4145 1232 4210 ostendat.
1263 4165 1294 4204 n
1325 4143 1640 4209 Foramen
1672 4145 1741 4208 in
1764 4146 1958 4211 latere
1985 4146 2226 4212 vulnus

678 4254 775 4317 est
800 4252 1040 4317 lateris.
1071 4251 1167 4317 Ex
1209 4251 1334 4317 hoc
1376 4253 1688 4317 foramine
1732 4253 1950 4318 oleum
1997 4253 2225 4335 gratiae

677 4359 1024 4437 emanavit,
1052 4377 1168 4442 per
1193 4359 1361 4441 quod
1386 4359 1660 4443 populus
1686 4359 1795 4423 Dei
1822 4360 1901 4424 ad
1939 4378 2224 4443 regnum

677 4466 905 4549 gloriae
947 4466 1215 4531 coelestis
1256 4466 1627 4547 inungitur.
1660 4465 1839 4532 Unde
1876 4467 2070 4532 etiam
2110 4469 2223 4551 qui

677 4573 757 4637 ad
780 4573 903 4637 hoc
921 4573 1088 4639 latus
1114 4573 1444 4657 pendebat,
1465 4573 1747 4637 audivit⁸
1769 4591 1788 4638 ε
1811 4596 1842 4634 α
1868 4572 2069 4639 Hodie
2099 4593 2224 4641 me·

676 4699 826 4746 cum
852 4681 1071 4746 crisin
1087 4680 1402 4766 paradiSO.
1426 4702 1457 4741 n
1488 4679 1734 4745 Gratias
1760 4699 1918 4763 ergo
1945 4699 2221 4764 agamus

678 4788 922 4853 Christo
950 4806 1067 4871 pro
1097 4792 1230 4852 tam
1271 4785 1605 4869 multiplici
1644 4786 1853 4852 lateris
1888 4788 2213 4856 beneflcio,

700 5017 1070 5095 DOMINIGA
1114 5018 1141 5092 1
1186 5017 1373 5093 POST
1420 5017 1790 5095 OCTAVAM
1834 5019 2179 5102 PASGHAE.

1072 5184 1363 5258 SERMO
1406 5186 1733 5257 PRIMUS
1767 5191 1812 5257 ⁸.

752 5318 892 5409 qu
917 5340 1059 5391 sum
1082 5324 1311 5393 Pastor
1338 5321 1582 5391 bonus:
1612 5323 1810 5391 bonus
1827 5321 2056 5394 Pastor
2073 5328 2218 5395 am·-

672 5446 840 5501 mam
856 5449 1038 5500 suam
1062 5432 1249 5515 ponit
1265 5446 1387 5516 pro
1413 5429 1637 5499 ovibus
1659 5432 1801 5498 suis
1829 5430 1876 5497 ⁷.
1905 5430 2215 5501 Dominus

1649 523 1654 527 ,
1785 444 2210 531 salmones
2248 458 2349 529 DE
2391 458 2786 532 TEMPORE.

2342 606 2562 666 noster
2585 603 2620 669 J
2623 620 2771 668 esus
2797 602 3103 682 Christus,
3132 602 3360 669 Pastor
3391 598 3867 687 trIumphantis,

2342 713 2408 775 et
2436 709 2760 774 militantis
2787 709 3109 791 Ecclesiae,
3143 712 3226 777 ad
3251 711 3518 776 modum
3548 709 3873 792 cujuslibet

2342 817 2495 881 boni
2525 818 2814 899 pastoris,
2843 818 3073 885 amissa
3091 838 3215 885 ove
3231 818 3542 898 humana,
3572 818 3873 883 collocans
3904 790 3924 815 ’

2341 926 2707 1006 angelicum
2734 944 3006 1008 gregem
3031 926 3098 989 in
3137 925 3382 990 deserto
3411 926 3652 990 divinas
3687 925 3873 990 oblec-

2340 1032 2692 1113 tabilitatiS,
2720 1033 2930 1097 induit
2947 1033 3404 1098 vestimentum
3429 1034 3736 1097 humanae
3755 1051 3875 1097 car·

2340 1139 2478 1218 niS‚
2527 1143 2591 1204 et
2637 1139 2881 1203 tamdiu
2937 1139 3246 1221 perditam
3302 1156 3493 1204 ovem
3556 1139 3875 1204 visibiliter

2341 1246 2657 1330 quaesivit,
2690 1264 3020 1329 quousque
3042 1247 3206 1311 inter
3231 1246 3481 1311 hiatum
3509 1247 3873 1313 daemonum

2340 1354 2609 1418 invenit.
2639 1352 2719 1419 Ut
2742 1373 2884 1418 eam
2904 1373 2944 1419 a
2960 1355 3277 1419 morsibus
3302 1373 3534 1420 eorum
3560 1355 3873 1434 liberaret,

2339 1462 2675 1545 proprium
2701 1479 2932 1545 corpus
2972 1462 3163 1527 morti
3200 1463 3494 1544 exponit,
3540 1466 3621 1527 ut
3660 1462 3751 1527 sic
3779 1462 3877 1527 in-

2341 1575 2599 1636 ventam
2625 1573 2689 1636 et
2713 1570 3047 1636 liberatam
3069 1571 3151 1636 ad
3167 1572 3335 1637 ovile
3362 1572 3640 1637 coelestis
3664 1572 3877 1655 patriae

2340 1677 2698 1758 reduceret,
2745 1682 2812 1744 et
2857 1696 2988 1743 una
3030 1696 3177 1742 cum
3226 1696 3431 1761 grege
3472 1678 3775 1761 angelico
3816 1678 3879 1742 in

2339 1784 2549 1868 quiete
2573 1784 2796 1867 gloriae
2819 1785 3172 1851 collocaret.
3205 1785 3328 1852 Sed
3355 1787 3509 1870 quia
3530 1787 3616 1852 ad
3639 1787 3873 1851 bonum

2338 1896 2654 1975 pastorem
2674 1893 2947 1975 pertinet
2962 1912 3124 1975 erga
3141 1912 3337 1958 suum
3366 1912 3647 1976 gregem
3675 1894 3872 1978 primo

2338 1998 2575 2064 habere
2618 1999 3108 2065 sollicitudinem
3144 2000 3503 2082 vigilantiae
3555 2002 3628 2066 in
3670 2007 3875 2067 custo·

2338 2104 2587 2186 diendo,
2617 2106 2845 2172 deinde
2870 2107 3166 2173 effectum
3189 2107 3656 2174 benevolentiae
3691 2108 3760 2173 in
3785 2109 3876 2172 t'o-

2336 2213 2546 2278 vendo
2594 2214 2695 2281 vel
2738 2214 3084 2280 nutriendo
3099 2262 3120 2294 ‚
3171 2220 3389 2298 postea
3433 2216 3878 2282 discretionem

2336 2321 2692 2405 prudentiae
2720 2323 2790 2387 in
2818 2324 3047 2390 ovibus
3078 2325 3349 2409 propriis
3385 2326 3752 2410 sumptibus
3776 2344 3879 2391 ex-

2337 2429 2670 2511 pendendo
2708 2452 2724 2493 :
2758 2431 2898 2496 ideo
2926 2431 2992 2495 in
3020 2432 3217 2496 verbo
3244 2434 3572 2517 proposito
3602 2434 3876 2499 ostendi·

2336 2540 2446 2601 tur
2471 2538 2656 2601 nobis
2679 2537 2887 2603 bonus
2919 2543 3134 2623 pastor
3162 2538 3444 2606 Christus
3465 2541 3798 2607 imitabilis
3821 2545 3881 2606 et

2337 2645 2858 2710 commendabilis
2892 2665 2933 2710 a
2976 2646 3181 2712 tribus
3223 2649 3543 2730 praedictis
3584 2651 3880 2716 conditio-

2336 2752 2548 2816 nibus.
2578 2752 2795 2818 Primo
2821 2772 3101 2838 namque
3133 2755 3622 2822 commendatur
3647 2776 3690 2822 a
3721 2757 3879 2822 solli·

2336 2859 2617 2925 citudine
2643 2859 2998 2941 vigilantiae
3028 2861 3096 2925 in
3138 2863 3514 2928 executione
3549 2864 3877 2947 pastoralis

2335 2966 2556 3045 officii3
2583 2966 2881 3047 secundo,
2909 2986 2950 3031 a
2973 2966 3307 3034 latitudine
3331 2969 3796 3037 benevolentiae
3815 2971 3875 3035 in

2335 3072 2729 3155 expositione
2755 3073 3037 3155 corporis
3055 3075 3297 3158 proprii
3322 3096 3341 3153 ;
3367 3076 3573 3156 tertio,
3600 3097 3642 3143 a
3661 3078 3878 3144 discre-

2332 3181 2504 3245 tione
2518 3179 2875 3263 prudentiae
2891 3180 2960 3243 in
2975 3180 3349 3247 liberatione
3367 3182 3468 3246 sui
3489 3181 3743 3264 gregis,
3755 3200 3876 3247 non

2336 3287 2548 3351 alieni.
2603 3287 2822 3351 Primo
2876 3288 3358 3354 commendatur
3411 3289 3626 3353 bonus
3671 3292 3877 3372 pastor

2336 3392 2621 3458 Christus
2660 3412 2701 3458 a
2724 3393 3144 3461 sollicitudine
3172 3395 3530 3476 vigilantiae
3555 3397 3625 3461 in
3656 3414 3877 3461 execu-

2334 3502 2506 3568 tione
2541 3502 2874 3585 pastoralis
2906 3502 3120 3583 officii,
3150 3521 3300 3567 cum
3332 3503 3568 3569 dicitur
3599 3526 3615 3567 :
3661 3504 3876 3570 Pastor

2335 3608 2556 3675 bonus.
2573 3608 2831 3675 Bonitas
2850 3610 3026 3674 enim
3040 3610 3310 3692 pastoris
3324 3611 3704 3691 ostenditur,
3733 3628 3873 3676 cum

2333 3715 2597 3780 sollicite
2615 3716 2864 3798 vigilat,
2882 3722 2945 3782 et
2960 3718 3235 3783 custodit
3247 3736 3522 3800 gregem
3536 3737 3755 3785 suum.
3774 3717 3875 3783 Se-

2331 3820 2540 3886 cundo
2586 3823 3069 3889 commendatur
3127 3843 3168 3889 a
3223 3825 3553 3891 latitudine
3608 3826 3872 3891 benevo-

2330 3928 2549 3996 lentiae
2569 3930 2639 3995 in
2667 3931 3063 4015 expositione
3088 3932 3373 4016 corporis
3406 3935 3689 4016 proprii,
3729 3949 3868 3998 cum

2299 4038 2593 4132 subdit:
2638 4038 2944 4106 Animam
2980 4055 3169 4107 suam
3202 4041 3412 4122 ponit.
3456 4039 3666 4123 Majus
3703 4040 3867 4105 enim

2330 4145 2596 4227 signum
2620 4146 2973 4212 dilectionis
3009 4152 3075 4212 et
3109 4148 3569 4214 benevolentias
3612 4164 3746 4213 non
3768 4163 3867 4229 po-

2328 4256 2448 4317 test
2496 4257 2712 4336 pastor
2754 4272 2918 4337 erga
2960 4272 3153 4321 suum
3198 4273 3473 4338 gregem
3510 4255 3860 4330 ostendere,

2329 4376 2527 4442 quam
2556 4364 2653 4437 ut,
2684 4378 2801 4445 pro
2829 4362 2971 4444 ejus
2996 4362 3361 4428 defensione
3390 4367 3454 4427 et
3476 4362 3859 4439 liberatione,

2328 4467 2664 4550 proprium
2704 4486 2937 4550 corpus
2982 4470 3176 4534 morti
3228 4472 3611 4553 exponatur.
3664 4470 3862 4535 Tertio

2329 4574 2816 4640 commendatur
2833 4594 2875 4640 a
2891 4574 3269 4642 discretione
3295 4577 3655 4660 prudentias
3680 4579 3748 4642 in
3768 4576 3862 4642 de·

2326 4683 2613 4749 fensione
2636 4687 2700 4748 et
2715 4684 3090 4750 liberatione
3108 4685 3213 4750 sui
3235 4685 3480 4768 gregia,
3504 4704 3638 4752 non
3655 4683 3855 4760 alieni,

2327 4809 2478 4856 cum
2507 4791 2819 4857 subinfert
2849 4814 2864 4856 :
2900 4793 3023 4859 Pro
3051 4793 3276 4860 ovibus
3301 4795 3463 4873 suis,
3494 4813 3611 4879 per
3634 4793 3858 4860 contor-

2328 4899 2620 4966 mitatem
2630 4900 3005 4967 imitationis
3025 4902 3132 4984 (b);
3155 4919 3287 4966 non
3303 4901 3497 4966 alieni
3507 4901 3611 4984 (c),
3629 4918 3742 4986 per
3765 4899 3856 4964 in·

2325 5007 2695 5074 fidelitatem
2715 5008 2978 5075 erroris.

2390 5171 2407 5206 ²
2456 5169 2594 5221 Psal.
2639 5183 2805 5235 xxxV,
2864 5174 2997 5223 9-10.
3040 5197 3097 5208 —
3150 5172 3174 5207 ¹
3218 5172 3418 5237 Erech„
3466 5184 3642 5237 vau,
3680 5175 3757 5223 12.
3797 5192 3854 5208 -—

2325 5242 2347 5278 ⁸
2390 5243 2409 5292 1
2450 5242 2588 5306 neq„
2622 5254 2686 5306 x,
2730 5248 2776 5293 1.
2811 5269 2877 5280 —
2909 5243 2933 5278 ὅ
2967 5244 3121 5294 Bern.
3157 5269 3222 5282 --
3258 5244 3280 5279 ⁸
3313 5244 3452 5304 Luc„
3490 5256 3654 5308 xxm,
3688 5243 3763 5295 4⁸.
3797 5266 3854 5279 -—

2324 5312 2347 5347 ⁸
2373 5314 2521 5364 Hunc
2559 5327 2668 5365 non
2704 5314 2860 5366 habet
2894 5313 3017 5365 edit.
3054 5315 3211 5365 Paris.
3245 5328 3329 5367 an.
3364 5319 3508 5367 1521.
3547 5344 3605 5355 -
3651 5318 3668 5348 ⁷
3700 5316 3852 5374 lom,

2324 5396 2379 5449 x,
2410 5385 2642 5452 11.-(α)
2673 5386 2796 5438 Goet.
2829 5384 2952 5439 edit.
2980 5389 3317 5438 venerunt.—
3344 5386 3419 5453 (ὁ)
3447 5387 3571 5439 Ilm
3601 5383 3846 5439 imitantia

2322 5480 2386 5494 —
2415 5458 2478 5523 (c)
2503 5457 2620 5523 Leq.
2647 5457 2848 5512 alienia.
