4059 6317
1208 509 1448 578 FERIA
1488 510 1572 576 111
1614 503 2192 578 PENTECOSTES.
2234 504 2496 571 SERMO
2538 502 2645 570 111.

346 666 562 730 mum,
603 647 873 715 ostendit
909 647 1240 714 Eleazarus
1290 669 1307 713 ε
1351 647 1593 732 legitur
1627 644 1801 711 enim
1840 644 1862 681 ¹

339 756 510 842 quod
540 757 811 841 perdidit
853 774 921 821 se
961 756 1401 840 corporaliter,
1430 774 1513 820 ne
1541 753 1868 840 proximos

337 863 626 947 perderet
646 863 1073 947 spiritualiter.
1103 863 1513 946 Augustinus
1539 864 1601 927 ἐ
1636 884 1667 923 α
1685 858 1866 927 Elea-

338 990 522 1040 zarus
550 972 776 1037 maluit
791 971 991 1036 vitam
1018 990 1202 1037 suam
1220 970 1552 1035 tormentis
1570 969 1866 1053 objicere,

337 1098 533 1162 quam
587 1079 888 1162 cuiquam
940 1078 1250 1160 magister
1298 1076 1663 1160 perditionis
1702 1075 1870 1141 exis-

337 1191 491 1251 tere.
522 1207 552 1245 »
585 1183 707 1250 Sed
728 1233 746 1262 ,
796 1184 967 1249 heul
1015 1185 1093 1250 de
1136 1183 1414 1267 praelatis
1458 1183 1868 1265 conqueritur

336 1292 642 1359 Dominus
664 1296 689 1333 ⁸
716 1314 732 1358 ε
765 1314 797 1355 ι
826 1291 992 1357 Grex
1021 1283 1303 1376 perditus
1326 1291 1526 1356 factus
1548 1292 1641 1354 oet
1665 1308 1867 1373 popu·

337 1401 438 1467 lus
463 1416 669 1479 meus,
698 1403 978 1484 pastores
1004 1417 1230 1464 eorum
1261 1398 1652 1463 fflduxerunt
1676 1414 1804 1461 eos.
1831 1418 1864 1456 n

338 1507 555 1576 Perdis
592 1523 753 1590 ergo
797 1506 1165 1589 proximum
1205 1503 1720 1583 scandalizando;
1763 1503 1873 1568 sed

338 1616 507 1699 quod
540 1619 635 1681 est
662 1612 1112 1695 miserabilius,
1141 1612 1353 1697 perdis
1377 1612 1676 1695 teipsum,
1709 1628 1875 1675 mor-

340 1723 543 1789 taliter
565 1720 919 1809 peccando*
941 1742 957 1786 z
998 1743 1030 1784 α
1052 1719 1214 1799 Quid
1241 1719 1490 1806 proficit
1519 1717 1789 1798 homini,
1819 1717 1874 1782 si

341 1833 712 1899 universum
776 1829 1092 1894 mundum
1151 1828 1436 1914 lucretur
1459 1875 1482 1908 ,
1525 1845 1594 1891 se
1655 1829 1875 1891 autem

339 1939 549 2022 ipsum
576 1938 841 2022 perdat?
866 1959 897 1997 n
949 1935 1218 2001 Insanus
1264 1937 1480 1999 autem
1523 1937 1722 2013 esset,
1763 1933 1876 2017 qui

339 2046 616 2129 seipsum
640 2045 872 2128 laqueo
898 2043 1188 2128 perderet
1199 2040 1644 2125 corporaliter3
1669 2041 1876 2123 magis

338 2157 552 2219 autem
579 2153 866 2232 insanus,
899 2151 1011 2236 qui
1038 2169 1108 2216 se
1141 2150 1298 2217 vitio
1332 2149 1534 2233 perdit
1559 2149 1873 2215 aeternali-

340 2265 456 2327 ter.
494 2259 840 2343 Gregorius
858 2257 882 2294 ⁸
917 2276 934 2323 t
971 2280 1002 2320 a
1033 2255 1222 2324 Nulla
1261 2260 1467 2340 major
1495 2255 1876 2338 intelligitur

339 2367 606 2446 insania,
634 2384 832 2450 quam
856 2383 972 2449 pro
1000 2364 1409 2430 delectatione
1437 2364 1878 2428 momentanea

341 2474 628 2557 obligare
654 2492 724 2538 se
756 2473 837 2539 ad
853 2476 1092 2538 aeterna
1116 2470 1443 2556 supplicia.
1460 2490 1493 2530 s
1519 2469 1685 2536 Audi
1716 2487 1879 2552 ergo

341 2581 677 2647 consilium
702 2578 1047 2664 Sapientis⁸
1061 2601 1077 2642 :
1093 2577 1225 2647 «Ne
1251 2577 1361 2643 des
1378 2577 1728 2642 fornicariis
1745 2578 1881 2642 ani-

344 2707 513 2753 mam
531 2694 711 2754 tuam
738 2687 808 2752 in
836 2687 990 2768 uno,
1014 2704 1098 2751 ne
1124 2669 1351 2770 perdas
1372 2689 1437 2750 te
1456 2707 1488 2746 ι
1514 2693 1579 2751 et
1596 2685 1879 2750 animam

343 2801 545 2877 tuam,
580 2799 693 2861 «et
717 2794 1151 2860 haereditatem
1177 2797 1353 2857 tuam
1372 2811 1391 2857 t
1409 2813 1440 2851 n
1474 2797 1537 2858 te
1563 2793 1880 2858 aeternali-

343 2910 459 2985 ter,
490 2904 925 2970 haereditatem
954 2902 1407 2985 temporaliter,
1438 2905 1557 2965 etc.

423 3011 510 3077 De
534 3014 783 3098 quarto,
818 3008 1178 3075 Psalmus⁷2
1218 3007 1362 3074 «Me
1386 3010 1884 3091 expectaverunt

345 3122 698 3203 peccatores
711 3166 733 3198 ,
777 3122 849 3182 ut
889 3116 1229 3201 perderent
1274 3134 1401 3181 me.
1431 3138 1464 3176 n
1513 3114 1882 3202 Peccatores

347 3230 496 3292 sunt
535 3227 859 3291 daemones
876 3274 894 3305 ,
933 3243 1214 3309 quorum
1238 3242 1428 3289 omne
1462 3224 1747 3290 studium
1789 3205 1885 3289 est

347 3341 696 3418 peccatum.
752 3332 922 3398 Bene
965 3336 1181 3398 autem
1233 3331 1385 3396 dicit
1421 3354 1437 3398 :
1496 3320 1886 3415 Expectatio-

346 3446 538 3510 rtmt:
572 3442 936 3506 sicutenim
976 3457 1256 3524 aucupes
1273 3488 1291 3519 ,
1324 3441 1489 3506 sicut
1524 3445 1882 3522 venatores,

347 3550 511 3615 sicut
524 3549 823 3629 latrones,
845 3549 934 3613 sic
952 3547 1043 3612 illi
1054 3548 1132 3613 ad
1148 3547 1542 3631 perdendum
1555 3547 1883 3614 hominem

347 3657 759 3741 expectabant
787 3657 867 3740 (a)
897 3656 966 3720 in
996 3655 1262 3720 insidiis.
1294 3654 1627 3720 Psalmista
1646 3656 1704 3721 ⁸:
1739 3655 1888 3722 «Se-

348 3766 452 3830 det
472 3765 543 3829 in
556 3762 798 3829 insidiis
813 3780 959 3828 cum
979 3762 1304 3842 divitibus,
1327 3784 1359 3824 n
1375 3766 1494 3828 etc.
1518 3763 1701 3829 Sicut
1712 3766 1887 3831 enim

350 3872 578 3938 divites
599 3868 896 3949 denariis»,
922 3868 1013 3933 sic
1038 3868 1360 3934 daemones
1388 3870 1725 3935 animabus
1742 3873 1889 3937 insi·
1918 3937 1923 3946 ,

347 3980 628 4046 diantur.
660 3978 783 4045 Sed
809 3996 1009 4063 quare
1034 3977 1321 4044 crudeles
1348 3980 1453 4044 isti
1472 3986 1800 4048 venatores
1824 3986 1915 4048 et·

348 4088 520 4152 fures
571 4102 689 4153 nos
739 4086 816 4169 (b)
869 4088 1250 4169 expectant?
1302 4086 1480 4153 Certe
1547 4093 1620 4154 ut
1671 4109 1888 4155 mace·
1932 4083 1943 4122 ·’

348 4198 494 4261 rent
532 4195 605 4277 (c)
641 4196 712 4259 in
738 4195 952 4279 culpa,
991 4198 1054 4258 et
1091 4195 1359 4278 perdant
1393 4198 1778 4264 comedendo
1818 4201 1890 4265 in

349 4321 559 4387 poena.
581 4301 953 4367 Ambrosius
969 4307 994 4342 ‘
1016 4323 1031 4367 ε
1063 4324 1095 4363 α
1107 4301 1295 4367 Amat
1311 4303 1494 4387 gluto
1509 4305 1881 4389 porcellum,

350 4416 428 4474 ut
444 4410 750 4489 comedat,
782 4410 891 4474 sed
919 4428 1251 4493 nunquam
1278 4411 1510 4476 crudos
1535 4415 1826 4479 comedit.
1845 4436 1877 4474 ι)

352 4517 499 4582 Illos
515 4522 683 4583 certe
708 4516 975 4582 comedit
1002 4521 1065 4581 et
1089 4518 1292 4602 perdit
1316 4519 1386 4582 in
1415 4520 1659 4586 inferno
1674 4569 1693 4601 ,
1727 4540 1889 4605 quos

351 4625 506 4707 igne
563 4625 848 4689 avaritiae
901 4625 1168 4706 assavit,
1227 4625 1332 4691 vel
1388 4645 1556 4710 aqua
1606 4629 1889 4696 fervente

350 4731 629 4797 luxuriae
651 4732 821 4798 coxit
845 4731 914 4796 in
942 4732 1256 4799 mundo.¹⁰
1280 4757 1311 4796 α
1327 4733 1716 4819 Frequenter
1738 4757 1890 4803 eum

352 4841 424 4905 in
450 4840 668 4922 ignem
682 4843 748 4905 et
776 4839 844 4904 in
856 4858 1087 4924 aquam
1102 4841 1272 4906 misit
1296 4846 1370 4906 ut
1388 4842 1696 4925 perderet.
1710 4866 1743 4904 n
1767 4845 1891 4924 Qui

355 4966 515 5031 ergo
540 4966 689 5013 cum
706 4947 913 5013 tribus
937 4948 1153 5031 pueris
1181 4949 1257 5014 de
1283 4949 1405 5014 isto
1433 4951 1589 5032 igne
1605 5000 1624 5030 ,
1654 4954 1889 5018 etcum

356 5052 542 5121 Petro
567 5055 647 5121 de
687 5074 855 5139 aqua
876 5073 1006 5120 non
1033 5055 1223 5121 fuerit
1245 5056 1545 5122 liberatus
1558 5107 1575 5139 ‚
1607 5061 1891 5126 manebit

357 5162 812 5228 aeternaliterin
833 5162 1009 5244 ignis
1021 5162 1267 5241 ardore,
1279 5167 1341 5228 et
1358 5183 1546 5249 aquae
1557 5167 1849 5248 frigore¹¹
1867 5187 1885 5234 ε

418 5289 437 5324 ¹
466 5289 506 5338 ΙΙ
536 5288 721 5352 uach„
750 5299 821 5351 vn,
842 5288 1003 5338 25-27.
1024 5314 1088 5327 —
1110 5287 1128 5318 ²
1151 5291 1278 5354 Aug.
1301 5315 1367 5328 —
1391 5290 1414 5326 ⁸
1439 5291 1644 5353 lev-em..
1671 5306 1725 5353 1..
1750 5295 1799 5345 6.
1832 5321 1885 5331 -

358 5361 380 5394 ⁴
409 5359 541 5427 Luc„
571 5372 642 5424 vi,
669 5363 748 5412 25.
778 5388 834 5398 —
863 5361 886 5398 ⁸
907 5361 1059 5426 Greg.
1087 5385 1147 5399 —
1175 5362 1196 5393 ⁶
1224 5360 1407 5423 Raeti„
1428 5375 1505 5427 11,
1532 5367 1580 5416 6.
1610 5392 1673 5404 -
1707 5367 1724 5396 ⁷
1754 5365 1887 5418 Psal.

359 5443 549 5495 cxvm,
581 5435 660 5483 95.
688 5460 750 5472 -
774 5431 799 5468 ⁸
827 5431 962 5483 Paul.
992 5444 1046 5490 x.
1074 5433 1120 5482 8.
1156 5458 1216 5471 --
1244 5432 1264 5463 ⁰
1286 5434 1522 5486 Ambros.
1545 5463 1608 5475 —
1638 5437 1681 5473 ¹⁰
1708 5438 1883 5499 Marc„

361 5513 434 5568 ιι,
460 5504 540 5555 21.
562 5528 624 5542 -
648 5504 685 5543 ¹¹
708 5502 827 5569 Job,
847 5513 992 5569 xxiv,
1022 5505 1098 5556 19.
1123 5529 1188 5543 -
1216 5503 1256 5542 ¹²
1277 5504 1413 5568 Act„
1436 5516 1510 5570 11,
1535 5509 1583 5558 1.
1607 5531 1668 5546 -
1691 5508 1734 5545 ¹¹
1755 5508 1888 5572 Luc„

3399 491 3519 557 313

1979 665 2012 704 α
2030 641 2128 707 Ad
2163 639 2439 707 calorem
2472 638 2748 705 nimium
2782 634 3046 702 transiet
3090 632 3172 698 ab
3207 627 3391 714 aquis
3425 627 3522 692 ni-

1975 767 2180 815 vmm.
2215 770 2246 809 n

2528 899 2819 973 SERMO
2862 899 2979 969 111.

2057 1072 2305 1155 Repleti
2337 1071 2490 1138 stent
2516 1084 2728 1137 omnes
2772 1067 3029 1150 Spiritu
3053 1067 3271 1132 amicto
3290 1064 3356 1126 ¹¹.
3393 1061 3519 1126 Re-
3555 1070 3758 1127 muso

3559 1135 3747 1191 Sph'stm

1978 1179 2171 1263 pletio
2201 1179 2474 1263 Spiritus
2507 1177 2709 1242 sancti
2737 1182 2833 1240 est
2868 1174 3211 1258 purgativa
3228 1220 3247 1252 ,
3276 1170 3520 1236 illumi-
3547 1195 3704 1242 moa

1977 1289 2231 1368 nativa,
2262 1287 2602 1370 perfectiva
2624 1289 2690 1351 et
2717 1282 3240 1349 consummativa.
3273 1279 3524 1362 Purgat

1977 1394 2323 1474 defectum,
2360 1393 2682 1458 illuminat
2703 1391 3123 1468 intellectum,
3154 1388 3399 1470 perficit
3426 1388 3519 1453 af-

1976 1500 2235 1578 fectum,
2270 1500 2607 1565 confirmat
2631 1498 3002 1582 perfectum.

2060 1609 2147 1676 De
2187 1611 2394 1695 primo
2438 1611 2486 1648 ¹⁸
2514 1633 2531 1676 z
2575 1634 2607 1672 a
2628 1608 2869 1694 Spiritu
2915 1610 3132 1673 sancto
3177 1605 3523 1689 replebitur

1980 1717 2191 1783 adhuc
2216 1737 2297 1782 ex
2342 1721 2527 1783 utero
2554 1716 2776 1783 matris
2804 1733 2959 1780 suae.
2975 1736 3008 1775 n
3042 1713 3118 1778 ln
3157 1712 3275 1777 hac
3318 1711 3521 1795 reple-

1980 1826 2153 1892 tione
2178 1828 2496 1909 purgatus
2511 1827 2632 1891 tuit
2647 1826 2680 1892 J
2684 1840 2923 1891 oannes
2949 1842 2990 1888 a
3017 1822 3204 1905 culpa
3225 1820 3524 1902 originali

1982 1935 2052 2000 in
2077 1937 2282 1999 utero.
2311 1934 2569 2019 Mystice
2587 1938 2802 1999 autem
2831 1935 3033 1997 mater
3057 1930 3179 1995 ista
3196 1928 3522 1996 estEccle-

1983 2042 2078 2105 sia
2104 2041 2207 2106 vel
2233 2040 2489 2124 religio,
2516 2058 2663 2125 quae
2690 2058 2806 2106 nos
2828 2040 2895 2104 in
2933 2037 3277 2103 visceribus
3305 2037 3520 2102 chari-

1980 2150 2127 2215 tatis
2153 2151 2335 2233 quasi
2369 2151 2439 2214 in
2467 2153 2650 2215 utero
2676 2150 2906 2233 portat.
2949 2146 3037 2212 De
3075 2146 3200 2211 hoc
3230 2149 3412 2211 utero
3430 2146 3517 2211 ¹⁸:

1992 2280 2024 2321 a
2049 2257 2275 2322 Mulier
2317 2257 2547 2322 amicta
2601 2255 2762 2335 sole,
2793 2276 2824 2315 n
2875 2271 3075 2338 usque
3110 2275 3126 2320 :
3167 2275 3198 2315 a
3217 2253 3285 2319 in
3339 2256 3523 2319 utero

1983 2366 2245 2445 habens,
2262 2386 2292 2425 n
2328 2368 2448 2430 etc.
2479 2363 2728 2429 Amicta
2756 2362 2887 2427 sole
2917 2362 2987 2427 in
3016 2361 3228 2427 lucida
3254 2379 3524 2427 conver·

1985 2473 2228 2536 satione
2241 2473 2287 2509 ¹⁸
2309 2489 2328 2536 z
2354 2494 2384 2533 α
2399 2470 2500 2536 Sic
2527 2470 2736 2535 luceat
2761 2469 2876 2534 lux
2904 2471 3134 2549 vestra,
3150 2493 3183 2531 n
3209 2472 3323 2535 etc.
3345 2468 3524 2535 Tunc

1984 2580 2256 2663 perfecte
2282 2596 2739 2644 conversamur
2755 2577 2869 2661 (d),
2890 2578 3146 2661 quando
3170 2577 3242 2641 in
3275 2595 3522 2663 prospe-

1984 2687 2170 2752 ritate
2179 2704 2311 2752 non
2329 2686 2715 2767 extollimur,
2738 2687 2805 2750 in
2820 2685 3197 2752 adversitate
3210 2705 3340 2752 non
3358 2687 3524 2771 deji-

1987 2793 2226 2873 cimur,
2254 2795 2422 2858 sicut
2448 2793 2624 2858 stulti
2663 2794 2889 2858 mundi
2924 2797 3240 2858 amatores
3270 2797 3527 2859 mutan-

1985 2903 2116 2980 tur,
2126 2901 2477 2966 secundum
2487 2899 2979 2966 mutabilitatem
2986 2901 3433 2984 temporalium
3446 2903 3520 2967 ²⁸:

1996 3030 2028 3068 α
2047 3006 2288 3071 Stultus
2316 3012 2386 3071 ut
2426 3006 2582 3073 luna
2620 3011 2927 3073 mutatur.
2949 3029 2981 3068 n
3014 3007 3191 3074 Unde
3218 3009 3363 3074 talis
3396 3026 3527 3075 non

1957 3185 1961 3192 ,
1989 3133 2184 3198 super
2212 3115 2433 3179 lunam
2448 3163 2466 3192 ,
2499 3116 2605 3181 sed
2638 3115 2758 3181 sub
2782 3116 2940 3181 luna
2965 3120 3083 3183 est.
3111 3116 3271 3182 Item
3296 3133 3531 3187 corona

1990 3205 2326 3290 duodecim
2351 3223 2678 3292 stellarum
2697 3225 2773 3290 in
2797 3226 3008 3309 capite
3036 3224 3209 3308 ejus,
3244 3224 3313 3290 in
3340 3229 3526 3291 aeter-

1991 3349 2227 3398 norum
2253 3332 2802 3414 contemplatione,
2825 3349 2974 3415 quae
2990 3333 3059 3397 in
3082 3332 3414 3399 duodecim
3429 3352 3532 3398 ar-

1992 3439 2206 3504 ticulis
2234 3439 2381 3505 fidei
2401 3440 2731 3506 fundatur.
2765 3439 2909 3520 Sed,
2937 3440 3104 3506 heu!
3135 3440 3322 3506 multi
3348 3458 3529 3507 coro-

1994 3564 2147 3612 nam
2182 3548 2304 3611 sub
2344 3547 2608 3630 pedibus
2626 3595 2644 3626 ,
2675 3547 2898 3611 lunam
2936 3548 3005 3611 in
3043 3548 3245 3631 capite
3271 3547 3533 3626 habent,

1996 3654 2252 3740 quando
2266 3657 2519 3721 aeternis
2528 3656 2904 3739 temporalia
2922 3659 3325 3740 praeponunt.
3339 3656 3537 3721 Filius

1995 3762 2074 3827 de
2102 3766 2288 3828 utero
2311 3762 2512 3848 hujus
2534 3762 2822 3828 mulieris
2849 3764 3153 3844 nascitur,
3182 3765 3439 3847 quando
3466 3765 3537 3829 in

1995 3868 2204 3934 lucem
2234 3870 2302 3953 (e)
2336 3871 2485 3935 vitae
2512 3874 2767 3937 aeternae
2796 3872 3059 3956 spiritus
3079 3872 3537 3938 bonihominis

1950 4041 1955 4048 ,
1995 3977 2482 4042 transfunditur.
2513 3975 2689 4043 Unde
2731 3979 2893 4044 bene
2927 3978 3160 4044 dicitur
3192 3979 3429 4045 ibidem
3446 3979 3531 4045 ¹⁷:

2000 4106 2034 4145 α
2057 4082 2296 4165 Raptus
2321 4087 2417 4148 est
2442 4082 2615 4148 filius
2641 4086 2786 4167 ejus
2812 4085 2888 4148 ad
2927 4085 3154 4165 Deum,
3175 4089 3240 4151 et
3264 4087 3344 4152 ad
3365 4087 3538 4152 thro-

1954 4259 1962 4265 ,
1997 4211 2157 4257 num
2186 4194 2394 4276 ejus.»
2428 4191 2626 4262 Draco
2652 4192 2941 4259 diabolus
2973 4197 3102 4274 est,
3132 4196 3246 4278 qui
3270 4197 3537 4278 perfidia

1967 4300 2068 4368 'in
2104 4302 2283 4367 exitu
2308 4302 2387 4368 de
2411 4303 2653 4368 mundo
2681 4303 2963 4368 maxime
2993 4303 3352 4374 insidiatur.-
3380 4303 3537 4369 Gre-

2000 4409 2223 4492 gorius
2240 4409 2518 4474 scribens
2530 4409 2608 4474 de
2621 4427 2942 4492 perverso,
2959 4409 3028 4473 in
3045 4410 3331 4489 homilia,
3352 4411 3440 4475 ait
3451 4412 3530 4476 ¹⁸:

2004 4540 2040 4579 α
2077 4517 2232 4582 Ecce
2272 4517 2535 4601 juvenis
2586 4534 2828 4600 pravus
2871 4516 3210 4582 draconem
3264 4517 3423 4582 vidit
3465 4519 3534 4583 in

1999 4629 2238 4703 morte,
2277 4624 2379 4689 cui
2425 4624 2731 4688 servierat
2774 4623 2846 4687 in
2884 4624 3041 4690 vita.
3065 4644 3095 4683 n
3145 4622 3284 4689 Non
3318 4629 3534 4690 autem

1997 4733 2208 4798 solum
2224 4732 2428 4811 maHS,
2451 4731 2555 4796 sed
2574 4738 2638 4795 et
2663 4730 2843 4795 bonis
2864 4730 3198 4797 insidiatur
3214 4732 3281 4795 in
3303 4737 3530 4797 morte.

2001 4838 2179 4905 Patet
2200 4840 2345 4918 hoc,
2372 4839 2526 4922 quia
2564 4838 2755 4903 etiam
2780 4837 2873 4902 illi
2904 4838 3277 4919 insidiatur,
3313 4839 3425 4922 qui
3452 4839 3535 4905 ad

1997 4948 2304 5012 thronum
2327 4946 2716 5031 rapiebatur.

2082 5055 2169 5120 De
2209 5054 2485 5120 secundo
2498 5054 2586 5117 ¹⁸:
2628 5076 2658 5115 α
2683 5053 2956 5137 Spiritus
2982 5051 3231 5118 Domini
3272 5053 3536 5137 replevit

2001 5211 2052 5263 1,
2091 5202 2168 5250 15.
2206 5189 2268 5235 -ῑ
2301 5197 2345 5234 ¹⁸
2380 5196 2548 5263 Δρω..
2589 5208 2698 5257 111,
2737 5199 2842 5248 1-2.
2874 5224 2930 5236 —
2967 5196 3011 5234 ¹⁸
3036 5193 3242 5256 nauh„
3279 5207 3329 5261 v,
3367 5199 3444 5250 16.
3471 5225 3536 5239 --

1998 5272 2044 5307 ¹⁸
2063 5269 2243 5330 Ereti„
2273 5279 2438 5332 xxvu,
2467 5273 2544 5319 12.
2568 5295 2629 5307 -
2655 5268 2697 5305 ¹¹¹
2725 5269 2896 5331 Apoc„
2926 5278 3023 5329 ιη,
3049 5271 3096 5320 5.
3123 5293 3187 5306 -
3213 5268 3254 5303 ¹⁸
3280 5269 3454 5334 Greg.,
3481 5270 3535 5320 iu

2002 5345 2216 5408 Evanq„
2241 5344 2381 5395 hom.
2411 5354 2522 5407 xix,
2554 5357 2605 5394 n.
2636 5344 2684 5392 7.
2712 5368 2766 5378 —
2794 5342 2835 5378 ¹⁰
2860 5341 3005 5407 Sap„
3035 5354 3073 5404 1,
3098 5343 3150 5393 7.

2065 5433 2132 5498 (a)
2163 5434 2276 5499 Leq.
2302 5434 2590 5497 expectant.
2610 5458 2672 5469 —
2695 5430 2766 5494 (ὁ)
2789 5431 2916 5482 coet.
2945 5432 3066 5482 edit.
3088 5445 3215 5482 non.
3243 5457 3296 5468 ·-
3327 5430 3391 5496 (c)
3415 5431 3536 5484 uem

2001 5509 2340 5558 macerentur.
2365 5531 2428 5545 -
2456 5503 2529 5570 (d)
2563 5503 2954 5556 contemnimus.
2971 5528 3033 5542 —
3067 5504 3126 5568 (e)
3155 5503 3288 5556 luce.
