4059 6317
973 553 1350 621 DOMINIGA
1391 553 1475 619 ΙΝ
1512 552 2186 634 QUINQUAGESIMA.
2231 554 2493 623 SERMO
2535 557 2613 624 11.

223 689 485 775 estquod
510 689 766 756 dicebat
788 690 879 756 eis
901 688 1740 756 Dominm¹:«Mu1tahona

222 816 392 882 opera
438 801 743 881 operatus
791 816 936 862 sum
978 797 1199 874 vobis;
1256 802 1515 880 propter
1565 795 1738 879 quod

221 906 392 970 vultis
418 923 523 971 me
540 905 826 970 occidere
843 911 871 969 ⁴?
902 926 934 964 n
969 904 1088 969 Hic
1109 904 1282 970 enim
1308 908 1404 968 est
1421 901 1730 980 Christus,

222 1016 318 1101 qui
342 1032 763 1099 quacumque
791 1014 1056 1097 mystica
1078 1012 1320 1080 Veteris
1346 1012 1734 1078 Testamenti

220 1122 585 1207 adimplevit.
621 1120 794 1192 ,Nam
826 1141 865 1187 a
888 1120 1083 1186 latere
1115 1121 1270 1186 Adae
1310 1125 1737 1206 sequestratus

219 1234 322 1310 est,
367 1232 441 1295 ut
477 1230 625 1295 iude
666 1231 848 1295 fleret
871 1229 1168 1295 Ecclesia.
1201 1230 1277 1294 lu
1305 1228 1466 1295 Abel
1493 1229 1737 1295 occisus

221 1344 322 1419 est,
347 1341 414 1403 in
437 1338 570 1405 Noe
580 1339 886 1418 nudatus„
913 1340 986 1403 in
1006 1339 1332 1405 Abrabam
1363 1337 1738 1422 multiplica-

221 1453 331 1527 tus,
359 1448 422 1512 in
447 1447 618 1513 Isaac
634 1446 1030 1512 immolatus.
1054 1446 1189 1511 Hoc
1210 1447 1384 1512 enim
1406 1446 1737 1528 singulare

221 1555 580 1621 sacrificium
630 1556 713 1620 ad
767 1555 1188 1637 figurandum
1227 1555 1447 1620 omnia
1493 1553 1735 1619 Veteris

219 1663 582 1728 Testamenti
602 1662 912 1727 sacrificia
921 1662 1227 1728 hactenus
1248 1662 1732 1729 insudaverunt.

222 1768 283 1832 In
314 1768 507 1834 Jacob
540 1768 1019 1851 peregrinatus,
1050 1769 1117 1834 in
1154 1768 1389 1852 «Ioseph
1413 1769 1735 1848 venditus,

220 1875 280 1938 in
300 1874 511 1958 Moyse
528 1874 902 1955 occultatus,
927 1875 1000 1938 in
1020 1875 1218 1941 David
1244 1880 1634 1959 persecutus,
1668 1877 1738 1940 in

220 1983 527 2066 prophetis
550 1983 1007 2048 exhonoratus.
1037 1982 1105 2049 Si
1127 2001 1291 2066 ergo
1307 1984 1573 2067 quilibet
1584 1985 1707 2050 isto
1723 2019 1739 2033 ·

221 2108 376 2170 rum,
402 2093 667 2173 excepto
694 2090 924 2169 Adam,
954 2090 1182 2156 habuit
1209 2092 1362 2155 satis
1392 2094 1644 2174 portare
1663 2091 1743 2156 de

222 2215 324 2261 sua
341 2198 768 2276 tribulatione,
797 2202 1112 2281 quantum
1132 2216 1290 2281 ergo
1301 2198 1527 2264 habuit
1540 2197 1745 2263 Chris-

223 2310 317 2369 tus
349 2308 637 2388 portare‚
672 2322 870 2388 super
894 2323 1120 2387 quem,
1155 2310 1219 2371 et
1250 2306 1320 2369 in
1356 2322 1486 2388 quo
1518 2323 1743 2371 omnes

224 2412 470 2477 istorum
497 2412 733 2477 fluctus
751 2412 1012 2477 fuerunt
1025 2413 1271 2478 inducti
1296 2416 1359 2478 et
1384 2412 1739 2496 adimpleti!

229 2517 381 2584 Unde
405 2519 655 2584 ratione
694 2519 873 2584 illius
907 2519 1299 2585 crudelitatis
1331 2524 1394 2585 et
1431 2521 1700 2588 saevitiae
1721 2570 1742 2601 ,

226 2645 398 2708 quam
420 2631 854 2693 exercuerunt
877 2627 947 2692 in
971 2645 1122 2693 eum
1148 2620 1182 2693 J
1186 2628 1377 2708 udaei,
1401 2633 1606 2712 potem
1621 2628 1747 2694 dici

229 2733 294 2798 de
310 2735 393 2799 eis
414 2741 477 2801 ⁸:
511 2758 546 2797 c
573 2734 777 2818 Caput
805 2736 1100 2818 aspidum
1142 2743 1374 2818 suget,
1402 2741 1468 2803 et
1508 2738 1746 2804 occidet

233 2858 353 2905 eum
381 2842 609 2925 lingua
631 2844 894 2927 viperae.
925 2866 957 2904 n

296 2947 489 3016 Tertio
561 2951 1010 3017 vehementem
1075 2953 1483 3020 acerbitatem
1547 2954 1747 3037 hujus

231 3055 473 3124 dolorosi
532 3058 826 3142 supplicii
868 3059 1138 3125 ostendit
1191 3062 1486 3126 atrocitas
1542 3062 1749 3127 amari

229 3165 497 3249 supplicii
549 3166 839 3231 celeriter
883 3167 1275 3249 perimentis.
1324 3167 1521 3234 Valde
1571 3169 1746 3235 enim

231 3273 457 3338 undele
483 3278 550 3339 et
573 3291 872 3338 amarum
898 3275 1021 3340 fuit
1045 3276 1452 3358 supplicium,
1474 3296 1551 3343 eo
1575 3277 1747 3361 quod

228 3378 288 3442 in
329 3398 401 3446 eo
451 3380 684 3447 babuit
721 3382 1161 3447 membrorum
1200 3382 1660 3450 denudationes
1676 3388 1749 3449 et

230 3488 641 3568 extensiones,
681 3488 903 3554 dolens
940 3489 1008 3552 in
1049 3490 1241 3567 omni,
1262 3494 1442 3574 parte
1469 3492 1570 3558 sui
1611 3493 1746 3558 sine

228 3593 346 3657 ulla
368 3595 773 3661 miseratione
795 3617 814 3674 ;
845 3594 1175 3661 clavorum
1203 3599 1653 3680 perforationes
1678 3601 1747 3665 in
1766 3630 1792 3657 s

229 3703 478 3783 pedibus
517 3707 579 3768 et
622 3703 961 3782 manibus,
988 3705 1234 3787 patiens
1259 3707 1329 3771 in
1368 3707 1546 3772 omni
1589 3708 1748 3774 hora

229 3809 355 3875 sine
391 3809 792 3893 requietione
830 3833 846 3874 ι
902 3813 1203 3894 tanquam
1251 3812 1426 3877 enim
1467 3815 1748 3881 carnifex

229 3917 319 3981 sui
361 3916 566 4001 ipsius
585 3967 603 3998 ‚
643 3918 700 3982 si
740 3918 1040 4001 parcebat
1081 3918 1347 4002 pedibus
1363 3968 1382 4000 ,
1424 3922 1749 3987 cruciabat

229 4040 479 4105 manus3
529 4028 593 4090 et
617 4026 672 4089 si
717 4026 1018 4108 parcebat
1059 4026 1356 4092 manibus
1377 4074 1399 4107 ,
1429 4029 1750 4094 cruciabat

227 4131 420 4213 pedes.
453 4131 632 4198 Unde
671 4133 827 4215 quia
859 4132 1145 4198 maxima
1177 4137 1313 4198 erat
1352 4133 1442 4198 ibi
1467 4133 1749 4201 collectio

229 4255 589 4319 nervorum,
616 4240 761 4305 ideo
788 4240 1073 4305 maxima
1098 4244 1234 4305 erat
1258 4240 1511 4308 afflictio
1537 4260 1750 4326 poeua-

233 4363 402 4412 rum:
432 4352 500 4413 et
536 4346 692 4430 quia
715 4348 1001 4412 maxima
1029 4349 1099 4412 in
1125 4346 1489 4416 collectione
1516 4368 1750 4417 nervo-

230 4470 363 4518 rum
396 4455 665 4537 vigebat
689 4455 1026 4535 vivacitas,
1058 4456 1340 4521 maxima
1363 4458 1749 4525 sentiebatur

230 4562 584 4641 poenalitas:
624 4563 816 4645 cujus
842 4562 1267 4628 immensitate
1305 4566 1660 4631 acerbitatis
1686 4569 1752 4631 et

229 4670 632 4750 poenalitatis,
687 4669 977 4736 celeriter
1028 4670 1244 4736 anima
1292 4672 1414 4738 fuit
1459 4673 1661 4739 divisa
1710 4692 1752 4739 a

232 4795 429 4844 carne.
454 4779 622 4845 Ante
646 4770 1029 4859 enim'obiit,
1059 4797 1256 4862 quam
1282 4780 1416 4860 alii,
1446 4781 1560 4864 qui
1595 4799 1748 4846 cum

233 4902 299 4949 eo
326 4889 528 4952 erant.
565 4885 644 4952 Et
676 4903 827 4951 cum
856 4902 1192 4967 percussus
1216 4891 1379 4953 esset
1416 4887 1485 4951 in
1528 4887 1747 4971 latere,

235 4991 464 5057 ratione
534 4991 1003 5059 acceleratiouis
1018 5040 1037 5072 ,
1090 4993 1289 5059 exivit
1348 4997 1621 5077 sanguis
1688 5002 1751 5063 et

234 5116 409 5181 aqua.
435 5098 534 5165 Ex
556 5118 690 5184 quo
719 5102 987 5183 apparet
1008 5099 1180 5183 quod
1203 5100 1414 5167 adhuc
1437 5105 1752 5186 sanguine

237 5206 531 5272 existente
555 5207 622 5272 in
649 5205 841 5272 corde
857 5252 882 5285 ,
910 5206 1025 5270 ubi
1052 5210 1147 5272 est
1186 5208 1326 5273 fons
1356 5210 1548 5292 vitae,
1591 5212 1753 5277 facta

239 5317 327 5377 est
349 5314 654 5398 separatio
681 5313 917 5379 animae
946 5332 987 5378 a
1024 5332 1305 5398 corpore.
1335 5316 1403 5381 Si
1437 5317 1610 5383 enim
1637 5338 1750 5385 na-

295 5477 312 5509 ¹
342 5481 504 5539 sm,
529 5487 581 5541 1,
606 5478 689 5528 32.
707 5500 772 5513 -
798 5476 821 5509 ⁸
839 5472 948 5537 Iob,
980 5486 1072 5538 xx,
1100 5477 1178 5527 ¹6.
1209 5500 1271 5513 —
1304 5475 1473 5541 ⁸Act.,
1504 5489 1559 5542 1,
1586 5480 1665 5531 39.
1692 5503 1755 5517 -

253 5547 268 5576 ⁸
289 5545 432 5598 Eune
457 5551 516 5600 et
539 5561 645 5616 seq.
675 5560 837 5616 usque
863 5546 929 5602 ad
954 5559 1112 5600 serm.
1141 5558 1193 5614 1,
1220 5546 1500 5620 inclusive,
1525 5551 1676 5604 Dom.
1706 5556 1751 5603 1.

3262 565 3380 627 133

1849 690 2139 756 turaliter
2171 690 2386 757 anima
2405 695 2662 776 appetat
2680 693 2971 760 habitare
2998 694 3070 760 in
3093 713 3379 779 corpore,

1844 797 2152 880 quamdiu
2179 799 2449 881 sanguis
2460 800 2740 866 abundat
2762 802 2831 866 in
2851 800 3169 867 domicilio
3195 802 3345 868 vitae
3357 825 3377 881 ;

1844 920 2003 985 ergo
2043 904 2280 987 absque
2319 906 2602 971 maximo
2626 906 2845 972 dolore
2881 908 2962 972 de
3001 910 3136 972 tam
3162 910 3382 991 aperto

1845 1010 2161 1077 domicilio
2201 1012 2353 1077 vitae
2392 1013 2580 1079 avelli
2623 1032 2758 1080 non
2794 1014 3023 1098 potuit.
3063 1013 3162 1080 Ad
3196 1016 3383 1098 quus

1845 1118 2229 1202 poeualitatis
2275 1121 2747 1204 expressionem
2802 1141 2952 1187 cum
3000 1121 3384 1187 clamoribus

1845 1224 2075 1290 validis
2102 1225 2312 1291 emisit
2350 1227 2665 1310 spiritum.
2690 1228 2770 1294 Et
2794 1229 2873 1293 de
2909 1229 3033 1294 hoc
3064 1228 3298 1294 dicitur
3315 1230 3378 1293 ⁸:

1854 1355 1886 1394 α
1902 1332 2028 1397 Nos
2055 1335 2242 1399 testes
2264 1352 2493 1400 sumus
2519 1337 2833 1417 omnium,
2863 1355 3010 1420 quae
3031 1336 3178 1401 fecit
3200 1335 3385 1401 Jesus

1845 1439 1914 1503 in
1936 1441 2204 1522 regione
2239 1441 2611 1507 ‚ludaeorum
2626 1490 2650 1522 ,
2678 1447 2745 1507 et
2783 1461 2978 1527 quem
3013 1443 3382 1508 occiderunt

1843 1545 1877 1612 J
1881 1547 2050 1613 udaei
2080 1548 2150 1611 in
2171 1546 2524 1613 Jerusalem
2554 1550 3005 1632 suspendentes
3045 1550 3114 1615 in
3143 1550 3326 1632 ligno
3342 1572 3375 1610 n

1845 1653 2090 1719 crucis:
2127 1655 2198 1718 in
2237 1673 2366 1738 quo
2394 1673 2522 1720 nou
2549 1656 2776 1722 habuit
2797 1705 2816 1736 ,
2849 1657 3092 1723 ratione
3117 1658 3379 1722 arctitu-

1844 1761 2012 1827 dinis
2030 1809 2050 1839 ,
2087 1762 2200 1826 ubi
2242 1766 2434 1845 caput
2468 1781 2661 1828 suum
2708 1763 3075 1842 inclinaret,
3117 1777 3235 1830 nec
3267 1764 3386 1829 ubi

1847 1870 2140 1934 membra
2164 1870 2446 1954 corporis
2473 1871 2875 1955 appodiaret:
2907 1872 3051 1938 ideo
3093 1872 3385 1956 aliquan-

1847 1975 1929 2041 do
1948 1977 2326 2060 appodiabat
2351 1996 2419 2044 se
2440 1979 2520 2044 ad
2538 1978 2752 2044 clavos
2764 1980 3025 2063 pedum,
3042 1981 3386 2065 aliquando

1848 2085 1929 2149 ad
1957 2084 2170 2151 clavos
2203 2105 2551 2152 manuum:
2595 2092 2661 2153 et
2685 2088 2827 2154 ideo
2859 2089 3040 2154 omni
3065 2089 3224 2155 hora
3249 2090 3386 2154 siue

1845 2193 2328 2277 interpolatione
2382 2195 2941 2262 vehementissime
2992 2197 3380 2282 patiebatur.

1850 2300 2177 2383 Rogemus
2201 2320 2387 2385 ergo,
2428 2308 2551 2369 etc.

2381 2481 2671 2554 SERMO
2714 2484 2777 2553 11
2805 2494 2852 2553 ⁸.

1937 2623 2249 2693 Tradetur
2289 2626 2584 2708 omuibus
2621 2632 2682 2695 et
2711 2627 3048 2709 illudetur,
3077 2633 3140 2697 et
3172 2630 3389 2713 flavel-
3462 2685 3467 2692 .

1851 2728 2116 2811 labitur,
2148 2737 2209 2798 et
2233 2739 2612 2815 conspuetur
2638 2737 2684 2798 ⁸.
2708 2733 2884 2799 Talia
2908 2753 3134 2819 passus
3157 2740 3251 2801 est
3266 2736 3388 2802 Do-

1851 2838 2067 2903 minus
2118 2843 2462 2923 antequam
2516 2841 2906 2907 occideretur
2959 2843 3387 2926 corporaliter,

1849 2945 2406 3029 quietaliapatitur
2418 2948 2633 3012 anima
2643 2950 3199 3032 utpostoccidatur
3210 2952 3392 3036 spiri·

1855 3053 2136 3119 tualiter.
2162 3053 2460 3119 Traditur
2488 3055 2664 3120 enim
2681 3074 2717 3120 a
2748 3055 2997 3122 diabolo
3022 3060 3389 3141 suggestio·

1853 3160 2044 3226 nibus
2063 3210 2084 3241 ,
2111 3161 2400 3226 illuditur
2441 3162 2965 3247 prosperitatibus
2983 3212 3002 3245 ,
3030 3165 3392 3249 flagellatur

1852 3268 2346 3336 adversitatibus
2362 3317 2385 3348 ,
2433 3269 2809 3353 conspuitur
2847 3270 3388 3341 delectationibus.

1930 3376 2018 3442 De
2055 3377 2261 3459 primo
2307 3375 2716 3441 Psalmista‘:
2757 3376 3097 3444 «Traditus
3116 3398 3291 3462 sum,
3330 3386 3396 3448 et

1855 3500 1989 3549 non
2036 3484 2428 3568 egrediebar.
2450 3504 2482 3542 n
2515 3483 2693 3549 Sicut
2732 3485 2908 3549 euim
2947 3487 3062 3569 qui
3101 3488 3393 3556 traditio-

1852 3610 2005 3658 nem
2033 3594 2236 3672 timet,
2270 3610 2399 3658 non
2422 3591 2615 3657 audet
2639 3591 2868 3674 egredi
2887 3597 3167 3664 castrum
3196 3599 3261 3661 et
3284 3595 3396 3663 do-

1853 3717 2036 3766 mum
2048 3723 2066 3780 ;
2094 3700 2185 3765 sic
2211 3700 2426 3765 anima
2450 3700 2746 3765 timorata
2771 3718 2903 3766 non
2928 3701 3196 3769 libenter
3213 3721 3395 3787 egre-

1852 3808 2025 3875 ditur
2059 3808 2138 3873 de
2180 3807 2391 3892 prima
2427 3807 2747 3874 custodia:
2787 3808 3180 3891 periculosus
3221 3812 3394 3877 enim

1854 3922 1950 3981 est
1978 3917 2100 3981 iste
2126 3933 2426 3998 egressus
2445 3914 2500 3979 ⁷:
2541 3938 2573 3977 α
2591 3913 2864 3998 Egressa
2898 3920 2992 3981 est
3028 3921 3246 3983 autem
3283 3918 3393 3983 Di-

1853 4042 1962 4103 na,
1980 4045 2014 4084 n
2048 4027 2170 4088 etc.
2197 4021 2496 4087 Traditur
2518 4023 2696 4088 enim
2720 4024 2936 4089 anima
2955 4026 3394 4108 suggestioni·

1853 4132 1974 4197 bus
1999 4130 2187 4196 malis
2210 4130 2596 4215 quandoque
2622 4148 2737 4215 per
2761 4148 3071 4212 amorem,
3099 4133 3389 4217 quando-

1853 4257 1983 4324 que
2021 4256 2139 4321 per
2162 4238 2495 4318 rationem,
2526 4238 2910 4323 quandoque
2943 4257 3057 4324 per
3080 4239 3390 4307 favorem.

1854 4345 2245 4429 Quandoque
2282 4345 2574 4411 diabolus
2611 4349 2909 4429 suggerit
2935 4346 3182 4412 homini
3220 4351 3393 4414 tem-

1855 4452 2173 4537 poralium
2190 4445 2784 4534 concupiscentiam,
2805 4454 3247 4536 proximorum
3266 4455 3395 4521 dis-

1853 4559 2212 4643 plicentiam
2229 4607 2249 4640 ,
2289 4560 2614 4643 propriam
2657 4559 3198 4644 complacentiam.
3246 4561 3393 4628 Ideo

1856 4667 2141 4732 Christus
2167 4670 2240 4733 ut
2279 4668 2402 4732 hoc
2426 4670 2783 4746 amoveret,
2813 4673 2889 4733 ut
2913 4687 3031 4752 pro
3067 4669 3170 4735 his
3208 4671 3390 4735 satis-

1854 4775 2109 4855 faceret,
2137 4774 2274 4857 ipse
2297 4773 2571 4839 traditur
2596 4792 2637 4838 a
2661 4773 2847 4855 Juda,
2875 4793 2917 4840 a
2940 4776 3388 4856 sacerdotibus,

1855 4906 1895 4951 a
1923 4887 2147 4953 Pilato.
2176 4885 2410 4952 AJuda
2435 4890 2691 4970 propter
2719 4887 3137 4953 avaritiam⁸:
3178 4912 3209 4951 α
3228 4885 3394 4966 Quid

1856 4994 2054 5061 vultis
2079 4994 2238 5058 mihi
2263 4994 2438 5074 dare,
2457 4996 2523 5058 et
2539 5011 2666 5075 ego
2680 5012 2833 5060 eum
2849 4995 3034 5061 vobis
3057 4996 3385 5063 tradam‘h

1856 5100 2152 5167 Traditus
2179 5104 2273 5166 est
2293 5118 2412 5184 pro
2442 5100 2719 5165 denariis
2742 5102 3001 5167 inimico
3016 5151 3036 5184 ,
3065 5108 3245 5170 netu
3269 5109 3396 5171 tra-

1857 5209 2028 5274 daris
2052 5224 2170 5291 pro
2190 5206 2464 5271 denariis
2487 5205 2759 5271 diabolo.
2795 5205 2955 5273 ltem
2986 5226 3028 5273 a
3051 5213 3393 5281 sacerdoti-

1859 5479 2045 5543 um„
2084 5488 2243 5538 nm,
2281 5476 2359 5527 aa.
2395 5500 2457 5513 -
2495 5475 2516 5506 ⁸
2549 5472 2688 5526 Ptol.
2726 5485 2970 5539 nmvn,
3002 5480 3054 5531 9.
3087 5506 3149 5520 -
3192 5483 3211 5515 ²
3247 5482 3394 5551 Gen..

1863 5561 2046 5616 xxxw,
2072 5552 2099 5601 1
2130 5552 2183 5600 et
2211 5560 2321 5620 seq.
2357 5572 2412 5584 -
2447 5545 2472 5584 ⁸
2495 5545 2704 5611 natm..
2729 5557 2877 5615 xxvi,
2910 5550 2992 5608 15.
