4059 6317
683 439 808 507 254

683 577 788 639 cst
828 574 1046 641 mium
1089 573 1441 651 aecusator,
1489 591 1522 631 n
1574 571 1698 635 etc.
1743 567 2097 649 Gregorius
2137 567 2156 603 ²
2201 586 2219 631 ε

697 702 729 740 ιι
753 677 1116 761 Malignitas
1152 676 1411 762 spiritus
1447 675 1849 760 cogitationi,
1884 674 2224 752 locutioni,

685 792 880 871 atque
897 786 1075 870 operi
1097 789 1316 853 nostro
1342 785 1578 851 insistit
1599 785 1965 869 frequenter
1988 804 2004 847 ε
2031 781 2088 847 si
2109 782 2231 847 for·

687 896 853 958 tasse
884 893 1038 977 quid
1060 893 1349 960 inveniat
1370 892 1544 977 apud
1569 910 1844 959 examen
1868 889 2094 957 aeterni
2114 889 2227 971 ju-

1778 427 2199 501 SERMONES
2242 428 2345 497 DE
2384 430 2779 502 TEMPORE.

2901 645 3191 719 SERMO
3235 650 3317 720 11.

2339 818 2345 824 ·
2418 784 2725 869 Princeps
2741 784 2970 851 mundi
2984 784 3179 866 1⁸qu
3188 783 3334 866 jam
3342 785 3688 868 judicatus
3702 796 3799 856 est
3815 790 3881 854 ¹0.

2339 892 2636 978 Princeps
2661 898 2908 959 amator
2931 893 3160 959 mundi
3183 892 3470 959 diabolus
3496 900 3615 975 est,
3638 897 3764 962 snb
3786 916 3889 963 cu-

688 1001 865 1080 dicis,
896 1005 1227 1066 accusator
1248 1000 1483 1066 existit.
1511 1021 1542 1060 n
1572 998 1734 1065 Item
1759 998 1830 1063 in
1848 1016 1962 1063 ore
1986 996 2228 1076 divino,
2330 1002 2443 1083 jus
2469 1002 2827 1084 principatu
2878 1005 3038 1066 sunt
3066 1019 3293 1068 omnes
3321 1002 3554 1086 iniqui.
3600 1003 3725 1081 Qui
3748 1006 3887 1087 qui·

690 1107 926 1173 scilicet
950 1108 1179 1172 Christi
1203 1107 1476 1191 judici03
1508 1106 1578 1171 in
1605 1106 1946 1172 canonica’
1970 1126 1988 1169 z
2013 1127 2047 1166 α
2074 1103 2233 1169 Ecce

691 1215 906 1280 veniet
933 1213 1241 1281 Dominus
1276 1214 1347 1279 in
1387 1213 1621 1279 sanctis
1657 1211 1942 1278 millibus
1977 1210 2114 1275 suis
2139 1210 2236 1274 fa-

687 1340 835 1388 cere
847 1321 1164 1405 judicium
1194 1326 1415 1387 contra
1437 1338 1682 1401 omnes,
1713 1322 1779 1384 et
1801 1334 2078 1401 arguere
2102 1335 2236 1383 om·

692 1449 808 1496 nes
831 1429 1063 1513 impios
1087 1429 1168 1494 de
1194 1429 1495 1512 operibus
1533 1425 1888 1511 iniquitatis
1913 1442 2164 1503 eorum,
2193 1446 2226 1485 n

694 1543 815 1604 etc.
854 1537 1015 1603 Ecce
1055 1541 1231 1621 patet
1270 1536 1443 1620 quod
1487 1537 1555 1599 in
1592 1534 1835 1617 judicio
1874 1534 2243 1614 arguentur

696 1644 875 1728 impii
896 1643 974 1709 de
1001 1643 1199 1727 impia
1225 1641 1593 1727 operatione
1614 1642 1722 1723 (a).
1754 1639 1914 1704 Item
1938 1638 2018 1704 de
2038 1636 2240 1720 impia

695 1751 1041 1831 locutione3
1072 1750 1243 1816 unde
1286 1750 1576 1834 sequitur
1603 1750 1627 1786 ⁸
1658 1770 1674 1813 ε
1723 1770 1755 1811 α
1797 1745 1878 1812 Et
1913 1746 1992 1809 de
2033 1744 2241 1809 omni·

696 1860 843 1939 bus,
870 1877 1017 1944 quae
1037 1859 1234 1925 locuti
1260 1862 1434 1925 sunt.
1464 1878 1497 1917 n
1532 1856 1690 1922 Item
1717 1855 1797 1920 de
1825 1853 2025 1937 impia
2051 1850 2239 1934 cogi-

697 1969 932 2034 tatione
959 1970 983 2007 *
1015 1989 1031 2032 ε
1071 1990 1103 2031 α
1139 1966 1301 2045 Quid
1343 1965 1621 2049 nequius
1652 1981 1730 2029 eo
1774 1961 1879 2046 (b),
1923 1960 2095 2044 quod
2126 1977 2242 2025 ex-

698 2074 939 2157 cogitat
976 2093 1124 2141 caro
1161 2079 1225 2141 et
1258 2072 1572 2155 sanguis?
1619 2070 1698 2137 Et
1737 2088 1819 2135 ex
1866 2068 1942 2152 (c)
1978 2068 2103 2133 hoc
2134 2084 2239 2131 ar·

699 2188 958 2264 guetur.
991 2205 1022 2244 ι»

780 2289 1100 2371 Arguitur
1138 2289 1330 2356 etiam
1359 2292 1689 2372 peccatum
1727 2303 1921 2369 opere
1947 2283 2241 2369 quadru-

701 2396 873 2481 plici,
901 2399 1194 2464 videlicet
1223 2419 1239 2464 :
1287 2415 1480 2481 opere
1505 2393 1917 2462 correctionis
1944 2392 2018 2457 in
2046 2410 2238 2457 mun·

700 2505 783 2571 do
806 2507 828 2542 ⁸
860 2528 876 2571 :
916 2530 948 2568 α
975 2505 1095 2572 Fili
1123 2506 1243 2587 mi,
1285 2505 1417 2571 noli
1460 2505 1799 2586 negligere
1842 2500 2244 2584 disciplinam

702 2612 976 2692 Domini,
1005 2630 1215 2697 neque
1241 2612 1561 2695 fatiger-ie,
1596 2612 1754 2677 dum
1786 2610 1869 2674 ab
1903 2625 1981 2674 eo
2007 2624 2243 2689 argue-

704 2721 813 2785 ris.
845 2720 1025 2786 Certe
1048 2738 1180 2785 non
1219 2720 1410 2787 debes
1449 2717 1728 2800 fatigari,
1778 2715 1931 2799 quia
1974 2715 2244 2796 signum

702 2833 798 2897 est
822 2829 1058 2894 divinas
1084 2827 1434 2893 dilectionis
1464 2826 1487 2862 ⁶
1536 2848 1553 2889 ι
1592 2847 1626 2886 α
1666 2822 1806 2904 Ego
1850 2837 2014 2905 quos
2058 2837 2241 2898 amo,

702 2956 910 3019 arguo
925 2941 992 3001 et
1004 2936 1272 3018 castigo.
1302 2957 1333 2996 n
1356 2933 1752 3016 Augustinus
1772 2930 1796 2968 '¹
1829 2952 1845 2996 ε
1872 2953 1904 2992 α
1922 2928 1991 2995 Si
2021 2946 2247 3011 excep-

703 3050 811 3111 tus
836 3064 905 3112 es
931 3063 971 3109 a
996 3043 1285 3128 passione
1311 3041 1717 3125 flagellorum
1730 3086 1754 3119 ,
1782 3041 2182 3123 exoepmses
2206 3053 2248 3100 a

703 3169 975 3218 numero
1027 3151 1334 3216 filiorum.
1391 3170 1422 3209 n
1484 3147 1642 3213 ltem
1691 3162 1888 3228 opere
1935 3142 2247 3225 passionis

706 3257 936 3324 Christi
982 3259 1053 3323 in
1103 3257 1388 3341 patibulo
1441 3275 1461 3322 ε
1515 3272 1649 3320 non
1701 3255 1797 3317 est
1848 3250 2076 3334 utique
2129 3249 2246 3332 qui

705 3370 1053 3449 utrumque
1078 3363 1288 3430 valeat
1312 3379 1613 3445 arguere,
1642 3363 1706 3426 et
1729 3362 1978 3443 {ponere
2016 3374 2249 3422 manus

704 3476 776 3543 in
801 3474 1135 3553 ambobus,
1169 3473 1335 3537 sicut
1354 3470 1511 3536 olim
1536 3467 2047 3551 conquerebatur
2065 3464 2244 3543 Job⁸3

709 3582 820 3648 sed
848 3586 1017 3646 certe
1040 3582 1259 3663 postea
1286 3577 1567 3643 Christus
1590 3575 1659 3639 in
1682 3575 1972 3658 passione
1994 3590 2116 3639 sua
2142 3590 2246 3638 sa-

709 3688 1074 3755 tisfaciendo
1094 3684 1311 3769 arguit
1330 3688 1701 3766 utrumque,
1717 3681 1950 3747 scilicet
1963 3698 2246 3764 poenam,

563 3882 572 3893 .
708 3803 773 3864 et
793 3797 1081 3882 culpam,
1127 3801 1188 3861 et
1229 3811 1498 3859 manum
1531 3792 1875 3869 ambobus,
1918 3789 2157 3854 scilicet
2180 3789 2251 3854 in

715 3908 964 3973 Patrem
996 3922 1230 3981 suum,
1259 3900 1416 3967 etin
1442 3899 1773 3965 hominem
1799 3897 2000 3977 misit,
2025 3897 2251 3963 ambos

715 4011 1199 4081 reconciliando.
1230 4008 1344 4076 Vel
1370 4014 1707 4090 utrumque
1734 4007 1979 4089 arquic,
2013 4004 2253 4069 scilicet

713 4121 1036 4189 diabolum
1066 4123 1131 4184 et
1154 4117 1487 4183 hominem
1517 4133 1536 4181 :
1565 4112 1910 4193 diabolum,
1940 4117 2251 4195 tanquam

713 4230 1141 4313 deceptorem;
1173 4225 1526 4303 hominem,
1555 4226 1862 4304 tanquam
1888 4224 2253 4301 transgres-

714 4355 955 4416 sorem;
990 4341 1049 4402 et
1075 4348 1337 4400 manum
1362 4332 1438 4398 in
1464 4328 1760 4397 ambobus
1798 4328 2001 4405 misit,
2035 4326 2251 4392 diabo-

715 4447 851 4511 lum
906 4441 1187 4507 t'eriendo
1209 4488 1227 4517 ,
1286 4438 1614 4503 hominem
1677 4432 2023 4517 eripiendo.
2092 4432 2253 4498 Item

716 4570 907 4636 opero
938 4542 1380 4624 damnationis,
1410 4548 1485 4608 ut
1511 4543 1583 4606 in
1601 4541 1888 4619 inferno;
1925 4540 2079 4605 item
2109 4556 2248 4604 cor-

718 4657 1014 4725 rectionis
1041 4658 1110 4719 in
1150 4650 1547 4738 purgatorio.
1592 4649 1680 4714 De
1708 4652 1980 4731 utroque
2022 4646 2255 4712 dicitur

717 4766 789 4832 in
818 4765 1069 4831 Psalmo
1092 4763 1117 4798 ⁹
1146 4784 1164 4826 ε
1203 4784 1234 4822 α
1261 4760 1548 4835 Domine,
1579 4774 1663 4821 ne
1691 4755 1758 4820 in
1776 4754 1990 4819 surore
2015 4756 2130 4819 tuo
2151 4772 2252 4818 ar·

721 4892 890 4956 guas
921 4890 1052 4949 me,
1100 4891 1134 4930 n
1168 4867 1403 4932 scilicet
1444 4865 1514 4929 in
1557 4863 1837 4941 infern0,
1876 4884 1907 4924 c
1950 4878 2161 4945 neque
2186 4862 2256 4927 in

719 4980 817 5043 ira
839 4982 953 5044 tua
977 4975 1285 5059 corripias
1311 4992 1438 5053 me,
1467 4994 1498 5033 n
1536 4972 1602 5034 in
1628 4969 2027 5054 purgatorio.

785 5143 797 5172 ¹
829 5142 1064 5205 Gregor„
1092 5136 1318 5202 Dialoq„
1341 5134 1433 5185 lib.
1464 5134 1553 5198 lli,
1580 5147 1626 5186 c.
1657 5142 1768 5183 xlx.
1788 5157 1849 5169 —
1874 5131 1898 5166 ²
1920 5127 2057 5191 Iud„
2084 5132 2166 5180 15.
2194 5155 2256 5169 —·

718 5213 742 5250 ⁸
780 5212 906 5263 ibid.
944 5238 1007 5250 —
1041 5211 1065 5248 ὅ
1100 5208 1280 5269 Βοσιί..
1319 5218 1461 5271 xvu,
1500 5207 1580 5257 30.
1611 5231 1676 5243 -
1713 5204 1736 5240 ⁸
1770 5200 1940 5263 Helm,
1973 5214 2080 5262 111,
2113 5204 2162 5253 5.
2193 5229 2257 5241 —

720 5285 743 5321 θ
769 5287 938 5348 Αροσ.,
967 5294 1056 5343 ιη,
1084 5284 1164 5333 ¹9.
1193 5308 1256 5320 —
1282 5281 1299 5312 ²
1326 5282 1481 5344 Aug„
1512 5291 1670 5329 serm.
1697 5286 1841 5335 ΗΜ,
1877 5274 1943 5324 al.
1971 5273 2035 5323 dc
2072 5273 2259 5338 remp„

719 5367 872 5419 axv,
911 5369 966 5407 n.
1004 5359 1086 5408 lt.
1117 5380 1178 5392 —
1217 5354 1237 5384 ⁸
1270 5350 1388 5418 10⁶,
1429 5363 1513 5412 lx,
1554 5353 1636 5402 ¹5.
1677 5374 1733 5386 -
1774 5348 1795 5379 ⁹
1828 5344 1967 5399 Psal.
2003 5348 2166 5408 v1,t.
2193 5368 2258 5386 ·-

721 5427 766 5463 ¹⁰
791 5427 955 5491 doun„
986 5438 1101 5491 xvi,
1139 5430 1214 5477 tt.
1239 5451 1301 5464 —
1337 5426 1367 5457 ¹¹
1395 5425 1600 5486 levent„
1635 5433 1720 5485 vt,
1746 5422 1826 5472 28.
1854 5443 1916 5456 -
1950 5417 1984 5449 ¹²
2020 5420 2257 5482 Gregor„

2339 1109 2486 1175 dem
2507 1111 2644 1190 jam
2682 1109 3016 1190 judicatus
3053 1114 3180 1188 est3
3232 1114 3296 1173 et
3341 1112 3556 1175 tamen
3606 1112 3890 1194 quotidie

2339 1222 2663 1300 operatur,
2689 1216 2863 1280 unde
2904 1215 3172 1297 gravius
3204 1217 3548 1299 judicetur.
3582 1217 3745 1284 Cum
3773 1238 3889 1285 an·
3918 1227 4059 1299 Prineq

2342 1328 2471 1388 tem
2500 1324 2793 1406 princeps
2816 1323 3040 1390 debeat
3077 1341 3216 1388 esse
3259 1323 3493 1404 fidelis,
3550 1327 3888 1408 pacificus,
3941 1290 4059 1395 ffl

2342 1428 2641 1510 clemens,
2657 1431 2909 1513 justus,
2932 1430 3229 1514 princeps
3248 1432 3657 1498 tenebrarum
3681 1436 3891 1498 totum

2342 1538 2735 1602 contrarium
2763 1536 2978 1603 habet.
3021 1535 3677 1604 Fraudulentissimus
3702 1542 3896 1605 estin

2346 1644 2787 1726 promissione,
2834 1644 3351 1727 inquietissimus
3389 1646 3461 1711 in
3503 1647 3894 1728 tentatione,

2346 1751 2823 1816 crudelissimus
2846 1751 2915 1816 in
2944 1751 3322 1836 perditione,
3346 1753 3811 1836 injustissimus
3827 1757 3897 1820 in

2346 1857 2786 1923 retributione.

2429 1964 2515 2029 De
2543 1965 2753 2048 primo
2778 1966 2819 2002 ¹¹
2852 1985 2870 2030 ι
2907 1965 3188 2032 «Omnes
3209 1967 3313 2031 isti
3342 1967 3662 2051 principes
3693 1968 3904 2034 decli-

2348 2077 2505 2137 nant
2530 2072 2931 2137 ambulantes
2962 2073 3413 2156 fraudulenter,
3461 2097 3494 2135 n
3531 2080 3653 2140 etc.
3704 2074 3903 2140 Prin-

2350 2180 2520 2263 cipes
2537 2179 2640 2244 isti
2660 2196 2736 2245 su
2744 2184 2813 2244 nt
2830 2180 3172 2257 daemones,
3193 2180 3306 2264 qui
3329 2200 3482 2247 vere
3499 2183 3905 2249 fraudulenti

2351 2292 2502 2351 sunt
2531 2305 2548 2351 z
2580 2287 3008 2368 promittendo
3034 2286 3210 2351 enim
3240 2287 3617 2371 dignitates,
3658 2291 3902 2373 volup-

2351 2396 2532 2469 tates,
2563 2394 2838 2472 divitias,
2868 2393 3133 2475 longam
3159 2395 3381 2475 vitam,
3411 2396 3671 2462 finalem
3704 2398 3908 2480 poeni-

2352 2501 2653 2578 tentiam,
2706 2500 2942 2565 multos
2983 2501 3335 2584 decipiunt.
3391 2501 3744 2586 Gregorius
3790 2505 3841 2544 ¹¹
3885 2524 3903 2570 ε

2361 2631 2393 2669 α
2442 2606 2740 2672 Diabolus
2789 2594 2977 2674 modo
3024 2609 3301 2673 aliorum
3348 2610 3513 2674 facta
3555 2612 3903 2693 graviora,

2353 2716 2544 2780 modo
2570 2713 2734 2779 nihil
2751 2732 2888 2779 esse
2914 2715 3083 2798 quod
3103 2720 3538 2799 perpetratum
3556 2721 3676 2797 est,
3708 2720 3911 2784 modo

2355 2822 2825 2888 misericordem
2854 2822 3057 2889 Deum
3099 2823 3407 2907 loquitur,
3439 2824 3631 2890 modo
3680 2826 3909 2892 subse-

2354 2950 2558 3015 quens
2601 2937 2857 3015 tempus
2902 2932 2983 2997 ad
3035 2932 3477 3015 poenitentiam
3521 2933 3907 3017 pollicetur,

2353 3045 2428 3104 ut
2458 3039 2555 3122 (d)
2584 3057 2697 3123 per
2726 3039 2849 3105 hoc
2874 3040 3134 3124 decepta
3171 3059 3352 3105 mens
3390 3041 3747 3107 abducatur
3794 3048 3907 3123 (e),

2355 3148 2437 3212 ab
2466 3148 2814 3213 intentione
2844 3149 3235 3230 poenitentiae
3277 3153 3341 3213 et
3372 3149 3450 3232 (f)
3490 3173 3522 3212 α
3549 3152 3910 3234 suspenda-

2355 3259 2487 3319 tur.
2501 3275 2532 3315 n
2547 3254 2626 3316 ¹⁸«
2637 3255 2910 3319 Consilia
2922 3255 3268 3337 impiorum
3282 3255 3717 3337 fraudulenta,
3734 3278 3767 3318 ι
3783 3260 3908 3323 etc.

2358 3361 2407 3428 Ο
2435 3365 2678 3446 quanta
2719 3362 3175 3428 fraudulentia!
3224 3364 3383 3427 Cum
3420 3364 3712 3428 maxime
3749 3366 3914 3430 arri-

2344 3470 2510 3557 dent
2552 3469 2800 3536 homini
2840 3470 2908 3534 in
2952 3459 3481 3555 prosperitatibus
3495 3520 3513 3552 ,
3561 3477 3639 3537 ut
3688 3473 3915 3539 fallant
3986 3494 3993 3501 ·

2357 3578 2635 3643 lasciviis
2665 3584 2731 3643 et
2749 3577 3159 3658 vanitatibus,
3191 3581 3347 3643 tunc
3371 3578 3655 3644 maxime
3678 3580 3914 3645 timen-

2359 3688 2423 3753 di
2451 3690 2623 3752 sunt.
2653 3687 3009 3770 Cyprianus
3032 3687 3079 3722 ¹⁸
3109 3707 3126 3750 ε
3164 3708 3198 3748 α
3225 3685 3527 3752 Diabolus
3551 3686 3911 3766 blanditur,

2359 3795 2436 3857 ut
2457 3791 2668 3870 fallat3
2702 3791 2966 3869 arridet,
2998 3794 3076 3856 ut
3104 3797 3357 3872 noceat;
3387 3792 3602 3873 allicit,
3638 3798 3715 3858 nt
3747 3794 3916 3859 occi·

2359 3898 2521 3964 dat.»
2540 3899 2674 3966 Hoc
2691 3899 3098 3981 significatur
3116 3900 3185 3965 in
3199 3900 3356 3967 Joab
3381 3901 3674 3985 principe
3692 3903 3761 3982 ¹⁸,
3797 3905 3915 3985 qni

2361 4008 2662 4079 Amasam
2686 4007 3031 4074 osculando
3062 4009 3393 4075 interfecit.
3444 4008 3752 4076 Osculum
3780 4012 3915 4076 dia·

2359 4115 2516 4194 boli,
2542 4114 2700 4180 falsa
2725 4118 3033 4182 securitas
3058 4118 3427 4201 peccatoris.
3456 4117 3791 4184 Libentius
3811 4120 3916 4186 de-

2360 4223 2547 4289 beres
2570 4242 2611 4288 a
2649 4223 2896 4290 Christo
2941 4225 3281 4308 castigari,
3324 4244 3522 4309 quam
3571 4244 3611 4292 a
3656 4227 3914 4294 diabolo

2361 4330 2638 4396 osculari
2676 4331 2721 4369 ¹⁶
2753 4353 2770 4397 t
2808 4355 2841 4394 α
2864 4331 3127 4399 Meliora
3165 4339 3318 4399 sunt
3344 4335 3617 4400 vulnera
3640 4336 3919 4420 diligen·

2362 4438 2481 4519 tis,
2531 4456 2725 4523 quam
2770 4439 3175 4506 iraudulenta
3205 4441 3478 4506 odientis
3520 4443 3761 4508 oscula.
3801 4468 3834 4504 ι
3866 4443 3915 4509 E

2363 4547 2683 4612 contrario
2709 4546 2995 4613 Christus
3020 4547 3315 4631 princeps
3352 4547 3765 4615 fidelissimus
3790 4555 3915 4631 est,

2364 4654 2477 4737 qui
2503 4646 2928 4735 cogitationes
2951 4653 3195 4719 fraudis
3213 4656 3415 4720 nescit
3437 4654 3481 4692 ¹¹
3512 4677 3529 4720 ε
3555 4677 3588 4718 ι
3610 4655 3917 4741 Princeps

2363 4778 2520 4826 vero
2551 4760 2629 4844 (ρ)
2657 4779 2755 4843 ea,
2785 4779 2935 4845 quae
2960 4760 3164 4842 digna
3189 4765 3342 4827 sunt
3366 4761 3688 4847 principe,
3728 4764 3917 4846 cogi-

2364 4868 2548 4934 tabit.
2577 4889 2610 4929 a

2364 5040 2580 5100 Pastor„
2625 5042 2756 5104 part.
2798 5040 2896 5104 111,
2940 5053 2990 5089 c.
3033 5051 3181 5091 xxix.
3224 5066 3279 5076 —
3327 5039 3372 5075 ¹⁸
3409 5042 3580 5101 Pron..
3624 5052 3729 5105 111,
3769 5043 3821 5092 5.
3853 5066 3916 5079 -

2371 5110 2413 5147 ²⁸
2440 5110 2678 5177 cyprian.
2707 5137 2772 5150 —
2801 5111 2842 5149 ¹⁸
2874 5112 2919 5163 11
2948 5111 3086 5177 καφ,
3114 5123 3212 5177 xx,
3240 5113 3293 5163 9.
3323 5137 3386 5152 -
3414 5113 3457 5150 ¹⁸
3487 5113 3655 5177 Pron„
3691 5123 3830 5178 xvn,
3863 5117 3915 5164 6.

2366 5207 2430 5220 ·-
2461 5183 2500 5217 ¹⁷
2530 5184 2651 5246 1800,
2679 5194 2857 5247 xxxa,
2887 5186 2937 5237 ⁸0

2430 5280 2497 5343 (α)
2548 5281 2676 5333 Coee.
2716 5281 2842 5332 edii.
2893 5281 3146 5333 oratione.
3192 5306 3258 5319 —
3304 5280 3380 5346 (ὁ)
3435 5282 3585 5349 Vulq.
3630 5298 3804 5350 quam.
3852 5309 3913 5322 -

2368 5350 2435 5413 (c)
2473 5351 2622 5416 ναῖς.
2648 5366 2744 5403 non
2769 5351 2919 5403 habet
2943 5365 3026 5403 ex.
3050 5377 3114 5391 —
3137 5350 3215 5416 (d)
3245 5351 3421 5417 Suppl.
3452 5353 3589 5405 dum.
3611 5381 3673 5393 —
3700 5356 3762 5420 (e)
3794 5356 3911 5421 [ις.

2368 5421 2589 5474 ducitur.
2608 5449 2672 5462 —
2700 5425 2771 5489 (s)
2802 5423 2914 5476 Del.
2944 5428 3014 5475 et.
3034 5448 3099 5463 --
3124 5424 3200 5489 (9)
3232 5422 3362 5476 Goet.
3387 5423 3517 5476 edit.
3546 5438 3684 5479 vere.
