4059 6317
0 1758 87 1797 >ons

0 1821 124 1923 ζ’ἶξζ
152 1845 415 1924 propter
459 1840 862 1923 splendorem
905 1840 1173 1905 coelestis
1228 1839 1691 1922 intelligentiae.

0 1945 64 1985 ‘⁸
38 1942 128 1986 ⁸¹²¹·
79 1949 334 2048 ¹¹²Unde
365 1948 641 2014 dicitur·
624 1966 691 2012 in
738 1946 1034 2012 Psalmo¹
1067 1967 1085 2013 ι
1130 1970 1161 2009 ι
1203 1947 1396 2028 Audi,
1439 1948 1595 2027 fllia,
1633 1952 1697 2014 et

0 2078 67 2112 ιω·
79 2006 318 2138 ¹¹²vide,
352 2061 418 2122 et
450 2056 686 2120 inclina
714 2072 940 2119 aurem
966 2057 1169 2135 tuam,
1216 2059 1281 2120 et
1322 2056 1696 2121 obliviscere

783 518 1163 587 DOMINIGA
1202 516 1393 586 XXIII
1420 518 1634 586 ‘POST
1676 516 2258 587 PENTEGOSTEN.
2301 519 2567 587 SERMO
2610 520 2717 587 111.

164 650 328 716 saria
351 650 688 717 instructio
714 671 852 719 suae
877 654 1225 720 curationis
1246 674 1400 721 cum
1429 657 1699 740 snbjun-

166 759 380 839 gitur:
410 757 608 827 Fides
635 764 750 828 tua
778 765 836 828 te
860 761 1107 829 salvam
1131 764 1307 844 fecit.

239 866 398 931 Dicit
422 886 584 950 ergo
613 891 630 932 ε
664 869 839 937 Filia
865 890 888 931 .·
917 871 1026 935 nbi
1061 871 1269 954 primo
1309 873 1571 936 notatur
1596 870 1695 936 di-

161 976 311 1041 vina
335 977 622 1058 dignatio
643 979 945 1059 gratuitae
975 979 1365 1062 adoptionis:
1388 981 1698 1061 dignatur

161 1082 331 1148 enim
360 1084 667 1149 Dominus
692 1084 994 1168 adoptare
1033 1086 1384 1169 quamlibet
1415 1087 1696 1151 animam

161 1191 225 1254 in
251 1191 450 1255 filiam
478 1196 737 1275 propter
763 1192 908 1271 tria,
936 1194 1181 1258 ratione
1208 1211 1487 1277 quorum
1505 1194 1698 1258 habet

160 1299 496 1365 assimilari
535 1299 738 1365 beatae
778 1299 1072 1365 Trinitati
1114 1320 1131 1364 ι
1181 1307 1247 1367 et
1287 1302 1569 1385 primum
1605 1306 1699 1367 est

158 1407 455 1491 splendor
509 1408 778 1473 coelestis
824 1408 1019 1473 intelli
1027 1410 1296 1490 gentiae3
1345 1410 1697 1475 secundum

155 1521 251 1580 est
274 1514 466 1579 decor
490 1516 812 1597 castitatiS‚
835 1521 898 1581 et
924 1517 1288 1597 munditiae3
1320 1517 1580 1583 tertium
1600 1522 1699 1582 est

155 1622 350 1687 timor
375 1621 778 1703 humilitatis,
810 1627 874 1688 et
898 1623 1299 1688 reverentiae.

235 1731 457 1797 Primo
516 1731 773 1815 adoptat
831 1730 996 1797 Dens
1053 1731 1336 1796 animam
1381 1730 1451 1795 in
1496 1730 1696 1796 filiam

146 2165 463 2249 populum
489 2168 699 2242 tuum,
721 2165 786 2226 et
806 2162 1069 2227 domum
1098 2163 1296 2245 patris
1313 2164 1430 2241 tui,
1461 2168 1526 2228 et
1546 2182 1695 2228 con-

144 2272 433 2356 cupiscet
459 2270 595 2335 Rex
611 2271 900 2335 decorem
921 2273 1134 2333 tuum.
1155 2289 1187 2328 n
1211 2268 1520 2352 Loquitur
1543 2288 1694 2354 pro-

143 2381 336 2464 pheta
359 2379 433 2444 in
471 2396 744 2462 persona
777 2375 982 2441 Patris
1010 2377 1232 2440 aeterni
1262 2377 1523 2443 cuilibet
1546 2378 1689 2442 ani-

142 2505 269 2551 mae
318 2488 392 2550 in
444 2489 586 2569 ejus
630 2485 893 2549 nomine
936 2482 1248 2563 credenti,
1300 2501 1448 2548 cum
1494 2483 1684 2548 dicit:

138 2594 342 2672 Filia,
372 2613 491 2677 per
525 2593 885 2676 adoptionis
919 2591 1429 2657 benevolentiam
1459 2614 1474 2655 ε
1511 2592 1693 2658 Audi

136 2721 254 2786 per
281 2701 799 2767 mansuetndinis
826 2700 1250 2765 reverentiam
1274 2721 1290 2763 ι
1314 2705 1376 2767 et
1397 2699 1549 2767 vide
1577 2719 1692 2783 per

133 2811 348 2876 cordis
365 2809 858 2892 intelligentiam
888 2831 904 2872 ι
926 2813 987 2875 et
1004 2807 1255 2875 inclina
1270 2823 1492 2874 aurem
1511 2813 1686 2875 tuam

135 2937 253 3002 per
277 2919 497 3002 operis
522 2916 925 2999 diligentiam
957 2936 974 2981 t
1006 2920 1069 2983 et
1093 2898 1459 2982 obliviscere
1481 2931 1685 2999 popu·

133 3026 268 3092 lum
296 3031 511 3104 tuum,
541 3026 737 3105 idest,
768 3023 1050 3089 carnales
1068 3027 1388 3107 parentes,
1413 3025 1690 3090 maxime

132 3134 402 3217 qnando
430 3137 587 3198 sunt
613 3131 682 3197 in
717 3131 826 3198 via
869 3130 980 3197 Dei
1016 3136 1311 3214 parentes
1340 3131 1639 3196 contrarii
1669 3150 1686 3196 ε

127 3247 188 3307 et
215 3238 489 3307 domum
528 3241 744 3321 patris
771 3239 894 3317 tui,
923 3237 1294 3321 temporalis
1321 3238 1685 3321 opulentiae.

125 3345 209 3412 Et
232 3349 498 3426 merito,
530 3348 686 3430 quia
710 3348 833 3411 ista
859 3346 1010 3426 duo,
1039 3347 1274 3412 scilicet
1291 3347 1692 3413 inordinatus

124 3472 318 3520 amor
359 3454 723 3520 carnalium
769 3459 1128 3537 parentum,
1173 3458 1239 3519 et
1284 3455 1690 3520 deordinatus

121 3563 322 3629 ardor
383 3562 843 3646 temporalium
897 3579 1114 3626 rerum
1136 3609 1158 3641 ,
1220 3567 1691 3629 consueverunt

121 3668 447 3752 elongare
485 3669 772 3735 animam
819 3687 860 3733 a
898 3668 1049 3733 Deo.
1099 3667 1262 3744 Quia
1314 3669 1456 3734 sine
1496 3670 1691 3735 dnbio

117 3782 282 3842 tnnc
333 3775 634 3843 Christus
657 3825 676 3857 ,
725 3778 867 3843 Rex
906 3793 1021 3859 per
1066 3774 1331 3840 honoris
1367 3776 1686 3842 excellen-

117 3886 282 3951 tiam
302 3934 323 3965 ‚
380 3888 790 3968 concupiscet
829 3903 941 3969 per
985 3885 1364 3967 acceptionis
1403 3886 1685 3970 compla-

115 3996 435 4075 centiam,
470 3993 762 4061 decorem
805 4000 1005 4071 tuum,
1052 3992 1225 4075 quod
1266 3996 1363 4057 est
1392 4010 1507 4075 per
1539 3994 1688 4059 fidei

114 4103 426 4169 formatae
456 4101 945 4183 refulgentiam.
974 4099 1022 4165 Ο
1047 4101 1273 4166 deifica
1286 4101 1495 4167 virtus
1511 4102 1685 4182 fidei,

114 4217 182 4276 et
206 4212 404 4276 omni
449 4210 820 4293 acceptione
853 4200 1088 4291 digna!
1140 4213 1309 4274 certe
1352 4209 1588 4292 quibus
1625 4215 1690 4276 te

3225 520 3338 584 tet

1810 654 2031 744 Omnis
2062 655 2292 737 gloria,
2322 657 2385 721 id
2407 659 2526 735 est,
2552 648 2825 738 perfecta
2853 653 3061 736 gloria
3081 670 3196 736 per
3221 652 3349 716 vir·

1806 763 1959 826 tutis
1986 764 2358 840 essentiam,
2395 781 2526 828 non
2568 781 2736 827 vana
2773 780 2885 845 per
2911 761 3349 844 pompositatis

1798 870 2195 951 jactantiam,
2229 870 2486 936 cuilibet
2512 870 2896 949 christianae,
2920 887 3067 952 quae
3095 873 3190 933 est
3214 867 3349 931 fllia

1808 974 2005 1058 Regis
2037 979 2280 1056 aeterni,
2325 978 2509 1043 debet
2534 995 2672 1042 esse
2693 995 2823 1043 non
2868 976 3166 1041 deformis
3207 993 3346 1039 res-

1806 1089 1993 1166 pectu
2026 1085 2467 1166 generositatis
2503 1084 2794 1164 carnalia,
2834 1089 2948 1147 ant
2981 1082 3345 1166 pulchritu-

1805 1190 1969 1255 dinis
1996 1191 2387 1275 temporalis,
2419 1192 2522 1256 vel
2549 1194 2815 1258 ornatus
2843 1190 3204 1270 exterioris3
3237 1189 3347 1255 sed

1807 1299 1886 1364 ab
1910 1300 2091 1366 intus
2122 1318 2238 1383 per
2262 1300 2469 1364 cordis
2493 1300 2957 1364 ordinationem
2982 1298 3341 1381 perfectam,

1805 1407 1882 1472 in
1927 1407 2206 1487 fimbriis
2250 1409 2501 1487 aureis,
2543 1410 2862 1490 quantum
2905 1406 2986 1470 ad
3034 1405 3346 1489 triplicem

1805 1516 2114 1580 virtutem
2138 1516 2595 1599 theologicam,
2634 1515 2784 1579 fidei
2822 1515 3056 1579 scilicet
3097 1515 3165 1578 in
3203 1532 3341 1580 cre-

1806 1620 2012 1687 dendo
2039 1624 2371 1702 veraciter,
2403 1622 2534 1706 spei
2552 1622 2618 1685 in
2640 1621 3029 1704 expectando
3052 1621 3342 1700 firmiter,

1805 1732 1871 1793 et
1898 1729 2258 1794 charitatis
2239 1747 2308 1793 ιιι
2340 1728 2447 1793 dih
2455 1729 2667 1810 gendo
2694 1730 3034 1794 ferventer.
3077 1727 3154 1792 Et
3178 1728 3346 1792 bene

1804 1836 2078 1903 virtutes
2104 1837 2485 1920 theologicas
2523 1837 2800 1902 fimbriis
2846 1837 3057 1901 aureis
3091 1835 3342 1900 assimi-

1803 1945 2062 2011 lantur:
2095 1946 2249 2028 quia
2274 1947 2438 2011 sicut
2461 1944 2589 2010 illae
2606 1945 2839 2011 suntin
2863 1944 3229 2028 perfectum
3237 1960 3343 2008 or·

1803 2061 2178 2122 namentum
2204 2057 2400 2123 totius
2439 2056 2803 2122 vestimenti
2842 2054 3208 2134 materialis,
3256 2054 3347 2118 sic

1799 2163 1929 2228 illae
1971 2165 2242 2230 virtutes
2286 2169 2437 2231 sunt
2474 2169 2926 2231 ornamentum
2963 2168 3026 2229 et
3065 2163 3343 2247 comple·-

1801 2273 2095 2336 mentnm
2124 2272 2466 2353 quuslibet
2492 2273 2772 2353 virtutis,
2818 2272 2955 2339 sive
2986 2271 3344 2337 indumenti

1798 2378 2168 2461 spiritualis.
2264 2380 2763 2447 circumamicta
2851 2378 3284 2447 varietatibus
3319 2425 3342 2458 ‚

1799 2491 2117 2568 quantum
2158 2487 2240 2552 ad
2277 2487 2590 2553 virtutum
2634 2485 3051 2551 cardinalium
3093 2486 3349 2569 quadri-

1797 2591 2070 2658 formem
2116 2592 2573 2673 differentiam,
2616 2593 2851 2658 scilicet
2887 2594 3241 2677 prudentiae
3274 2594 3343 2660 in

1798 2699 2095 2782 eligendo
2135 2718 2318 2781 vera,
2365 2700 2633 2783 justitiae
2669 2701 2738 2764 in
2786 2700 3105 2784 operando
3149 2702 3340 2782 bona,

1797 2808 2237 2890 temperantiae
2274 2808 2341 2872 in
2366 2808 2753 2874 moderando
2775 2810 3023 2892 suavia,
3053 2815 3117 2876 et
3153 2810 3341 2876 forti-

1794 2915 2040 2980 tudinis
2066 2917 2135 2981 in
2158 2917 2526 2982 sustinendo
2554 2917 2743 2983 mala.

1878 3023 2091 3089 Tertio
2136 3026 2391 3108 adoptat
2459 3024 2623 3090 Deus
2676 3026 2958 3092 animam
3020 3028 3091 3093 in
3138 3028 3340 3094 filiam

1796 3135 2057 3214 propter
2083 3132 2380 3196 timorem
2407 3133 2813 3215 humilitatis,
2841 3140 2906 3199 et
2929 3136 3335 3215 reverentiae3

1796 3236 1968 3302 unde
1993 3237 2229 3303 dicitur
2257 3242 2281 3278 ⁴
2313 3260 2329 3302 ι
2355 3260 2389 3299 α
2408 3238 2610 3315 Quam
2632 3240 2883 3323 pulchri
2905 3243 3058 3305 sunt
3077 3259 3340 3324 gressus

1801 3347 1898 3411 tni
1945 3346 2016 3410 in
2065 3347 2522 3426 calceamentiS,
2566 3347 2700 3412 fllia
2739 3348 3081 3432 principis!
3129 3372 3162 3410 ι
3212 3349 3339 3415 lste

1790 3456 2095 3537 princeps
2131 3472 2365 3538 regum
2412 3459 2603 3520 terrae
2640 3458 2740 3520 est
2777 3455 3063 3522 Christus
3103 3456 3283 3524 Jesus
3316 3478 3334 3524 ι

1797 3561 1947 3641 filia
1972 3561 2206 3626 dicitur
2246 3561 2552 3645 quaelibet
2583 3562 2801 3627 anima
2843 3568 3101 3647 propter
3137 3565 3338 3630 timo-

1796 3684 1934 3732 rem
1998 3667 2383 3733 hnmilitatis
2409 3716 2432 3749 ,
2495 3674 2560 3733 et
2629 3671 3040 3753 subJacentiae
3082 3693 3100 3737 t
3140 3673 3335 3754 pedes

1794 3780 2012 3842 autem
2048 3778 2190 3858 ejus
2232 3778 2385 3840 sunt
2422 3779 2704 3860 potentia
2740 3778 3143 3860 intellectiva,
3192 3781 3336 3847 ani·

1795 3884 2059 3962 mativa,
2088 3887 2155 3948 et
2170 3883 2536 3965 operativa:
2567 3884 2804 3949 scilicet
2825 3901 3080 3968 pressus
3105 3887 3337 3952 dicun-

1793 3994 1901 4056 tur
1921 3990 2360 4071 cogitationes,
2403 3991 2766 4056 affectiones
2809 3996 2873 4057 et
2910 3994 3330 4076 operationes,

1793 4098 2029 4181 quibus
2063 4098 2320 4163 animus
2361 4098 2675 4179 graditur,
2719 4101 2786 4165 et
2821 4100 3103 4182 procedit
3132 4122 3148 4165 ι
3183 4120 3333 4185 pos-

1792 4209 1997 4270 tremo
2023 4224 2140 4289 per
2180 4205 2623 4287 calceamenta,
2667 4225 2815 4290 quae
2841 4208 3006 4273 flunt
3043 4210 3123 4275 de
3148 4210 3335 4293 pelli-

1792 4312 1916 4378 bus
1943 4314 2314 4393 morticinis,
2346 4314 2799 4396 intelliguntur
2827 4318 3123 4400 exempla
3145 4336 3330 4385 sanc-

1792 4425 2005 4487 tornm
2033 4424 2146 4506 qni
2172 4422 2249 4505 (c)
2279 4423 2699 4490 dormierunt.
2730 4422 2907 4490 Unde
2933 4428 3090 4490 tunc
3113 4425 3333 4492 dicun-

111 4317 436 4384 laudibus
467 4317 737 4383 efferam
773 4317 1012 4381 nescio.
1040 4314 1140 4380 Tn
1170 4317 1344 4382 enim
1370 4335 1488 4401 pro
1516 4322 1689 4383 certo

113 4443 208 4506 es,
237 4445 401 4510 quae
421 4427 514 4510 (a)
536 4425 840 4506 indignos
864 4443 1081 4490 servos
1105 4425 1174 4490 in
1201 4430 1452 4491 tantum
1479 4443 1692 4492 exces-

109 4534 254 4600 sive
266 4533 559 4613 exaltas,
577 4535 652 4598 nt
668 4532 779 4597 Dei
793 4532 957 4597 filios
973 4533 1232 4612 efficias,
1249 4535 1443 4616 juxta
1456 4533 1613 4600 illud
1623 4541 1680 4599 ¹:

118 4663 152 4702 a
177 4641 375 4707 Dedit
401 4641 508 4707 eis
535 4642 910 4723 potestatem
935 4638 1103 4705 filios
1129 4639 1241 4705 Dei
1258 4641 1424 4722 fleri,
1453 4642 1688 4725 hisqni

105 4751 401 4815 credunt
427 4749 505 4813 in
536 4747 798 4812 nomine
823 4748 986 4828 ejus.
1014 4767 1047 4807 n
1086 4732 1092 4737 ⁵

188 4855 512 4924 Secundo
553 4855 812 4937 adoptat
838 4851 1007 4919 Deus
1045 4854 1331 4919 animam
1371 4855 1441 4919 in
1485 4856 1685 4921 filiam

102 4968 386 5053 propter
410 4963 725 5028 decorem
750 4961 1086 5040 castitatis,
1115 4966 1181 5026 et
1219 4963 1582 5044 munditiam
1625 4971 1690 5030 et

100 5072 185 5140 de
212 5073 348 5139 hoc
375 5069 676 5137 dicitur
658 5087 729 5133 ιιι
762 5065 1013 5133 Psalmo
1039 5067 1116 5133 ⁸:
1160 5091 1191 5130 α
1232 5067 1452 5136 Omnis
1480 5072 1690 5154 gloria

99 5185 255 5264 ejus
281 5180 452 5245 filiae
479 5175 669 5258 regis
693 5177 775 5241 ab
812 5176 1019 5254 inu1s5
1049 5176 1119 5241 in
1153 5178 1427 5243 fimbriis
1473 5181 1688 5246 aureis

98 5284 622 5354 circumamicta
650 5282 1066 5348 varietatibus
1096 5282 1213 5366 (b).
1226 5303 1259 5344 n
1284 5302 1465 5369 qnasi
1477 5286 1681 5350 dicat

1805 4535 1914 4596 tur
1957 4530 2202 4616 pulchri
2267 4549 2530 4614 gressus
2583 4532 2921 4615 cujuslibet
2983 4534 3219 4599 animas.
3262 4536 3333 4599 in

1793 4639 2251 4716 calceamentis,
2295 4639 2574 4722 quande,
2605 4641 2784 4723 quasi
2825 4639 3099 4705 calceata
3141 4646 3205 4706 et
3230 4640 3333 4707 in·-

1791 4746 2066 4810 formata
2089 4746 2401 4829 exemplis
2426 4752 2816 4828 sanctorum,
2843 4753 3229 4829 provocatur
3251 4749 3334 4813 ad

1792 4852 1898 4935 pie
1923 4852 2377 4934 cogitandum,
2423 4859 2593 4919 recte
2631 4855 3049 4938 loquendum,
3080 4861 3146 4921 et
3170 4856 3333 4923 bene

1793 4959 2188 5045 operandum
2200 4982 2219 5040 ;
2279 4964 2345 5025 et
2386 4961 2621 5026 talibus
2673 4962 3006 5028 itineribus
3043 4964 3335 5046 perveni-

1792 5072 1902 5132 tur
1927 5071 2008 5132 ad
2035 5067 2328 5133 salutem.
2360 5067 2522 5132 Dicit
2551 5068 2749 5150 igitur
2780 5089 2797 5134 t
2826 5070 3028 5136 Filia.

1874 5176 2220 5260 Sequitur:
2252 5177 2512 5259 confide
2542 5196 2567 5243 .·
2600 5180 2713 5244 ubi
2752 5179 3334 5247 secundo-notatur

1794 5285 1902 5370 pia
1924 5286 2274 5369 compassio
2299 5287 2608 5353 virtuosae
2638 5285 3043 5352 animationis
3068 5306 3153 5353 ex
3191 5290 3332 5374 pie-

165 5448 187 5487 ²
214 5448 764 5509 Pm1.11.1v,ss.—
796 5444 820 5480 ¹
843 5442 1297 5509 loan„1,12.-
1327 5448 1351 5484 ⁸
1379 5446 1935 5514 Psal.11.1V,(a)
1966 5449 2089 5500 Coet.
2115 5448 2238 5500 edit.
2269 5449 2375 5515 qui.
2402 5475 2465 5489 —
2494 5449 2563 5515 (b)
2588 5450 2712 5501 Item
2735 5449 2998 5504 varietate.
3027 5476 3090 5493 -·
3116 5452 3181 5517 (c)
3209 5455 3334 5507 Item

99 5526 183 5578 14.
205 5550 276 5563 —
299 5523 327 5559 δ
347 5523 539 5584 cont„
567 5527 678 5579 vu,
704 5523 752 5567 ι.
1796 5534 1933 5587 quoe.

402 5627 578 5678 ΊῸΙ.
624 5624 761 5673 xm.
2977 5617 3049 5679 3¹
