4059 6317
714 655 1140 731 indigentium,
1166 652 1246 713 ab
1280 652 1385 712 illo
1413 650 1700 728 incipiens
1723 650 1940 724 milite,
1971 650 2078 728 qui
2102 649 2257 710 filias

713 766 852 810 snas
893 766 968 809 ex
1005 748 1144 808 vitae
1186 746 1526 807 necessitate
1539 791 1559 820 ,
1599 747 1944 823 paupertate
1983 746 2255 819 cogente,

711 847 990 904 statuerat
1012 841 1382 921 prostituere.
1427 845 1594 917 Saepe
1629 840 1806 900 etiam
1849 839 2256 915 indigentibus

711 938 1122 1013 eleemosynas
1147 935 1527 1006 ministravit,
1565 933 2020 993 famescentibus
2059 948 2256 1009 popu-

710 1031 784 1091 lis
808 1031 1106 1090 frumenta
1148 1030 1481 1100 distribuit,
1522 1028 1673 1087 sicut
1708 1028 1772 1086 in
1813 1027 2105 1086 miraculo
2146 1026 2252 1085 illo

709 1125 1016 1203 apparuit,
1045 1124 1152 1185 ubi
1192 1139 1232 1185 a
1274 1122 1497 1184 nuntiis
1543 1120 1916 1198 Imperatoris
1957 1120 2255 1180 frumenta

712 1219 984 1293 detraxit,
1015 1219 1234 1295 quibus
1260 1218 1427 1295 quod
1448 1219 1737 1276 minorem
1763 1230 2106 1276 mensuram
2131 1231 2255 1274 non

710 1313 1042 1373 invenirent
1069 1312 1348 1371 frumenti
1374 1311 1671 1387 promisit,
1703 1314 1761 1370 et
1796 1326 1949 1385 saepe
1985 1309 2253 1385 captivis,

712 1412 771 1468 et
808 1405 984 1466 morti
1010 1405 1362 1481 adjudicatis
1389 1422 1463 1464 ex
1490 1407 1751 1465 maxima
1788 1405 2004 1481 pietate
2039 1404 2254 1463 snbve-

710 1503 828 1576 nit,
874 1502 1023 1559 sicut
1063 1499 1241 1577 plene
1284 1500 1417 1576 ipsa
1456 1499 1732 1573 Legenda
1770 1498 2045 1557 ostendIt.
2085 1497 2252 1556 Unde

709 1599 944 1670 poterat
969 1594 1165 1654 dicere
1186 1598 1421 1653 sanctus
1448 1593 1720 1652 Nicolaus
1747 1592 1901 1650 illud
1918 1590 1939 1626 ¹
1967 1610 1982 1650 ε
2020 1613 2050 1645 α
2079 1592 2254 1650 Vesti-

711 1692 810 1767 gia
859 1691 1006 1766 eius,
1049 1712 1079 1747 ιι
1129 1690 1339 1766 supple
1377 1689 1637 1765 pietatis,
1683 1707 1714 1743 α
1759 1690 1991 1747 secutus
2031 1690 2120 1745 est
2149 1702 2258 1761 pes

711 1802 899 1845 meus.
930 1785 1097 1845 Viam
1121 1784 1248 1860 ejus
1269 1783 1582 1856 custodivi,
1614 1787 1673 1842 et
1696 1798 1821 1841 non
1850 1781 2146 1841 declinavi
2175 1782 2254 1839 ab

714 1895 803 1938 ea.
835 1901 863 1933 ιι
892 1878 1009 1937 Sed
1028 1878 1161 1955 quis
1187 1878 1369 1936 hodie
1395 1877 1575 1936 habet
1594 1876 1749 1935 hanc
1771 1875 2255 1951 pietatemiimo,

712 1973 847 2050 quis
887 1989 1013 2033 non
1063 1977 1151 2031 est
1197 1972 1412 2047 plenus
1458 1970 1799 2030 crudelitate
1813 1974 1844 2029 ‘i
1896 1970 2257 2029 insidiantur

713 2084 874 2127 nunc
897 2068 922 2104 ²
954 2087 984 2122 ι
1012 2065 1185 2142 quasi
1222 2066 1319 2123 leo
1364 2066 1426 2123 in
1454 2065 1740 2140 spelunca
1766 2080 1904 2136 sua,
1930 2068 1994 2122 ut
2020 2063 2255 2139 rapiant

711 2177 1057 2239 pauperem.
1090 2180 1120 2215 ιι
1153 2161 1387 2235 Pejores
1422 2163 1482 2218 et
1514 2159 1874 2218 crudeliores
1900 2158 2084 2217 hodie
2118 2162 2257 2216 sunt

666 2299 686 2310 .
712 2255 1042 2326 Christiani,
1082 2270 1266 2330 quam
1297 2254 1535 2313 fuerunt
1568 2253 1714 2313 olim
1759 2252 2004 2328 pagani.
2051 2253 2257 2310 Narrat

714 2350 874 2407 enim
901 2347 1160 2407 Valerius
1186 2346 1470 2408 Maximus
1507 2349 1551 2418 ⁸,
1582 2351 1882 2406 Romanos
1909 2346 2055 2405 olim
2092 2348 2255 2406 tanta

713 2441 891 2502 fuisse
919 2442 1198 2518 proeditos
1223 2444 1457 2519 pietate,
1500 2442 1667 2517 quod
1699 2441 2064 2516 pauperibus
2091 2454 2252 2500 mor·

712 2538 829 2595 tuis
867 2538 1140 2613 expensis
1191 2536 1611 2595 communibus
1654 2535 1935 2611 exequias
1973 2534 2251 2608 facerent,

715 2630 1066 2690 adversariis
1089 2630 1352 2704 regibus,
1368 2634 1426 2689 et
1451 2630 1717 2705 captivis,
1746 2644 2035 2704 expensas
2060 2630 2255 2703 regias

716 2725 797 2783 ad
823 2724 1230 2801 sepeliendum
1257 2724 1622 2796 exhiberent,
1651 2729 1707 2783 et
1729 2722 2028 2797 naufragis
2047 2740 2085 2781 a
2101 2723 2254 2782 mari

712 2817 976 2878 liberatis
1004 2818 1353 2892 magnificas
1399 2834 1687 2893 expensas
1722 2817 2150 2893 impenderent,
2199 2822 2257 2876 et

713 2912 791 2971 ab
820 2912 906 2970 eis
943 2912 1172 2971 civibus
1209 2912 1394 2986 captis
1430 2911 1657 2987 pietatis
1692 2910 1986 2987 lacrymas
2013 2911 2257 2970 exhibe-

669 3049 688 3061 .
713 3010 861 3065 rent.
889 3009 1036 3065 Nota
1069 3006 1428 3081 exemplum.
1469 3003 1775 3064 Marcellus
1799 3005 1822 3040 ⁸
1858 3004 2006 3061 dum
2033 3004 2259 3063 Siracu·

713 3114 924 3159 sanam
953 3099 1248 3158 civitatem
1276 3100 1523 3174 cepisset
1546 3142 1566 3172 ,
1599 3103 1656 3157 et
1682 3099 1809 3171 eJus
1834 3114 2038 3157 casum
2068 3098 2143 3156 de
2163 3113 2256 3156 su-

711 3193 886 3251 blimi
927 3208 1061 3251 arce
1107 3194 1498 3269 conspiceret,
1536 3193 1682 3253 dum
1726 3193 1854 3266 ejus
1894 3208 2099 3249 casum
2132 3195 2255 3250 tam

716 3302 963 3362 gravem
987 3287 1331 3357 attenderet,
1355 3287 1649 3362 lacrymas
1670 3286 1968 3344 continere
1998 3300 2124 3343 non
2150 3301 2258 3360 po·

716 3385 845 3442 tuit.
888 3382 1003 3442 Sed
1044 3387 1249 3442 contra
1292 3382 1474 3442 hodie
1516 3380 1824 3440 Christiani
1863 3380 2095 3438 afflictis
2133 3396 2257 3439 non

716 3477 1056 3551 condolent,
1096 3477 1202 3536 sed
1223 3493 1402 3552 super
1429 3492 1532 3535 eos
1555 3475 1753 3551 potius
1777 3475 1962 3533 risum
1990 3477 2256 3548 movent,

718 3574 784 3630 ut
828 3569 1221 3646 adimpleatur
1269 3570 1421 3629 illud
1464 3568 1768 3643 Prophetae
1804 3569 1826 3605 ⁸
1868 3586 1883 3628 ε
1924 3588 1954 3623 α
1995 3572 2065 3627 Et
2110 3568 2259 3627 nihil

718 3664 1228 3740 compatiebantur
1281 3680 1460 3739 super
1513 3662 1861 3722 contritione
1916 3662 2154 3738 loseph.
2222 3684 2252 3719 ιι

718 3758 1069 3834 Exemplum
1086 3757 1285 3835 accipe
1315 3759 1390 3817 de
1418 3759 1636 3834 loseph
1662 3760 1718 3817 et
1748 3757 2048 3831 fratribuS,
2078 3773 2258 3832 quem

720 3852 991 3912 occidere
1018 3853 1360 3927 voluerunt,
1403 3869 1583 3928 quem
1622 3857 1743 3910 tam
1789 3852 1893 3910 vili
1924 3852 2115 3927 pretio
2159 3868 2259 3910 ex-

717 3946 937 4006 traneis
963 3946 1237 4021 gentibus
1262 3947 1676 4006 vendiderunt.

799 4041 987 4101 Tertio
1012 4045 1246 4100 sanctus
1272 4042 1541 4100 Nicotaus
1576 4044 1808 4100 secutus
1834 4043 1921 4098 est
1946 4039 2259 4113 Christum,

721 4145 1012 4219 quantum
1038 4139 1118 4199 ad
1144 4137 1456 4211 vestigium
1482 4135 1793 4195 charitatis,
1822 4133 1962 4205 Quis
1988 4132 2147 4191 enim
2175 4136 2262 4191 est

718 4235 1017 4296 sufficiens
1042 4248 1317 4292 enarrare
1346 4230 1711 4289 Dominicam
1736 4229 2098 4300 charitatem,
2125 4244 2260 4303 pro·

718 4334 850 4406 pter
876 4343 1060 4404 quam
1085 4326 1270 4385 homo
1296 4325 1487 4384 voluit
1527 4322 1678 4394 fieri,
1719 4327 1960 4397 propter
1989 4338 2258 4380 amorem

719 4422 1033 4483 hominum
1068 4420 1222 4497 capi,
1252 4419 1439 4478 oculis
1464 4418 1627 4476 velut
1650 4415 1802 4476 latro
1832 4415 2039 4489 velari,
2068 4416 2259 4475 mani-

720 4519 835 4579 bus
863 4534 900 4577 a
925 4520 1091 4590 tergo
1118 4514 1312 4590 ligari,
1341 4518 1464 4574 toto
1492 4529 1740 4588 corpore
1758 4511 2067 4586 flagellari,
2089 4529 2126 4571 a
2151 4512 2259 4571 mi·

722 4613 924 4672 litibus
960 4610 1076 4669 sibi
1127 4609 1337 4680 illudi,
1376 4607 1590 4684 palmis
1635 4606 1696 4665 in
1746 4606 1966 4689 iaciem-
2014 4607 2161 4665 caedi
2204 4612 2262 4667 et

723 4706 998 4781 conspui,
1039 4703 1330 4763 arundine
1363 4702 1427 4760 in
1474 4701 1662 4777 capite
1695 4701 1954 4776 percuti,
1999 4700 2261 4758 vestibus

721 4799 986 4877 spoliari,
1027 4798 1225 4858 nudus
1266 4796 1327 4857 in
1369 4811 1542 4854 cruce
1585 4794 1826 4865 elevari,
1871 4793 2036 4852 duris
2079 4794 2262 4852 clavis

722 4895 909 4970 affigi,
939 4893 1147 4953 lancea
1171 4888 1494 4961 vulnerari,
1532 4892 1588 4946 et
1616 4886 1696 4947 ad
1727 4886 2019 4960 judicium
2055 4889 2260 4947 mortis

722 4992 964 5052 adduci.
1005 4990 1170 5049 Unde
1210 4994 1267 5049 et
1317 4988 1535 5046 clamat
1565 4985 1922 5044 ieremias&
1957 5004 1986 5040 α
2025 4986 2260 5061 Reliqui

723 5090 975 5148 domum
989 5101 1209 5158 meam,
1239 5081 1437 5142 dimisi
1458 5080 1854 5141 hoereditatem
1871 5095 2089 5153 meam,
2120 5079 2261 5138 dedi

724 5182 999 5241 dilectam
1014 5180 1276 5239 animam
1295 5194 1493 5236 meam
1514 5177 1801 5234 inmanus
1817 5173 2211 5233 inimicorum.
2226 5195 2255 5229 ιι

792 5339 809 5372 ¹
833 5335 953 5393 soh.
988 5346 1153 5400 uui,
1191 5336 1267 5385 Η.
1300 5357 1360 5373 -
1385 5332 1404 5363 ²
1436 5329 1573 5382 Psal.
1599 5341 1662 5394 x,
1689 5331 1736 5381 9.
1763 5355 1823 5367 -
1850 5329 1873 5366 ⁸
1898 5327 2069 5382 Valer.
2098 5329 2258 5390 Max„

723 5406 815 5458 lib.
845 5409 905 5471 V,
935 5421 982 5457 c.
1021 5419 1069 5469 t,
1095 5419 1149 5456 n.
1177 5407 1236 5469 ἱ,
1267 5406 1433 5468 4,1o.
1462 5429 1517 5440 —
1556 5402 1575 5433 ⁸
1605 5402 1754 5466 thid„
1785 5415 1839 5452 n.
1867 5403 1917 5451 4.
1945 5425 2007 5437 —
2045 5400 2255 5461 ⁸Amos,

725 5490 811 5544 vx,
851 5479 899 5528 6.
937 5504 999 5517 -
1041 5479 1059 5509 ⁸
1091 5479 1297 5541 len-m„
1343 5486 1450 5541 ιιι,
1494 5477 1545 5524 ’1.
1576 5498 1637 5512 -
1679 5476 1696 5506 ²
1739 5473 1871 5539 Act„
1907 5483 2028 5535 xxi,
2079 5473 2154 5523 13.
2194 5498 2256 5511 -

1759 514 2178 583 SERMONES
2222 514 2322 591 DE
2357 514 2709 584 SANCTiS.
2754 516 2857 584 tv.

2367 652 2413 714 Ο
2439 653 2575 713 duri
2603 657 2660 713 et
2676 654 2952 714 insensati
2977 652 3086 713 filii
3113 655 3324 729 Adam,
3350 670 3502 731 quos
3528 669 3659 715 non
3684 654 3913 715 emollit

2364 750 2524 807 tanta
2556 748 2923 823 benignitas,
2949 753 3074 809 tam
3115 749 3324 824 ingens
3360 750 3609 811 flamma
3653 750 3908 809 amoris!

2363 844 2484 903 Hoc
2506 846 2740 902 sanctus
2770 844 2870 903 hic
2896 844 3208 904 consessor
3242 845 3572 917 attendens,
3600 843 3689 904 sic
3715 848 3907 904 totum

2362 952 2424 994 se
2453 937 2533 996 ad
2559 937 2886 997 amandum
2912 941 3032 998 Deo
3060 938 3246 1011 dedit,
3274 939 3358 997 sic
3382 956 3493 1015 per
3519 954 3799 998 amorem
3830 940 3907 997 ad

2362 1030 2654 1090 Christum
2680 1034 2915 1104 exarsit,
2940 1038 3006 1092 ut
3026 1037 3226 1109 posset
3242 1034 3438 1092 dicere
3464 1032 3622 1091 illud
3640 1034 3666 1069 ‘¹
3695 1051 3713 1091 ε
3740 1053 3773 1087 ι
3790 1036 3907 1106 Ego

2362 1139 2488 1185 non
2530 1126 2725 1185 solum
2771 1126 3005 1202 alligari
3051 1127 3262 1203 cupio,
3297 1127 3405 1186 sed
3447 1128 3605 1185 mori
3667 1132 3905 1203 paratus

2362 1235 2495 1279 sum
2524 1236 2636 1294 pro
2665 1221 2908 1280 nomine
2944 1222 3177 1280 Domini
3212 1222 3399 1281 nostri
3433 1225 3573 1281 lesu
3608 1222 3843 1281 Christi.
3870 1242 3897 1277 ιι

2365 1314 2543 1375 Scivit
2568 1314 2727 1373 enim
2758 1314 3042 1390 scriptum
3063 1332 3189 1374 esse
3206 1316 3230 1352 ⁸
3258 1336 3275 1374 z
3305 1336 3333 1370 ι
3352 1316 3501 1391 (lpse
3531 1315 3713 1387 enim)
3745 1315 3900 1374 Chri-

2363 1411 2485 1466 stus
2532 1424 2643 1483 pro
2688 1409 2865 1467 nobis
2909 1425 3118 1484 passus
3164 1411 3281 1480 est,
3331 1409 3509 1467 nobis
3561 1408 3902 1483 relinquens

2363 1501 2737 1577 exemplum,
2773 1507 2840 1561 ut
2881 1503 3213 1578 sequamini
3239 1501 3483 1576 vestigia
3520 1501 3673 1576 ejus,
3700 1522 3734 1558 ι
3769 1504 3828 1560 et
3856 1503 3901 1560 si

2362 1612 2486 1654 non
2513 1611 2748 1671 semper
2766 1597 2993 1669 mortis,
3020 1597 3226 1656 saltem
3254 1597 3495 1655 amoris.
3518 1595 3687 1654 Unde
3706 1598 3900 1670 poaeet

2361 1691 2580 1766 exponi
2607 1691 2684 1749 de
2724 1691 2901 1751 beato
2937 1692 3177 1751 Nicolao
3220 1690 3373 1749 illud
3408 1690 3433 1727 ⁸
3478 1710 3497 1747 ε
3535 1710 3565 1745 α
3602 1689 3899 1748 Nnbecnla

2361 1799 2569 1860 parva,
2599 1784 2769 1859 quasi
2795 1785 3111 1859 vestigium
3127 1783 3407 1855 hominis,
3438 1782 3808 1842 ascendebat
3830 1781 3898 1840 de

2364 1878 2533 1936 mari.
2582 1899 2611 1933 ιι
2643 1884 2748 1938 Per
2778 1880 3121 1951 nubeculam,
3165 1866 3299 1953 quae
3339 1894 3563 1954 aquam
3606 1877 3781 1936 terris
3818 1878 3901 1935 in·

2362 1970 2587 2044 fundit,
2629 1973 2806 2047 hujus
2850 1974 3044 2032 Sancti
3094 1973 3355 2047 intellige
3407 1971 3725 2048 pietatem,
3786 1971 3899 2029 sive

2363 2065 2876 2143 eleemosynarum
2941 2067 3310 2141 largitatem3
3373 2082 3483 2142 per
3542 2065 3901 2124 nubeculam

2361 2176 2590 2233 parvam
2618 2161 2746 2234 ejus
2785 2165 2925 2221 nota
2961 2161 3385 2233 humilitatem;
3428 2159 3537 2219 sed
3578 2176 3691 2235 per
3718 2158 3899 2217 nube-

2366 2254 2566 2314 culam
2615 2257 2683 2313 de
2709 2259 2855 2313 mari
2890 2255 3287 2323 ascenderam,
3331 2254 3459 2329 ejus
3486 2253 3693 2328 accipe
3723 2250 3902 2311 chari·

2364 2350 2564 2420 tatem,
2592 2366 2777 2425 quam
2801 2350 2865 2407 in
2900 2349 3052 2408 mari
3086 2348 3481 2408 tribulationis
3506 2346 3589 2406 ad
3617 2346 3901 2406 Christum

2365 2443 2638 2502 servavit.
2668 2443 2831 2502 Unde
2850 2443 3190 2502 notabiliter
3209 2443 3349 2501 dicit
3370 2460 3386 2499 :
3415 2443 3594 2512 Quasi
3616 2446 3900 2514 vestigium

2366 2538 2620 2609 hominis,
2641 2536 2705 2595 id
2734 2541 2840 2609 est,
2870 2536 3201 2595 secundum
3225 2535 3481 2595 formam
3508 2535 3758 2610 amoris,
3780 2552 3903 2611 qum

2366 2632 2640 2707 apparuit
2692 2633 2756 2691 in
2796 2632 2943 2693 Filio
2981 2633 3280 2703 hominis,
3328 2632 3453 2691 sive
3505 2632 3905 2692 sacratissime

2363 2726 2634 2799 virginis.
2676 2726 2820 2784 Dicit
2855 2731 3074 2800 tamen,
3122 2729 3317 2800 quasi,
3363 2726 3505 2801 quia
3545 2741 3674 2784 non
3722 2724 3905 2799 potnit

2364 2825 2558 2881 tantus
2584 2837 2755 2879 amor
2781 2836 2907 2880 esse
2929 2820 2992 2879 in
3017 2820 3226 2892 milite,
3241 2823 3495 2895 quantus
3514 2818 3627 2878 fuit
3652 2819 3716 2877 in
3734 2822 3898 2894 Rege.

2364 2916 2479 2974 Sed
2515 2914 2650 2991 quis
2674 2915 2855 2974 hodie
2879 2915 2997 2974 hoc
3033 2914 3202 2973 ardet
3227 2915 3481 2973 amore?
3524 2916 3675 2972 Vere
3720 2913 3901 2987 magis

2364 3009 2542 3069 fuisse
2579 3012 2639 3068 in
2673 3008 2929 3084 antiquis
2970 3008 3186 3081 legitur
3223 3008 3315 3066 vis
3353 3007 3575 3067 amoris
3610 3007 3791 3066 amici
3829 3007 3900 3065 ad

2367 3105 2647 3176 amicum,
2677 3102 2880 3162 uxoris
2906 3103 2986 3162 ad
3012 3103 3232 3173 virum,
3254 3119 3439 3178 quam
3464 3101 3780 3161 Christiani
3799 3101 3899 3160 ho-

2368 3198 2465 3257 die
2502 3197 2618 3256 sint
2658 3197 2736 3256 ad
2779 3196 3090 3256 Christum.
3137 3198 3330 3255 Portia
3384 3194 3631 3268 majoris
3676 3193 3900 3254 Catonis
3966 3208 4059 3249 ss-

2365 3291 2493 3351 filia
2518 3296 2576 3350 et
2592 3292 2749 3350 Bruti
2771 3294 3175 3351 Romanorum
3192 3289 3547 3349 nobilissimi
3575 3306 3754 3362 uxor,
3774 3304 3898 3348 cum
3921 3269 4028 3325 ¹⁵¹²

2367 3386 2740 3460 cognovisset
2765 3386 2856 3444 sui
2882 3385 2994 3443 viri
3022 3384 3357 3457 consilium,
3387 3384 3556 3459 quod
3578 3384 3659 3443 de
3685 3384 3899 3443 Caesare

2366 3478 2772 3539 interficiendo
2796 3484 3052 3555 ceperat,
3080 3494 3317 3553 egresso
3346 3460 3695 3537 cubiculum
3716 3480 3900 3548 Bruto,

2368 3574 2674 3634 cultellum
2712 3574 3073 3646 tonsorium,
3108 3574 3279 3649 quasi
3313 3572 3613 3646 unguium
3648 3587 3900 3632 resecan-

2368 3669 2586 3729 dorum
2613 3684 2791 3727 causa
2817 3667 3109 3743 poposcit,
3138 3682 3352 3741 eoque,
3374 3666 3542 3726 velut
3566 3665 3722 3725 forte
3750 3666 3899 3741 elap-

2367 3779 2458 3835 so,
2487 3780 2548 3822 se
2576 3762 2952 3821 vulneravit:
2994 3760 3255 3820 clamore
3302 3760 3520 3819 deinde
3559 3760 3897 3819 ancillarum

2367 3856 2431 3915 in
2459 3855 2801 3916 cubiculum
2825 3858 3136 3915 revocatus
3157 3858 3386 3927 Brutus,
3429 3853 3756 3928 objurgare
3778 3868 3896 3911 eam

2368 3950 2564 4026 coepit,
2593 3950 2754 4025 quod
2779 3949 3036 4009 tonsoris
3060 3948 3461 4024 praeripuisset
3487 3947 3775 4007 officium.
3806 3945 3895 4005 Cui

2368 4048 2590 4104 secreto
2609 4044 2831 4104 Portia:
2865 4048 3031 4103 «Non
3043 4047 3129 4101 est
3140 4044 3277 4115 hoc,
3299 4042 3511 4118 inquit,
3531 4042 3897 4102 temerarium

2365 4138 2587 4198 factum
2614 4156 2848 4213 meum;
2878 4138 2983 4196 sed
3024 4138 3087 4196 in
3112 4136 3216 4196 tali
3243 4139 3396 4196 statu
3432 4141 3665 4209 nostro,
3693 4134 3896 4195 amoris

2368 4234 2486 4292 mei
2544 4249 2686 4306 erga
2741 4236 2796 4291 te
2844 4231 3232 4291 certissimum
3283 4230 3592 4290 indicium.
3649 4229 3899 4307 Experiri

2369 4326 2529 4387 enim
2552 4326 2742 4401 volui,
2779 4327 2827 4386 si
2856 4326 2963 4385 tibi
2988 4327 3362 4402 propositum
3388 4340 3464 4383 ex
3491 4326 3780 4384 sententia
3803 4340 3898 4400 pa·

2368 4440 2501 4481 rum
2521 4422 2800 4493 cessisset,
2818 4437 3000 4497 quam
3014 4436 3188 4496 aequo
3208 4419 3411 4495 animo
3430 4434 3529 4476 me
3547 4418 3706 4478 ferro
3727 4434 3902 4477 essem

2368 4518 2813 4592 interemptura.
2842 4536 2870 4572 ιι
2904 4519 3035 4574 Haec
3061 4514 3328 4573 Valerius
3354 4514 3641 4572 Maximus
3652 4512 3696 4572 ⁸.
3736 4515 3902 4572 Cum·

2368 4628 2486 4688 que
2511 4610 2898 4687 postmodum
2934 4625 3070 4668 eum
3106 4606 3397 4667 corruisse
3428 4607 3491 4665 in
3517 4606 3684 4666 bello
3714 4607 3903 4666 audis·

2368 4711 2475 4781 set,
2499 4724 2637 4766 cum
2660 4704 2927 4779 gladium
2951 4702 3172 4762 habere
3200 4718 3324 4762 non
3348 4708 3585 4778 posset,
3621 4703 3905 4763 carbones

2369 4802 2446 4860 ab
2476 4802 2612 4875 igne
2639 4798 2947 4871 subtraxit,
2973 4802 3031 4857 et
3067 4798 3130 4857 in
3158 4813 3226 4856 os
3250 4796 3364 4857 sibi
3391 4796 3613 4872 posuit,
3638 4802 3699 4857 et
3724 4796 3808 4856 sic
3826 4796 3903 4854 vi·

2368 4899 2490 4954 tam
2535 4895 2615 4954 ob
2655 4893 2851 4951 mariti
2888 4906 3154 4950 amorem
3195 4889 3432 4950 insolito
3473 4890 3661 4950 modo
3698 4890 3899 4949 finivit.

2367 4992 2517 5065 Ergo
2536 4989 2583 5047 si
2604 4992 2796 5047 tantus
2813 4986 3007 5063 potuit
3030 5001 3155 5045 esse
3174 5000 3344 5043 amor
3358 4984 3562 5043 uxoris
3583 4985 3664 5044 ad
3690 4986 3898 5052 virum,

2368 5089 2622 5160 quantus
2651 5083 2895 5142 deberet
2922 5096 3047 5139 esse
3075 5080 3290 5139 animm
3329 5079 3537 5139 Christi
3564 5095 3801 5155 sponsas
3825 5079 3896 5138 ad

2366 5177 2697 5238 Christum?

2436 5274 2653 5343 Quarto
2674 5270 2882 5331 boattm
2901 5268 3175 5330 Nicotaus
3195 5272 3429 5327 secutus
3455 5272 3543 5328 est
3566 5267 3890 5345 aliqualiter

2367 5401 2385 5431 ⁸
2411 5400 2429 5450 1
2456 5400 2612 5455 Petr„
2644 5409 2715 5460 11,
2742 5400 2821 5448 2¹.
2847 5423 2911 5434 —
2935 5399 2955 5428 ⁸
2986 5397 3051 5447 111
3089 5396 3226 5462 Rea„
3254 5408 3415 5463 xvm,
3453 5397 3532 5451 44.
3558 5421 3623 5434 --
3660 5398 3704 5433 ¹⁰
3730 5395 3879 5447 valer.

2367 5473 2524 5535 Man,
2550 5471 2641 5523 lib.
2672 5470 2757 5534 nt,
2781 5482 2829 5521 c.
2853 5480 2912 5534 υ,
2934 5482 2989 5522 ιι.
3023 5472 3099 5521 15.
