4059 6317
711 557 794 622 26
1815 546 2229 616 SERMONES
2268 545 2372 612 DE
2410 543 2810 611 TEMPORE.

711 693 1042 759 matutina
1067 692 1142 756 in
1168 687 1382 754 medio
1406 687 1672 764 mbulet,
1696 686 1763 751 id
1782 688 1880 750 est
1905 687 2250 766 assumptae

709 796 1150 876 humanitatis,
1174 794 1528 860 secundum
1545 793 1721 877 quod
1749 791 2039 857 dicitur¹.
2072 789 2252 854 Sicut

709 907 884 969 enim
925 903 1105 968 stella
1141 902 1457 967 matutina
1493 903 1591 964 est
1629 899 1839 964 media
1880 898 2049 962 inter
2084 900 2247 959 tem-

711 1029 869 1095 pora
890 1011 1155 1088 diurna,
1185 1013 1249 1074 et
1274 1012 1587 1073 nocturna
1604 1055 1623 1088 ‚
1651 1011 1715 1071 et
1740 1005 1950 1070 influit
1975 1005 2056 1069 ad
2090 1021 2246 1086 pur-

712 1118 1041 1197 gationem
1065 1116 1512 1194 tenebrarum,
1545 1115 1639 1178 sie
1667 1113 1955 1178 christus
1978 1111 2097 1176 fuit
2123 1127 2251 1174 me-

708 1227 855 1293 dius
882 1226 1043 1290 inter
1074 1225 1247 1290 diem
1275 1222 1627 1288 divinitatis
1651 1227 1713 1285 et
1739 1223 1989 1285 noctem
2015 1219 2248 1283 huma-

709 1334 946 1414 nitati3‚
976 1340 1385 1418 peccatorum
1411 1330 1706 1394 tenebras
1732 1326 2113 1393 amovendo.
2143 1325 2250 1391 Se·

708 1443 918 1508 cundo
941 1440 1230 1506 Christus
1252 1441 1389 1522 {fuit
1426 1455 1790 1521 congruum
1818 1436 2100 1501 medium
2144 1454 2248 1500 re-

708 1549 953 1633 gularis
995 1548 1344 1630 disciplinae
1394 1547 1464 1610 in
1521 1545 2023 1621 conversatione,
2087 1560 2250 1607 nun-

707 1675 905 1739 quam
934 1656 1238 1721 recedens
1280 1673 1319 1717 a
1346 1653 1554 1719 medio
1582 1652 1839 1718 virtutis
1877 1651 1955 1734 (a)
1984 1696 2001 1728 ‚
2041 1650 2111 1713 in
2146 1649 2249 1714 lo-

706 1763 1000 1842 cutione;
1034 1781 1073 1826 a
1101 1761 1313 1826 medio
1337 1760 1705 1840 honestatis,
1739 1761 1807 1822 in
1833 1758 2245 1840 operatione:

710 1871 865 1953 quia
891 1886 1144 1952 semper
1172 1868 1461 1933 medium
1486 1867 1693 1931 tenuit
1710 1866 1780 1930 in
1806 1865 1984 1931 omni
2012 1882 2252 1947 genere

704 1978 1019 2041 virtutum
1040 1975 1465 2059 perfectionis.
1490 1973 1635 2039 Ideo
1657 1973 1889 2038 dicitur
1904 1973 1974 2037 in
2000 1971 2249 2037 Psalmo

706 2084 782 2149 de
806 2085 947 2167 ipso
974 2085 997 2119 ²
1031 2105 1047 2147 ι
1081 2082 1542 2162 sanctificavit
1568 2079 2038 2147 tabernaculum
2062 2095 2251 2144 suum

703 2192 1106 2259 Altiesimus.
1142 2191 1312 2256 Deus
1338 2191 1415 2255 in
1448 2187 1658 2256 medio
1686 2187 1857 2269 ejus,
1896 2202 2029 2253 non
2072 2201 2249 2253 eom-

703 2299 1076 2366 movebitur.
1107 2296 1187 2361 Et
1211 2296 1375 2361 ratio
1402 2300 1496 2360 est
1522 2344 1539 2374 ‚
1570 2295 1725 2378 quia
1747 2294 1840 2359 ita
1864 2294 2106 2359 virtute
2132 2292 2249 2356 hu-

703 2406 987 2470 militatis
1026 2423 1095 2469 se
1136 2403 1453 2480 firmavit,
1497 2402 1671 2485 quod
1714 2401 1860 2465 licet
1904 2401 2249 2483 perstarent

701 2515 874 2579 venti
901 2512 1227 2577 altissimae
1271 2510 1584 2593 superbiae
1602 2556 1623 2588 ‚
1671 2509 1982 2573 defossam
2026 2511 2247 2571 tamen

701 2622 841 2702 ejus
866 2619 1295 2708 humilitatem
1323 2634 1661 2699 nunquam
1684 2619 2034 2699 potuerunt
2058 2616 2244 2679 attin-

703 2744 881 2808 gere.
913 2725 1074 2790 Nam
1099 2744 1250 2790 cum
1273 2729 1435 2789 esset
1460 2723 1595 2788 Rex
1621 2722 1988 2800 altissimae,
2015 2739 2247 2805 paupe-

700 2833 878 2897 ribus
903 2837 966 2897 et
995 2832 1415 2915 piscatoribus
1442 2849 1510 2895 se
1536 2829 1841 2909 sociavit,
1871 2830 2002 2893 imo
2030 2828 2247 2892 minis·

701 2938 918 3004 travit.
974 2937 1202 3003 Doctor
1253 2937 1757 3020 sapientissimus
1775 2985 1795 3015 ‚
1852 2935 1931 2999 ad
1978 2935 2245 3000 modum

701 3046 885 3129 pueri
916 3044 1408 3126 simplicissimi,
1438 3044 1726 3109 doctores
1751 3041 2023 3107 audivit.
2056 3041 2241 3106 Prin-

702 3170 848 3235 ceps
874 3151 1275 3230 fortissimus,
1303 3151 1384 3215 ad
1407 3152 1613 3216 crucis
1631 3150 1990 3234 patibulum
2009 3167 2078 3213 se
2094 3149 2244 3213 duci

702 3258 1008 3340 permisit.
1058 3257 1236 3323 Unde
1273 3259 1407 3341 ipse
1452 3258 1604 3322 dicit
1649 3258 1729 3321 de
1767 3258 1973 3340 seipso
2001 3261 2023 3296 ⁸
2056 3278 2072 3320 z
2105 3256 2242 3339 Εσο

703 3373 920 3434 autem
940 3368 1014 3433 in
1032 3365 1243 3434 medio
1264 3371 1542 3433 vestrum
1557 3367 1726 3432 siout
1748 3366 1864 3447 qui
1885 3366 2239 3431 ministrat.

702 3472 777 3537 In
806 3472 1016 3538 medio
1043 3478 1166 3538 stat
1193 3474 1506 3537 damnans
1530 3473 1801 3554 angulos
1833 3471 2201 3536 ambitionis
2217 3518 2238 3550 ,

701 3580 771 3644 in
798 3580 1248 3644 beneficiorum
1280 3578 1706 3657 exhibitione3
1737 3579 2001 3643 latibula
2022 3596 2241 3662 perso-

701 3703 935 3751 narum
975 3686 1354 3768 acceptionis
1373 3735 1391 3764 ‚
1443 3685 1512 3749 in
1556 3686 2046 3768 praebendarum
2110 3685 2241 3751 dis-

699 3794 1096 3875 pensatione3
1128 3793 1449 3858 delusoria
1478 3794 1676 3858 verba
1702 3792 1969 3876 privatas
2009 3810 2240 3856 conso-

696 3900 951 3966 lationis
972 3948 992 3978 ,
1044 3906 1107 3965 et
1148 3900 1587 3965 conventicula
1631 3899 1901 3994 sordidae
1963 3898 2237 3964 delecta-

699 4007 888 4072 tionis
907 4052 928 4084 ,
981 4008 1147 4072 sicut
1194 4008 1305 4090 qui
1352 4007 1710 4083 ministrat,
1750 4024 1880 4070 non
1921 4007 2085 4072 sicut
2126 4007 2241 4089 qui

699 4113 1086 4180 dominatur.
1123 4112 1334 4179 Tertio
1362 4097 1647 4177 Christus
1672 4112 1793 4178 fuit
1822 4113 2107 4177 medium
2143 4114 2241 4177 vi·

700 4220 842 4286 talis
876 4221 1229 4286 influentiae
1268 4221 1336 4283 in
1375 4220 1697 4302 passione,
1736 4220 1849 4284 ubi
1876 4224 1900 4261 ⁸
1938 4226 2241 4302 operatus

701 4334 790 4396 est
819 4328 1097 4395 salutem
1124 4329 1198 4391 in
1229 4325 1434 4393 medio
1464 4333 1668 4393 terroe.
1698 4326 1875 4391 Sicut
1900 4328 2077 4391 enim
2104 4345 2234 4407 cor,

698 4434 870 4518 quod
900 4437 997 4498 est
1023 4433 1306 4498 medium
1335 4432 1570 4497 vivifici
1601 4433 1862 4512 caloris,
1892 4434 2232 4499 medianti-

698 4544 821 4606 bus
848 4539 1178 4623 spiritibus
1205 4539 1415 4605 influit
1444 4540 1640 4604 vitam
1673 4540 1743 4604 in
1771 4543 2000 4605 caetera
2028 4559 2235 4607 mem-

698 4649 815 4712 bra
841 4645 1175 4724 animalis3
1206 4646 1295 4710 sic
1327 4645 1607 4712 Christus
1635 4647 1985 4713 crucifixus
2008 4649 2080 4713 in
2109 4666 2238 4713 me-

696 4754 802 4819 dio
826 4754 1186 4832 latronum,
1219 4753 1334 4836 qui
1373 4758 1469 4818 est
1499 4754 1754 4836 lignum
1794 4755 1945 4820 vitae
1978 4756 2236 4838 planta-

696 4866 837 4926 tum
866 4862 934 4925 in
962 4860 1175 4927 medio
1198 4861 1505 4943 paradisi,
1532 4862 1597 4926 id
1624 4865 1718 4926 est
1742 4861 2029 4927 Ecclesiae
2048 4912 2071 4942 ,
2111 4882 2239 4929 me-

698 4967 1019 5033 diantibus
1061 4968 1472 5034 sacramentis
1507 4967 1719 5034 influit
1762 4968 1962 5034 vitam
2002 4971 2074 5034 in
2113 4970 2238 5035 alia

699 5075 986 5139 membra
1026 5075 1307 5158 corporis
1346 5074 1617 5158 mystici.
1664 5073 1742 5138 Et
1774 5077 1898 5140 hoc
1937 5081 2035 5141 est
2062 5078 2236 5160 quod

697 5180 958 5245 dicitur-⁸
983 5204 999 5246 :
1022 5181 1318 5251 Ostendit
1337 5182 1504 5249 mihi
1526 5183 1806 5264 fluvium
1830 5199 2016 5266 aquoe
2042 5186 2234 5263 view,

697 5284 1053 5369 splendidos
1086 5296 1396 5372 tanquam
1428 5289 1805 5372 crystallum
1821 5335 1840 5365 ‚
1890 5291 2237 5374 proceden-

766 5451 775 5477 ·
810 5446 985 5510 Eccli„
1014 5461 1062 5512 ι,
1090 5451 1140 5499 8.
1166 5474 1226 5488 -
1250 5450 1273 5484 ²
1298 5448 1434 5500 Psal.
1461 5461 1585 5513 ην,
1613 5450 1662 5499 5.
1690 5474 1753 5486 -
1779 5448 1801 5484 ⁸
1821 5449 1957 5516 Luc„
1985 5462 2119 5516 xm,
2148 5456 2229 5504 27.

700 5539 765 5556 -·
790 5520 813 5555 δ
850 5518 983 5573 real.
1011 5531 1207 5586 amu,
1240 5524 1316 5573 12.
1349 5547 1413 5559 —
1448 5522 1468 5553 ⁸
1500 5521 1672 5586 Apum,
1700 5531 1832 5585 xxii,
1858 5524 1906 5572 2.
1942 5547 2004 5561 —
2039 5525 2234 5591 ntus„

2357 680 2577 749 temde
2599 679 2746 747 sede
2769 680 2881 747 Dei
2898 679 3708 763 etApniinmedioptateae
3729 682 3898 764 ejus.

2354 787 2626 853 Flavius
2651 787 2883 853 dieitur
2904 787 3290 870 dispensatio
3315 794 3895 868 sacramentorum

2355 895 2468 959 sed
2492 894 2874 977 splendidus
2902 899 3211 977 tanquam
3236 894 3607 978 crystallus,
3634 899 3900 979 propter

2354 1001 2704 1066 claritatem
2751 1005 2816 1067 et
2861 1001 3135 1066 nitorem
3156 1050 3180 1080 ,
3232 1018 3429 1084 quem
3482 1002 3791 1085 relinquit
3833 1003 3905 1066 in

2354 1109 2691 1174 animabus
2721 1127 2872 1192 quae
2910 1110 2982 1173 in
3009 1109 3132 1173 hoc
3155 1109 3422 1174 flumine
3467 1109 3898 1191 baptizantur.

2355 1216 2595 1281 Dicitur
2620 1219 2839 1281 autem
2881 1217 3128 1298 fluvius
3152 1233 3338 1298 aquae
3379 1217 3547 1282 vivoe
3563 1263 3585 1296 ‚
3635 1221 3903 1299 propter

2354 1323 2699 1387 efficaciam
2740 1324 2969 1406 gratiae
2989 1372 3010 1402 ,
3058 1341 3206 1407 quae
3256 1324 3541 1388 vivificat
3581 1324 3898 1388 animam.

2355 1429 2434 1494 Et
2458 1430 2687 1496 dicitur
2709 1430 3040 1513 procedere
3067 1447 3109 1497 a
3135 1429 3281 1497 sede
3302 1432 3414 1497 Dei
3441 1436 3502 1497 et
3528 1432 3712 1514 aqut,
3741 1433 3906 1515 quia

2354 1538 2826 1602 sacramentalis
2852 1538 3060 1620 gratia
3095 1543 3193 1602 est
3218 1555 3366 1619 quae
3391 1538 3674 1620 procedit
3701 1558 3742 1602 a
3771 1538 3906 1604 Deo

2354 1649 2659 1726 tanquam
2702 1644 2784 1709 ab
2829 1650 3041 1709 actore
3084 1646 3167 1727 (b)
3211 1649 3275 1709 et
3316 1644 3624 1710 efficiente
3643 1691 3661 1720 ‚
3701 1646 3818 1709 sed
3866 1664 3909 1710 a

2354 1750 2601 1817 Christo
2622 1758 2928 1836 tanquam
2947 1772 2988 1817 a
3008 1753 3351 1818 mediatore
3365 1758 3433 1818 et
3450 1760 3863 1837 promerente
3886 1776 3904 1818 :

2357 1863 2608 1942 propter
2652 1860 2827 1942 quod
2874 1860 3174 1925 dicuntur
3225 1861 3444 1925 omnia
3500 1867 3909 1926 sacramenta

2353 1967 2589 2031 habere
2623 1967 2969 2032 efficaciam
3007 1987 3049 2032 a
3086 1967 3372 2049 passione
3408 1969 3663 2034 Christi.
3717 1967 3908 2033 Unde

2352 2076 2704 2140 secundum
2740 2075 3185 2158 Augustinum
3212 2076 3256 2155 ⁸,
3299 2076 3377 2140 de
3418 2076 3612 2141 latere
3661 2076 3908 2141 Christi

2354 2182 2725 2248 dormientis
2750 2183 3083 2248 fluxerunt
3110 2188 3531 2263 sacramenta,
3555 2184 3715 2249 dum
3750 2184 3909 2249 inde

2352 2291 2543 2355 fluxit
2569 2291 2840 2372 sanguis
2865 2294 2929 2356 et
2948 2308 3118 2373 aqua
3144 2290 3214 2354 in
3240 2291 3450 2356 medio
3474 2291 3700 2374 plateae
3728 2294 3908 2373 ejus,

2353 2399 2419 2464 id
2445 2402 2540 2464 est
2567 2397 2896 2478 Ecclesiae,
2928 2417 3075 2482 qua».
3106 2402 3204 2463 est
3237 2416 3467 2481 corpus
3504 2399 3856 2481 mysticum
3880 2447 3901 2475 ‚

2352 2510 2426 2571 ut
2453 2524 2568 2588 per
2593 2525 2746 2571 eum
2774 2506 3137 2572 vivificatur
3164 2507 3266 2589 (c).

2433 2615 2724 2680 Secundo
2765 2619 3024 2679 notatur
3058 2614 3250 2681 Verbi
3286 2614 3598 2678 incarnati
3622 2632 3907 2697 praesen-

2351 2723 2461 2801 tia,
2484 2740 2633 2787 cum
2659 2722 2913 2787 subdit:
2940 2723 3166 2798 Stetit,
3187 2722 3252 2786 id
3272 2725 3389 2800 est,
3415 2721 3908 2805 praesentialiter

2349 2830 2518 2893 inter
2556 2847 2674 2893 vos
2714 2829 2857 2893 fuit.
2909 2828 3092 2894 Stetit
3141 2833 3356 2894 autem
3403 2827 3690 2894 Christus
3729 2830 3907 2894 inter

2351 2936 2644 3000 homines
2658 2984 2679 3016 ‚
2730 2937 2941 3018 primo
2963 2984 2981 3014 ,
3027 2941 3104 3000 ut
3145 2936 3432 3018 pontifex
3475 2937 3901 3002 clementissi-

2352 3059 2499 3107 mus
2516 3090 2533 3119 ,
2578 3043 2659 3107 ad
2699 3042 3120 3125 purgandum
3156 3042 3592 3125 delinquentes
3629 3061 3673 3106 a
3725 3045 3904 3110 malo

2352 3149 2594 3233 culpae3
2626 3149 2903 3214 secundo
2919 3196 2939 3229 ,
2982 3152 3059 3214 ut
3093 3150 3311 3214 doctor
3348 3149 3856 3232 sapientissimus
3876 3200 3901 3232 ,

2351 3257 2432 3321 ad
2458 3257 2955 3322 illuminandum
2978 3258 3177 3322 verbo
3195 3257 3532 3334 doctrinae3
3562 3258 3751 3323 tertio
3770 3307 3792 3338 ,
3823 3264 3907 3323 ut

2354 3381 2474 3428 rex
2498 3363 2980 3446 potentissimus
2999 3412 3016 3444 ‚
3051 3364 3132 3428 ad
3157 3364 3560 3430 liberandum
3586 3365 3907 3449 impoten-

2353 3477 2449 3536 tes
2475 3490 2514 3535 a
2543 3472 2711 3535 malo
2735 3489 2980 3554 poenae,
3001 3477 3067 3536 et
3090 3472 3520 3537 inducendum
3549 3474 3630 3539 ad
3647 3474 3905 3541 bonum

2355 3579 2604 3662 gloriae.
2636 3577 2742 3643 Sic
2765 3578 3054 3643 Christus
3070 3626 3088 3655 ‚
3110 3583 3416 3662 tanquam
3439 3579 3741 3646 Mediator
3764 3585 3905 3647 sus-

2351 3687 2569 3751 flciens
2613 3692 2677 3749 et
2728 3703 2923 3750 verus
2970 3685 3239 3766 angelus
3292 3688 3447 3751 novi
3489 3691 3852 3754 testamenti
3877 3740 3898 3771 ,

2350 3795 2577 3858 habuit
2593 3799 2724 3857 tres
2740 3796 2920 3857 actus
2943 3792 3369 3862 hierarchicos
3384 3793 3454 3856 in
3476 3794 3902 3862 ecclesiastica

2348 3900 2738 3980 hierarchia,
2786 3899 3026 3964 scilieet
3072 3923 3088 3964 ε
3146 3917 3428 3983 purgare
3447 3948 3466 3979 ,
3512 3920 3627 3983 per
3665 3904 3896 3986 expia-

2346 4010 2588 4073 tionem
2615 4007 2848 4091 culpae3
2885 4006 3249 4071 illuminare
3263 4055 3281 4085 ,
3322 4024 3437 4090 per
3465 4008 3896 4076 eruditionem

2346 4116 2683 4193 doctrinae3
2713 4119 2779 4178 et
2804 4115 3066 4178 reficere
3083 4131 3200 4197 per
3220 4114 3642 4179 remotionem
3671 4135 3894 4199 poenae

2348 4227 2412 4287 et
2436 4221 2834 4286 collationem
2864 4221 3118 4302 gloriae.
3149 4220 3365 4285 Primo
3391 4223 3563 4286 stetit
3586 4226 3660 4287 ut
3684 4228 3898 4306 ponti-

2346 4330 2453 4394 fex
2510 4328 3039 4393 clementissimus
3091 4328 3172 4393 ad
3231 4330 3647 4410 purgandum
3694 4330 3899 4395 delin-

2346 4441 2610 4519 quentes
2651 4454 2691 4499 a
2730 4434 2899 4499 malo
2942 4434 3170 4517 culpae.
3207 4434 3384 4500 Unde
3407 4436 3473 4499 ⁷:
3512 4437 3643 4519 Ερο
3668 4443 3766 4504 sto
3803 4439 3900 4506 ad

2347 4544 2583 4612 ostium
2623 4550 2684 4610 et
2731 4544 2918 4625 pulso
2971 4565 2997 4608 .·
3046 4546 3108 4609 si
3154 4546 3304 4625 quis
3353 4542 3643 4612 audierit
3687 4562 3896 4614 vocem

2346 4672 2550 4723 meam
2568 4702 2585 4736 ‚
2606 4661 2663 4723 et
2691 4658 3019 4737 aperuerit
3045 4655 3214 4722 mihi
3231 4704 3252 4734 ,
3285 4656 3538 4724 intrabo
3561 4657 3652 4723 ad
3677 4657 3891 4737 illum,

2347 4770 2410 4830 et
2435 4764 2692 4831 eoenabo
2735 4780 2882 4830 eum
2927 4779 3020 4831 eo.
3070 4765 3209 4847 qu
3229 4759 3272 4843 ,'
3297 4764 3529 4829 scilicet
3567 4764 3852 4832 Christus
3870 4817 3889 4847 ,

2345 4879 2444 4938 sto
2466 4871 2557 4938 ad
2586 4873 2825 4938 ostium
2852 4871 3062 4936 cordis
3109 4871 3310 4936 clausi
3341 4890 3455 4954 per
3500 4873 3734 4955 peccati
3777 4875 3894 4940 de-

2344 4977 2766 5056 lectationem,
2791 4982 2853 5041 et
2869 4977 3056 5060 pulso
3076 4995 3189 5060 per
3205 4978 3519 5043 internam
3536 4980 3893 5048 vocationis
3975 5061 3982 5064 ,

2344 5085 2860 5168 inspirationem,
2909 5103 3107 5167 quam
3137 5083 3228 5166 (d)
3273 5085 3501 5168 loquor
3541 5086 3622 5150 ad
3666 5086 3891 5154 unius·

2343 5194 2657 5275 cuiusque
2705 5192 3046 5275 peccatoris
3094 5211 3226 5257 cor.
3292 5192 3365 5260 Si
3405 5196 3551 5275 quis
3598 5193 3891 5266 audierit

2344 5385 2504 5447 sent„
2531 5392 2751 5434 cccxxix
2760 5396 2777 5444 3
2808 5382 2862 5431 in
2888 5380 3052 5439 Joan„
3089 5384 3239 5432 tract.
3280 5393 3368 5445 xv,
3399 5394 3457 5432 n.
3484 5381 3532 5432 8.
3563 5407 3624 5420 —
3658 5382 3682 5418 ‘¹
3711 5385 3887 5448 apoc„

2345 5466 2399 5517 v,
2441 5457 2519 5506 20.
2561 5479 2625 5491 —
2664 5453 2732 5516 (α)
2779 5454 2888 5515 Leq.
2935 5451 3182 5503 veritatis.
3205 5479 3267 5492 —
3310 5452 3378 5517 (b)
3406 5453 3524 5518 Leq.
3560 5457 3795 5506 austere.
3820 5482 3884 5494 —

2348 5526 2410 5590 (c)
2437 5525 2859 5577 vivificaretur.—
2875 5523 2945 5589 (d)
2962 5536 3140 5589 quum.
