<?xml version="1.0" encoding="UTF-8"?>
<!DOCTYPE html PUBLIC "-//W3C//DTD XHTML 1.0 Transitional//EN"
    "http://www.w3.org/TR/xhtml1/DTD/xhtml1-transitional.dtd">
<html xmlns="http://www.w3.org/1999/xhtml" xml:lang="en" lang="en">
 <head>
  <title>
</title>
<meta http-equiv="Content-Type" content="text/html;charset=utf-8" />
  <meta name='ocr-system' content='tesseract 3.04.00' />
  <meta name='ocr-capabilities' content='ocr_page ocr_carea ocr_par ocr_line ocrx_word'/>
</head>
<body>
  <div class='ocr_page' id='page_1' title='image "./srecardinalissb02peltgoog_0447.png"; bbox 0 0 4059 6317; ppageno 0'>
   <div class='ocr_carea' id='block_1_1' title="bbox 933 491 2768 572">
    <p class='ocr_par' dir='ltr' id='par_1_1' title="bbox 933 491 2768 572">
     <span class='ocr_line' id='line_1_1' title="bbox 933 491 2768 572; baseline -0.004 -3"><span class='ocrx_word' id='word_1_1' title='bbox 933 502 1314 572; x_wconf 84' lang='lat' dir='ltr'><strong>DOMINICA</strong></span> <span class='ocrx_word' id='word_1_2' title='bbox 1348 497 1457 570; x_wconf 80' lang='lat' dir='ltr'><strong>xll</strong></span> <span class='ocrx_word' id='word_1_3' title='bbox 1499 497 1693 566; x_wconf 87' lang='lat' dir='ltr'>POST</span> <span class='ocrx_word' id='word_1_4' title='bbox 1735 491 2319 564; x_wconf 80' lang='lat' dir='ltr'><strong>PENTEGOSTEN.</strong></span> <span class='ocrx_word' id='word_1_5' title='bbox 2361 495 2624 563; x_wconf 84' lang='lat' dir='ltr'>SERMO</span> <span class='ocrx_word' id='word_1_6' title='bbox 2666 496 2768 563; x_wconf 83' lang='lat' dir='ltr'><strong>lv.</strong></span> 
     </span>
    </p>
   </div>
   <div class='ocr_carea' id='block_1_2' title="bbox 197 630 1812 5240">
    <p class='ocr_par' dir='ltr' id='par_1_2' title="bbox 253 630 1793 1243">
     <span class='ocr_line' id='line_1_2' title="bbox 255 630 1784 716; baseline -0.005 -11"><span class='ocrx_word' id='word_1_7' title='bbox 255 639 504 716; x_wconf 72' lang='lat' dir='ltr'><strong>tutaris,</strong></span> <span class='ocrx_word' id='word_1_8' title='bbox 530 642 596 703; x_wconf 82' lang='lat' dir='ltr'><strong>et</strong></span> <span class='ocrx_word' id='word_1_9' title='bbox 616 638 686 703; x_wconf 84' lang='lat' dir='ltr'><strong>in</strong></span> <span class='ocrx_word' id='word_1_10' title='bbox 710 641 954 704; x_wconf 73' lang='lat' dir='ltr'><strong>tantam</strong></span> <span class='ocrx_word' id='word_1_11' title='bbox 973 630 1377 705; x_wconf 83' lang='lat' dir='ltr'><strong>&#39;sterilitatem</strong></span> <span class='ocrx_word' id='word_1_12' title='bbox 1416 642 1606 704; x_wconf 80' lang='lat' dir='ltr'><strong>terrae</strong></span> <span class='ocrx_word' id='word_1_13' title='bbox 1641 653 1784 700; x_wconf 88' lang='lat' dir='ltr'><strong>cor-</strong></span> 
     </span>
     <span class='ocr_line' id='line_1_3' title="bbox 253 744 1793 831; baseline -0.003 -20"><span class='ocrx_word' id='word_1_14' title='bbox 253 747 511 831; x_wconf 79' lang='lat' dir='ltr'><strong>poralis,</strong></span> <span class='ocrx_word' id='word_1_15' title='bbox 539 750 772 811; x_wconf 86' lang='lat' dir='ltr'><strong>utnon</strong></span> <span class='ocrx_word' id='word_1_16' title='bbox 797 745 1008 811; x_wconf 79' lang='lat' dir='ltr'><strong>valeat</strong></span> <span class='ocrx_word' id='word_1_17' title='bbox 1039 747 1120 827; x_wconf 87' lang='lat' dir='ltr'><strong>(a)</strong></span> <span class='ocrx_word' id='word_1_18' title='bbox 1162 748 1413 812; x_wconf 89' lang='lat' dir='ltr'><strong>ratione</strong></span> <span class='ocrx_word' id='word_1_19' title='bbox 1453 744 1793 830; x_wconf 75' lang='lat' dir='ltr'>tepiditatis</span> 
     </span>
     <span class='ocr_line' id='line_1_4' title="bbox 255 851 1788 940; baseline -0.004 -20"><span class='ocrx_word' id='word_1_20' title='bbox 255 859 319 920; x_wconf 83' lang='lat' dir='ltr'><strong>et</strong></span> <span class='ocrx_word' id='word_1_21' title='bbox 343 854 630 940; x_wconf 81' lang='lat' dir='ltr'><strong>ignaviae</strong></span> <span class='ocrx_word' id='word_1_22' title='bbox 655 853 924 919; x_wconf 84' lang='lat' dir='ltr'><strong>educere</strong></span> <span class='ocrx_word' id='word_1_23' title='bbox 948 854 1026 919; x_wconf 89' lang='lat' dir='ltr'><strong>de</strong></span> <span class='ocrx_word' id='word_1_24' title='bbox 1048 873 1127 920; x_wconf 90' lang='lat' dir='ltr'><strong>ea</strong></span> <span class='ocrx_word' id='word_1_25' title='bbox 1149 873 1384 938; x_wconf 89' lang='lat' dir='ltr'><strong>panem</strong></span> <span class='ocrx_word' id='word_1_26' title='bbox 1409 854 1563 920; x_wconf 85' lang='lat' dir='ltr'><strong>vitae</strong></span> <span class='ocrx_word' id='word_1_27' title='bbox 1589 856 1653 917; x_wconf 86' lang='lat' dir='ltr'><strong>et</strong></span> <span class='ocrx_word' id='word_1_28' title='bbox 1681 851 1788 915; x_wconf 91' lang='lat' dir='ltr'><strong>in-</strong></span> 
     </span>
     <span class='ocr_line' id='line_1_5' title="bbox 257 961 1789 1046; baseline -0.003 -17"><span class='ocrx_word' id='word_1_29' title='bbox 257 963 567 1042; x_wconf 80' lang='lat' dir='ltr'><strong>tellectus,</strong></span> <span class='ocrx_word' id='word_1_30' title='bbox 595 961 830 1046; x_wconf 81' lang='lat' dir='ltr'><strong>quihus</strong></span> <span class='ocrx_word' id='word_1_31' title='bbox 858 963 1144 1028; x_wconf 86' lang='lat' dir='ltr'><strong>nutritur</strong></span> <span class='ocrx_word' id='word_1_32' title='bbox 1168 965 1406 1042; x_wconf 87' lang='lat' dir='ltr'><strong>anima,</strong></span> <span class='ocrx_word' id='word_1_33' title='bbox 1436 967 1654 1027; x_wconf 87' lang='lat' dir='ltr'><strong>tamen</strong></span> <span class='ocrx_word' id='word_1_34' title='bbox 1679 977 1789 1024; x_wconf 90' lang='lat' dir='ltr'><strong>re-</strong></span> 
     </span>
     <span class='ocr_line' id='line_1_6' title="bbox 255 1066 1793 1155; baseline -0.001 -21"><span class='ocrx_word' id='word_1_35' title='bbox 255 1074 484 1155; x_wconf 85' lang='lat' dir='ltr'><strong>putant</strong></span> <span class='ocrx_word' id='word_1_36' title='bbox 505 1074 642 1134; x_wconf 83' lang='lat' dir='ltr'><strong>tam</strong></span> <span class='ocrx_word' id='word_1_37' title='bbox 667 1066 1098 1135; x_wconf 74' lang='lat' dir='ltr'><strong>defectuosum</strong></span> <span class='ocrx_word' id='word_1_38' title='bbox 1126 1074 1361 1137; x_wconf 88' lang='lat' dir='ltr'><strong>statum</strong></span> <span class='ocrx_word' id='word_1_39' title='bbox 1405 1070 1614 1154; x_wconf 78' lang='lat' dir='ltr'><strong>culpae</strong></span> <span class='ocrx_word' id='word_1_40' title='bbox 1636 1115 1655 1146; x_wconf 91' lang='lat'><strong>,</strong></span> <span class='ocrx_word' id='word_1_41' title='bbox 1685 1084 1793 1150; x_wconf 88' lang='lat' dir='ltr'><strong>op-</strong></span> 
     </span>
     <span class='ocr_line' id='line_1_7' title="bbox 256 1180 514 1243; baseline -0.008 0"><span class='ocrx_word' id='word_1_42' title='bbox 256 1180 514 1243; x_wconf 89' lang='lat' dir='ltr'><strong>timum.</strong></span> 
     </span>
    </p>

    <p class='ocr_par' dir='ltr' id='par_1_3' title="bbox 255 1281 1812 3201">
     <span class='ocr_line' id='line_1_8' title="bbox 334 1281 1797 1352; baseline -0.003 -2"><span class='ocrx_word' id='word_1_43' title='bbox 334 1284 548 1351; x_wconf 80' lang='lat' dir='ltr'><strong>Tertio</strong></span> <span class='ocrx_word' id='word_1_44' title='bbox 587 1286 816 1352; x_wconf 84' lang='lat' dir='ltr'><strong>dicitur</strong></span> <span class='ocrx_word' id='word_1_45' title='bbox 859 1287 1058 1352; x_wconf 86' lang='lat' dir='ltr'><strong>homo</strong></span> <span class='ocrx_word' id='word_1_46' title='bbox 1103 1286 1497 1352; x_wconf 80' lang='lat' dir='ltr'><strong>descendisse</strong></span> <span class='ocrx_word' id='word_1_47' title='bbox 1525 1284 1597 1348; x_wconf 89' lang='lat' dir='ltr'><strong>in</strong></span> <span class='ocrx_word' id='word_1_48' title='bbox 1642 1281 1797 1349; x_wconf 70' lang='lat' dir='ltr'><strong>leri-</strong></span> 
     </span>
     <span class='ocr_line' id='line_1_9' title="bbox 258 1391 1795 1478; baseline -0.005 -20"><span class='ocrx_word' id='word_1_49' title='bbox 258 1392 405 1469; x_wconf 83' lang='lat' dir='ltr'><strong>cbo,</strong></span> <span class='ocrx_word' id='word_1_50' title='bbox 432 1411 581 1457; x_wconf 87' lang='lat' dir='ltr'><strong>cum</strong></span> <span class='ocrx_word' id='word_1_51' title='bbox 607 1394 896 1477; x_wconf 87' lang='lat' dir='ltr'><strong>peccavit</strong></span> <span class='ocrx_word' id='word_1_52' title='bbox 910 1443 931 1474; x_wconf 99' lang='lat'><strong>,</strong></span> <span class='ocrx_word' id='word_1_53' title='bbox 978 1395 1130 1478; x_wconf 84' lang='lat' dir='ltr'><strong>quia</strong></span> <span class='ocrx_word' id='word_1_54' title='bbox 1170 1391 1441 1458; x_wconf 83' lang='lat' dir='ltr'>incurrit</span> <span class='ocrx_word' id='word_1_55' title='bbox 1479 1391 1795 1456; x_wconf 83' lang='lat' dir='ltr'><strong>defectum</strong></span> 
     </span>
     <span class='ocr_line' id='line_1_10' title="bbox 255 1496 1795 1579; baseline -0.004 -15"><span class='ocrx_word' id='word_1_56' title='bbox 255 1499 614 1566; x_wconf 67' lang='lat' dir='ltr'><strong>timiditatis</strong></span> <span class='ocrx_word' id='word_1_57' title='bbox 665 1505 730 1565; x_wconf 88' lang='lat' dir='ltr'><strong>et</strong></span> <span class='ocrx_word' id='word_1_58' title='bbox 781 1501 1225 1566; x_wconf 66' lang='lat' dir='ltr'><strong>inconstantiae</strong></span> <span class='ocrx_word' id='word_1_59' title='bbox 1275 1499 1356 1563; x_wconf 90' lang='lat' dir='ltr'><strong>ad</strong></span> <span class='ocrx_word' id='word_1_60' title='bbox 1409 1496 1795 1579; x_wconf 79' lang='lat' dir='ltr'><strong>fugiendum</strong></span> 
     </span>
     <span class='ocr_line' id='line_1_11' title="bbox 258 1599 1798 1688; baseline -0.001 -17"><span class='ocrx_word' id='word_1_61' title='bbox 258 1606 528 1672; x_wconf 89' lang='lat' dir='ltr'><strong>malum.</strong></span> <span class='ocrx_word' id='word_1_62' title='bbox 559 1606 737 1673; x_wconf 87' lang='lat' dir='ltr'><strong>Unde</strong></span> <span class='ocrx_word' id='word_1_63' title='bbox 761 1608 831 1671; x_wconf 88' lang='lat' dir='ltr'><strong>in</strong></span> <span class='ocrx_word' id='word_1_64' title='bbox 851 1608 1072 1688; x_wconf 82' lang='lat' dir='ltr'><strong>figura</strong></span> <span class='ocrx_word' id='word_1_65' title='bbox 1097 1607 1330 1671; x_wconf 88' lang='lat' dir='ltr'><strong>dicitur</strong></span> <span class='ocrx_word' id='word_1_66' title='bbox 1354 1608 1374 1642; x_wconf 85' lang='lat'>¹</span> <span class='ocrx_word' id='word_1_67' title='bbox 1409 1624 1426 1669; x_wconf 73' lang='grc' dir='ltr'><strong>ε</strong></span> <span class='ocrx_word' id='word_1_68' title='bbox 1461 1599 1798 1685; x_wconf 70' lang='lat' dir='ltr'><strong>ceperum-</strong></span> 
     </span>
     <span class='ocr_line' id='line_1_12' title="bbox 257 1714 1794 1798; baseline -0.004 -17"><span class='ocrx_word' id='word_1_69' title='bbox 257 1732 380 1798; x_wconf 81' lang='lat' dir='ltr'><strong>que</strong></span> <span class='ocrx_word' id='word_1_70' title='bbox 402 1716 732 1783; x_wconf 68' lang='lat' dir='ltr'><strong>deitatem</strong></span> <span class='ocrx_word' id='word_1_71' title='bbox 757 1715 1010 1782; x_wconf 75' lang='lat' dir='ltr'><strong>lev-icho</strong></span> <span class='ocrx_word' id='word_1_72' title='bbox 1032 1764 1048 1794; x_wconf 92' lang='lat'><strong>,</strong></span> <span class='ocrx_word' id='word_1_73' title='bbox 1087 1718 1147 1781; x_wconf 79' lang='lat' dir='ltr'><strong>et</strong></span> <span class='ocrx_word' id='word_1_74' title='bbox 1180 1714 1637 1794; x_wconf 75' lang='lat' dir='ltr'><strong>interfecerunt</strong></span> <span class='ocrx_word' id='word_1_75' title='bbox 1663 1726 1794 1776; x_wconf 88' lang='lat' dir='ltr'><strong>om·</strong></span> 
     </span>
     <span class='ocr_line' id='line_1_13' title="bbox 257 1819 1798 1905; baseline -0.001 -19"><span class='ocrx_word' id='word_1_76' title='bbox 257 1823 401 1902; x_wconf 72' lang='lat' dir='ltr'><strong>nia,</strong></span> <span class='ocrx_word' id='word_1_77' title='bbox 431 1819 575 1905; x_wconf 79' lang='lat' dir='ltr'><strong>quoe</strong></span> <span class='ocrx_word' id='word_1_78' title='bbox 598 1829 784 1889; x_wconf 73' lang='lat' dir='ltr'><strong>erant</strong></span> <span class='ocrx_word' id='word_1_79' title='bbox 809 1824 887 1889; x_wconf 78' lang='lat' dir='ltr'><strong>in</strong></span> <span class='ocrx_word' id='word_1_80' title='bbox 913 1838 1012 1889; x_wconf 82' lang='lat' dir='ltr'><strong>ea.</strong></span> <span class='ocrx_word' id='word_1_81' title='bbox 1043 1820 1122 1886; x_wconf 88' lang='lat' dir='ltr'><strong>Et</strong></span> <span class='ocrx_word' id='word_1_82' title='bbox 1147 1822 1436 1904; x_wconf 84' lang='lat' dir='ltr'><strong>seqnitur</strong></span> <span class='ocrx_word' id='word_1_83' title='bbox 1459 1822 1484 1856; x_wconf 78' lang='lat'>²</span> <span class='ocrx_word' id='word_1_84' title='bbox 1516 1841 1531 1884; x_wconf 71' lang='grc' dir='ltr'><strong>ε</strong></span> <span class='ocrx_word' id='word_1_85' title='bbox 1573 1820 1798 1900; x_wconf 78' lang='lat' dir='ltr'><strong>Depre—</strong></span> 
     </span>
     <span class='ocr_line' id='line_1_14' title="bbox 257 1928 1796 1997; baseline -0.003 0"><span class='ocrx_word' id='word_1_86' title='bbox 257 1935 445 1997; x_wconf 70' lang='lat' dir='ltr'><strong>catus</strong></span> <span class='ocrx_word' id='word_1_87' title='bbox 471 1936 565 1997; x_wconf 78' lang='lat' dir='ltr'><strong>est</strong></span> <span class='ocrx_word' id='word_1_88' title='bbox 585 1930 773 1997; x_wconf 77' lang='lat' dir='ltr'><strong>Josue</strong></span> <span class='ocrx_word' id='word_1_89' title='bbox 800 1929 1017 1996; x_wconf 73' lang='lat' dir='ltr'><strong>dicens</strong></span> <span class='ocrx_word' id='word_1_90' title='bbox 1048 1949 1074 1992; x_wconf 81' lang='lat'><strong>.-</strong></span> <span class='ocrx_word' id='word_1_91' title='bbox 1104 1928 1522 1995; x_wconf 75' lang='lat' dir='ltr'><strong>Maledicemr</strong></span> <span class='ocrx_word' id='word_1_92' title='bbox 1546 1928 1656 1992; x_wconf 79' lang='lat' dir='ltr'><strong>vir</strong></span> <span class='ocrx_word' id='word_1_93' title='bbox 1692 1941 1796 1992; x_wconf 83' lang='lat' dir='ltr'><strong>co-</strong></span> 
     </span>
     <span class='ocr_line' id='line_1_15' title="bbox 259 2033 1801 2121; baseline -0.001 -17"><span class='ocrx_word' id='word_1_94' title='bbox 259 2053 407 2105; x_wconf 81' lang='lat' dir='ltr'><strong>ram</strong></span> <span class='ocrx_word' id='word_1_95' title='bbox 439 2038 731 2118; x_wconf 61' lang='lat' dir='ltr'><strong>umine,</strong></span> <span class='ocrx_word' id='word_1_96' title='bbox 764 2040 881 2121; x_wconf 65' lang='lat' dir='ltr'><strong>qui</strong></span> <span class='ocrx_word' id='word_1_97' title='bbox 907 2038 1327 2105; x_wconf 73' lang='lat' dir='ltr'><strong>suscitaverit</strong></span> <span class='ocrx_word' id='word_1_98' title='bbox 1352 2042 1414 2103; x_wconf 80' lang='lat' dir='ltr'><strong>et</strong></span> <span class='ocrx_word' id='word_1_99' title='bbox 1435 2033 1801 2115; x_wconf 78' lang='lat' dir='ltr'><strong>oedificave-</strong></span> 
     </span>
     <span class='ocr_line' id='line_1_16' title="bbox 262 2142 1800 2226; baseline -0.002 -13"><span class='ocrx_word' id='word_1_100' title='bbox 262 2148 358 2213; x_wconf 75' lang='lat' dir='ltr'><strong>rit</strong></span> <span class='ocrx_word' id='word_1_101' title='bbox 382 2145 656 2212; x_wconf 74' lang='lat' dir='ltr'><strong>Iericho.</strong></span> <span class='ocrx_word' id='word_1_102' title='bbox 706 2142 868 2221; x_wconf 84' lang='lat' dir='ltr'><strong>Quia</strong></span> <span class='ocrx_word' id='word_1_103' title='bbox 891 2142 1109 2209; x_wconf 89' lang='lat' dir='ltr'><strong>omnia</strong></span> <span class='ocrx_word' id='word_1_104' title='bbox 1134 2144 1158 2181; x_wconf 85' lang='lat'>⁸</span> <span class='ocrx_word' id='word_1_105' title='bbox 1183 2144 1635 2226; x_wconf 61' lang='lat' dir='ltr'><strong>contingebant</strong></span> <span class='ocrx_word' id='word_1_106' title='bbox 1659 2143 1800 2210; x_wconf 71' lang='lat' dir='ltr'><strong>‘illis</strong></span> 
     </span>
     <span class='ocr_line' id='line_1_17' title="bbox 263 2250 1793 2336; baseline -0.004 -16"><span class='ocrx_word' id='word_1_107' title='bbox 263 2256 341 2320; x_wconf 73' lang='lat' dir='ltr'><strong>in</strong></span> <span class='ocrx_word' id='word_1_108' title='bbox 368 2253 605 2336; x_wconf 60' lang='lat' dir='ltr'><strong>nytera,</strong></span> <span class='ocrx_word' id='word_1_109' title='bbox 633 2252 778 2317; x_wconf 87' lang='lat' dir='ltr'><strong>ideo</strong></span> <span class='ocrx_word' id='word_1_110' title='bbox 822 2252 984 2317; x_wconf 88' lang='lat' dir='ltr'><strong>sicut</strong></span> <span class='ocrx_word' id='word_1_111' title='bbox 1025 2251 1131 2316; x_wconf 88' lang='lat' dir='ltr'><strong>isti</strong></span> <span class='ocrx_word' id='word_1_112' title='bbox 1171 2251 1511 2315; x_wconf 84' lang='lat' dir='ltr'><strong>existentes</strong></span> <span class='ocrx_word' id='word_1_113' title='bbox 1549 2251 1621 2314; x_wconf 88' lang='lat' dir='ltr'><strong>in</strong></span> <span class='ocrx_word' id='word_1_114' title='bbox 1646 2250 1793 2316; x_wconf 84' lang='lat' dir='ltr'><strong>Jeri-</strong></span> 
     </span>
     <span class='ocr_line' id='line_1_18' title="bbox 261 2358 1803 2443; baseline -0.004 -15"><span class='ocrx_word' id='word_1_115' title='bbox 261 2363 389 2428; x_wconf 82' lang='lat' dir='ltr'><strong>cho</strong></span> <span class='ocrx_word' id='word_1_116' title='bbox 413 2379 545 2426; x_wconf 89' lang='lat' dir='ltr'><strong>non</strong></span> <span class='ocrx_word' id='word_1_117' title='bbox 572 2360 916 2426; x_wconf 79' lang='lat' dir='ltr'><strong>valuerunt</strong></span> <span class='ocrx_word' id='word_1_118' title='bbox 940 2360 1234 2425; x_wconf 86' lang='lat' dir='ltr'><strong>resistere</strong></span> <span class='ocrx_word' id='word_1_119' title='bbox 1259 2376 1395 2443; x_wconf 76' lang='lat' dir='ltr'><strong>prae</strong></span> <span class='ocrx_word' id='word_1_120' title='bbox 1422 2358 1624 2423; x_wconf 88' lang='lat' dir='ltr'><strong>nimia</strong></span> <span class='ocrx_word' id='word_1_121' title='bbox 1643 2358 1803 2442; x_wconf 85' lang='lat' dir='ltr'><strong>tepi-</strong></span> 
     </span>
     <span class='ocr_line' id='line_1_19' title="bbox 261 2467 1812 2548; baseline -0.004 -13"><span class='ocrx_word' id='word_1_122' title='bbox 261 2470 457 2535; x_wconf 85' lang='lat' dir='ltr'><strong>ditate</strong></span> <span class='ocrx_word' id='word_1_123' title='bbox 484 2473 547 2534; x_wconf 89' lang='lat' dir='ltr'><strong>et</strong></span> <span class='ocrx_word' id='word_1_124' title='bbox 571 2468 928 2548; x_wconf 73' lang='lat' dir='ltr'><strong>timiditate,</strong></span> <span class='ocrx_word' id='word_1_125' title='bbox 961 2485 1081 2532; x_wconf 89' lang='lat' dir='ltr'><strong>nec</strong></span> <span class='ocrx_word' id='word_1_126' title='bbox 1106 2468 1333 2548; x_wconf 77' lang='lat' dir='ltr'><strong>fugere</strong></span> <span class='ocrx_word' id='word_1_127' title='bbox 1352 2515 1369 2546; x_wconf 90' lang='lat'>‚</span> <span class='ocrx_word' id='word_1_128' title='bbox 1400 2470 1473 2531; x_wconf 90' lang='lat' dir='ltr'><strong>ut</strong></span> <span class='ocrx_word' id='word_1_129' title='bbox 1514 2484 1648 2530; x_wconf 88' lang='lat' dir='ltr'><strong>non</strong></span> <span class='ocrx_word' id='word_1_130' title='bbox 1695 2467 1812 2530; x_wconf 81' lang='lat' dir='ltr'><strong>in-·</strong></span> 
     </span>
     <span class='ocr_line' id='line_1_20' title="bbox 263 2574 1804 2658; baseline -0.003 -16"><span class='ocrx_word' id='word_1_131' title='bbox 263 2578 724 2655; x_wconf 70' lang='lat' dir='ltr'><strong>tei-ficerentur,</strong></span> <span class='ocrx_word' id='word_1_132' title='bbox 754 2576 844 2640; x_wconf 83' lang='lat' dir='ltr'><strong>sic</strong></span> <span class='ocrx_word' id='word_1_133' title='bbox 869 2578 1227 2658; x_wconf 84' lang='lat' dir='ltr'><strong>peccatores</strong></span> <span class='ocrx_word' id='word_1_134' title='bbox 1239 2575 1514 2639; x_wconf 85' lang='lat' dir='ltr'><strong>finaliter</strong></span> <span class='ocrx_word' id='word_1_135' title='bbox 1534 2574 1804 2639; x_wconf 84' lang='lat' dir='ltr'><strong>existen-</strong></span> 
     </span>
     <span class='ocr_line' id='line_1_21' title="bbox 262 2682 1805 2767; baseline -0.003 -16"><span class='ocrx_word' id='word_1_136' title='bbox 262 2689 361 2751; x_wconf 85' lang='lat' dir='ltr'><strong>tes</strong></span> <span class='ocrx_word' id='word_1_137' title='bbox 382 2685 452 2748; x_wconf 90' lang='lat' dir='ltr'><strong>in</strong></span> <span class='ocrx_word' id='word_1_138' title='bbox 475 2688 652 2749; x_wconf 81' lang='lat' dir='ltr'><strong>statu</strong></span> <span class='ocrx_word' id='word_1_139' title='bbox 674 2684 934 2767; x_wconf 83' lang='lat' dir='ltr'><strong>peccati,</strong></span> <span class='ocrx_word' id='word_1_140' title='bbox 964 2683 1216 2748; x_wconf 85' lang='lat' dir='ltr'><strong>ratione</strong></span> <span class='ocrx_word' id='word_1_141' title='bbox 1241 2686 1430 2765; x_wconf 82' lang='lat' dir='ltr'><strong>cujus</strong></span> <span class='ocrx_word' id='word_1_142' title='bbox 1455 2687 1702 2747; x_wconf 89' lang='lat' dir='ltr'><strong>tantam</strong></span> <span class='ocrx_word' id='word_1_143' title='bbox 1729 2682 1805 2746; x_wconf 85' lang='lat' dir='ltr'><strong>ti-</strong></span> 
     </span>
     <span class='ocr_line' id='line_1_22' title="bbox 261 2789 1806 2866; baseline -0.002 -10"><span class='ocrx_word' id='word_1_144' title='bbox 261 2792 617 2857; x_wconf 70' lang='lat' dir='ltr'><strong>miditatem</strong></span> <span class='ocrx_word' id='word_1_145' title='bbox 669 2796 735 2856; x_wconf 87' lang='lat' dir='ltr'><strong>et</strong></span> <span class='ocrx_word' id='word_1_146' title='bbox 776 2789 1264 2856; x_wconf 81' lang='lat' dir='ltr'><strong>inconstantiam</strong></span> <span class='ocrx_word' id='word_1_147' title='bbox 1312 2789 1683 2866; x_wconf 82' lang='lat' dir='ltr'><strong>incurrunt,</strong></span> <span class='ocrx_word' id='word_1_148' title='bbox 1734 2794 1806 2854; x_wconf 91' lang='lat' dir='ltr'><strong>ut</strong></span> 
     </span>
     <span class='ocr_line' id='line_1_23' title="bbox 261 2896 1804 2982; baseline -0.002 -17"><span class='ocrx_word' id='word_1_149' title='bbox 261 2919 396 2966; x_wconf 87' lang='lat' dir='ltr'><strong>non</strong></span> <span class='ocrx_word' id='word_1_150' title='bbox 418 2902 677 2965; x_wconf 78' lang='lat' dir='ltr'><strong>‘valeant</strong></span> <span class='ocrx_word' id='word_1_151' title='bbox 699 2901 931 2982; x_wconf 64' lang='lat' dir='ltr'><strong>tingere</strong></span> <span class='ocrx_word' id='word_1_152' title='bbox 973 2899 1220 2964; x_wconf 84' lang='lat' dir='ltr'><strong>malum</strong></span> <span class='ocrx_word' id='word_1_153' title='bbox 1270 2898 1509 2982; x_wconf 76' lang='lat' dir='ltr'><strong>cnlpae,</strong></span> <span class='ocrx_word' id='word_1_154' title='bbox 1556 2901 1621 2962; x_wconf 86' lang='lat' dir='ltr'><strong>et</strong></span> <span class='ocrx_word' id='word_1_155' title='bbox 1660 2896 1804 2962; x_wconf 90' lang='lat' dir='ltr'><strong>ideo</strong></span> 
     </span>
     <span class='ocr_line' id='line_1_24' title="bbox 255 3005 1806 3091; baseline -0.002 -18"><span class='ocrx_word' id='word_1_156' title='bbox 255 3010 438 3091; x_wconf 71' lang='lat' dir='ltr'><strong>justo</strong></span> <span class='ocrx_word' id='word_1_157' title='bbox 461 3007 572 3073; x_wconf 77' lang='lat' dir='ltr'><strong>Dei</strong></span> <span class='ocrx_word' id='word_1_158' title='bbox 593 3008 837 3091; x_wconf 75' lang='lat' dir='ltr'><strong>judicio</strong></span> <span class='ocrx_word' id='word_1_159' title='bbox 873 3007 1240 3090; x_wconf 86' lang='lat' dir='ltr'><strong>puniuntur</strong></span> <span class='ocrx_word' id='word_1_160' title='bbox 1272 3007 1440 3071; x_wconf 85' lang='lat' dir='ltr'><strong>malo</strong></span> <span class='ocrx_word' id='word_1_161' title='bbox 1481 3005 1806 3071; x_wconf 84' lang='lat' dir='ltr'><strong>infernalis</strong></span> 
     </span>
     <span class='ocr_line' id='line_1_25' title="bbox 261 3134 1044 3201; baseline -0.005 -19"><span class='ocrx_word' id='word_1_162' title='bbox 261 3134 500 3201; x_wconf 74' lang='lat' dir='ltr'><strong>poenae.</strong></span> <span class='ocrx_word' id='word_1_163' title='bbox 1037 3135 1044 3140; x_wconf 90' lang='lat'><strong>·</strong></span> 
     </span>
    </p>

    <p class='ocr_par' dir='ltr' id='par_1_4' title="bbox 197 3222 1807 5240">
     <span class='ocr_line' id='line_1_26' title="bbox 345 3222 1801 3307; baseline -0.002 -18"><span class='ocrx_word' id='word_1_164' title='bbox 345 3222 644 3289; x_wconf 83' lang='lat' dir='ltr'><strong>Tertioin</strong></span> <span class='ocrx_word' id='word_1_165' title='bbox 668 3224 867 3289; x_wconf 75' lang='lat' dir='ltr'><strong>verbo</strong></span> <span class='ocrx_word' id='word_1_166' title='bbox 899 3225 1222 3307; x_wconf 87' lang='lat' dir='ltr'><strong>proposito</strong></span> <span class='ocrx_word' id='word_1_167' title='bbox 1257 3222 1640 3302; x_wconf 54' lang='lat' dir='ltr'><strong>‚describitur</strong></span> <span class='ocrx_word' id='word_1_168' title='bbox 1666 3223 1801 3305; x_wconf 91' lang='lat' dir='ltr'><strong>pri-</strong></span> 
     </span>
     <span class='ocr_line' id='line_1_27' title="bbox 265 3328 1807 3413; baseline -0.003 -16"><span class='ocrx_word' id='word_1_169' title='bbox 265 3347 415 3397; x_wconf 88' lang='lat' dir='ltr'><strong>mus</strong></span> <span class='ocrx_word' id='word_1_170' title='bbox 435 3348 666 3408; x_wconf 82' lang='lat' dir='ltr'><strong>parens</strong></span> <span class='ocrx_word' id='word_1_171' title='bbox 705 3334 1022 3413; x_wconf 85' lang='lat' dir='ltr'><strong>qnantum</strong></span> <span class='ocrx_word' id='word_1_172' title='bbox 1068 3331 1147 3396; x_wconf 86' lang='lat' dir='ltr'><strong>ad</strong></span> <span class='ocrx_word' id='word_1_173' title='bbox 1191 3330 1498 3395; x_wconf 89' lang='lat' dir='ltr'><strong>damnum</strong></span> <span class='ocrx_word' id='word_1_174' title='bbox 1537 3328 1807 3413; x_wconf 85' lang='lat' dir='ltr'><strong>poenalis</strong></span> 
     </span>
     <span class='ocr_line' id='line_1_28' title="bbox 268 3437 1801 3518; baseline 0 -14"><span class='ocrx_word' id='word_1_175' title='bbox 268 3439 563 3518; x_wconf 69' lang='lat' dir='ltr'><strong>miserim,</strong></span> <span class='ocrx_word' id='word_1_176' title='bbox 594 3455 745 3503; x_wconf 85' lang='lat' dir='ltr'><strong>cum</strong></span> <span class='ocrx_word' id='word_1_177' title='bbox 767 3438 1083 3504; x_wconf 68' lang='lat' dir='ltr'><strong>subintel-t</strong></span> <span class='ocrx_word' id='word_1_178' title='bbox 1105 3461 1120 3503; x_wconf 91' lang='lat'>:</span> <span class='ocrx_word' id='word_1_179' title='bbox 1147 3437 1394 3506; x_wconf 71' lang='lat' dir='ltr'><strong>Incidit</strong></span> <span class='ocrx_word' id='word_1_180' title='bbox 1416 3440 1493 3504; x_wconf 78' lang='lat' dir='ltr'><strong>in</strong></span> <span class='ocrx_word' id='word_1_181' title='bbox 1512 3438 1801 3515; x_wconf 81' lang='lat' dir='ltr'><strong>latrones,</strong></span> 
     </span>
     <span class='ocr_line' id='line_1_29' title="bbox 265 3544 1806 3630; baseline -0.003 -18"><span class='ocrx_word' id='word_1_182' title='bbox 265 3547 334 3612; x_wconf 89' lang='lat' dir='ltr'><strong>id</strong></span> <span class='ocrx_word' id='word_1_183' title='bbox 381 3551 480 3612; x_wconf 85' lang='lat' dir='ltr'><strong>est</strong></span> <span class='ocrx_word' id='word_1_184' title='bbox 530 3547 885 3626; x_wconf 63' lang='lat' dir='ltr'><strong>daemones,</strong></span> <span class='ocrx_word' id='word_1_185' title='bbox 942 3546 1095 3630; x_wconf 84' lang='lat' dir='ltr'><strong>quia</strong></span> <span class='ocrx_word' id='word_1_186' title='bbox 1149 3545 1504 3611; x_wconf 86' lang='lat' dir='ltr'><strong>intulerunt</strong></span> <span class='ocrx_word' id='word_1_187' title='bbox 1559 3544 1619 3609; x_wconf 91' lang='lat' dir='ltr'><strong>ei</strong></span> <span class='ocrx_word' id='word_1_188' title='bbox 1682 3544 1806 3608; x_wconf 87' lang='lat' dir='ltr'><strong>tria</strong></span> 
     </span>
     <span class='ocr_line' id='line_1_30' title="bbox 266 3653 1804 3737; baseline -0.003 -17"><span class='ocrx_word' id='word_1_189' title='bbox 266 3655 504 3721; x_wconf 82' lang='lat' dir='ltr'><strong>damna</strong></span> <span class='ocrx_word' id='word_1_190' title='bbox 552 3675 568 3718; x_wconf 71' lang='grc' dir='ltr'><strong>ε</strong></span> <span class='ocrx_word' id='word_1_191' title='bbox 614 3671 770 3718; x_wconf 86' lang='lat' dir='ltr'><strong>nam</strong></span> <span class='ocrx_word' id='word_1_192' title='bbox 823 3654 1034 3737; x_wconf 87' lang='lat' dir='ltr'><strong>primo</strong></span> <span class='ocrx_word' id='word_1_193' title='bbox 1087 3653 1606 3737; x_wconf 77' lang='lat' dir='ltr'><strong>despoliaverunt</strong></span> <span class='ocrx_word' id='word_1_194' title='bbox 1652 3669 1804 3717; x_wconf 88' lang='lat' dir='ltr'><strong>eum</strong></span> 
     </span>
     <span class='ocr_line' id='line_1_31' title="bbox 264 3760 1806 3846; baseline -0.002 -20"><span class='ocrx_word' id='word_1_195' title='bbox 264 3762 565 3846; x_wconf 80' lang='lat' dir='ltr'><strong>gratuitis</strong></span> <span class='ocrx_word' id='word_1_196' title='bbox 586 3761 970 3840; x_wconf 76' lang='lat' dir='ltr'><strong>virtutibus;</strong></span> <span class='ocrx_word' id='word_1_197' title='bbox 1003 3760 1279 3827; x_wconf 79' lang='lat' dir='ltr'><strong>secundo</strong></span> <span class='ocrx_word' id='word_1_198' title='bbox 1297 3760 1806 3825; x_wconf 87' lang='lat' dir='ltr'><strong>vulneraverunt</strong></span> 
     </span>
     <span class='ocr_line' id='line_1_32' title="bbox 261 3867 1798 3953; baseline -0.002 -18"><span class='ocrx_word' id='word_1_199' title='bbox 261 3886 414 3935; x_wconf 71' lang='lat' dir='ltr'><strong>etim</strong></span> <span class='ocrx_word' id='word_1_200' title='bbox 444 3869 513 3933; x_wconf 88' lang='lat' dir='ltr'><strong>in</strong></span> <span class='ocrx_word' id='word_1_201' title='bbox 540 3868 840 3953; x_wconf 85' lang='lat' dir='ltr'><strong>potentiis</strong></span> <span class='ocrx_word' id='word_1_202' title='bbox 867 3867 1304 3948; x_wconf 75' lang='lat' dir='ltr'><strong>naturalibus3</strong></span> <span class='ocrx_word' id='word_1_203' title='bbox 1351 3868 1540 3934; x_wconf 74' lang='lat' dir='ltr'><strong>tertio</strong></span> <span class='ocrx_word' id='word_1_204' title='bbox 1575 3867 1798 3932; x_wconf 89' lang='lat' dir='ltr'><strong>debili·</strong></span> 
     </span>
     <span class='ocr_line' id='line_1_33' title="bbox 266 3976 1803 4059; baseline -0.001 -17"><span class='ocrx_word' id='word_1_205' title='bbox 266 3981 562 4045; x_wconf 84' lang='lat' dir='ltr'><strong>taverunt</strong></span> <span class='ocrx_word' id='word_1_206' title='bbox 587 3995 738 4042; x_wconf 90' lang='lat' dir='ltr'><strong>eum</strong></span> <span class='ocrx_word' id='word_1_207' title='bbox 765 3976 835 4040; x_wconf 90' lang='lat' dir='ltr'><strong>in</strong></span> <span class='ocrx_word' id='word_1_208' title='bbox 869 3976 1300 4059; x_wconf 80' lang='lat' dir='ltr'><strong>potentiarum</strong></span> <span class='ocrx_word' id='word_1_209' title='bbox 1341 3977 1621 4054; x_wconf 85' lang='lat' dir='ltr'><strong>viribus,</strong></span> <span class='ocrx_word' id='word_1_210' title='bbox 1651 3993 1803 4040; x_wconf 85' lang='lat' dir='ltr'><strong>cum</strong></span> 
     </span>
     <span class='ocr_line' id='line_1_34' title="bbox 263 4082 1806 4167; baseline -0.001 -18"><span class='ocrx_word' id='word_1_211' title='bbox 263 4086 650 4150; x_wconf 71' lang='lat' dir='ltr'><strong>sentivivum</strong></span> <span class='ocrx_word' id='word_1_212' title='bbox 675 4082 1096 4167; x_wconf 81' lang='lat' dir='ltr'><strong>reliquerunt.</strong></span> <span class='ocrx_word' id='word_1_213' title='bbox 1137 4082 1262 4148; x_wconf 88' lang='lat' dir='ltr'><strong>Sed</strong></span> <span class='ocrx_word' id='word_1_214' title='bbox 1288 4088 1509 4147; x_wconf 85' lang='lat' dir='ltr'><strong>contra</strong></span> <span class='ocrx_word' id='word_1_215' title='bbox 1536 4084 1654 4147; x_wconf 88' lang='lat' dir='ltr'><strong>ista</strong></span> <span class='ocrx_word' id='word_1_216' title='bbox 1683 4083 1806 4148; x_wconf 84' lang='lat' dir='ltr'><strong>tria</strong></span> 
     </span>
     <span class='ocr_line' id='line_1_35' title="bbox 263 4190 1806 4257; baseline -0.002 0"><span class='ocrx_word' id='word_1_217' title='bbox 263 4192 502 4257; x_wconf 84' lang='lat' dir='ltr'><strong>damna</strong></span> <span class='ocrx_word' id='word_1_218' title='bbox 525 4191 649 4256; x_wconf 84' lang='lat' dir='ltr'><strong>tria</strong></span> <span class='ocrx_word' id='word_1_219' title='bbox 682 4192 845 4257; x_wconf 89' lang='lat' dir='ltr'><strong>bona</strong></span> <span class='ocrx_word' id='word_1_220' title='bbox 892 4190 1184 4256; x_wconf 76' lang='lat' dir='ltr'><strong>adhibuit</strong></span> <span class='ocrx_word' id='word_1_221' title='bbox 1223 4207 1417 4256; x_wconf 85' lang='lat' dir='ltr'><strong>verus</strong></span> <span class='ocrx_word' id='word_1_222' title='bbox 1453 4191 1806 4256; x_wconf 83' lang='lat' dir='ltr'><strong>Samarita-</strong></span> 
     </span>
     <span class='ocr_line' id='line_1_36' title="bbox 267 4297 1798 4365; baseline -0.003 0"><span class='ocrx_word' id='word_1_223' title='bbox 267 4317 394 4365; x_wconf 85' lang='lat' dir='ltr'><strong>nus</strong></span> <span class='ocrx_word' id='word_1_224' title='bbox 434 4302 500 4363; x_wconf 89' lang='lat' dir='ltr'><strong>et</strong></span> <span class='ocrx_word' id='word_1_225' title='bbox 530 4303 743 4364; x_wconf 79' lang='lat' dir='ltr'><strong>custos</strong></span> <span class='ocrx_word' id='word_1_226' title='bbox 787 4297 1095 4362; x_wconf 83' lang='lat' dir='ltr'><strong>Dominus</strong></span> <span class='ocrx_word' id='word_1_227' title='bbox 1135 4301 1351 4362; x_wconf 88' lang='lat' dir='ltr'><strong>noster</strong></span> <span class='ocrx_word' id='word_1_228' title='bbox 1387 4297 1571 4363; x_wconf 84' lang='lat' dir='ltr'><strong>Jesus</strong></span> <span class='ocrx_word' id='word_1_229' title='bbox 1619 4298 1798 4363; x_wconf 87' lang='lat' dir='ltr'><strong>Chri·</strong></span> 
     </span>
     <span class='ocr_line' id='line_1_37' title="bbox 264 4403 1800 4487; baseline -0.001 -16"><span class='ocrx_word' id='word_1_230' title='bbox 264 4412 446 4471; x_wconf 80' lang='lat' dir='ltr'><strong>stus:</strong></span> <span class='ocrx_word' id='word_1_231' title='bbox 475 4422 628 4470; x_wconf 81' lang='lat' dir='ltr'><strong>nam</strong></span> <span class='ocrx_word' id='word_1_232' title='bbox 656 4404 888 4487; x_wconf 76' lang='lat' dir='ltr'><strong>primo,</strong></span> <span class='ocrx_word' id='word_1_233' title='bbox 922 4406 1148 4468; x_wconf 87' lang='lat' dir='ltr'><strong>contra</strong></span> <span class='ocrx_word' id='word_1_234' title='bbox 1187 4403 1651 4486; x_wconf 77' lang='lat' dir='ltr'><strong>spoliationem,</strong></span> <span class='ocrx_word' id='word_1_235' title='bbox 1681 4405 1800 4470; x_wconf 85' lang='lat' dir='ltr'><strong>tri-</strong></span> 
     </span>
     <span class='ocr_line' id='line_1_38' title="bbox 265 4509 1802 4592; baseline 0.001 -15"><span class='ocrx_word' id='word_1_236' title='bbox 265 4513 408 4578; x_wconf 84' lang='lat' dir='ltr'><strong>buit</strong></span> <span class='ocrx_word' id='word_1_237' title='bbox 428 4514 878 4578; x_wconf 60' lang='lat' dir='ltr'><strong>&amp;numentum</strong></span> <span class='ocrx_word' id='word_1_238' title='bbox 902 4511 1130 4592; x_wconf 81' lang='lat' dir='ltr'><strong>gratiae</strong></span> <span class='ocrx_word' id='word_1_239' title='bbox 1151 4509 1221 4574; x_wconf 91' lang='lat' dir='ltr'><strong>in</strong></span> <span class='ocrx_word' id='word_1_240' title='bbox 1237 4511 1697 4590; x_wconf 79' lang='lat' dir='ltr'><strong>incarnatione,</strong></span> <span class='ocrx_word' id='word_1_241' title='bbox 1721 4514 1802 4579; x_wconf 86' lang='lat' dir='ltr'><strong>ad</strong></span> 
     </span>
     <span class='ocr_line' id='line_1_39' title="bbox 259 4616 1798 4702; baseline 0.001 -18"><span class='ocrx_word' id='word_1_242' title='bbox 259 4618 681 4685; x_wconf 76' lang='lat' dir='ltr'><strong>deoerandam</strong></span> <span class='ocrx_word' id='word_1_243' title='bbox 707 4616 988 4682; x_wconf 87' lang='lat' dir='ltr'><strong>animam</strong></span> <span class='ocrx_word' id='word_1_244' title='bbox 1013 4617 1257 4682; x_wconf 89' lang='lat' dir='ltr'><strong>nudam</strong></span> <span class='ocrx_word' id='word_1_245' title='bbox 1302 4623 1365 4683; x_wconf 90' lang='lat' dir='ltr'><strong>et</strong></span> <span class='ocrx_word' id='word_1_246' title='bbox 1405 4619 1754 4685; x_wconf 84' lang='lat' dir='ltr'><strong>deformem</strong></span> <span class='ocrx_word' id='word_1_247' title='bbox 1781 4640 1798 4702; x_wconf 92' lang='lat'>;</span> 
     </span>
     <span class='ocr_line' id='line_1_40' title="bbox 259 4725 1805 4807; baseline 0 -15"><span class='ocrx_word' id='word_1_248' title='bbox 259 4726 546 4792; x_wconf 83' lang='lat' dir='ltr'><strong>secundo</strong></span> <span class='ocrx_word' id='word_1_249' title='bbox 561 4773 580 4806; x_wconf 91' lang='lat'><strong>,</strong></span> <span class='ocrx_word' id='word_1_250' title='bbox 638 4729 858 4790; x_wconf 79' lang='lat' dir='ltr'><strong>eontra</strong></span> <span class='ocrx_word' id='word_1_251' title='bbox 915 4725 1459 4807; x_wconf 76' lang='lat' dir='ltr'><strong>vulnerationem,</strong></span> <span class='ocrx_word' id='word_1_252' title='bbox 1513 4727 1805 4793; x_wconf 84' lang='lat' dir='ltr'><strong>adhibuit</strong></span> 
     </span>
     <span class='ocr_line' id='line_1_41' title="bbox 263 4833 1802 4917; baseline -0.001 -17"><span class='ocrx_word' id='word_1_253' title='bbox 263 4834 798 4900; x_wconf 71' lang='lat' dir='ltr'><strong>medicamentum</strong></span> <span class='ocrx_word' id='word_1_254' title='bbox 824 4833 1278 4899; x_wconf 66' lang='lat' dir='ltr'><strong>misericordiae</strong></span> <span class='ocrx_word' id='word_1_255' title='bbox 1297 4835 1362 4898; x_wconf 90' lang='lat' dir='ltr'><strong>in</strong></span> <span class='ocrx_word' id='word_1_256' title='bbox 1376 4834 1692 4917; x_wconf 85' lang='lat' dir='ltr'><strong>passione,</strong></span> <span class='ocrx_word' id='word_1_257' title='bbox 1721 4835 1802 4899; x_wconf 88' lang='lat' dir='ltr'><strong>ad</strong></span> 
     </span>
     <span class='ocr_line' id='line_1_42' title="bbox 263 4940 1800 5023; baseline -0.001 -16"><span class='ocrx_word' id='word_1_258' title='bbox 263 4941 611 5007; x_wconf 77' lang='lat' dir='ltr'><strong>sanandam</strong></span> <span class='ocrx_word' id='word_1_259' title='bbox 658 4940 942 5006; x_wconf 87' lang='lat' dir='ltr'><strong>animam</strong></span> <span class='ocrx_word' id='word_1_260' title='bbox 980 4941 1332 5006; x_wconf 85' lang='lat' dir='ltr'><strong>sanciatam</strong></span> <span class='ocrx_word' id='word_1_261' title='bbox 1375 4946 1440 5007; x_wconf 88' lang='lat' dir='ltr'><strong>et</strong></span> <span class='ocrx_word' id='word_1_262' title='bbox 1479 4941 1800 5023; x_wconf 87' lang='lat' dir='ltr'><strong>languen-</strong></span> 
     </span>
     <span class='ocr_line' id='line_1_43' title="bbox 261 5047 1803 5130; baseline 0 -16"><span class='ocrx_word' id='word_1_263' title='bbox 261 5052 437 5130; x_wconf 83' lang='lat' dir='ltr'><strong>tem3</strong></span> <span class='ocrx_word' id='word_1_264' title='bbox 467 5048 933 5129; x_wconf 73' lang='lat' dir='ltr'><strong>tertit›,contra</strong></span> <span class='ocrx_word' id='word_1_265' title='bbox 957 5047 1452 5114; x_wconf 72' lang='lat' dir='ltr'><strong>debihtationem</strong></span> <span class='ocrx_word' id='word_1_266' title='bbox 1470 5096 1491 5127; x_wconf 99' lang='lat'><strong>,</strong></span> <span class='ocrx_word' id='word_1_267' title='bbox 1535 5048 1803 5114; x_wconf 88' lang='lat' dir='ltr'><strong>contulit</strong></span> 
     </span>
     <span class='ocr_line' id='line_1_44' title="bbox 197 5155 1802 5240; baseline -0.001 -16"><span class='ocrx_word' id='word_1_268' title='bbox 197 5173 209 5184; x_wconf 91' lang='grc'><em>·</em></span> <span class='ocrx_word' id='word_1_269' title='bbox 266 5157 658 5240; x_wconf 78' lang='lat' dir='ltr'><strong>vehiculum,</strong></span> <span class='ocrx_word' id='word_1_270' title='bbox 687 5158 827 5224; x_wconf 84' lang='lat' dir='ltr'><strong>sive</strong></span> <span class='ocrx_word' id='word_1_271' title='bbox 853 5155 1244 5240; x_wconf 87' lang='lat' dir='ltr'><strong>adjutorium</strong></span> <span class='ocrx_word' id='word_1_272' title='bbox 1270 5157 1570 5240; x_wconf 81' lang='lat' dir='ltr'><strong>potentiae</strong></span> <span class='ocrx_word' id='word_1_273' title='bbox 1596 5157 1664 5221; x_wconf 89' lang='lat' dir='ltr'><strong>in</strong></span> <span class='ocrx_word' id='word_1_274' title='bbox 1691 5175 1802 5223; x_wconf 88' lang='lat' dir='ltr'><strong>re-</strong></span> 
     </span>
    </p>
   </div>
   <div class='ocr_carea' id='block_1_3' title="bbox 268 5352 1803 5568">
    <p class='ocr_par' dir='ltr' id='par_1_5' title="bbox 268 5352 1803 5568">
     <span class='ocr_line' id='line_1_45' title="bbox 330 5352 1803 5419; baseline 0 -15"><span class='ocrx_word' id='word_1_275' title='bbox 330 5356 348 5389; x_wconf 84' lang='lat'><strong>¹</strong></span> <span class='ocrx_word' id='word_1_276' title='bbox 372 5355 497 5417; x_wconf 69' lang='lat' dir='ltr'><strong>lot„</strong></span> <span class='ocrx_word' id='word_1_277' title='bbox 535 5364 618 5416; x_wconf 77' lang='lat' dir='ltr'><strong>vr,</strong></span> <span class='ocrx_word' id='word_1_278' title='bbox 652 5357 731 5406; x_wconf 73' lang='lat'><strong>2¹.</strong></span> <span class='ocrx_word' id='word_1_279' title='bbox 766 5377 829 5392; x_wconf 91' lang='lat'><em>-</em></span> <span class='ocrx_word' id='word_1_280' title='bbox 863 5352 1063 5417; x_wconf 81' lang='lat' dir='ltr'><strong>²1bid.,</strong></span> <span class='ocrx_word' id='word_1_281' title='bbox 1097 5355 1176 5405; x_wconf 79' lang='lat'><strong>26.</strong></span> <span class='ocrx_word' id='word_1_282' title='bbox 1203 5378 1267 5392; x_wconf 90' lang='lat'><strong>--</strong></span> <span class='ocrx_word' id='word_1_283' title='bbox 1303 5353 1327 5390; x_wconf 84' lang='lat'>⁸</span> <span class='ocrx_word' id='word_1_284' title='bbox 1353 5353 1375 5403; x_wconf 87' lang='lat'>1</span> <span class='ocrx_word' id='word_1_285' title='bbox 1405 5353 1541 5409; x_wconf 74' lang='lat' dir='ltr'><strong>Cor..</strong></span> <span class='ocrx_word' id='word_1_286' title='bbox 1571 5369 1635 5419; x_wconf 84' lang='lat' dir='ltr'><strong>x,</strong></span> <span class='ocrx_word' id='word_1_287' title='bbox 1663 5360 1709 5407; x_wconf 84' lang='grc'><strong>6.</strong></span> <span class='ocrx_word' id='word_1_288' title='bbox 1738 5383 1803 5397; x_wconf 89' lang='lat'><strong>--</strong></span> 
     </span>
     <span class='ocr_line' id='line_1_46' title="bbox 268 5424 1801 5491; baseline 0.003 -15"><span class='ocrx_word' id='word_1_289' title='bbox 268 5426 291 5460; x_wconf 63' lang='grc' dir='ltr'>δ</span> <span class='ocrx_word' id='word_1_290' title='bbox 317 5424 531 5490; x_wconf 66' lang='lat' dir='ltr'><strong>Philip„</strong></span> <span class='ocrx_word' id='word_1_291' title='bbox 571 5429 726 5490; x_wconf 70' lang='lat'><strong>{1,.8.</strong></span> <span class='ocrx_word' id='word_1_292' title='bbox 759 5451 822 5464; x_wconf 93' lang='lat'>-</span> <span class='ocrx_word' id='word_1_293' title='bbox 859 5426 878 5457; x_wconf 79' lang='lat'>⁵</span> <span class='ocrx_word' id='word_1_294' title='bbox 911 5425 1046 5487; x_wconf 66' lang='lat' dir='ltr'><strong>Luc„</strong></span> <span class='ocrx_word' id='word_1_295' title='bbox 1083 5438 1148 5488; x_wconf 76' lang='lat' dir='ltr'><strong>x,</strong></span> <span class='ocrx_word' id='word_1_296' title='bbox 1183 5426 1261 5474; x_wconf 75' lang='lat'><strong>34.</strong></span> <span class='ocrx_word' id='word_1_297' title='bbox 1294 5447 1348 5461; x_wconf 84' lang='lat'><strong>--</strong></span> <span class='ocrx_word' id='word_1_298' title='bbox 1392 5428 1422 5464; x_wconf 20' lang='grc' dir='ltr'><strong>Ἀ</strong></span> <span class='ocrx_word' id='word_1_299' title='bbox 1456 5428 1520 5477; x_wconf 79' lang='lat' dir='ltr'><strong>lv</strong></span> <span class='ocrx_word' id='word_1_300' title='bbox 1560 5428 1716 5491; x_wconf 65' lang='lat' dir='ltr'><strong>Seni„</strong></span> <span class='ocrx_word' id='word_1_301' title='bbox 1747 5430 1801 5486; x_wconf 85' lang='lat' dir='ltr'><strong>in</strong></span> 
     </span>
     <span class='ocr_line' id='line_1_47' title="bbox 271 5496 1676 5568; baseline 0.001 -18"><span class='ocrx_word' id='word_1_302' title='bbox 271 5497 495 5550; x_wconf 82' lang='lat' dir='ltr'><strong>Prooem.</strong></span> <span class='ocrx_word' id='word_1_303' title='bbox 522 5497 636 5549; x_wconf 82' lang='lat' dir='ltr'><strong>vid.</strong></span> <span class='ocrx_word' id='word_1_304' title='bbox 667 5496 771 5568; x_wconf 80' lang='lat' dir='ltr'><strong>huj.</strong></span> <span class='ocrx_word' id='word_1_305' title='bbox 802 5496 923 5548; x_wconf 85' lang='lat' dir='ltr'><strong>edit.</strong></span> <span class='ocrx_word' id='word_1_306' title='bbox 952 5502 1079 5548; x_wconf 83' lang='lat' dir='ltr'><strong>tom.</strong></span> <span class='ocrx_word' id='word_1_307' title='bbox 1116 5496 1177 5558; x_wconf 84' lang='lat' dir='ltr'><strong>V,</strong></span> <span class='ocrx_word' id='word_1_308' title='bbox 1205 5508 1324 5566; x_wconf 80' lang='lat' dir='ltr'><strong>pag.</strong></span> <span class='ocrx_word' id='word_1_309' title='bbox 1354 5498 1465 5560; x_wconf 68' lang='lat'><strong>241,</strong></span> <span class='ocrx_word' id='word_1_310' title='bbox 1496 5498 1593 5548; x_wconf 81' lang='lat' dir='ltr'><strong>col.</strong></span> <span class='ocrx_word' id='word_1_311' title='bbox 1629 5504 1676 5552; x_wconf 71' lang='lat'><strong>23.</strong></span> 
     </span>
    </p>
   </div>
   <div class='ocr_carea' id='block_1_4' title="bbox 1895 501 3454 5565">
    <p class='ocr_par' dir='ltr' id='par_1_6' title="bbox 1895 501 3454 5565">
     <span class='ocr_line' id='line_1_48' title="bbox 3316 501 3435 571; baseline 0 0"><span class='ocrx_word' id='word_1_312' title='bbox 3316 501 3435 571; x_wconf 63' lang='lat'><strong>40⁸!</strong></span> 
     </span>
     <span class='ocr_line' id='line_1_49' title="bbox 1898 621 3437 704; baseline 0.005 -7"><span class='ocrx_word' id='word_1_313' title='bbox 1898 633 2287 699; x_wconf 82' lang='lat' dir='ltr'><strong>surrectione</strong></span> <span class='ocrx_word' id='word_1_314' title='bbox 2329 634 2412 698; x_wconf 88' lang='lat' dir='ltr'><strong>ad</strong></span> <span class='ocrx_word' id='word_1_315' title='bbox 2450 634 2875 700; x_wconf 79' lang='lat' dir='ltr'><strong>roborandam</strong></span> <span class='ocrx_word' id='word_1_316' title='bbox 2920 635 3202 701; x_wconf 82' lang='lat' dir='ltr'><strong>animam</strong></span> <span class='ocrx_word' id='word_1_317' title='bbox 3236 621 3437 704; x_wconf 72' lang='lat' dir='ltr'><strong>eadn-</strong></span> 
     </span>
     <span class='ocr_line' id='line_1_50' title="bbox 1896 740 3436 813; baseline 0.005 -8"><span class='ocrx_word' id='word_1_318' title='bbox 1896 760 2038 806; x_wconf 86' lang='lat' dir='ltr'><strong>cam</strong></span> <span class='ocrx_word' id='word_1_319' title='bbox 2066 745 2131 806; x_wconf 90' lang='lat' dir='ltr'><strong>et</strong></span> <span class='ocrx_word' id='word_1_320' title='bbox 2148 741 2442 806; x_wconf 79' lang='lat' dir='ltr'><strong>debilem.</strong></span> <span class='ocrx_word' id='word_1_321' title='bbox 2474 740 2551 806; x_wconf 89' lang='lat' dir='ltr'><strong>Et</strong></span> <span class='ocrx_word' id='word_1_322' title='bbox 2576 740 2716 806; x_wconf 85' lang='lat' dir='ltr'><strong>haec</strong></span> <span class='ocrx_word' id='word_1_323' title='bbox 2740 742 2959 807; x_wconf 80' lang='lat' dir='ltr'><strong>omnia</strong></span> <span class='ocrx_word' id='word_1_324' title='bbox 2984 742 3327 810; x_wconf 74' lang='lat' dir='ltr'><strong>eliciuntur</strong></span> <span class='ocrx_word' id='word_1_325' title='bbox 3353 763 3436 813; x_wconf 85' lang='lat' dir='ltr'><strong>ex</strong></span> 
     </span>
     <span class='ocr_line' id='line_1_51' title="bbox 1895 849 3432 933; baseline 0.005 -21"><span class='ocrx_word' id='word_1_326' title='bbox 1895 849 2036 931; x_wconf 89' lang='lat' dir='ltr'><strong>ipso</strong></span> <span class='ocrx_word' id='word_1_327' title='bbox 2056 853 2271 928; x_wconf 83' lang='lat' dir='ltr'><strong>textu,</strong></span> <span class='ocrx_word' id='word_1_328' title='bbox 2303 850 2419 933; x_wconf 86' lang='lat' dir='ltr'><strong>qui</strong></span> <span class='ocrx_word' id='word_1_329' title='bbox 2446 866 2663 915; x_wconf 89' lang='lat' dir='ltr'><strong>secum</strong></span> <span class='ocrx_word' id='word_1_330' title='bbox 2690 853 2897 932; x_wconf 89' lang='lat' dir='ltr'><strong>portat</strong></span> <span class='ocrx_word' id='word_1_331' title='bbox 2944 853 3432 933; x_wconf 84' lang='lat' dir='ltr'><strong>expositionem.</strong></span> 
     </span>
     <span class='ocr_line' id='line_1_52' title="bbox 1899 955 3438 1043; baseline 0.003 -22"><span class='ocrx_word' id='word_1_332' title='bbox 1899 955 2062 1021; x_wconf 87' lang='lat' dir='ltr'><strong>Nam</strong></span> <span class='ocrx_word' id='word_1_333' title='bbox 2089 975 2357 1039; x_wconf 86' lang='lat' dir='ltr'><strong>persona</strong></span> <span class='ocrx_word' id='word_1_334' title='bbox 2392 957 2686 1040; x_wconf 89' lang='lat' dir='ltr'><strong>indigens</strong></span> <span class='ocrx_word' id='word_1_335' title='bbox 2712 976 2794 1021; x_wconf 83' lang='lat' dir='ltr'><strong>ex</strong></span> <span class='ocrx_word' id='word_1_336' title='bbox 2818 958 3075 1023; x_wconf 84' lang='lat' dir='ltr'><strong>miseria</strong></span> <span class='ocrx_word' id='word_1_337' title='bbox 3109 965 3203 1026; x_wconf 88' lang='lat' dir='ltr'><strong>est</strong></span> <span class='ocrx_word' id='word_1_338' title='bbox 3226 978 3438 1043; x_wconf 82' lang='lat' dir='ltr'><strong>genus</strong></span> 
     </span>
     <span class='ocr_line' id='line_1_53' title="bbox 1898 1064 3436 1150; baseline 0.003 -21"><span class='ocrx_word' id='word_1_339' title='bbox 1898 1064 2282 1144; x_wconf 89' lang='lat' dir='ltr'><strong>humanum,</strong></span> <span class='ocrx_word' id='word_1_340' title='bbox 2333 1065 2501 1148; x_wconf 88' lang='lat' dir='ltr'><strong>quod</strong></span> <span class='ocrx_word' id='word_1_341' title='bbox 2556 1065 2623 1128; x_wconf 91' lang='lat' dir='ltr'><strong>in</strong></span> <span class='ocrx_word' id='word_1_342' title='bbox 2676 1065 2880 1129; x_wconf 86' lang='lat' dir='ltr'><strong>Adam</strong></span> <span class='ocrx_word' id='word_1_343' title='bbox 2931 1084 3046 1149; x_wconf 87' lang='lat' dir='ltr'><strong>per</strong></span> <span class='ocrx_word' id='word_1_344' title='bbox 3102 1069 3436 1150; x_wconf 85' lang='lat' dir='ltr'><strong>peccatum</strong></span> 
     </span>
     <span class='ocr_line' id='line_1_54' title="bbox 1899 1167 3434 1254; baseline 0.004 -20"><span class='ocrx_word' id='word_1_345' title='bbox 1899 1167 2232 1236; x_wconf 74' lang='lat' dir='ltr'><strong>descendit</strong></span> <span class='ocrx_word' id='word_1_346' title='bbox 2269 1169 2347 1234; x_wconf 82' lang='lat' dir='ltr'><strong>ab</strong></span> <span class='ocrx_word' id='word_1_347' title='bbox 2389 1168 2738 1236; x_wconf 76' lang='lat' dir='ltr'><strong>Jerusalem</strong></span> <span class='ocrx_word' id='word_1_348' title='bbox 2774 1171 2850 1236; x_wconf 76' lang='lat' dir='ltr'><strong>in</strong></span> <span class='ocrx_word' id='word_1_349' title='bbox 2886 1171 3130 1239; x_wconf 74' lang='lat' dir='ltr'><strong>Jericho</strong></span> <span class='ocrx_word' id='word_1_350' title='bbox 3149 1221 3169 1252; x_wconf 94' lang='lat'><strong>,</strong></span> <span class='ocrx_word' id='word_1_351' title='bbox 3208 1174 3273 1237; x_wconf 84' lang='lat' dir='ltr'><strong>id</strong></span> <span class='ocrx_word' id='word_1_352' title='bbox 3316 1179 3434 1254; x_wconf 85' lang='lat' dir='ltr'><strong>est,</strong></span> 
     </span>
     <span class='ocr_line' id='line_1_55' title="bbox 1899 1275 3435 1363; baseline 0.004 -23"><span class='ocrx_word' id='word_1_353' title='bbox 1899 1276 2190 1359; x_wconf 78' lang='lat' dir='ltr'><strong>paradiso</strong></span> <span class='ocrx_word' id='word_1_354' title='bbox 2212 1275 2283 1340; x_wconf 88' lang='lat' dir='ltr'><strong>in</strong></span> <span class='ocrx_word' id='word_1_355' title='bbox 2310 1276 2662 1356; x_wconf 88' lang='lat' dir='ltr'><strong>mundum,</strong></span> <span class='ocrx_word' id='word_1_356' title='bbox 2694 1280 2757 1340; x_wconf 90' lang='lat' dir='ltr'><strong>et</strong></span> <span class='ocrx_word' id='word_1_357' title='bbox 2790 1276 3011 1342; x_wconf 87' lang='lat' dir='ltr'><strong>incidit</strong></span> <span class='ocrx_word' id='word_1_358' title='bbox 3038 1278 3106 1342; x_wconf 89' lang='lat' dir='ltr'><strong>in</strong></span> <span class='ocrx_word' id='word_1_359' title='bbox 3132 1279 3435 1363; x_wconf 75' lang='lat' dir='ltr'><strong>latrones,</strong></span> 
     </span>
     <span class='ocr_line' id='line_1_56' title="bbox 1900 1383 3441 1470; baseline 0.007 -24"><span class='ocrx_word' id='word_1_360' title='bbox 1900 1383 1966 1446; x_wconf 89' lang='lat' dir='ltr'><strong>id</strong></span> <span class='ocrx_word' id='word_1_361' title='bbox 1992 1385 2112 1463; x_wconf 87' lang='lat' dir='ltr'><strong>est,</strong></span> <span class='ocrx_word' id='word_1_362' title='bbox 2140 1388 2513 1467; x_wconf 85' lang='lat' dir='ltr'><strong>potestatem</strong></span> <span class='ocrx_word' id='word_1_363' title='bbox 2539 1385 2909 1450; x_wconf 84' lang='lat' dir='ltr'><strong>daemonum</strong></span> <span class='ocrx_word' id='word_1_364' title='bbox 2941 1406 2957 1450; x_wconf 72' lang='grc' dir='ltr'>ε</span> <span class='ocrx_word' id='word_1_365' title='bbox 2985 1388 3102 1469; x_wconf 79' lang='lat' dir='ltr'><strong>qui</strong></span> <span class='ocrx_word' id='word_1_366' title='bbox 3124 1389 3441 1470; x_wconf 55' lang='lat' dir='ltr'><strong>spolians*</strong></span> 
     </span>
     <span class='ocr_line' id='line_1_57' title="bbox 1901 1491 3440 1573; baseline 0.006 -17"><span class='ocrx_word' id='word_1_367' title='bbox 1901 1499 2061 1557; x_wconf 73' lang='lat' dir='ltr'><strong>runt</strong></span> <span class='ocrx_word' id='word_1_368' title='bbox 2085 1509 2236 1556; x_wconf 91' lang='lat' dir='ltr'><strong>eum</strong></span> <span class='ocrx_word' id='word_1_369' title='bbox 2280 1491 2626 1555; x_wconf 83' lang='lat' dir='ltr'><strong>virtutibus</strong></span> <span class='ocrx_word' id='word_1_370' title='bbox 2670 1493 2999 1573; x_wconf 75' lang='lat' dir='ltr'><strong>grattfitis,</strong></span> <span class='ocrx_word' id='word_1_371' title='bbox 3054 1495 3440 1565; x_wconf 73' lang='lat' dir='ltr'><strong>vulnerave—</strong></span> 
     </span>
     <span class='ocr_line' id='line_1_58' title="bbox 1900 1598 3439 1686; baseline 0.005 -22"><span class='ocrx_word' id='word_1_372' title='bbox 1900 1607 2060 1665; x_wconf 81' lang='lat' dir='ltr'><strong>runt</strong></span> <span class='ocrx_word' id='word_1_373' title='bbox 2081 1598 2151 1662; x_wconf 90' lang='lat' dir='ltr'><strong>in</strong></span> <span class='ocrx_word' id='word_1_374' title='bbox 2181 1599 2475 1681; x_wconf 85' lang='lat' dir='ltr'><strong>potentiis</strong></span> <span class='ocrx_word' id='word_1_375' title='bbox 2497 1647 2517 1677; x_wconf 87' lang='lat'><strong>,</strong></span> <span class='ocrx_word' id='word_1_376' title='bbox 2546 1600 2932 1665; x_wconf 83' lang='lat' dir='ltr'><strong>semivivum</strong></span> <span class='ocrx_word' id='word_1_377' title='bbox 2972 1602 3389 1686; x_wconf 82' lang='lat' dir='ltr'><strong>relinquendo</strong></span> <span class='ocrx_word' id='word_1_378' title='bbox 3422 1625 3439 1672; x_wconf 78' lang='lat' dir='ltr'><strong>t</strong></span> 
     </span>
     <span class='ocr_line' id='line_1_59' title="bbox 1901 1707 3445 1789; baseline 0.006 -19"><span class='ocrx_word' id='word_1_379' title='bbox 1901 1707 2010 1770; x_wconf 87' lang='lat' dir='ltr'><strong>sed</strong></span> <span class='ocrx_word' id='word_1_380' title='bbox 2038 1724 2310 1789; x_wconf 89' lang='lat' dir='ltr'><strong>persona</strong></span> <span class='ocrx_word' id='word_1_381' title='bbox 2335 1708 2647 1772; x_wconf 88' lang='lat' dir='ltr'><strong>transiens</strong></span> <span class='ocrx_word' id='word_1_382' title='bbox 2670 1726 2821 1773; x_wconf 90' lang='lat' dir='ltr'><strong>eum</strong></span> <span class='ocrx_word' id='word_1_383' title='bbox 2847 1709 3186 1775; x_wconf 88' lang='lat' dir='ltr'><strong>durissima</strong></span> <span class='ocrx_word' id='word_1_384' title='bbox 3208 1713 3333 1777; x_wconf 79' lang='lat' dir='ltr'><strong>fuit</strong></span> <span class='ocrx_word' id='word_1_385' title='bbox 3358 1714 3445 1779; x_wconf 86' lang='lat' dir='ltr'><strong>le—</strong></span> 
     </span>
     <span class='ocr_line' id='line_1_60' title="bbox 1906 1813 3446 1899; baseline 0.005 -23"><span class='ocrx_word' id='word_1_386' title='bbox 1906 1813 2072 1896; x_wconf 89' lang='lat' dir='ltr'><strong>galis</strong></span> <span class='ocrx_word' id='word_1_387' title='bbox 2092 1815 2360 1897; x_wconf 81' lang='lat' dir='ltr'><strong>justitia,</strong></span> <span class='ocrx_word' id='word_1_388' title='bbox 2390 1832 2539 1897; x_wconf 65' lang='lat' dir='ltr'><strong>quae</strong></span> <span class='ocrx_word' id='word_1_389' title='bbox 2584 1832 2704 1878; x_wconf 91' lang='lat' dir='ltr'><strong>nec</strong></span> <span class='ocrx_word' id='word_1_390' title='bbox 2739 1816 3237 1882; x_wconf 82' lang='lat' dir='ltr'><strong>misericordiam</strong></span> <span class='ocrx_word' id='word_1_391' title='bbox 3259 1868 3278 1899; x_wconf 92' lang='lat'><strong>,</strong></span> <span class='ocrx_word' id='word_1_392' title='bbox 3324 1838 3446 1885; x_wconf 87' lang='lat' dir='ltr'><strong>nec</strong></span> 
     </span>
     <span class='ocr_line' id='line_1_61' title="bbox 1904 1922 3438 2006; baseline 0.005 -21"><span class='ocrx_word' id='word_1_393' title='bbox 1904 1923 2283 1986; x_wconf 85' lang='lat' dir='ltr'><strong>medicinam</strong></span> <span class='ocrx_word' id='word_1_394' title='bbox 2312 1922 2676 2003; x_wconf 66' lang='lat' dir='ltr'><strong>praestabat.</strong></span> <span class='ocrx_word' id='word_1_395' title='bbox 2725 1922 2902 1988; x_wconf 86' lang='lat' dir='ltr'><strong>Unde</strong></span> <span class='ocrx_word' id='word_1_396' title='bbox 2944 1923 3157 2006; x_wconf 77' lang='lat' dir='ltr'><strong>glossa</strong></span> <span class='ocrx_word' id='word_1_397' title='bbox 3202 1925 3390 1992; x_wconf 78' lang='lat' dir='ltr'><strong>Bedae</strong></span> <span class='ocrx_word' id='word_1_398' title='bbox 3421 1950 3438 1993; x_wconf 74' lang='lat' dir='ltr'><strong>t</strong></span> 
     </span>
     <span class='ocr_line' id='line_1_62' title="bbox 1911 2027 3444 2111; baseline 0.006 -21"><span class='ocrx_word' id='word_1_399' title='bbox 1911 2051 1944 2089; x_wconf 74' lang='grc' dir='ltr'><strong>(ι</strong></span> <span class='ocrx_word' id='word_1_400' title='bbox 1975 2027 2277 2094; x_wconf 79' lang='lat' dir='ltr'><strong>Sacerdos</strong></span> <span class='ocrx_word' id='word_1_401' title='bbox 2303 2028 2413 2093; x_wconf 91' lang='lat' dir='ltr'><strong>Dei</strong></span> <span class='ocrx_word' id='word_1_402' title='bbox 2466 2029 2679 2111; x_wconf 86' lang='lat' dir='ltr'><strong>legem</strong></span> <span class='ocrx_word' id='word_1_403' title='bbox 2728 2030 3009 2096; x_wconf 85' lang='lat' dir='ltr'><strong>nuntiat.</strong></span> <span class='ocrx_word' id='word_1_404' title='bbox 3044 2054 3074 2091; x_wconf 69' lang='grc' dir='ltr'><strong>ι)</strong></span> <span class='ocrx_word' id='word_1_405' title='bbox 3113 2032 3444 2101; x_wconf 85' lang='lat' dir='ltr'><strong>Descendit</strong></span> 
     </span>
     <span class='ocr_line' id='line_1_63' title="bbox 1906 2134 3448 2221; baseline 0.006 -23"><span class='ocrx_word' id='word_1_406' title='bbox 1906 2134 2166 2217; x_wconf 86' lang='lat' dir='ltr'><strong>quidem</strong></span> <span class='ocrx_word' id='word_1_407' title='bbox 2192 2134 2390 2200; x_wconf 84' lang='lat' dir='ltr'><strong>lexin</strong></span> <span class='ocrx_word' id='word_1_408' title='bbox 2410 2138 2728 2202; x_wconf 88' lang='lat' dir='ltr'><strong>mundum</strong></span> <span class='ocrx_word' id='word_1_409' title='bbox 2760 2155 2876 2220; x_wconf 86' lang='lat' dir='ltr'><strong>per</strong></span> <span class='ocrx_word' id='word_1_410' title='bbox 2902 2137 3185 2221; x_wconf 87' lang='lat' dir='ltr'><strong>Moysen,</strong></span> <span class='ocrx_word' id='word_1_411' title='bbox 3212 2144 3277 2205; x_wconf 84' lang='lat' dir='ltr'><strong>et</strong></span> <span class='ocrx_word' id='word_1_412' title='bbox 3300 2142 3448 2207; x_wconf 89' lang='lat' dir='ltr'><strong>nul·</strong></span> 
     </span>
     <span class='ocr_line' id='line_1_64' title="bbox 1907 2244 3450 2315; baseline 0.006 -9"><span class='ocrx_word' id='word_1_413' title='bbox 1907 2244 2037 2309; x_wconf 88' lang='lat' dir='ltr'><strong>lam</strong></span> <span class='ocrx_word' id='word_1_414' title='bbox 2091 2245 2427 2310; x_wconf 75' lang='lat' dir='ltr'><strong>sanitatem</strong></span> <span class='ocrx_word' id='word_1_415' title='bbox 2474 2246 2739 2311; x_wconf 85' lang='lat' dir='ltr'><strong>contulit</strong></span> <span class='ocrx_word' id='word_1_416' title='bbox 2788 2247 3060 2311; x_wconf 88' lang='lat' dir='ltr'><strong>homini.</strong></span> <span class='ocrx_word' id='word_1_417' title='bbox 3118 2247 3450 2315; x_wconf 85' lang='lat' dir='ltr'><strong>Descendit</strong></span> 
     </span>
     <span class='ocr_line' id='line_1_65' title="bbox 1907 2351 3445 2437; baseline 0.004 -21"><span class='ocrx_word' id='word_1_418' title='bbox 1907 2351 2146 2430; x_wconf 78' lang='lat' dir='ltr'><strong>Levita,</strong></span> <span class='ocrx_word' id='word_1_419' title='bbox 2198 2354 2310 2435; x_wconf 87' lang='lat' dir='ltr'><strong>qui</strong></span> <span class='ocrx_word' id='word_1_420' title='bbox 2350 2357 2583 2436; x_wconf 85' lang='lat' dir='ltr'><strong>typum</strong></span> <span class='ocrx_word' id='word_1_421' title='bbox 2634 2353 2908 2418; x_wconf 84' lang='lat' dir='ltr'><strong>ostendit</strong></span> <span class='ocrx_word' id='word_1_422' title='bbox 2945 2354 3403 2437; x_wconf 82' lang='lat' dir='ltr'><strong>prophetarum</strong></span> <span class='ocrx_word' id='word_1_423' title='bbox 3427 2381 3445 2437; x_wconf 91' lang='lat'>;</span> 
     </span>
     <span class='ocr_line' id='line_1_66' title="bbox 1907 2459 3448 2545; baseline 0.004 -21"><span class='ocrx_word' id='word_1_424' title='bbox 1907 2459 2020 2524; x_wconf 87' lang='lat' dir='ltr'><strong>sed</strong></span> <span class='ocrx_word' id='word_1_425' title='bbox 2046 2459 2168 2523; x_wconf 91' lang='lat' dir='ltr'><strong>hoc</strong></span> <span class='ocrx_word' id='word_1_426' title='bbox 2193 2459 2445 2524; x_wconf 89' lang='lat' dir='ltr'><strong>nullum</strong></span> <span class='ocrx_word' id='word_1_427' title='bbox 2482 2466 2662 2526; x_wconf 87' lang='lat' dir='ltr'><strong>sanat</strong></span> <span class='ocrx_word' id='word_1_428' title='bbox 2690 2483 2705 2524; x_wconf 72' lang='grc' dir='ltr'><strong><em>ε</em></strong></span> <span class='ocrx_word' id='word_1_429' title='bbox 2734 2462 2886 2544; x_wconf 89' lang='lat' dir='ltr'><strong>quia</strong></span> <span class='ocrx_word' id='word_1_430' title='bbox 2910 2461 3017 2526; x_wconf 84' lang='lat' dir='ltr'><strong>lex</strong></span> <span class='ocrx_word' id='word_1_431' title='bbox 3042 2468 3294 2545; x_wconf 83' lang='lat' dir='ltr'><strong>peecata</strong></span> <span class='ocrx_word' id='word_1_432' title='bbox 3340 2483 3448 2530; x_wconf 85' lang='lat' dir='ltr'><strong>ar-</strong></span> 
     </span>
     <span class='ocr_line' id='line_1_67' title="bbox 1909 2567 3447 2653; baseline 0.006 -23"><span class='ocrx_word' id='word_1_433' title='bbox 1909 2567 2077 2647; x_wconf 88' lang='lat' dir='ltr'><strong>guit,</strong></span> <span class='ocrx_word' id='word_1_434' title='bbox 2102 2568 2212 2632; x_wconf 90' lang='lat' dir='ltr'><strong>sed</strong></span> <span class='ocrx_word' id='word_1_435' title='bbox 2238 2570 2607 2650; x_wconf 84' lang='lat' dir='ltr'><strong>pertransit,</strong></span> <span class='ocrx_word' id='word_1_436' title='bbox 2637 2587 2787 2634; x_wconf 87' lang='lat' dir='ltr'><strong>cum</strong></span> <span class='ocrx_word' id='word_1_437' title='bbox 2812 2569 3286 2653; x_wconf 77' lang='lat' dir='ltr'><strong>indulgentiam</strong></span> <span class='ocrx_word' id='word_1_438' title='bbox 3313 2589 3447 2639; x_wconf 86' lang='lat' dir='ltr'><strong>non</strong></span> 
     </span>
     <span class='ocr_line' id='line_1_68' title="bbox 1908 2672 3449 2756; baseline 0.005 -18"><span class='ocrx_word' id='word_1_439' title='bbox 1908 2673 2209 2756; x_wconf 84' lang='lat' dir='ltr'><strong>largitur.</strong></span> <span class='ocrx_word' id='word_1_440' title='bbox 2237 2672 2517 2739; x_wconf 86' lang='lat' dir='ltr'><strong>Persona</strong></span> <span class='ocrx_word' id='word_1_441' title='bbox 2538 2694 2693 2741; x_wconf 87' lang='lat' dir='ltr'><strong>vero</strong></span> <span class='ocrx_word' id='word_1_442' title='bbox 2722 2676 3114 2742; x_wconf 88' lang='lat' dir='ltr'><strong>subveniens</strong></span> <span class='ocrx_word' id='word_1_443' title='bbox 3141 2697 3222 2743; x_wconf 82' lang='lat' dir='ltr'><strong>ex</strong></span> <span class='ocrx_word' id='word_1_444' title='bbox 3238 2713 3245 2724; x_wconf 88' lang='lat'><strong>·</strong></span> <span class='ocrx_word' id='word_1_445' title='bbox 3264 2683 3449 2746; x_wconf 89' lang='lat' dir='ltr'><strong>mise-</strong></span> 
     </span>
     <span class='ocr_line' id='line_1_69' title="bbox 1909 2781 3446 2868; baseline 0.005 -23"><span class='ocrx_word' id='word_1_446' title='bbox 1909 2781 2185 2846; x_wconf 89' lang='lat' dir='ltr'><strong>ricordia</strong></span> <span class='ocrx_word' id='word_1_447' title='bbox 2210 2785 2306 2846; x_wconf 85' lang='lat' dir='ltr'><strong>est</strong></span> <span class='ocrx_word' id='word_1_448' title='bbox 2347 2781 2656 2847; x_wconf 86' lang='lat' dir='ltr'><strong>Dominus</strong></span> <span class='ocrx_word' id='word_1_449' title='bbox 2681 2787 2895 2848; x_wconf 80' lang='lat' dir='ltr'><strong>noster</strong></span> <span class='ocrx_word' id='word_1_450' title='bbox 2918 2784 3107 2850; x_wconf 83' lang='lat' dir='ltr'><strong>Jesus</strong></span> <span class='ocrx_word' id='word_1_451' title='bbox 3134 2785 3446 2868; x_wconf 81' lang='lat' dir='ltr'><strong>Christus,</strong></span> 
     </span>
     <span class='ocr_line' id='line_1_70' title="bbox 1910 2890 3452 2976; baseline 0.005 -23"><span class='ocrx_word' id='word_1_452' title='bbox 1910 2890 2065 2974; x_wconf 88' lang='lat' dir='ltr'><strong>quia</strong></span> <span class='ocrx_word' id='word_1_453' title='bbox 2097 2890 2551 2959; x_wconf 75' lang='lat' dir='ltr'><strong>Samaritanus</strong></span> <span class='ocrx_word' id='word_1_454' title='bbox 2586 2895 2798 2957; x_wconf 88' lang='lat' dir='ltr'><strong>custos</strong></span> <span class='ocrx_word' id='word_1_455' title='bbox 2832 2892 3303 2976; x_wconf 83' lang='lat' dir='ltr'><strong>interpretatur.</strong></span> <span class='ocrx_word' id='word_1_456' title='bbox 3334 2894 3452 2961; x_wconf 83' lang='lat' dir='ltr'><strong>Hic</strong></span> 
     </span>
     <span class='ocr_line' id='line_1_71' title="bbox 1911 2998 3451 3080; baseline 0.005 -19"><span class='ocrx_word' id='word_1_457' title='bbox 1911 2998 2215 3063; x_wconf 87' lang='lat' dir='ltr'><strong>subvenit</strong></span> <span class='ocrx_word' id='word_1_458' title='bbox 2238 2998 2528 3063; x_wconf 89' lang='lat' dir='ltr'><strong>humano</strong></span> <span class='ocrx_word' id='word_1_459' title='bbox 2554 3000 2777 3080; x_wconf 79' lang='lat' dir='ltr'><strong>generi</strong></span> <span class='ocrx_word' id='word_1_460' title='bbox 2792 3048 2811 3077; x_wconf 91' lang='lat'><strong>,</strong></span> <span class='ocrx_word' id='word_1_461' title='bbox 2835 3017 2983 3064; x_wconf 90' lang='lat' dir='ltr'><strong>cum</strong></span> <span class='ocrx_word' id='word_1_462' title='bbox 3016 3000 3144 3064; x_wconf 88' lang='lat' dir='ltr'><strong>tria</strong></span> <span class='ocrx_word' id='word_1_463' title='bbox 3171 3003 3451 3069; x_wconf 89' lang='lat' dir='ltr'><strong>remedia</strong></span> 
     </span>
     <span class='ocr_line' id='line_1_72' title="bbox 1910 3105 3450 3189; baseline 0.006 -20"><span class='ocrx_word' id='word_1_464' title='bbox 1910 3105 2179 3170; x_wconf 82' lang='lat' dir='ltr'><strong>contulit</strong></span> <span class='ocrx_word' id='word_1_465' title='bbox 2206 3110 2430 3171; x_wconf 86' lang='lat' dir='ltr'><strong>contra</strong></span> <span class='ocrx_word' id='word_1_466' title='bbox 2455 3106 2579 3170; x_wconf 84' lang='lat' dir='ltr'><strong>tria</strong></span> <span class='ocrx_word' id='word_1_467' title='bbox 2618 3108 2922 3189; x_wconf 66' lang='lat' dir='ltr'><strong>praedicta</strong></span> <span class='ocrx_word' id='word_1_468' title='bbox 2945 3107 3210 3184; x_wconf 62' lang='lat' dir='ltr'><strong>(ieiuna.⁴</strong></span> <span class='ocrx_word' id='word_1_469' title='bbox 3231 3109 3450 3186; x_wconf 87' lang='lat' dir='ltr'><strong>Primo</strong></span> 
     </span>
     <span class='ocr_line' id='line_1_73' title="bbox 1911 3214 3445 3285; baseline 0.005 -8"><span class='ocrx_word' id='word_1_470' title='bbox 1911 3214 2195 3279; x_wconf 89' lang='lat' dir='ltr'><strong>animam</strong></span> <span class='ocrx_word' id='word_1_471' title='bbox 2224 3215 2465 3280; x_wconf 88' lang='lat' dir='ltr'><strong>nudam</strong></span> <span class='ocrx_word' id='word_1_472' title='bbox 2492 3220 2556 3279; x_wconf 89' lang='lat' dir='ltr'><strong>et</strong></span> <span class='ocrx_word' id='word_1_473' title='bbox 2582 3215 2933 3281; x_wconf 83' lang='lat' dir='ltr'><strong>deformem</strong></span> <span class='ocrx_word' id='word_1_474' title='bbox 2972 3219 3228 3283; x_wconf 86' lang='lat' dir='ltr'><strong>vestivit</strong></span> <span class='ocrx_word' id='word_1_475' title='bbox 3255 3238 3445 3285; x_wconf 89' lang='lat' dir='ltr'><strong>orna-</strong></span> 
     </span>
     <span class='ocr_line' id='line_1_74' title="bbox 1913 3323 3453 3409; baseline 0.005 -24"><span class='ocrx_word' id='word_1_476' title='bbox 1913 3325 2130 3386; x_wconf 90' lang='lat' dir='ltr'><strong>mento</strong></span> <span class='ocrx_word' id='word_1_477' title='bbox 2157 3323 2383 3403; x_wconf 64' lang='lat' dir='ltr'><strong>gratiae</strong></span> <span class='ocrx_word' id='word_1_478' title='bbox 2414 3324 2870 3389; x_wconf 85' lang='lat' dir='ltr'><strong>incarnationis</strong></span> <span class='ocrx_word' id='word_1_479' title='bbox 2898 3331 3119 3390; x_wconf 89' lang='lat' dir='ltr'><strong>contra</strong></span> <span class='ocrx_word' id='word_1_480' title='bbox 3145 3325 3453 3409; x_wconf 84' lang='lat' dir='ltr'><strong>despolia-</strong></span> 
     </span>
     <span class='ocr_line' id='line_1_75' title="bbox 1911 3429 3453 3514; baseline 0.006 -22"><span class='ocrx_word' id='word_1_481' title='bbox 1911 3429 2175 3494; x_wconf 85' lang='lat' dir='ltr'><strong>tionem.</strong></span> <span class='ocrx_word' id='word_1_482' title='bbox 2207 3430 2286 3496; x_wconf 81' lang='lat' dir='ltr'><strong>Et</strong></span> <span class='ocrx_word' id='word_1_483' title='bbox 2308 3430 2430 3495; x_wconf 88' lang='lat' dir='ltr'><strong>hoc</strong></span> <span class='ocrx_word' id='word_1_484' title='bbox 2452 3437 2549 3497; x_wconf 83' lang='lat' dir='ltr'><strong>est</strong></span> <span class='ocrx_word' id='word_1_485' title='bbox 2572 3431 2744 3514; x_wconf 88' lang='lat' dir='ltr'><strong>quod</strong></span> <span class='ocrx_word' id='word_1_486' title='bbox 2772 3432 3005 3497; x_wconf 74' lang='lat' dir='ltr'><strong>dicitur</strong></span> <span class='ocrx_word' id='word_1_487' title='bbox 3033 3455 3048 3496; x_wconf 71' lang='grc' dir='ltr'>ι</span> <span class='ocrx_word' id='word_1_488' title='bbox 3085 3433 3453 3502; x_wconf 78' lang='lat' dir='ltr'><strong>Samarita-</strong></span> 
     </span>
     <span class='ocr_line' id='line_1_76' title="bbox 1911 3535 3450 3627; baseline 0.005 -23"><span class='ocrx_word' id='word_1_489' title='bbox 1911 3554 2037 3604; x_wconf 76' lang='lat' dir='ltr'><strong>nus</strong></span> <span class='ocrx_word' id='word_1_490' title='bbox 2058 3535 2329 3622; x_wconf 75' lang='lat' dir='ltr'><strong>quidam</strong></span> <span class='ocrx_word' id='word_1_491' title='bbox 2357 3540 2499 3620; x_wconf 73' lang='lat' dir='ltr'><strong>jiter</strong></span> <span class='ocrx_word' id='word_1_492' title='bbox 2534 3541 2780 3621; x_wconf 68' lang='lat' dir='ltr'><strong>taciens</strong></span> <span class='ocrx_word' id='word_1_493' title='bbox 2816 3544 2995 3609; x_wconf 66' lang='lat' dir='ltr'><strong>venit</strong></span> <span class='ocrx_word' id='word_1_494' title='bbox 3026 3558 3207 3610; x_wconf 76' lang='lat' dir='ltr'><strong>secus</strong></span> <span class='ocrx_word' id='word_1_495' title='bbox 3250 3547 3450 3627; x_wconf 79' lang='lat' dir='ltr'><strong>viam,</strong></span> 
     </span>
     <span class='ocr_line' id='line_1_77' title="bbox 1911 3637 3451 3716; baseline 0.001 -2"><span class='ocrx_word' id='word_1_496' title='bbox 1911 3652 1972 3714; x_wconf 80' lang='lat' dir='ltr'><strong>et</strong></span> <span class='ocrx_word' id='word_1_497' title='bbox 1998 3647 2446 3715; x_wconf 67' lang='lat' dir='ltr'><strong>misericordia</strong></span> <span class='ocrx_word' id='word_1_498' title='bbox 2472 3654 2678 3715; x_wconf 75' lang='lat' dir='ltr'><strong>motus</strong></span> <span class='ocrx_word' id='word_1_499' title='bbox 2707 3653 2824 3716; x_wconf 67' lang='lat' dir='ltr'><strong>est.</strong></span> <span class='ocrx_word' id='word_1_500' title='bbox 2857 3647 3076 3714; x_wconf 85' lang='lat' dir='ltr'><strong>Glossa</strong></span> <span class='ocrx_word' id='word_1_501' title='bbox 3105 3667 3122 3714; x_wconf 73' lang='grc' dir='ltr'><strong>ε</strong></span> <span class='ocrx_word' id='word_1_502' title='bbox 3169 3673 3203 3712; x_wconf 73' lang='grc' dir='ltr'><strong>α</strong></span> <span class='ocrx_word' id='word_1_503' title='bbox 3224 3637 3451 3715; x_wconf 82' lang='lat' dir='ltr'><strong>Sama-</strong></span> 
     </span>
     <span class='ocr_line' id='line_1_78' title="bbox 1909 3755 3449 3838; baseline 0.004 -21"><span class='ocrx_word' id='word_1_504' title='bbox 1909 3755 2203 3834; x_wconf 85' lang='lat' dir='ltr'><strong>ritanus,</strong></span> <span class='ocrx_word' id='word_1_505' title='bbox 2235 3756 2345 3835; x_wconf 83' lang='lat' dir='ltr'><strong>qui</strong></span> <span class='ocrx_word' id='word_1_506' title='bbox 2370 3760 2579 3822; x_wconf 80' lang='lat' dir='ltr'><strong>custos</strong></span> <span class='ocrx_word' id='word_1_507' title='bbox 2606 3757 3061 3838; x_wconf 87' lang='lat' dir='ltr'><strong>interpretatur</strong></span> <span class='ocrx_word' id='word_1_508' title='bbox 3081 3804 3098 3833; x_wconf 90' lang='lat'>‚</span> <span class='ocrx_word' id='word_1_509' title='bbox 3139 3756 3449 3823; x_wconf 81' lang='lat' dir='ltr'><strong>Dominus</strong></span> 
     </span>
     <span class='ocr_line' id='line_1_79' title="bbox 1909 3857 3451 3948; baseline 0.003 -23"><span class='ocrx_word' id='word_1_510' title='bbox 1909 3865 2029 3942; x_wconf 85' lang='lat' dir='ltr'><strong>est,</strong></span> <span class='ocrx_word' id='word_1_511' title='bbox 2062 3863 2176 3945; x_wconf 78' lang='lat' dir='ltr'><strong>qni</strong></span> <span class='ocrx_word' id='word_1_512' title='bbox 2202 3865 2460 3943; x_wconf 89' lang='lat' dir='ltr'><strong>propter</strong></span> <span class='ocrx_word' id='word_1_513' title='bbox 2485 3879 2603 3925; x_wconf 90' lang='lat' dir='ltr'><strong>nos</strong></span> <span class='ocrx_word' id='word_1_514' title='bbox 2629 3862 2826 3926; x_wconf 89' lang='lat' dir='ltr'><strong>homo</strong></span> <span class='ocrx_word' id='word_1_515' title='bbox 2852 3863 3078 3942; x_wconf 72' lang='lat' dir='ltr'><strong>sachis,</strong></span> <span class='ocrx_word' id='word_1_516' title='bbox 3104 3863 3256 3928; x_wconf 80' lang='lat' dir='ltr'><strong>vitae</strong></span> <span class='ocrx_word' id='word_1_517' title='bbox 3281 3857 3451 3948; x_wconf 75' lang='lat' dir='ltr'><strong>prae-</strong></span> 
     </span>
     <span class='ocr_line' id='line_1_80' title="bbox 1905 3968 3451 4051; baseline 0.003 -17"><span class='ocrx_word' id='word_1_518' title='bbox 1905 3970 2109 4034; x_wconf 86' lang='lat' dir='ltr'><strong>sentis</strong></span> <span class='ocrx_word' id='word_1_519' title='bbox 2136 3969 2258 4032; x_wconf 88' lang='lat' dir='ltr'><strong>iter</strong></span> <span class='ocrx_word' id='word_1_520' title='bbox 2285 3968 2592 4051; x_wconf 83' lang='lat' dir='ltr'><strong>arripuit,</strong></span> <span class='ocrx_word' id='word_1_521' title='bbox 2622 3974 2683 4033; x_wconf 83' lang='lat' dir='ltr'><strong>et</strong></span> <span class='ocrx_word' id='word_1_522' title='bbox 2720 3971 2896 4035; x_wconf 86' lang='lat' dir='ltr'><strong>venit</strong></span> <span class='ocrx_word' id='word_1_523' title='bbox 2940 3989 3123 4036; x_wconf 88' lang='lat' dir='ltr'><strong>secus</strong></span> <span class='ocrx_word' id='word_1_524' title='bbox 3153 3971 3323 4036; x_wconf 83' lang='lat' dir='ltr'><strong>viam</strong></span> <span class='ocrx_word' id='word_1_525' title='bbox 3376 3972 3451 4038; x_wconf 77' lang='lat' dir='ltr'><strong>in</strong></span> 
     </span>
     <span class='ocr_line' id='line_1_81' title="bbox 1910 4074 3450 4160; baseline 0.002 -17"><span class='ocrx_word' id='word_1_526' title='bbox 1910 4074 2412 4144; x_wconf 68' lang='lat' dir='ltr'><strong>similitudinem</strong></span> <span class='ocrx_word' id='word_1_527' title='bbox 2448 4076 2777 4144; x_wconf 75' lang='lat' dir='ltr'><strong>hominum</strong></span> <span class='ocrx_word' id='word_1_528' title='bbox 2819 4079 3031 4158; x_wconf 74' lang='lat' dir='ltr'><strong>saccus</strong></span> <span class='ocrx_word' id='word_1_529' title='bbox 3058 4079 3103 4160; x_wconf 73' lang='lat'><strong>⁸,</strong></span> <span class='ocrx_word' id='word_1_530' title='bbox 3139 4086 3198 4146; x_wconf 83' lang='lat' dir='ltr'><strong>et</strong></span> <span class='ocrx_word' id='word_1_531' title='bbox 3222 4076 3450 4146; x_wconf 71' lang='lat' dir='ltr'><strong>habitu</strong></span> 
     </span>
     <span class='ocr_line' id='line_1_82' title="bbox 1913 4186 3447 4268; baseline 0 -15"><span class='ocrx_word' id='word_1_532' title='bbox 1913 4188 2218 4254; x_wconf 72' lang='lat' dir='ltr'><strong>inventus</strong></span> <span class='ocrx_word' id='word_1_533' title='bbox 2246 4192 2321 4253; x_wconf 79' lang='lat' dir='ltr'><strong>ut</strong></span> <span class='ocrx_word' id='word_1_534' title='bbox 2347 4186 2563 4266; x_wconf 73' lang='lat' dir='ltr'><strong>homo,</strong></span> <span class='ocrx_word' id='word_1_535' title='bbox 2587 4203 2672 4250; x_wconf 87' lang='lat' dir='ltr'><strong>ex</strong></span> <span class='ocrx_word' id='word_1_536' title='bbox 2701 4187 2889 4268; x_wconf 87' lang='lat' dir='ltr'><strong>cujus</strong></span> <span class='ocrx_word' id='word_1_537' title='bbox 2932 4187 3215 4252; x_wconf 85' lang='lat' dir='ltr'><strong>adventu</strong></span> <span class='ocrx_word' id='word_1_538' title='bbox 3252 4187 3447 4253; x_wconf 90' lang='lat' dir='ltr'><strong>homo</strong></span> 
     </span>
     <span class='ocr_line' id='line_1_83' title="bbox 1909 4294 3445 4376; baseline 0.001 -19"><span class='ocrx_word' id='word_1_539' title='bbox 1909 4295 1976 4358; x_wconf 90' lang='lat' dir='ltr'><strong>in</strong></span> <span class='ocrx_word' id='word_1_540' title='bbox 2005 4295 2282 4376; x_wconf 87' lang='lat' dir='ltr'><strong>gratiam</strong></span> <span class='ocrx_word' id='word_1_541' title='bbox 2309 4294 2419 4358; x_wconf 92' lang='lat' dir='ltr'><strong>Dei</strong></span> <span class='ocrx_word' id='word_1_542' title='bbox 2445 4294 2822 4359; x_wconf 83' lang='lat' dir='ltr'><strong>restituitur.</strong></span> <span class='ocrx_word' id='word_1_543' title='bbox 2845 4294 3135 4360; x_wconf 88' lang='lat' dir='ltr'><strong>Secundo</strong></span> <span class='ocrx_word' id='word_1_544' title='bbox 3162 4294 3445 4359; x_wconf 89' lang='lat' dir='ltr'><strong>animam</strong></span> 
     </span>
     <span class='ocr_line' id='line_1_84' title="bbox 1910 4401 3445 4483; baseline 0.001 -18"><span class='ocrx_word' id='word_1_545' title='bbox 1910 4402 2256 4467; x_wconf 84' lang='lat' dir='ltr'><strong>sauciatam</strong></span> <span class='ocrx_word' id='word_1_546' title='bbox 2298 4406 2365 4467; x_wconf 86' lang='lat' dir='ltr'><strong>et</strong></span> <span class='ocrx_word' id='word_1_547' title='bbox 2413 4401 2832 4483; x_wconf 85' lang='lat' dir='ltr'><strong>languentem</strong></span> <span class='ocrx_word' id='word_1_548' title='bbox 2878 4402 3126 4466; x_wconf 78' lang='lat' dir='ltr'><strong>sanavit</strong></span> <span class='ocrx_word' id='word_1_549' title='bbox 3171 4401 3445 4466; x_wconf 80' lang='lat' dir='ltr'><strong>medica·</strong></span> 
     </span>
     <span class='ocr_line' id='line_1_85' title="bbox 1913 4507 3451 4592; baseline 0.002 -22"><span class='ocrx_word' id='word_1_550' title='bbox 1913 4511 2131 4572; x_wconf 86' lang='lat' dir='ltr'><strong>mento</strong></span> <span class='ocrx_word' id='word_1_551' title='bbox 2160 4509 2629 4588; x_wconf 65' lang='lat' dir='ltr'><strong>misericordiae,</strong></span> <span class='ocrx_word' id='word_1_552' title='bbox 2662 4509 2728 4573; x_wconf 88' lang='lat' dir='ltr'><strong>in</strong></span> <span class='ocrx_word' id='word_1_553' title='bbox 2751 4509 3064 4592; x_wconf 87' lang='lat' dir='ltr'><strong>passione,</strong></span> <span class='ocrx_word' id='word_1_554' title='bbox 3078 4512 3298 4572; x_wconf 87' lang='lat' dir='ltr'><strong>centra</strong></span> <span class='ocrx_word' id='word_1_555' title='bbox 3310 4507 3451 4573; x_wconf 80' lang='lat' dir='ltr'><strong>vul-</strong></span> 
     </span>
     <span class='ocr_line' id='line_1_86' title="bbox 1911 4616 3453 4698; baseline 0.001 -19"><span class='ocrx_word' id='word_1_556' title='bbox 1911 4616 2327 4681; x_wconf 87' lang='lat' dir='ltr'><strong>nerationem.</strong></span> <span class='ocrx_word' id='word_1_557' title='bbox 2360 4616 2538 4682; x_wconf 87' lang='lat' dir='ltr'><strong>Unde</strong></span> <span class='ocrx_word' id='word_1_558' title='bbox 2565 4616 2860 4681; x_wconf 89' lang='lat' dir='ltr'><strong>subditur</strong></span> <span class='ocrx_word' id='word_1_559' title='bbox 2885 4622 2908 4656; x_wconf 84' lang='lat'>⁸</span> <span class='ocrx_word' id='word_1_560' title='bbox 2938 4635 2953 4678; x_wconf 73' lang='grc' dir='ltr'>ε</span> <span class='ocrx_word' id='word_1_561' title='bbox 2990 4616 3077 4683; x_wconf 82' lang='lat' dir='ltr'><strong>Ec</strong></span> <span class='ocrx_word' id='word_1_562' title='bbox 3105 4616 3453 4698; x_wconf 73' lang='lat' dir='ltr'><strong>appropin-</strong></span> 
     </span>
     <span class='ocr_line' id='line_1_87' title="bbox 1909 4722 3452 4806; baseline -0.001 -17"><span class='ocrx_word' id='word_1_563' title='bbox 1909 4738 2121 4805; x_wconf 78' lang='lat' dir='ltr'><strong>quans</strong></span> <span class='ocrx_word' id='word_1_564' title='bbox 2165 4722 2468 4806; x_wconf 72' lang='lat' dir='ltr'><strong>alliqavic</strong></span> <span class='ocrx_word' id='word_1_565' title='bbox 2505 4724 2773 4790; x_wconf 81' lang='lat' dir='ltr'><strong>vulnera</strong></span> <span class='ocrx_word' id='word_1_566' title='bbox 2813 4723 2993 4805; x_wconf 72' lang='lat' dir='ltr'><strong>eius.</strong></span> <span class='ocrx_word' id='word_1_567' title='bbox 3018 4723 3452 4803; x_wconf 79' lang='lat' dir='ltr'><strong>Alligamenta</strong></span> 
     </span>
     <span class='ocr_line' id='line_1_88' title="bbox 1912 4829 3449 4914; baseline -0.001 -19"><span class='ocrx_word' id='word_1_568' title='bbox 1912 4830 2205 4895; x_wconf 86' lang='lat' dir='ltr'><strong>adhibuit</strong></span> <span class='ocrx_word' id='word_1_569' title='bbox 2226 4829 2572 4894; x_wconf 85' lang='lat' dir='ltr'><strong>secundum</strong></span> <span class='ocrx_word' id='word_1_570' title='bbox 2589 4830 2969 4912; x_wconf 82' lang='lat' dir='ltr'><strong>Magistrum</strong></span> <span class='ocrx_word' id='word_1_571' title='bbox 2986 4835 3033 4911; x_wconf 79' lang='lat'><strong>⁸,</strong></span> <span class='ocrx_word' id='word_1_572' title='bbox 3056 4831 3209 4914; x_wconf 86' lang='lat' dir='ltr'><strong>quia</strong></span> <span class='ocrx_word' id='word_1_573' title='bbox 3227 4837 3449 4895; x_wconf 83' lang='lat' dir='ltr'><strong>contra</strong></span> 
     </span>
     <span class='ocr_line' id='line_1_89' title="bbox 1910 4936 3452 5022; baseline -0.001 -17"><span class='ocrx_word' id='word_1_574' title='bbox 1910 4936 2247 5020; x_wconf 85' lang='lat' dir='ltr'><strong>originalis</strong></span> <span class='ocrx_word' id='word_1_575' title='bbox 2274 4942 2338 5002; x_wconf 90' lang='lat' dir='ltr'><strong>et</strong></span> <span class='ocrx_word' id='word_1_576' title='bbox 2360 4939 2623 5003; x_wconf 87' lang='lat' dir='ltr'><strong>actualis</strong></span> <span class='ocrx_word' id='word_1_577' title='bbox 2661 4939 2897 5022; x_wconf 88' lang='lat' dir='ltr'><strong>peccati</strong></span> <span class='ocrx_word' id='word_1_578' title='bbox 2925 4938 3194 5004; x_wconf 82' lang='lat' dir='ltr'><strong>vulnera</strong></span> <span class='ocrx_word' id='word_1_579' title='bbox 3239 4955 3452 5004; x_wconf 82' lang='lat' dir='ltr'><strong>sacra-</strong></span> 
     </span>
     <span class='ocr_line' id='line_1_90' title="bbox 1911 5045 3450 5128; baseline -0.001 -16"><span class='ocrx_word' id='word_1_580' title='bbox 1911 5053 2281 5112; x_wconf 89' lang='lat' dir='ltr'><strong>mentorum</strong></span> <span class='ocrx_word' id='word_1_581' title='bbox 2305 5045 2584 5110; x_wconf 87' lang='lat' dir='ltr'><strong>remedia</strong></span> <span class='ocrx_word' id='word_1_582' title='bbox 2610 5045 2915 5124; x_wconf 89' lang='lat' dir='ltr'><strong>instituit,</strong></span> <span class='ocrx_word' id='word_1_583' title='bbox 2935 5063 3085 5128; x_wconf 78' lang='lat' dir='ltr'><strong>quae</strong></span> <span class='ocrx_word' id='word_1_584' title='bbox 3101 5045 3450 5111; x_wconf 76' lang='lat' dir='ltr'><strong>efficaciam</strong></span> 
     </span>
     <span class='ocr_line' id='line_1_91' title="bbox 1911 5150 3447 5237; baseline -0.001 -17"><span class='ocrx_word' id='word_1_585' title='bbox 1911 5155 2151 5220; x_wconf 88' lang='lat' dir='ltr'><strong>habent</strong></span> <span class='ocrx_word' id='word_1_586' title='bbox 2189 5173 2228 5217; x_wconf 89' lang='lat' dir='ltr'><strong>a</strong></span> <span class='ocrx_word' id='word_1_587' title='bbox 2262 5150 2553 5235; x_wconf 86' lang='lat' dir='ltr'><strong>passione</strong></span> <span class='ocrx_word' id='word_1_588' title='bbox 2595 5152 2845 5218; x_wconf 86' lang='lat' dir='ltr'><strong>Christi.</strong></span> <span class='ocrx_word' id='word_1_589' title='bbox 2890 5151 3068 5218; x_wconf 89' lang='lat' dir='ltr'><strong>Unde</strong></span> <span class='ocrx_word' id='word_1_590' title='bbox 3111 5153 3447 5237; x_wconf 81' lang='lat' dir='ltr'><strong>sequitur:</strong></span> 
     </span>
     <span class='ocr_line' id='line_1_92' title="bbox 1916 5259 3454 5345; baseline -0.004 -16"><span class='ocrx_word' id='word_1_591' title='bbox 1916 5261 2275 5345; x_wconf 72' lang='lat' dir='ltr'><strong>Infundens</strong></span> <span class='ocrx_word' id='word_1_592' title='bbox 2293 5260 2517 5339; x_wconf 79' lang='lat' dir='ltr'><strong>oleum,</strong></span> <span class='ocrx_word' id='word_1_593' title='bbox 2540 5260 2605 5324; x_wconf 91' lang='lat' dir='ltr'><strong>id</strong></span> <span class='ocrx_word' id='word_1_594' title='bbox 2623 5265 2739 5339; x_wconf 86' lang='lat' dir='ltr'><strong>est,</strong></span> <span class='ocrx_word' id='word_1_595' title='bbox 2756 5261 3077 5325; x_wconf 87' lang='lat' dir='ltr'><strong>charisma</strong></span> <span class='ocrx_word' id='word_1_596' title='bbox 3096 5261 3295 5325; x_wconf 86' lang='lat' dir='ltr'><strong>sancti</strong></span> <span class='ocrx_word' id='word_1_597' title='bbox 3313 5259 3454 5344; x_wconf 88' lang='lat' dir='ltr'><strong>Spi-</strong></span> 
     </span>
     <span class='ocr_line' id='line_1_93' title="bbox 1910 5366 3451 5457; baseline -0.003 -21"><span class='ocrx_word' id='word_1_598' title='bbox 1910 5373 2099 5450; x_wconf 86' lang='lat' dir='ltr'><strong>ritus,</strong></span> <span class='ocrx_word' id='word_1_599' title='bbox 2128 5376 2187 5436; x_wconf 83' lang='lat' dir='ltr'><strong>et</strong></span> <span class='ocrx_word' id='word_1_600' title='bbox 2210 5370 2459 5447; x_wconf 78' lang='lat' dir='ltr'><strong>vinum,</strong></span> <span class='ocrx_word' id='word_1_601' title='bbox 2491 5368 2555 5432; x_wconf 89' lang='lat' dir='ltr'><strong>id</strong></span> <span class='ocrx_word' id='word_1_602' title='bbox 2582 5371 2711 5452; x_wconf 84' lang='lat' dir='ltr'><strong>est,</strong></span> <span class='ocrx_word' id='word_1_603' title='bbox 2755 5366 3013 5434; x_wconf 86' lang='lat' dir='ltr'><strong>calicem</strong></span> <span class='ocrx_word' id='word_1_604' title='bbox 3042 5383 3175 5441; x_wconf 79' lang='lat' dir='ltr'><strong>suae</strong></span> <span class='ocrx_word' id='word_1_605' title='bbox 3209 5367 3451 5457; x_wconf 84' lang='lat' dir='ltr'><strong>passio-</strong></span> 
     </span>
     <span class='ocr_line' id='line_1_94' title="bbox 1980 5489 2438 5565; baseline -0.004 -21"><span class='ocrx_word' id='word_1_606' title='bbox 1980 5497 2047 5565; x_wconf 81' lang='lat' dir='ltr'><strong>(a)</strong></span> <span class='ocrx_word' id='word_1_607' title='bbox 2075 5496 2188 5560; x_wconf 75' lang='lat' dir='ltr'><strong>Leq.</strong></span> <span class='ocrx_word' id='word_1_608' title='bbox 2220 5489 2438 5548; x_wconf 65' lang='lat' dir='ltr'><strong>valendi.</strong></span> 
     </span>
    </p>
   </div>
  </div>
 </body>
</html>
