4059 6317
1007 438 1385 507 DOMlNlCA
1425 438 1478 506 V
1518 434 1716 504 POST
1759 429 2345 500 PENTECOSTEN.
2387 428 2652 496 SERMO
2694 428 2800 494 IV.

303 577 526 644 vixisti
544 625 563 656 ,
592 576 712 642 tibi
759 576 923 642 Deus
961 576 1134 642 bona
1172 576 1357 642 fecit?
1403 574 1582 641 Bona
1625 572 1848 655 utique

302 687 682 772 temporalia
697 736 717 768 ,
747 705 895 771 quas
918 687 985 751 in
1016 691 1187 752 terra
1202 736 1223 768 ‚
1267 687 1337 751 in
1371 684 1536 750 mari
1557 734 1576 764 ,
1605 684 1674 747 in
1699 698 1847 747 aere

301 792 419 857 tibi
450 791 793 857 ordinavit.
823 791 998 856 Bona
1021 791 1216 855 etiam
1244 788 1584 864 naturalia,
1614 802 1762 870 quae
1780 783 1847 847 in

302 916 571 984 corpore
597 897 863 963 contulit
893 919 909 962 ε
939 897 1090 981 quia
1114 915 1324 981 neque
1359 898 1646 979 leprosus
1661 941 1682 973 ‚
1730 909 1845 956 ne·

299 1026 435 1091 que
457 1023 689 1085 caecus,
718 1022 929 1088 neque
952 1005 1337 1084 insensatus,
1364 1021 1577 1087 neque
1616 1001 1729 1082 huj
1740 1017 1844 1063 us·

299 1114 483 1179 modi
509 1131 598 1178 es.
632 1111 811 1177 Bona
850 1130 1109 1195 quoque
1133 1111 1488 1195 spiritualia
1504 1157 1522 1192 ,
1554 1126 1703 1193 quae
1731 1107 1846 1172 tibi

299 1221 378 1285 in
411 1223 818 1304 peccatorum
858 1218 1231 1284 remissione
1246 1267 1268 1298 ,
1319 1218 1390 1282 in
1417 1220 1847 1282 sacramento-

300 1346 458 1393 rum
501 1325 953 1393 communione
968 1373 990 1406 ,
1036 1326 1107 1389 in
1157 1325 1474 1390 virtutum
1516 1323 1849 1389 collatione

302 1434 604 1519 praestitit
618 1456 636 1513 ;
666 1452 816 1499 cum
841 1436 937 1498 tot
959 1431 1230 1516 pagani,
1260 1430 1546 1497 haeretici
1566 1478 1586 1509 ,
1617 1429 1843 1507 ludaei,

305 1542 464 1607 mali
494 1540 854 1620 Christiani,
885 1543 950 1605 et
968 1539 1128 1604 forte
1152 1539 1347 1603 frater
1370 1544 1525 1603 tuus
1549 1536 1631 1601 sit
1656 1536 1726 1600 in
1745 1536 1849 1601 via

309 1649 582 1727 inferni,
613 1653 676 1714 et
699 1652 776 1714 tu
805 1648 874 1711 in
912 1647 1016 1712 via
1044 1646 1154 1710 illa
1185 1646 1350 1711 coeli.
1380 1644 1558 1709 Bona
1595 1660 1850 1728 quoque

309 1758 425 1823 illa
447 1755 919 1835 inenarrabilia,
949 1772 1100 1838 quae
1127 1754 1248 1818 tibi
1278 1753 1422 1818 feeit
1450 1751 1755 1818 Dominus
1781 1751 1848 1815 in

307 1866 542 1949 seipso,
563 1864 797 1930 scilicet
811 1864 883 1927 in
908 1880 1029 1927 sua
1051 1860 1510 1941 incarnatione,
1533 1861 1845 1942 passione,

308 1973 593 2037 maxime
617 1971 839 2036 sintin
864 1974 976 2034 tua
1002 1967 1455 2034 recordatione.
1500 1969 1520 2004 ¹
1558 1989 1589 2030 α
1616 1966 1845 2034 Recor-

309 2080 465 2145 dare
507 2077 896 2163 paupertatis
911 2125 930 2158 ,
979 2098 1010 2137 ⁸
1060 2080 1181 2140 etc.
1232 2075 1639 2157 paupertatis
1657 2123 1679 2154 ,
1725 2075 1849 2140 hoc

308 2191 534 2252 contra
577 2186 943 2263 avaritiam;
1002 2183 1534 2267 truncans-sionis
1556 2229 1573 2258 ‚
1631 2186 1850 2247 contra

305 2294 706 2379 superbiam;
735 2292 1051 2360 absinthii
1079 2296 1139 2358 et
1159 2291 1350 2373 fellis,
1376 2293 1597 2355 contra
1613 2307 1850 2354 concu-

304 2402 708 2487 piscentiam.
738 2399 1102 2465 Bernardus
1125 2399 1150 2434 ¹
1182 2416 1199 2460 z
1236 2420 1269 2459 α
1296 2397 1664 2472 Recordatio
1702 2415 1849 2461 suc-

305 2509 520 2577 cendit
545 2527 678 2589 cor,
704 2507 917 2573 adurit
943 2509 1183 2589 pectus,
1211 2506 1515 2570 interiora
1531 2504 1845 2588 depascit:

303 2617 451 2683 talis
477 2615 785 2682 memoria
812 2613 985 2679 elicit
1008 2611 1326 2695 lacrymas
1341 2660 1360 2689 ‚
1389 2601 1668 2676 infundit
1694 2630 1844 2676 ocu·

302 2725 427 2804 los,
456 2723 716 2789 vultum
741 2722 1089 2787 humectat.
1121 2719 1370 2785 Pudeat
1406 2737 1526 2784 nos
1569 2737 1701 2784 non
1745 2737 1847 2784 re·

303 2831 562 2897 cordari
600 2833 925 2896 tantorum
972 2827 1432 2893 beneficiorum
1445 2876 1466 2907 ‚
1509 2831 1575 2892 et
1616 2827 1851 2910 pudeat

305 2957 465 3006 eum
492 2956 610 3004 nos
634 2936 973 3015 offendere,
1006 2954 1202 3019 quem
1230 2935 1640 3001 recordamur
1665 2934 1850 2999 nobis

303 3051 489 3113 tanta
512 3046 947 3113 benefecisse.
977 3066 1010 3105 ι)
1045 3043 1391 3126 Gregorius
1408 3046 1431 3082 ⁸
1464 3062 1482 3110 ι
1525 3068 1558 3106 α
1588 3044 1679 3111 Eo
1705 3064 1848 3111 eru·

303 3156 645 3220 bescamus
666 3171 863 3237 prava
890 3153 1288 3218 committere
1305 3198 1328 3231 ,
1357 3170 1486 3236 quo
1513 3170 1631 3218 nos
1656 3171 1696 3217 a
1721 3152 1848 3220 Deo

303 3263 725 3328 meminimus
791 3260 995 3326 multa
1056 3261 1338 3342 gratuita
1407 3261 1575 3326 bona
1629 3279 1846 3345 perce-

301 3370 499 3455 pisse.
525 3391 557 3430 s

389 3477 477 3542 De
503 3478 733 3560 quarto
758 3476 780 3510 ⁸
810 3495 826 3539 ι
865 3498 896 3537 e
923 3470 1131 3556 Super
1152 3473 1426 3538 flumina
1468 3473 1809 3560 Babylonis
1825 3525 1845 3556 ‚

301 3586 458 3666 illic,
488 3607 519 3646 s
554 3587 675 3650 etc.
707 3583 1005 3649 Flumina
1030 3582 1371 3667 Babylonis
1398 3589 1546 3650 sunt
1573 3587 1848 3653 miseriae

302 3698 373 3761 et
398 3693 923 3777 concupiscentiae
941 3739 964 3772 ,
1008 3710 1200 3776 super
1233 3711 1396 3776 quas
1422 3694 1710 3759 sedentes
1734 3695 1845 3761 de·

300 3804 533 3868 bemus
558 3802 733 3867 flere.
764 3800 918 3866 Sion
958 3800 1304 3883 speculatio
1327 3849 1347 3880 ,
1377 3801 1481 3865 vel
1521 3802 1848 3885 speculum

301 3912 782 3994 interpretatur,
803 3913 869 3975 et
881 3909 1199 3992 significat
1224 3909 1494 3992 patriam
1513 3914 1843 3993 aeternam,

301 4019 375 4083 in
431 4037 563 4103 qua
614 4016 1018 4100 speculamur
1083 4016 1392 4081 beneficia
1454 4017 1523 4080 in
1587 4020 1845 4101 speculo

301 4126 698 4204 aeternitatis,
721 4124 800 4190 de
825 4142 955 4207 quo
969 4124 991 4159 ⁸
1014 4143 1030 4186 ι
1057 4146 1089 4186 α
1110 4122 1355 4189 Candor
1370 4124 1531 4188 lucis
1555 4129 1838 4207 aeternae,

302 4238 373 4299 et
395 4232 726 4318 speculum
756 4231 894 4297 sine
933 4231 1219 4310 macula,
1247 4252 1278 4290 n
1327 4235 1449 4296 etc.
1492 4230 1541 4297 Ο
1586 4235 1843 4317 quando

301 4360 425 4407 nos
450 4340 668 4405 miseri
695 4338 990 4421 naufragi
1013 4339 1093 4403 ad
1121 4337 1298 4402 illam
1337 4339 1657 4404 coelestem
1686 4340 1843 4407 Sion

303 4448 760 4515 transibimus?
778 4446 1035 4531 quando
1051 4446 1327 4512 flumina
1343 4444 1683 4532 Babylonis
1701 4467 1847 4514 eva-

306 4558 569 4624 demus?
597 4555 1011 4638 Augustinus
1034 4552 1057 4588 ·
1089 4576 1104 4618 :
1146 4576 1178 4616 α
1199 4552 1248 4619 Ο
1275 4556 1493 4618 sancta
1520 4552 1697 4634 Sion,
1730 4555 1843 4621 ubi

306 4668 519 4730 totum
546 4667 709 4743 stat,
741 4667 805 4728 et
846 4662 1012 4727 nihil
1052 4661 1196 4728 fluit
1212 4708 1234 4741 ,
1266 4660 1410 4743 quis
1454 4678 1568 4725 nos
1593 4660 1741 4726 inde
1777 4661 1846 4727 in

306 4771 431 4837 ista
471 4770 554 4852 (a)
583 4768 1034 4853 praecipitavit?
1064 4765 1223 4832 Ecce
1249 4767 1416 4832 inter
1454 4767 1721 4832 fluentia
1767 4767 1841 4853 (b)

306 4884 371 4945 et
380 4879 660 4946 labentia
677 4878 1029 4957 constituti,
1046 4877 1158 4943 vix
1176 4877 1517 4964 quisquam
1541 4877 1616 4960 (c)
1627 4884 1848 4962 raptus

307 5006 348 5052 a
373 4987 664 5067 flumine,
694 4987 749 5052 si
795 4986 1298 5068 tenere-lignum
1343 4986 1620 5068 potuerit
1634 5033 1657 5065 ,
1693 5005 1845 5053 eva-

306 5094 434 5160 det.
483 5115 516 5155 n
568 5093 908 5159 Recordari
950 5097 1166 5158 autem
1213 5093 1403 5158 debes
1449 5111 1582 5157 non
1633 5093 1847 5160 solum

372 5222 385 5251 ¹
417 5218 620 5282 Thr-em,
646 5222 922 5284 111‚19.—
950 5220 974 5255 ²
993 5217 1317 5271 Bernard.—
1345 5218 1365 5248 ⁸
1391 5220 1543 5285 Greg.
1569 5245 1633 5259 -
1660 5219 1679 5250 ⁴
1704 5221 1849 5273 Psal.

307 5301 522 5354 cxxxvi,
551 5293 600 5340 1.
630 5317 687 5327 —
718 5292 740 5327 ⁸
760 5290 903 5355 Sap„
929 5302 1033 5353 vu,
1065 5292 1146 5340 26.
1175 5315 1236 5327 —
1265 5290 1289 5325 ⁸
1316 5290 1551 5354 August..
1577 5291 1755 5342 Enarr.
1794 5294 1850 5343 in

309 5362 450 5413 Psal.
479 5372 689 5425 cxxxvi,
716 5375 769 5413 n.
799 5364 845 5412 4.
878 5389 933 5400 —
960 5361 983 5398 '¹
1008 5360 1118 5421 soh,
1146 5372 1257 5423 xx1,
1286 5363 1336 5412 6.
1365 5387 1428 5398 -
1454 5362 1473 5391 ⁸
1500 5360 1648 5423 thid..
1680 5365 1758 5414 13.
1785 5391 1847 5402 —

310 5433 566 5496 ’Mutum
601 5444 655 5498 v,
696 5433 775 5486 24.
810 5459 874 5473 —
903 5435 942 5466 ¹·
978 5431 1154 5498 Hebr„
1193 5444 1268 5498 ιι,
1309 5437 1386 5485 11.
1409 5458 1471 5473 —
1513 5436 1543 5465 ¹¹
1586 5435 1760 5500 Bam„
1792 5436 1849 5490 in

3374 439 3494 502 357

1954 569 2213 632 aeternae
2233 565 2697 650 speculationis,
2710 583 2861 649 quae
2872 566 2968 630 est
2984 566 3370 650 stipendium
3387 569 3491 636 bo-

1956 691 2215 753 norum,
2245 673 2356 738 sed
2380 672 2572 738 etiam
2591 676 2849 738 aeternae
2880 672 3321 756 damnationis,
3347 695 3496 760 qum

1956 785 2053 845 est
2078 780 2460 864 stipendium
2474 780 2793 845 malorum
2805 778 2829 816 '¹
2862 801 2878 843 t
2912 802 2943 841 ι
2962 779 3106 863 Ego
3125 782 3379 864 quando
3402 803 3498 851 re-

1955 888 2254 953 cordatus
2271 888 2474 968 fuero,
2495 887 2891 969 pertimesco,
2915 909 2946 948 ο
2974 891 3094 953 etc.
3121 886 3284 967 Quid
3306 892 3496 974 perti-

1957 995 2178 1060 mescit
2201 994 2360 1061 Job?
2385 993 2565 1059 Certe
2588 994 2677 1058 ibi
2706 1000 3038 1061 enumerat
3061 996 3297 1063 scilicet
3317 1016 3494 1082 pros·

1954 1102 2253 1193 peritates
2268 1101 2503 1167 multas
2518 1101 2833 1166 malorum
2859 1123 2876 1180 ;
2896 1106 2960 1167 et
2979 1108 3196 1187 postea
3215 1105 3405 1170 infert
3420 1106 3444 1143 ⁸
3474 1129 3490 1172 ε

1965 1233 1997 1270 «ι
2021 1207 2128 1275 Sic
2150 1210 2395 1275 ducunt
2421 1210 2489 1273 in
2516 1209 2702 1274 bonis
2727 1210 2861 1275 dies
2878 1228 3050 1293 suos,
3081 1215 3144 1277 et
3160 1212 3234 1277 in
3251 1217 3490 1297 puncto

1956 1322 2037 1388 ad
2072 1322 2323 1387 inferna
2347 1320 2754 1387 descendunt.
2787 1342 2818 1381 n

2500 1497 2790 1569 SERMO
2833 1499 2952 1572 IV.

2050 1642 2222 1710 Vade
2243 1644 2435 1726 prius
2461 1643 2869 1710 reconciliari
2899 1645 3099 1726 tratri
3133 1649 3241 1715 tuo
3279 1647 3326 1727 ⁹,
3375 1655 3494 1714 etc.

1959 1748 2448 1833 Quadruplicem
2494 1751 2756 1815 fratrem
2803 1751 3116 1818 habemus
3130 1800 3154 1833 ,
3210 1754 3501 1822 videlicet

1960 1857 2303 1938 Christum,
2342 1858 2650 1940 angelum
2669 1859 3046 1938 ,hominem
3066 1910 3083 1943 ,
3111 1861 3441 1929 diabolum
3475 1884 3493 1931 ι

1959 1965 2284 2030 Christum
2305 2014 2324 2046 ,
2383 1965 2489 2030 cui
2537 1965 3023 2032 reconciliamur
3085 1970 3492 2052 poenitend03

1957 2075 2265 2156 angelum
2287 2121 2304 2154 ‚
2330 2074 2437 2139 cui
2477 2076 2962 2140 reconciliamur
2997 2078 3493 2161 acquiescendo;

1956 2182 2286 2248 hominem
2305 2227 2323 2260 ,
2368 2180 2473 2246 cui
2528 2180 3018 2247 reconciliamur
3057 2184 3492 2269 indulgendo;

1957 2290 2280 2356 diabolum
2298 2336 2314 2368 ‚
2345 2292 2450 2354 cui
2488 2308 2825 2373 nunquam
2868 2292 3262 2359 reconciliari
3305 2294 3497 2361 debe-

1962 2416 2131 2463 muS.
2161 2397 2388 2463 Frater
2426 2402 2642 2462 noster
2686 2396 2971 2464 Christus
3017 2404 3115 2464 est
3156 2400 3203 2437 ¹⁰
3245 2420 3262 2465 ε
3304 2424 3335 2463 α
3356 2400 3499 2469 Non

1957 2505 2368 2571 confunditur
2393 2506 2617 2569 fratres
2644 2522 2872 2570 vocare
2898 2524 3009 2571 eos
3028 2555 3048 2586 ,
3066 2543 3077 2554 ·
3093 2528 3125 2568 ι
3170 2512 3290 2575 etc.
3337 2508 3497 2575 Ber·

1955 2612 2195 2678 nardus
2225 2612 2268 2649 ¹¹
2300 2632 2317 2676 :
2355 2635 2388 2674 α
2415 2610 2514 2676 Tu
2540 2611 2817 2694 trepidas
2849 2613 2928 2676 ad
2958 2612 3278 2681 Christum
3316 2635 3495 2683 acce·

1956 2722 2107 2786 dere
2122 2723 2154 2784 ⁶?
2179 2720 2400 2785 Frater
2429 2723 2576 2784 tuus
2618 2723 2713 2783 est
2724 2764 2747 2797 ,
2774 2723 2840 2784 et
2861 2738 3011 2786 caro
3035 2725 3148 2788 tua
3165 2772 3182 2805 ,
3215 2742 3328 2807 per
3353 2743 3497 2791 om.

1956 2828 2068 2892 nia
2093 2831 2371 2894 tentatus
2409 2828 2648 2909 absque
2683 2832 2936 2910 peccato
2955 2876 2972 2909 ,
3016 2833 3090 2893 ut
3137 2831 3498 2898 misericors

1956 2937 2158 3001 fleret.
2187 2958 2219 2997 n
2253 2935 2371 3001 Hic
2396 2952 2559 3017 ergo
2598 2939 2693 2999 est
2735 2936 2930 3000 frater
2966 2939 3183 3002 noster
3221 2938 3454 3023 soseph
3472 2989 3493 3021 ‚

1957 3045 2045 3109 de
2073 3062 2204 3127 quo
2226 3044 2467 3126 legitur
2490 3045 2557 3123 ¹¹,
2587 3042 2759 3126 quod
2801 3042 3156 3126 plurimum
3200 3046 3498 3113 misertus

1953 3153 2166 3219 flendo
2195 3152 2513 3217 osculatus
2540 3152 2637 3216 cst
2665 3169 2889 3216 omnes
2916 3152 3140 3217 fratres
3166 3171 3320 3219 suos
3334 3201 3352 3235 ,
3382 3157 3496 3239 qui

1955 3267 2173 3326 tamen
2218 3260 2659 3340 nudaverant,
2707 3262 2771 3323 et
2826 3260 3243 3325 vendiderant
3288 3277 3440 3327 eum
3471 3239 3492 3327 ξ

1954 3369 2164 3451 primo
2187 3371 2403 3433 autem
2431 3366 2714 3430 maxime
2740 3383 2934 3448 super
2959 3366 3195 3432 collum
3240 3369 3494 3435 minimi

1954 3476 2191 3556 fratris,
2222 3474 2287 3539 id
2313 3477 2407 3539 est
2426 3472 2784 3556 Benjamin,
2812 3472 3009 3539 flevit.
3039 3473 3273 3557 Ioseph
3292 3475 3496 3541 Chris-

1956 3589 2096 3650 tum
2128 3584 2484 3667 signiflcat,
2516 3583 2620 3647 cui
2665 3582 2890 3646 tratres
2931 3586 3082 3648 sunt
3119 3581 3491 3666 Christiani,

1952 3693 2067 3776 qui
2086 3696 2396 3775 tanquam
2413 3689 2663 3770 fratres,
2686 3692 2829 3773 ejus
2845 3694 2993 3754 sunt
3020 3690 3382 3784 cohaeredes
3405 3694 3448 3736 ¹⁸
3473 3715 3488 3760 ε

1963 3823 1995 3862 e
2040 3799 2335 3865 Haeredes
2379 3797 2638 3882 quidem
2685 3798 2832 3878 Dei,
2878 3798 3240 3865 cohaeredes
3278 3806 3493 3868 autem

1903 3909 1910 3920 ’
1953 3909 2208 3975 Christi.
2237 3929 2268 3967 n
2303 3905 2385 3971 Hi
2412 3906 2595 3971 toties
2623 3904 2942 3971 Christum
2981 3908 3299 3990 vendunt,
3328 3928 3495 3994 quo-

1952 4018 2073 4083 ties
2101 4017 2313 4099 ipsum
2341 4032 2457 4098 pro
2484 4012 2699 4096 aliquo
2725 4013 3058 4097 temporali
3091 4015 3489 4101 relinquunt.

1950 4125 2183 4208 Ioseph
2244 4128 2460 4190 autem
2527 4140 2679 4189 suos
2744 4124 3102 4195 venditores
3166 4125 3494 4193 osculatur

1951 4232 2163 4297 flendo
2175 4278 2197 4312 ,
2246 4232 2503 4315 quando
2553 4229 2841 4295 Christus
2883 4230 3018 4295 suis
3059 4234 3492 4314 peccatoribus

1950 4337 2397 4404 reconciliatur
2462 4337 2814 4420 plurimum
2873 4338 3259 4404 miserando.
3316 4339 3494 4407 Sicut

1952 4448 2171 4510 autem
2197 4445 2548 4510 secundum
2578 4445 3101 4511 consuetudinem
3138 4458 3490 4529 regnorum

1953 4555 2260 4621 minimus
2281 4555 2451 4619 inter
2475 4553 2643 4619 filios
2670 4554 2848 4637 regis
2872 4555 3155 4621 maxime
3188 4555 3380 4622 distat
3409 4558 3493 4624 ab

1952 4663 2321 4729 haereditate
2343 4663 2553 4746 regni,
2583 4662 2675 4728 ita
2699 4663 3024 4729 maximus
3047 4669 3336 4747 peccator
3361 4682 3494 4730 ma-

1953 4772 2130 4837 xime
2153 4772 2338 4837 distat
2364 4772 2448 4836 ab
2475 4772 2848 4836 haereditate
2874 4771 3063 4854 regni
3085 4772 3331 4837 aeterni.
3367 4772 3492 4838 Mi-

1954 4880 2171 4944 nimus
2196 4896 2356 4961 ergo
2384 4877 2614 4944 Christi
2641 4879 2835 4943 frater
2856 4883 2955 4943 est
2981 4879 3304 4944 maximus
3344 4897 3489 4962 pec-

1954 4994 2152 5051 cator.
2184 4985 2219 5052 J
2220 4985 2420 5069 oseph
2446 5003 2607 5068 ergo
2633 5003 2827 5070 super
2856 4985 3201 5050 minimum
3231 4985 3492 5052 fratrem

1953 5093 2133 5158 flevit
2158 5092 2609 5175 principaliter,
2641 5093 2794 5176 quia
2821 5110 2994 5175 saepe
3025 5091 3309 5158 Christus
3352 5111 3489 5158 ma·
3529 5092 3532 5096 ’

1955 5211 2129 5261 Natio.
2171 5209 2231 5261 Β.
2268 5211 2421 5272 uam,
2458 5221 2615 5260 serm.
2655 5222 2711 5259 n.
2744 5210 2791 5260 7.
2825 5234 2880 5246 -
2922 5210 2961 5244 ¹²
2992 5208 3135 5271 Gen„
3167 5220 3291 5274 xlx,
3321 5212 3395 5263 ¹5.
3430 5237 3491 5249 —

1955 5282 1997 5320 ¹⁸
2023 5283 2184 5346 Rom„
2211 5291 2332 5342 vm,
2360 5282 2434 5332 Π.

2022 5362 2090 5426 (α)
2119 5363 2243 5414 Coet.
2263 5360 2382 5410 edit.
2402 5359 2573 5412 istam.
2588 5386 2651 5399 -
2671 5359 2740 5427 (b)
2766 5361 2891 5416 uem
2908 5360 3187 5418 influentis.
3201 5385 3264 5401 -·
3282 5361 3344 5431 (ο)
3366 5363 3494 5418 Item

1955 5434 2213 5499 constitui,
2242 5437 2476 5505 quisque.
