4059 6317
641 514 762 578 348

638 663 813 714 nam·
843 646 1205 730 sedechias,
1232 650 1800 736 idestpeeeetori,
1842 651 2080 718 dicitur
2107 653 2126 688 ¹
2159 672 2178 715 ε

647 776 678 816 ι
704 754 1282 840 comprehensione
1302 760 1592 844 capieris,
1625 761 1784 826 etin
1815 777 2016 825 manu
2039 760 2182 842 ejus

637 861 927 943 traderis,
957 867 1023 928 et
1046 865 1214 930 oculi
1242 866 1341 931 tui
1369 867 1591 932 oculos
1630 868 1811 949 regis
1841 866 2186 950 Babylonis

636 969 969 1051 videbunt,
995 994 1028 1033 ι
1064 973 1129 1041 id
1156 978 1252 1040 est
1276 974 1514 1041 diaboli
1542 976 1612 1040 in
1648 993 1921 1058 egressu
1944 974 2184 1040 animae

636 1076 715 1142 de
741 1095 1028 1162 corpore.
1055 1088 1080 1123 ¹
1109 1105 1139 1143 α
1189 1080 1446 1164 Omnis,
1494 1083 1611 1167 qui
1651 1101 1953 1166 egressus
1991 1082 2188 1148 tulerit

638 1202 719 1249 ex
746 1185 860 1266 eis,
890 1188 1196 1271 capietur,
1229 1212 1260 1250 n
1301 1194 1419 1256 etc.

720 1292 807 1357 De
830 1296 1135 1376 secundo,
1163 1302 1318 1362 nota
1353 1301 1527 1383 quod
1552 1301 1719 1384 capit
1747 1299 1944 1365 homo
1971 1298 2188 1364 homi-

638 1419 791 1468 nem
827 1402 1189 1486 tripliciter,
1218 1406 1517 1474 videlicet
1543 1416 1605 1478 1.
1636 1407 2083 1474 calumniando
2109 1407 2135 1444 ⁸
2167 1430 2183 1470 ε

646 1533 681 1573 ι
707 1510 1056 1578 Consilium
1082 1512 1389 1595 inierunt,
1424 1520 1501 1581 ut
1529 1519 1827 1600 caperent
1861 1514 2080 1582 Jesum
2115 1515 2189 1580 in

638 1635 974 1699 sermone;
1020 1642 1053 1680 n
1101 1619 1236 1688 imo
1271 1627 1578 1704 ceperunt
1618 1641 1773 1688 eum
1815 1622 2008 1687 etiam
2045 1640 2191 1687 eor·-

637 1742 792 1807 pore
832 1730 856 1767 ⁸
890 1746 907 1791 ε
959 1749 991 1788 α
1037 1726 1323 1794 Christus
1361 1728 1674 1796 Dominus
1712 1735 1938 1813 captus
1980 1734 2077 1795 est
2120 1730 2188 1796 in

637 1832 910 1916 peccatis
962 1835 1216 1901 nostris.
1273 1857 1307 1898 ι
1368 1835 1490 1902 Sed
1559 1841 1730 1902 certe
1794 1837 1983 1903 multi
2035 1837 2190 1904 socii

639 1939 869 2005 Christi
894 1940 1240 2025 capiuntur
1275 1944 1357 2008 ab
1385 1944 1662 2029 iniquiS,
1693 1944 1799 2010 vel
1831 1945 2185 2026 calumnia,

638 2046 743 2112 vel
774 2048 1090 2131 corporali
1128 2049 1435 2116 violentia
1472 2051 1874 2134 innocenter,
1906 2053 2072 2118 sicut
2109 2053 2190 2119 de

639 2154 1023 2238 quibusdam
1065 2157 1305 2241 iniquis
1336 2160 1753 2244 conquerItur
1777 2159 2085 2228 Dominus
2112 2168 2135 2202 ⁸
2167 2183 2185 2226 z

650 2285 682 2324 e
709 2261 885 2328 Sicut
909 2263 1011 2330 leo
1029 2265 1320 2347 rugiens,
1351 2271 1415 2332 et
1440 2267 1692 2350 rapiens
1717 2267 2024 2350 praedam,
2054 2268 2191 2334 ani·

639 2387 780 2435 mas
806 2369 1322 2439 devoraverunt:
1363 2392 1518 2458 opes
1542 2378 1607 2439 et
1634 2374 1913 2456 pretium
1941 2393 2192 2459 aecepe-

638 2481 820 2558 runt,
844 2477 1073 2544 viduas
1099 2481 1708 2566 multiplicaverunt,
1729 2504 1760 2542 υ
1786 2488 1908 2548 etc.
1939 2487 2000 2548 2.
2027 2482 2189 2549 Item

640 2586 1119 2658 scandalizando
1147 2589 1168 2625 ⁸
1199 2611 1215 2654 ε
1257 2613 1287 2651 α
1313 2589 1540 2656 Mulier
1564 2593 1783 2655 autem
1808 2591 1934 2656 viri
1964 2592 2192 2674 pretio-

639 2713 779 2760 sam
798 2694 1085 2762 animam
1111 2697 1299 2780 capit.
1320 2719 1352 2758 n
1380 2697 1524 2763 Non
1540 2698 1749 2764 solum
1767 2699 2023 2765 lascivas
2045 2717 2190 2764 mu·

638 2802 845 2882 lieres,
882 2803 1015 2868 imo
1056 2804 1363 2885 haeretici,
1404 2805 1555 2869 mali
1590 2805 1959 2886 consiliarii,
1983 2806 2191 2890 iniqui

640 2911 812 2991 socii,
843 2912 1295 2995 praedicatores
1319 2912 1712 2996 qnaestuarii,
1738 2913 2102 2979 adulatores
2126 2919 2193 2982 et

641 3019 722 3084 ad
750 3023 1077 3102 peccatum
1115 3020 1442 3086 trahentes
1484 3020 1745 3105 capiunt
1788 3021 2036 3087 animas
2067 3022 2185 3088 ho·

643 3126 916 3192 minum.
952 3125 1066 3194 Vel
1093 3127 1250 3193 tales
1277 3135 1430 3196 sunt
1454 3132 1810 3207 venatores,
1840 3129 1947 3193 vel
1978 3129 2190 3213 laquei

640 3234 872 3300 diaboli
899 3235 923 3270 ⁷
952 3256 968 3299 ε
1009 3257 1041 3296 α
1069 3234 1443 3319 Iniquitates
1467 3240 1697 3302 vestrae
1720 3236 2192 3319 prohibuerunt

639 3340 883 3407 bonum
914 3360 954 3407 a
979 3344 1187 3424 vobis,
1215 3345 1368 3428 quia
1392 3344 1639 3412 inventi
1674 3343 1923 3411 suntin
1949 3347 2189 3428 populo

638 3467 785 3516 meo
824 3450 1007 3534 impii
1046 3452 1462 3533 insidiantes,
1502 3456 1568 3518 et
1608 3471 1889 3538 ancupes
1926 3453 2190 3538 laqueos

636 3562 970 3642 ponentes,
997 3563 1062 3624 et
1086 3560 1334 3643 pedicas
1348 3561 1430 3626 ad
1457 3561 1795 3643 capiendos
1820 3563 2018 3628 viros.
2039 3584 2072 3624 n
2101 3562 2188 3629 De

637 3664 875 3730 talibus
900 3671 1117 3733 autem
1146 3666 1429 3733 Isidorus
1455 3674 1479 3711 ⁸
1513 3690 1528 3734 ε
1570 3691 1604 3730 α
1627 3668 1982 3736 Deteriores
2007 3675 2184 3747 sunt,

637 3773 752 3857 qui
776 3773 910 3839 suis
941 3773 1266 3844 doctrinis.
1287 3776 1426 3842 sive
1463 3776 1794 3860 exemplis,
1822 3795 2037 3843 mores
2067 3778 2183 3841 bo-

635 3897 873 3946 norum
903 3886 1379 3965 corrumpunt,
1434 3883 1546 3963 iis,
1600 3883 1716 3966 qui
1766 3885 2188 3950 substantiam

636 3988 1048 4072 praedamque
1071 3989 1404 4073 diripiunt.
1429 4014 1461 4052 ι)
1490 3995 1551 4056 3.
1576 3990 1736 4056 ltem
1755 3992 2184 4074 praedicando,

637 4099 711 4160 ut
752 4095 860 4161 hic
902 4096 1134 4163 dicitur
1177 4119 1195 4162 ι
1236 4098 1344 4164 Ex
1382 4097 1495 4166 Ιιοο
1529 4099 1675 4181 ,iam
1717 4101 1848 4167 eris
1897 4099 2186 4168 nonanes

636 4205 899 4285 capim
924 4222 948 4269 .·
975 4206 1042 4269 et
1068 4204 1222 4287 quia
1246 4206 1540 4272 conversi
1567 4205 1646 4271 ad
1678 4205 2019 4271 Dominam
2037 4256 2057 4287 ,
2088 4225 2188 4272 so-

638 4311 798 4391 cios,
829 4313 942 4396 qui
960 4330 1039 4378 se
1067 4316 1404 4378 traxerunt
1428 4315 1510 4380 ad
1537 4314 1831 4397 culpam,
1864 4333 2035 4399 saepe
2077 4334 2183 4383 re·-

637 4418 901 4486 trahunt
925 4419 1146 4500 verbe,
1174 4420 1279 4484 vel
1304 4421 1600 4504 exemplo
1618 4421 1699 4488 ad
1719 4422 2182 4505 poenitentiam,

637 4526 779 4593 ideo
804 4527 1033 4594 dicitur
1063 4533 1087 4570 ⁰
1120 4551 1136 4594 ε
1174 4552 1208 4590 α
1233 4528 1439 4596 Erunt
1464 4531 1782 4613 capientes
1812 4549 1945 4607 eos.
1976 4533 2187 4615 quise

638 4638 956 4718 separant.
1000 4657 1031 4696 n
1086 4635 1331 4702 Revera
1367 4637 1540 4702 enim
1579 4640 1695 4722 qui
1737 4638 1845 4703 hic
1877 4639 2038 4704 alios
2077 4659 2184 4705 ca·

636 4741 845 4824 piunt,
866 4741 971 4807 vel
991 4749 1415 4827 corrumpunt
1435 4763 1552 4828 per
1568 4744 1847 4830 culpam,
1876 4745 2189 4813 Dominus

636 4849 780 4918 vult
801 4849 945 4933 capi
974 4868 1090 4934 per
1119 4851 1560 4936 poenitentiam
1586 4853 1634 4895 ¹⁰
1662 4874 1679 4918 ε
1705 4875 1737 4914 α
1763 4852 1975 4936 Capite
2000 4854 2188 4920 nobis

640 4955 891 5039 vulpes,
923 4978 956 5018 a
993 4960 1114 5022 etc.
1582 4977 1589 4984 ·

716 5062 806 5128 De
830 5063 1042 5144 tertio,
1070 5067 1224 5129 nota
1247 5064 1421 5148 quod
1441 5063 1753 5132 Dominus
1774 5068 1943 5151 capit
1971 5068 2185 5137 homi-

636 5187 754 5240 nes
795 5170 1162 5254 tripliciter,
1207 5171 1502 5240 videlieet
1544 5179 1606 5240 1.
1653 5173 1723 5239 in
1767 5175 2020 5242 inferno
2071 5195 2186 5259 per

702 5296 720 5331 ¹
746 5296 950 5356 lev-em„
989 5308 1168 5360 xum,
1211 5298 1259 5351 3.
1300 5324 1364 5337 -
1401 5297 1421 5329 ²
1461 5298 1615 5363 ibid„
1653 5311 1706 5363 v,
1747 5303 1794 5352 6.
1824 5325 1886 5338 -
1920 5300 1943 5337 ⁸
1978 5302 2188 5367 Bauli„

642 5377 778 5430 1111,
806 5370 884 5418 13.
913 5394 974 5407 -
1000 5371 1023 5405 ⁴
1056 5368 1252 5434 Tin-en„
1282 5381 1353 5434 nr,
1382 5373 1460 5422 20.
1483 5398 1547 5410 -
1573 5372 1596 5407 ⁸
1621 5370 1820 5433 asecle„
1850 5384 1985 5437 xm,
2013 5376 2096 5425 25.
2123 5401 2186 5414 --

642 5440 666 5475 ⁸
691 5439 861 5501 va„
896 5450 968 5504 vn,
991 5443 1072 5491 26.
1093 5466 1160 5480 -
1186 5441 1210 5477 '¹
1233 5443 1439 5506 lev-em„
1472 5454 1526 5506 v,
1551 5446 1631 5495 26.
1651 5468 1716 5481 -
1734 5444 1752 5475 ·
1776 5442 1895 5493 laid.
1921 5470 1987 5483 —
2014 5447 2037 5479 ⁸
2062 5446 2191 5508 lea„

642 5521 752 5576 xus,
789 5511 838 5561 2.
873 5536 937 5553 -
979 5513 1017 5544 ¹⁰
1051 5512 1224 5581 Cane„
1260 5525 1328 5579 n,
1366 5517 1443 5569 16.
1470 5539 1532 5558 --
1573 5517 1607 5549 ¹¹
1641 5514 1779 5576 Psal-
1806 5527 1986 5584 um,
2018 5520 2095 5570 ¹9.
2124 5543 2186 5561 -ν

1738 513 2159 586 SERMONES
2200 514 2301 580 DE
2339 513 2738 582 TEMPORE.

2291 651 2578 720 animam
2603 669 2787 718 suam
2813 650 3333 730 descendentem;
3375 649 3706 718 psalmista
3729 652 3775 693 ²¹
3805 671 3842 716 ι·

2301 780 2333 819 e
2360 757 2590 842 Cepisti
2627 759 3084 842 captivitatem,
3113 781 3144 819 n
3183 763 3245 823 2.
3278 758 3440 825 Item
3484 758 3556 822 in
3593 756 3834 822 mundo

2293 884 2408 950 per
2423 866 2706 949 gratiam
2728 866 3152 931 attrahentem
3171 867 3218 903 ¹¹
3247 885 3304 929 2«
3328 864 3595 947 Propter
3619 883 3838 948 super-

2293 973 2492 1053 biam,
2522 974 2708 1057 quasi
2734 973 3006 1039 leaenam
3035 973 3247 1056 capies
3274 992 3400 1038 me.
3424 995 3457 1034 ι
3481 971 3644 1038 Nota
3664 973 3837 1057 quod

2295 1080 2437 1146 ovis
2486 1080 2566 1147 ad
2613 1080 2869 1164 lignum
2911 1099 3107 1164 super
3147 1081 3400 1146 foveam
3455 1080 3838 1163 profundam

2294 1189 2557 1272 ligatur,
2586 1194 2667 1255 ut
2687 1189 2892 1256 leaena
2920 1206 3188 1254 currens
3211 1188 3294 1254 ad
3321 1188 3630 1271 praedam,
3659 1188 3839 1253 cadat

2296 1299 2365 1376 in
2403 1299 2682 1364 foveam.
2722 1299 2874 1365 Ovis
2916 1298 3225 1363 innocens
3263 1296 3549 1364 Christus
3589 1301 3688 1361 est
3729 1297 3776 1334 ¹⁸
3814 1316 3832 1360 ε

2304 1429 2336 1468 e
2379 1405 2556 1471 Sicut
2602 1406 2744 1472 ovis
2787 1405 2870 1470 ad
2909 1405 3290 1470 occisionem
3327 1404 3598 1470 ducetur
3648 1405 3757 1487 (a).
3803 1425 3837 1464 ι

2300 1511 2567 1597 Propter
2592 1513 2960 1598 superbiam
2985 1531 3144 1595 ergo
3181 1513 3587 1577 commissam
3628 1512 3699 1576 in
3727 1530 3840 1595 pa·

2296 1619 2509 1685 radiso
2525 1669 2545 1701 ,
2580 1621 2685 1688 vel
2725 1637 2873 1704 quae
2914 1619 3196 1704 quotidie
3229 1619 3298 1684 in
3333 1619 3843 1703 transgressione

2295 1727 2748 1794 mandatorum
2802 1727 2913 1793 Dei
2968 1727 3385 1796 committitur
3433 1730 3504 1792 in
3556 1727 3802 1794 mundo
3818 1773 3839 1807 ,

2296 1833 2441 1899 haec
2471 1834 2611 1900 ovis
2647 1834 2890 1917 ligatur
2925 1835 3008 1901 ad
3051 1835 3315 1917 lignum
3347 1835 3582 1914 crucis,
3613 1838 3692 1899 ut
3731 1853 3844 1899 su-

2297 1945 2536 2030 perbus
2587 1948 3026 2029 transgressor
3083 1945 3166 2010 ad
3220 1945 3498 2028 gratiam
3547 1943 3842 2010 crucifixi

2296 2071 2563 2119 currens
2583 2101 2601 2133 ‚
2646 2053 2831 2118 cadat
2868 2054 2936 2117 in
2989 2053 3243 2120 foveam
3292 2052 3688 2137 poenitentiae
3737 2052 3779 2089 ¹⁶
3819 2066 3840 2115 τ

2297 2160 2698 2226 Abscondere
2718 2160 2971 2225 infossa
2987 2160 3189 2225 humo
3205 2179 3246 2224 a
3261 2159 3423 2225 facie
3443 2159 3696 2225 timoris
3722 2159 3842 2224 Do-

2297 2267 2483 2332 mini.
2516 2288 2548 2328 »
2580 2266 2628 2333 Ο
2659 2285 2856 2351 quam
2883 2267 3245 2333 miserabile
3270 2267 3590 2352 est,quod
3619 2284 3841 2351 pecca-

2295 2378 2401 2440 tor
2421 2392 2551 2440 non
2579 2376 2785 2457 potest
2807 2376 2950 2458 capi
2973 2375 3167 2441 hamo
3192 2375 3441 2455 mortis,
3469 2392 3670 2458 quem
3702 2373 3845 2439 dia-

2296 2482 2487 2548 bolus
2524 2482 2793 2548 evadere
2817 2501 2947 2547 non
2982 2484 3229 2565 potuit!
3267 2482 3314 2518 ¹⁸
3349 2506 3381 2545 a
3410 2481 3605 2560 Quasi
3644 2482 3842 2547 hamo

2297 2591 2500 2673 capiet
2525 2608 2699 2655 eum.
2731 2613 2762 2652 ι
2793 2593 2855 2654 3.
2889 2589 3049 2656 Item
3074 2590 3411 2674 injudicio
3445 2607 3559 2673 per
3583 2597 3839 2656 senten-

2296 2700 2453 2765 tiam
2491 2699 3038 2781 constringentem
3056 2747 3075 2779 ,
3115 2699 3219 2765 vel
3263 2700 3337 2762 in
3385 2704 3673 2764 extremo
3730 2716 3846 2782 per

2297 2809 2522 2875 mortis
2544 2808 2852 2892 laqueum
2881 2809 2927 2849 ¹⁶
2958 2825 2977 2872 ε
3016 2831 3049 2871 ι
3067 2806 3246 2876 Sicut
3271 2808 3478 2892 pisces
3502 2808 3844 2891 capiuntur

2295 2918 2491 2984 hamo
2498 2964 2523 2998 ,
2553 2922 2617 2983 et
2657 2918 2820 2982 sicut
2852 2933 3005 2984 aves
3024 2965 3044 2997 ,
3089 2916 3431 2999 capiuntur
3454 2914 3752 2980 homines
3777 2915 3841 2977 in

2296 3025 2594 3110 tempore'
2629 3025 2822 3090 malo.
2862 3048 2895 3087 n
2943 3023 3367 3090 Interlinearis
3414 3042 3432 3087 ε
3465 3021 3693 3106 judicii
3739 3019 3843 3088 vel

2297 3134 2546 3199 mortis.
2587 3131 2803 3199 Potest
2819 3137 3053 3199 ‚autem
3095 3133 3217 3198 hoc
3254 3132 3525 3197 verbum
3558 3148 3692 3195 non
3737 3147 3842 3194 so-

2294 3240 2434 3306 lum
2459 3241 2541 3308 de
2566 3240 2695 3308 Deo
2712 3287 2735 3320 ,
2764 3241 2876 3306 sed
2911 3240 3106 3308 etiam
3142 3241 3222 3305 de
3261 3238 3515 3306 diabolo
3556 3237 3843 3322 capiente

2296 3347 2594 3429 intelligi.

2804 3517 3094 3589 SERMO
3137 3517 3233 3589 IV
3262 3526 3331 3587 ¹⁷.

2374 3669 2644 3740 Relictis
2668 3670 2961 3738 omnibus
2990 3672 3192 3739 secuti
3211 3676 3370 3742 sunt
3391 3687 3537 3739 cum
3564 3672 3634 3738 ²⁸.
3667 3671 3841 3751 Quo-

2293 3775 2470 3840 niam
2497 3775 2725 3843 Christi
2751 3777 3040 3842 doctrina
3077 3777 3160 3842 ab
3192 3776 3528 3843 altitudine
3561 3795 3839 3862 pauper-

2298 3882 2444 3947 tatis
2467 3884 2740 3967 sumpsit
2768 3886 3132 3965 exordium,
3160 3890 3224 3950 et
3258 3886 3652 3967 evangelicae
3691 3903 3837 3968 per-

2294 3990 2581 4056 fectionis
2599 3991 2981 4075 primarium
3000 3992 3492 4064 tundamentum
3505 3993 3842 4058 securitate

2293 4099 2684 4181 paupertatis
2703 4099 2973 4165 firmiter
2989 4100 3361 4181 collocatur;
3381 4100 3534 4166 hinc
3558 4098 3841 4184 estquod

2294 4204 2827 4288 Christiapostoli,
2845 4208 3045 4272 sancti
3069 4207 3404 4290 Evangelii
3433 4208 3836 4291 professores,

2292 4314 2364 4379 in
2404 4314 2645 4399 quibus
2688 4313 2995 4379 Dominus
3026 4315 3411 4381 fundaturus
3451 4321 3590 4381 erat
3623 4315 3839 4382 Eccle-

2294 4422 2480 4502 siam,
2500 4422 2926 4488 ostenduntur
2940 4422 3162 4488 omnia
3187 4423 3525 4505 reliquisse
3549 4423 3620 4488 in
3643 4424 3837 4489 verbo

2293 4530 2636 4615 proposito,
2663 4548 2814 4596 cum
2840 4529 3026 4596 dicit:
3049 4530 3308 4598 Relictis
3325 4529 3619 4597 omibus
3637 4531 3836 4598 secuti

2291 4644 2448 4706 sunt
2471 4647 2638 4706 eum.
2675 4637 2750 4704 ln
2776 4655 2906 4722 quo
2935 4638 3198 4721 quidem
3223 4638 3422 4703 verbo
3447 4638 3579 4706 duo
3607 4643 3836 4703 notan-

2292 4749 2400 4810 tur
2425 4746 2684 4812 cuilibet
2712 4746 3064 4812 necessaria
3099 4745 3182 4811 ad
3217 4744 3509 4809 salutem.
3549 4743 3838 4811 Primum

2293 4856 2390 4919 est
2414 4853 2689 4919 desertio
2714 4853 3153 4937 impedimenti
3176 4852 3558 4918 retrahentis
3578 4873 3596 4932 3
3617 4869 3836 4917 secun-

2293 4962 2451 5027 dum
2497 4966 2593 5027 est
2631 4962 2882 5046 adeptio
2920 4959 3370 5043 complementi
3419 4960 3830 5043 expedientis.

2295 5069 2514 5136 Primo
2531 5068 2599 5134 in
2614 5069 2812 5135 verbo
2833 5068 3154 5152 proposito
3167 5071 3425 5133 notatur
3435 5070 3834 5151 contemptus

2294 5213 2337 5249 ¹¹
2365 5212 2477 5273 Iob,
2505 5224 2569 5276 x,
2605 5214 2679 5264 16.
2707 5238 2771 5251 -
2805 5211 2846 5247 ¹³
2873 5210 3011 5262 Psal.
3038 5219 3163 5275 un,
3190 5213 3239 5263 7.
3269 5238 3327 5251 ·-
3360 5211 3398 5248 ¹⁸
3424 5214 3544 5276 lea„
3571 5225 3639 5278 11,
3668 5216 3746 5265 10.
3773 5237 3833 5252 -

2298 5287 2338 5322 ¹⁸
2363 5285 2476 5348 lob,
2503 5298 2598 5350 xa,
2634 5287 2681 5338 9.
2715 5312 2779 5324 -
2805 5286 2850 5321 ¹⁶
2877 5283 3062 5346 an-Ie..
3089 5297 3171 5349 ιι,
3208 5290 3286 5338 12.
3315 5312 3370 5323 -
3404 5284 3448 5322 ²⁷
3477 5287 3653 5353 Neque
3678 5285 3834 5349 hunc,

2292 5361 2817 5494 ffffi.,⁸5,qlilg?oem
2860 5356 3016 5409 habet
3068 5354 3190 5410 edit.
3247 5358 3408 5411 Paris.
3454 5373 3542 5412 an.
3595 5363 3736 5416 1521.
3774 5381 3833 5400 -

2361 5517 2433 5586 (a)
2461 5519 2583 5573 coet.
2612 5517 2740 5576 edit.
2768 5517 2990 5576 ducunt.
