4059 6317
716 494 1114 564 pommus.
1153 492 1236 560 111
1280 491 1478 560 POST
1519 489 1898 560 OCTAVAM
1940 488 2301 558 PASGHAE.
2340 488 2604 559 SERMO
2646 487 2755 559 111.

3216 494 3333 565 25¹2

155 629 431 707 domum,
465 629 582 695 ubi
606 634 792 696 erant
828 630 1136 697 sedentes.
1172 650 1205 689 n
1245 625 1426 694 Unde
1468 627 1683 711 aequi-
1791 624 2047 690 fidelem
2064 624 2523 694 charismatum
2535 630 2883 707 donorum;
2904 631 3078 695 unde
3096 631 3119 667 ⁸
3136 649 3155 696 ε
3175 655 3207 695 α
3231 633 3335 697 Di-

156 741 248 803 tur
280 759 296 801 :
333 759 367 797 01
393 735 645 819 Repleti
669 742 820 803 sunt
854 754 1074 802 omnes
1111 734 1356 817 Spiritu
1381 738 1621 798 sancto.
1645 754 1680 794 n

157 842 237 908 Ita
259 844 440 907 enim
478 844 758 927 Spiritus
800 849 1052 910 sanctus
1077 841 1410 926 Apostolos
1437 842 1692 907 virtuti-

1797 732 2074 797 visiones
2101 734 2457 815 gratiarum
2478 740 2666 815 sunt,
2695 736 2865 802 idem
2894 742 3111 803 autem
3144 737 3339 823 Spiri-

1796 842 1903 904 tus
1935 860 1950 902 ε
1990 861 2022 900 ι»
2062 845 2125 905 et
2152 847 2293 925 post
2325 845 2872 909 enumerationem
2917 846 3238 913 donorum
3275 854 3341 914 et

156 953 261 1017 bus
304 956 373 1018 et
410 952 597 1017 donis
638 956 705 1017 et
746 952 1122 1017 muneribus
1170 949 1582 1033 adimplevit,
1623 954 1692 1016 et
1795 948 2156 1028 gratiarum
2178 950 2467 1032 sequitur
2496 969 2511 1011 :
2549 972 2581 1012 α
2616 949 2768 1017 Haec
2798 951 3017 1017 omnia
3039 959 3341 1037 operatur

157 1059 577 1144 opulentavit‚
605 1063 681 1124 ut
717 1060 786 1124 in
821 1058 1001 1124 nullo
1043 1062 1331 1140 egerent,
1376 1076 1528 1121 cum
1580 1075 1690 1123 eos

158 1166 475 1231 constituit
497 1167 810 1247 haeredes,
839 1171 901 1232 et
923 1183 1115 1247 reges
1140 1164 1330 1245 regni
1354 1164 1689 1242 coelorum,

159 1278 211 1338 et
233 1273 558 1357 principes
582 1273 731 1339 fidei
764 1273 1152 1338 christinam.
1189 1270 1300 1336 Est
1325 1271 1500 1336 enim
1530 1273 1642 1355 qui
1669 1275 1689 1311 ¹

158 1381 418 1447 suscitat
440 1379 521 1446 de
550 1386 728 1447 terra
738 1379 1024 1445 avaritiae
1042 1394 1315 1445 avarum
1334 1381 1398 1443 et
1409 1380 1690 1462 inopem,

161 1492 212 1554 et
230 1488 425 1571 eripit
453 1487 536 1553 de
560 1494 828 1557 stercore
855 1487 1280 1553 immunditiae
1298 1491 1694 1569 peccatorem

161 1601 215 1659 et
247 1612 618 1680 pauperent,
663 1600 742 1661 ut
788 1595 1193 1680 opulentatus
1244 1595 1414 1661 veris
1453 1595 1695 1661 divitiis

163 1706 378 1784 gratiae
400 1751 418 1784 ‚
449 1703 665 1771 sedeat
706 1719 854 1769 cum
886 1702 1245 1786 apostolicis
1266 1703 1691 1786 ρνὶησίρίῠω,

161 1816 212 1878 et
234 1811 467 1879 solium
487 1811 713 1895 olorioe
744 1816 948 1879 teneat
974 1812 1046 1875 in
1072 1810 1309 1875 coelesti
1330 1811 1560 1893 patria.

230 1917 574 2002 Sequitur:
601 1917 711 1985 Ille
737 1918 1022 2001 spirim
1050 1918 1352 1985 veritatis
1376 1938 1400 1979 .-
1425 1918 1539 1983 ubi
1562 1918 1700 1983 des-

162 2026 334 2090 cribit
353 2044 511 2092 eum
529 2026 808 2093 secundo
825 2024 1257 2109 principaliter
1273 2029 1590 2108 quantum
1616 2024 1699 2089 ad

163 2133 550 2199 nobilitatem
571 2183 591 2213 ,
620 2137 880 2216 propter
907 2132 1344 2197 excellentiam
1368 2131 1700 2214 dignitatis

163 2258 466 2323 personae.
509 2240 622 2307 Ille
673 2240 847 2305 enim
899 2238 1175 2323 Spiritus
1199 2287 1217 2320 ‚
1272 2239 1520 2304 ratione
1562 2256 1700 2304 suae

163 2350 483 2433 dignitatis
507 2353 574 2414 et
595 2348 985 2415 excellentiae
1005 2395 1026 2426 ,
1064 2354 1161 2412 est
1187 2347 1396 2430 primo
1422 2346 1702 2413 admira-

164 2455 297 2521 bilis
323 2457 392 2520 in
417 2456 871 2539 incipientibus
894 2502 913 2533 ‚
956 2459 1215 2538 propter
1248 2455 1700 2537 purgationem

164 2568 550 2651 spiritualem
589 2567 885 2632 omnium
939 2571 1383 2650 peccatorum3
1425 2566 1702 2631 secundo

166 2674 539 2741 venerabilis
565 2676 634 2738 in
661 2673 1160 2757 proficientibus,
1178 2678 1437 2756 propter
1448 2673 1702 2738 fidelem

167 2780 688 2865 dispensationem
708 2779 1168 2844 charismatum
1190 2779 1509 2845 donorum
1528 2799 1547 2858 ;
1575 2782 1703 2843 ter-

167 2886 248 2951 tio
283 2887 719 2971 desiderabilis
752 2887 825 2951 in
852 2884 1370 2970 pervenientibus
1386 2932 1408 2965 ,
1445 2890 1705 2968 propter

166 2994 497 3059 mentalem
560 2994 967 3059 refectionem
1021 2993 1321 3056 suavium
1386 2993 1704 3058 ciborum.

166 3098 422 3169 Ratione
457 3101 680 3186 primi,
707 3100 968 3167 virtutis
996 3118 1307 3179 summae3
1337 3100 1584 3166 ratione
1611 3120 1709 3166 se·

172 3210 373 3290 cundi,
403 3208 728 3294 aequitatis
746 3207 1039 3291 perfectae
1061 3227 1080 3287 ;
1105 3206 1356 3272 ratione
1381 3207 1572 3286 tertii,
1599 3208 1708 3273 bo-

169 3316 372 3381 nitatis
387 3332 734 3400 supremae.
753 3313 972 3381 Primo
987 3313 1096 3378 ille
1106 3313 1497 3380 admirabilis
1511 3313 1708 3396 Spiri-

169 3427 269 3487 tus
304 3428 399 3489 est
429 3423 498 3487 in
526 3421 998 3506 incipientibus,
1028 3424 1287 3504 propter
1311 3420 1707 3504 spiritualem

169 3530 616 3613 purgationem
658 3528 955 3595 omnium
1000 3532 1441 3610 peccatorum3
1486 3529 1658 3595 unde
1684 3536 1709 3571 ³

177 3658 207 3695 ι
230 3642 489 3703 sanctus
501 3636 833 3703 vocabitur
847 3635 1057 3701 omnis
1072 3635 1187 3718 qui
1212 3635 1488 3718 scriptus
1516 3639 1615 3701 est
1639 3636 1707 3701 in

167 3741 296 3808 vita
318 3744 388 3809 in
407 3743 785 3810 Jerusalem:
801 3742 855 3806 si
880 3742 1152 3807 abluerit
1162 3741 1468 3807 Dominus
1491 3742 1709 3809 sordes

169 3848 444 3919 filiarum
471 3850 631 3916 Sion
651 3899 670 3927 ‚
697 3852 765 3914 et
793 3849 1177 3931 sanguinem
1212 3847 1566 3914 Jerusalem
1600 3853 1704 3914 tu-

167 3954 310 4022 lerit
328 3959 410 4024 de
430 3957 643 4041 medio
665 3959 806 4040 ejus
821 3956 891 4020 in
911 3955 1374 4041 spiritujudicii
1394 3960 1459 4021 et
1479 3955 1708 4039 spiritu

168 4060 435 4127 ardoriS.
463 4083 496 4123 n
529 4060 771 4125 Dicitur
824 4057 1099 4143 Spiritus
1133 4062 1393 4147 sanctus
1431 4060 1707 4142 spiritus

157 4166 434 4249 judicii,
453 4168 524 4232 in
544 4170 862 4250 quantum
889 4165 1199 4250 imprimit
1223 4165 1293 4229 in
1310 4166 1600 4231 animam
1618 4166 1700 4249 (a)

166 4274 463 4340 timorem
486 4273 725 4339 divinae
750 4272 1136 4353 severitatis3
1168 4272 1277 4337 sed
1304 4273 1583 4355 spiritus
1596 4287 1705 4338 ar-

165 4379 345 4448 doris
365 4430 386 4462 ,
423 4382 492 4445 in
528 4382 847 4464 quantum
871 4378 1080 4444 elevat
1105 4380 1187 4445 ad
1211 4397 1496 4445 amorem
1521 4378 1705 4444 boni·

115 4514 122 4521 ·
163 4490 332 4553 tatis.
382 4488 497 4554 His
543 4489 770 4554 ductus
786 4535 805 4568 ,
835 4486 1072 4551 scilicet
1109 4486 1341 4553 timore
1369 4490 1433 4552 et
1459 4503 1703 4565 amore,

165 4596 369 4664 attuit
388 4597 706 4665 nonninus
732 4592 952 4662 sordes
974 4592 1267 4674 filiarum
1288 4595 1449 4661 Sion
1473 4601 1535 4662 et
1559 4609 1706 4660 san·

161 4706 423 4786 quinem
457 4701 830 4782 Ιοηιεαῑεηι,
848 4700 917 4766 id
952 4704 1070 4781 est,
1098 4699 1382 4766 maculas
1416 4704 1703 4784 peccato-

163 4829 315 4876 rum
343 4809 764 4894 spiritualium
791 4811 858 4873 et
876 4808 1252 4873 carnalium.
1281 4806 1380 4873 Ad
1400 4807 1556 4872 illud
1578 4807 1709 4872 bal-

162 4937 366 4984 neum
419 4917 656 4983 debent
709 4914 1006 4980 accedere
1076 4933 1299 4980 omnes
1349 4918 1707 4998 peccatores

162 5025 459 5091 sordibus
494 5021 836 5106 inquinati.
876 5021 1165 5089 Secundo
1192 5024 1291 5088 est
1325 5022 1708 5089 venerabilis

167 5135 234 5200 in
292 5131 803 5218 proficientibus,
859 5134 1121 5213 propter
1169 5130 1708 5215 dispensationem

226 5334 246 5368 ι
279 5334 296 5382 ι
332 5333 467 5397 Rev„
504 5343 573 5397 1¹,
601 5332 665 5393 83
696 5325 836 5380 psal.
869 5336 1008 5390 cxu,
1035 5328 1084 5376 7.
1122 5352 1185 5366 -
1217 5327 1386 5392 ²120„
1413 5338 1486 5390 iv,
1513 5330 1619 5379 3-4.
1646 5353 1708 5366 -

168 5401 242 5453 ⁸1
286 5403 426 5465 cnr„
451 5415 565 5467 111,
603 5402 791 5465 4,1t.
817 5423 882 5437 ·-
917 5396 938 5429 ⁴
967 5397 1112 5463 Sap„
1148 5409 1257 5462 111,
1305 5403 1350 5451 1.
1380 5425 1441 5437 —
1483 5400 1502 5430 ⁸
1528 5400 1704 5462 Eccli„

165 5485 326 5540 xxtv,
350 5476 427 5526 27.

446 5580 598 5630 'mu-
639 5577 781 5627 xm.

1800 1071 1969 1118 unus
1994 1058 2187 1138 atque
2214 1055 2382 1120 idem
2411 1056 2721 1141 Spiritus,
2754 1058 3044 1125 dividens
3069 1062 3344 1145 singulis

1798 1165 1993 1241 prout
2006 1162 2167 1227 vult.
2180 1184 2212 1223 s
2235 1162 2508 1246 Spiritus
2521 1169 2780 1230 sanctus
2787 1166 3107 1233 distribuit
3123 1170 3345 1235 omnia

1799 1269 1969 1333 bona
1993 1270 2346 1336 secundum
2374 1277 2668 1338 nostrum
2697 1274 3034 1356 meritum,
3069 1282 3132 1341 et
3156 1294 3343 1343 suam

1800 1374 2349 1459 complacentiam.
2381 1378 2560 1445 Unde
2584 1380 2730 1446 licet
2756 1382 3033 1461 diversi,
3069 1382 3349 1450 distincti

1801 1488 1865 1546 et
1886 1481 2268 1566 multiplices
2292 1486 2490 1552 rivuli
2514 1506 2556 1551 a
2586 1487 2761 1553 fonte
2784 1490 3221 1572 egrediantur,
3249 1497 3346 1555 ta-

1803 1608 1953 1655 men
1981 1610 2153 1657 unus
2179 1599 2277 1658 est
2298 1595 2443 1660 fons
2457 1643 2475 1676 ,
2505 1596 2622 1680 qui
2653 1595 2794 1662 sine
2815 1597 3062 1663 defectu
3090 1617 3159 1664 se
3184 1599 3351 1664 mul·

1804 1696 2069 1779 tiplicat.
2127 1697 2234 1765 Sic
2269 1701 2352 1766 ab
2401 1719 2533 1767 uno
2572 1702 2743 1767 fonte
2781 1707 3046 1784 aeterno,
3080 1705 3163 1769 ab
3216 1725 3349 1771 uno

1801 1804 2094 1889 paradiso
2113 1853 2131 1886 ‚
2188 1807 2275 1871 ab
2324 1826 2457 1872 uno
2509 1807 2752 1892 Spiritu
2793 1814 3032 1890 sancto,
3070 1812 3209 1877 sine
3246 1811 3349 1877 sui

1805 1908 2269 1980 defectibilitate
2296 1959 2315 1996 ,
2367 1915 2796 1997 egrediuntur
2870 1917 3106 1983 diversi
3157 1918 3351 1985 rivuli

1808 2019 2201 2099 gratiarum,
2229 2022 2545 2088 donorum
2572 2028 2638 2089 et
2662 2025 3155 2091 beatitudinum.
3191 2025 3352 2092 Ter·

1810 2126 1898 2190 tio
1926 2133 2023 2191 est
2047 2127 2478 2195 desiderabilis
2505 2131 2576 2195 in
2608 2132 3127 2214 pervenientibus
3147 2181 3169 2214 ‚
3196 2152 3354 2216 pro-

1811 2237 1954 2315 pter
2030 2236 2374 2301 mentalem
2396 2218 2413 2227 ’
2445 2238 2856 2305 refectionem
2905 2241 3211 2306 suavium
3261 2242 3351 2304 ci-

1807 2339 2071 2420 borum;
2115 2342 2286 2408 unde
2324 2350 2590 2427 possunt
2628 2345 2837 2412 dicere
2886 2347 3090 2413 sancti
3138 2348 3209 2413 in
3241 2366 3357 2432 pa-

1807 2448 1927 2512 tria
1952 2447 1975 2483 ⁴
2005 2471 2022 2512 ι
2063 2472 2095 2512 α
2137 2449 2187 2515 O
2231 2469 2432 2535 quam
2474 2452 2682 2518 bonus
2722 2456 2787 2518 et
2823 2456 3045 2520 suavis
3086 2458 3183 2520 est
3223 2456 3359 2540 spi-

1807 2554 1971 2619 ritus
2005 2560 2158 2621 tuus
2201 2558 2271 2621 in
2314 2558 2530 2637 nobis,
2569 2558 2871 2625 Domine!
2910 2583 2943 2623 n
2984 2560 3161 2629 Unde
3195 2563 3359 2631 bene

1813 2665 1954 2745 conj
1963 2665 2238 2746 ungitur
2264 2665 2510 2730 bonum
2543 2667 2727 2731 suavi
2758 2689 2774 2730 :
2814 2686 2968 2734 nam
2995 2673 3091 2734 est
3114 2669 3355 2735 bonum

1809 2770 1979 2852 quod
2020 2788 2154 2835 non
2196 2776 2294 2837 est
2332 2790 2532 2861 suave
2547 2820 2571 2852 ,
2602 2774 2766 2839 sicut
2794 2776 2993 2841 timor
3018 2794 3267 2860 poenae3
3295 2781 3360 2842 et

1809 2881 1906 2941 est
1934 2896 2137 2943 suave
2175 2879 2349 2963 quod
2373 2898 2505 2945 non
2530 2884 2629 2946 est
2655 2881 2901 2947 bonum
2909 2930 2934 2963 ,
2962 2882 3128 2948 sicut
3165 2884 3359 2951 volu-

1810 2988 1952 3068 ptas
1990 2984 2293 3053 lasciviae.
2344 2985 2469 3053 Sed
2504 2992 2713 3053 totum
2740 2990 2985 3055 bonum
3019 2990 3216 3079 dixit,
3243 2993 3359 3076 qui

1810 3092 2053 3159 bonum
2092 3097 2275 3160 suavi
2321 3097 2465 3178 conj
2474 3097 2660 3161 unxit
2676 3148 2701 3177 ,
2740 3097 3006 3164 dicendo
3037 3121 3052 3163 z
3089 3099 3142 3165 0
3165 3117 3361 3184 quam

1813 3199 2012 3268 bonus
2050 3211 2145 3269 est
2171 3211 2231 3270 et
2252 3204 2524 3271 suavis!
2552 3203 2676 3269 Sed
2702 3207 2855 3289 quia
2881 3208 3001 3272 virt¹
3030 3206 3361 3275 invenitur

1811 3307 2026 3393 aliqua
2062 3310 2390 3377 delectatio
2430 3315 2687 3378 terrena
2704 3360 2726 3393 ,
2773 3331 2923 3397 quse
2949 3332 3082 3380 non
3108 3316 3193 3380 sit
3218 3335 3356 3383 res·

1810 3432 1998 3497 persa
2019 3418 2473 3496 amaritudine,
2506 3419 2612 3485 vel
2636 3437 2774 3504 prae
2799 3421 3118 3505 frequenti
3143 3442 3361 3490 assue-

1811 3522 2033 3588 tudine
2062 3530 2330 3606 generet
2352 3526 2697 3606 tastidium,
2724 3528 2867 3593 ideo
2885 3528 3107 3595 divina
3115 3531 3361 3614 sapien-

1812 3629 1902 3693 tia
1943 3628 2175 3695 Christi
2223 3632 2374 3697 dicit
2410 3632 2433 3669 ⁸
2484 3654 2501 3698 z
2551 3655 2584 3696 α
2620 3633 2900 3717 Spiritus
2943 3654 3127 3702 meus
3164 3656 3360 3722 super

1785 3736 1941 3801 ·mel
1966 3736 2190 3803 dulcis.
2226 3759 2258 3798 n
2292 3738 2569 3822 Spiritus
2601 3759 2817 3823 mem,
2857 3742 2973 3826 qui
2996 3761 3037 3808 a
3063 3762 3169 3809 me
3207 3763 3363 3828 pro-

1810 3843 1996 3924 cedit,
2025 3863 2220 3927 super
2242 3845 2370 3911 mel
2394 3845 2623 3927 dulcis,
2648 3847 2714 3913 id
2740 3851 2860 3929 est,
2887 3867 3082 3933 super
3100 3868 3362 3919 omnem

1809 3950 2290 4018 delectationem
2315 3959 2625 4020 creaturae
2653 3973 2851 4021 :nam
2878 3958 3008 4023 mel
3027 3958 3096 4023 in
3120 3977 3361 4042 genere

1810 4063 2120 4127 creaturae
2156 4060 2352 4126 habet
2399 4061 2821 4129 dulcedinem.
2877 4063 3058 4130 Unde
3092 4066 3359 4133 dulcedo

1811 4165 2089 4249 Spiritus
2109 4167 2309 4232 sancti
2336 4166 2426 4232 sic
2451 4167 2721 4235 dulciter
2736 4170 2964 4250 reficit,
2989 4176 3067 4237 ut
3087 4174 3359 4257 perfecte

1813 4273 2099 4338 animam
2127 4275 2352 4354 satiet;
2385 4292 2505 4341 nec
2542 4280 2810 4358 generat
2835 4277 3181 4360 fastidium,
3225 4279 3359 4347 imo

1811 4380 2142 4446 continuat
2166 4381 2579 4448 desiderium.

1891 4485 2129 4552 Ultimo
2156 4487 2455 4553 describit
2475 4506 2651 4569 eum,
2681 4493 3003 4572 quantum
3026 4493 3108 4558 ab
3126 4493 3356 4559 libera-

1810 4591 1940 4657 lem
2006 4593 2500 4659 redundantiam
2569 4595 2952 4679 copiositatis
3004 4600 3310 4666 doctrinae
3332 4649 3354 4682 ‚

1810 4717 1961 4764 cum
2004 4699 2401 4766 subinfertur
2441 4701 2747 4770 :Docebit
2771 4718 2885 4771 vos
2918 4719 3166 4773 omnem
3190 4708 3359 4775 veri-

1815 4811 2029 4875 tatem.
2078 4805 2341 4872 Ratione
2383 4807 2557 4872 enim
2597 4825 2734 4873 suae
2782 4811 3221 4878 redundantiae
3240 4860 3263 4895 ,
3292 4819 3359 4881 et

1809 4912 2192 4998 copiositatis
2221 4912 2551 4997 doctrinae,
2582 4915 2763 4981 docet
2790 4917 2912 4983 iste
2938 4915 3211 5002 Spiritus
3235 4922 3355 4985 tri-

1811 5024 2040 5107 plicem
2082 5022 2415 5091 veritatem
2439 5071 2457 5101 ,
2498 5025 2579 5089 ad
2621 5043 2821 5109 quam
2863 5028 3076 5093 omnis
3117 5030 3355 5097 veritas

1811 5136 2017 5214 potest
2046 5130 2285 5196 reduci.
2328 5128 2545 5196 Primo
2583 5132 2758 5196 enim
2783 5133 2965 5199 docet
2989 5135 3220 5218 fugere
3248 5136 3356 5203 de-

1810 5237 2195 5301 formitatem
2226 5235 2431 5318 culpae
2444 5284 2462 5317 ‚
2492 5240 2753 5320 propter
2787 5239 3086 5306 timorem
3120 5242 3356 5312 divinae

1812 5344 2170 5411 severitatis
2190 5365 2206 5422 ;
2242 5343 2520 5409 secundo
2545 5345 2764 5411 omnia
2796 5346 3001 5413 facere
3025 5351 3165 5415 sine
3184 5369 3359 5417 acce-

1881 5470 1949 5536 (α)
1975 5471 2095 5537 Leq.
2122 5469 2315 5522 anima.

3000 5571 3077 5632 17
