4059 6317
963 477 1352 545 DOMINICA'
1381 477 1436 545 X
1476 476 1674 544 POST
1714 474 2307 547 PENTEGOSTEN:
2340 479 2606 547 SERMO
2649 481 2700 547 1.

233 613 381 682 dere
399 612 488 697 (a)
518 612 732 680 debes.
761 615 781 651 ¹
811 636 843 676 a
869 613 994 680 Pro
1017 614 1269 697 justitia
1289 613 1630 697 agonizare
1653 630 1771 696 pro

233 721 449 786 anima
479 726 614 798 tua,
660 726 723 786 et
752 739 953 804 usque
985 722 1065 787 ad
1117 727 1388 787 mortem
1440 725 1611 786 certa
1655 736 1774 802 pro

226 828 501 912 justitia,
530 834 593 893 et
621 828 788 893 Deus
819 829 1219 912 expugnabit
1247 847 1364 911 pro
1391 833 1452 893 te
1480 827 1775 891 inimicos

233 941 398 1000 tuos.
425 956 456 1016 p
487 935 567 999 Et
611 941 780 1000 certe
828 937 919 1000 sic
959 939 1031 1002 in
1068 938 1297 1004 timore
1341 953 1592 1018 semper
1637 952 1775 998 esse

232 1042 445 1123 debeS,
478 1045 642 1108 sicut
666 1043 759 1106 illi
784 1043 897 1126 qui
930 1044 1001 1108 in
1045 1043 1342 1126 periculis
1375 1047 1530 1108 sunt
1556 1041 1771 1105 maris.

241 1172 273 1211 α
300 1149 568 1233 Semper
594 1153 766 1216 enim
793 1157 818 1192 ¹
857 1150 1041 1233 quasi
1085 1154 1407 1215 tumentes
1450 1166 1646 1231 super
1675 1165 1778 1212 me

233 1257 471 1322 fluctus
506 1257 718 1323 timui.
761 1279 792 1318 n
839 1257 952 1322 Dei
996 1275 1159 1340 ergo
1199 1259 1394 1322 timor
1432 1261 1496 1322 et
1532 1253 1780 1337 justitia

235 1383 367 1430 non
395 1363 606 1430 solum
628 1368 778 1430 sunt
802 1364 986 1447 quasi
1008 1365 1137 1429 duo
1156 1382 1370 1444 crura,
1395 1363 1631 1447 quihus
1660 1362 1782 1426 for-

236 1472 385 1555 tite-r
412 1476 682 1552 stamuS,
712 1472 821 1537 sed
861 1472 1058 1538 etiam
1096 1474 1284 1556 quasi
1322 1471 1451 1536 duo
1493 1469 1778 1546 brachia,

235 1579 306 1643 in
334 1579 573 1663 quibus
608 1579 929 1645 Christum
970 1582 1323 1662 portamus.
1354 1578 1530 1644 Unde
1568 1578 1648 1642 de
1680 1576 1778 1641 Si-

239 1704 470 1753 meone
495 1686 822 1752 Christum
849 1686 918 1750 in
946 1686 1119 1752 ulnis
1146 1690 1439 1769 portante
1462 1684 1694 1750 dicitur
1723 1688 1779 1748 ⁸:

249 1816 280 1854 α
323 1793 530 1859 Homo
568 1794 685 1857 iste
712 1795 964 1877 justus,
1017 1815 1050 1855 o
1108 1799 1227 1859 etc.
1268 1793 1566 1859 Libenter
1616 1795 1785 1857 stare

240 1918 584 1983 possumus
609 1901 690 1965 ad
716 1901 1128 1968 serviendum
1149 1900 1299 1980 Deo,
1327 1901 1481 1984 quia
1506 1902 1642 1984 ipse
1661 1905 1786 1967 stat

241 2009 325 2076 ad
376 2008 922 2074 remunerandum
970 2026 1108 2073 nos.
1164 2007 1342 2074 Unde
1396 2007 1781 2091 StephanuS‚

234 2117 377 2198 jam
418 2115 933 2180 remunerandus
950 2163 969 2193 ‚
1014 2115 1165 2181 dicit
1195 2115 1218 2151 ⁸
1265 2135 1281 2180 τ
1321 2139 1351 2179 α
1398 2115 1555 2182 Ecce
1597 2117 1784 2183 video

242 2221 438 2298 coelos
463 2226 736 2305 apertos,
766 2244 797 2282 n
825 2225 949 2287 etc.

326 2328 416 2394 De
441 2329 718 2395 secundo
732 2329 963 2394 dicitur
981 2329 1005 2366 ⁸
1027 2350 1043 2395 ε
1076 2352 1109 2396 ,α
1138 2330 1422 2396 Ostendit
1441 2330 1604 2396 mihi
1616 2332 1787 2396 Deus

242 2435 462 2502 Jesum
486 2436 875 2502 sacerdotem
897 2455 1237 2519 magnum,
1268 2442 1541 2503 stantem
1569 2456 1786 2503 coram
1845 2439 1852 2440 ἢ

243 2543 520 2627 Angelo.
552 2566 585 2605 n
633 2544 814 2621 Ecce,
857 2544 1238 2624 charissimi,
1284 2564 1501 2610 coram
1536 2546 1788 2627 angelis

245 2652 330 2716 ad
355 2669 543 2716 omne
570 2651 812 2717 bonum
836 2669 954 2716 nos
978 2652 1388 2718 incitantibus
1413 2657 1582 2718 stare
1603 2653 1790 2720 debe-

248 2778 420 2840 mus,
451 2765 523 2823 ut
551 2759 643 2830 eis
676 2759 1174 2842 acquiescamus,
1221 2778 1430 2841 neque
1467 2766 1656 2825 retro.
1686 2778 1788 2825 re-

246 2867 572 2946 cedamus,
600 2884 685 2931 ne
716 2866 1055 2949 gaudium,
1085 2867 1256 2950 quod
1292 2867 1371 2932 de
1398 2872 1614 2931 nostra
1645 2884 1792 2931 con·

249 2974 546 3040 versione
565 2973 909 3039 habuerint
952 2973 1052 3057 (b),
1082 2974 1478 3039 minuamus.
1506 2973 1620 3040 Vae
1646 2974 1788 3052 tihi,

249 3083 644 3165 quicumque
678 3099 775 3159 es,
818 3081 933 3165 qui
960 3080 1270 3145 deliberas
1309 3081 1517 3148 redire
1561 3081 1644 3148 ad
1686 3081 1790 3147 lu-

251 3193 394 3254 tum
411 3237 430 3268 ‚
487 3189 772 3254 converti
827 3189 910 3252 ad
959 3190 1312 3268 vomitum3
1368 3193 1557 3272 putas
1620 3188 1794 3272 quod

250 3297 533 3380 placatos
557 3296 820 3361 habebis
837 3295 1191 3379 injudicio,
1216 3314 1379 3379 quos
1405 3297 1595 3363 modo
1616 3300 1793 3362 tanto

251 3408 317 3469 et
340 3407 591 3487 sperato
617 3404 873 3486 privare
897 3404 1000 3469 vis
1035 3401 1320 3485 gaudio?
1368 3402 1447 3467 Et
1487 3403 1641 3486 quia
1685 3422 1790 3468 co·

251 3530 397 3577 ram
435 3511 683 3594 angelis
728 3514 1012 3590 stamus,
1058 3509 1296 3574 mirum
1341 3513 1436 3575 est
1489 3511 1663 3594 quod
1701 3511 1795 3575 eis

251 3618 676 3702 praesentibus
718 3617 1030 3683 audemus
1069 3617 1308 3696 facere,
1367 3618 1539 3701 quod
1576 3635 1796 3682 coram

253 3726 628 3792 hominibus
669 3725 877 3790 facere
925 3742 1056 3798 non
1097 3724 1410 3790 audemus
1453 3745 1469 3788 ι
1522 3724 1654 3792 imo
1707 3725 1798 3789 ita

254 3850 512 3916 semper
554 3850 692 3898 esse
731 3831 945 3897 devoti
984 3830 1362 3900 deberemus
1378 3879 1397 3911 ,
1445 3849 1519 3896 ac
1568 3832 1623 3896 si
1664 3832 1794 3897 sin-

258 3939 454 4021 gulos
488 3939 875 4006 videremuS.
924 3936 1260 4003 Psalmista
1302 3939 1326 3974 ⁸
1373 3960 1389 4003 :
1445 3960 1477 3999 c<
1522 3938 1596 4005 ln
1644 3957 1796 4005 con-

257 4050 481 4130 spectu
504 4046 915 4128 angelorum,
943 4066 976 4108 ιι
1001 4049 1121 4111 etc.
1150 4045 1446 4111 Libenter
1464 4050 1631 4110 stare
1656 4063 1800 4129 pos-

257 4172 490 4220 sumus
535 4154 617 4218 ad
667 4153 1239 4237 obtemperandum
1282 4152 1377 4220 eis
1394 4200 1418 4234 ,
1476 4153 1629 4236 quia
1677 4154 1799 4236 ipsi

256 4265 430 4326 stant
454 4262 536 4327 ad
561 4262 1068 4344 promovendum
1095 4279 1213 4326 nos
1233 4266 1257 4302 '¹
1285 4283 1300 4325 :
1344 4283 1375 4322 α
1399 4259 1584 4326 Stetit
1604 4278 1800 4342 ange-

256 4369 364 4436 lus
380 4374 526 4435 ante
546 4369 743 4433 altare
760 4367 1002 4434 habens
1022 4368 1430 4433 thuribulum
1447 4386 1740 4448 aureum,
1757 4388 1792 4428 ι

257 4481 380 4542 etc.
408 4475 563 4543 Vide
587 4494 746 4558 ergo
789 4480 863 4541 ut
907 4477 1242 4541 incensum
1283 4475 1589 4541 orationis
1628 4493 1801 4558 saepe

256 4602 459 4668 ponas
485 4584 554 4648 in
579 4583 984 4649 thuribulum
1008 4583 1228 4665 angeli
1256 4583 1380 4661 tui,
1407 4602 1490 4648 ne
1516 4584 1598 4649 ad
1621 4587 1800 4648 tuam

259 4691 709 4760 verecundiam
753 4709 959 4757 vacuo
1012 4690 1346 4755 thuribulo
1402 4695 1529 4758 stes
1586 4708 1802 4755 coram

258 4799 410 4867 Deo.
443 4797 693 4865 Fumus
717 4802 933 4863 autem
955 4798 1036 4863 de
1074 4798 1332 4864 incenso
1362 4798 1668 4864 orationis
1695 4815 1800 4862 as·

259 4907 559 4985 cendone,
587 4905 987 4972 devotionem
1016 4904 1356 4987 significat.

343 5012 431 5098 De
460 5013 647 5080 tertio
673 5011 696 5047 ⁸
729 5034 745 5078 z
783 5035 816 5074 α
842 5011 1032 5078 Stans
1057 4999 1276 5077 autem
1297 5011 1621 5094 Zaohaeus,
1651 5013 1805 5079 dicit

261 5121 347 5186 ad
378 5120 716 5186 Dominum
746 5141 763 5186 ε
793 5119 952 5185 Ecce
982 5118 1322 5196 dimidium
1361 5120 1682 5186 bonorum
1698 5169 1720 5202 ,
1765 5142 1798 5182 n

332 5248 348 5282 ¹
373 5245 566 5313 Eecli.,
585 5258 660 5310 ιν,
686 5248 768 5297 33.
794 5270 856 5284 -
883 5247 905 5281 2
930 5245 1039 5307 Job,
1067 5257 1215 5310 ¹111,
1239 5250 1322 5297 23.
1346 5273 1408 5285 -
1427 5247 1451 5283 ⁸
1471 5248 1610 5311 Luc„
1637 5259 1700 5313 11,
1724 5250 1804 5299 25.

267 5344 331 5357 —
347 5318 370 5354 δ
395 5319 530 5380 Act„
557 5330 652 5382 vn,
678 5321 759 5369 55.
785 5344 850 5357 -
872 5318 894 5354 ⁸
913 5316 1086 5382 zach„
1110 5330 1192 5383 ιιι,
1220 5323 1267 5370 1.
1283 5344 1347 5357 -
1369 5319 1393 5354 ⁸
1410 5318 1548 5370 Psal.
1573 5331 1805 5384 cxxxvii,

269 5391 320 5441 1.
355 5416 418 5428 —
454 5390 472 5421 ²
509 5391 677 5455 Apoc„
707 5401 825 5454 vm,
853 5390 903 5441 3.
935 5415 998 5427 —
1030 5390 1049 5420 ⁸
1087 5390 1223 5452 Luc„
1254 5401 1366 5454 xix,
1404 5393 1452 5442 8.
1480 5418 1546 5430 —
1578 5393 1597 5423 ⁹
1627 5390 1805 5456 Eccli„

269 5473 455 5527 xxxiv,
497 5464 577 5513 24.
618 5488 679 5501 --
723 5462 766 5497 ¹·
799 5461 1061 5525 Chrysost.
1098 5487 1161 5499 —
1208 5463 1241 5498 ¹²
1287 5463 1466 5526 Marc„
1506 5475 1592 5527 xl,
1628 5467 1707 5515 25.
1746 5488 1808 5502 —

3296 486 3419 550 387

1878 615 2000 677 etc.
2029 612 2185 680 Vide
2211 615 2288 680 ad
2316 616 2474 699 quid
2507 615 2935 682 staredebes‘:
2975 616 3131 700 quia
3154 616 3237 682 ad
3262 618 3422 684 sub-

1879 721 2273 786 veniendum
2299 724 2545 804 egenis.
2578 723 2755 789 Unde
2781 724 2968 789 dicit:
2996 726 3097 791 Do
3112 726 3418 808 pauperi-

1882 827 2018 893 bus.
2065 828 2225 892 Item
2270 830 2352 894 ad
2389 830 2902 897 satisfaciendum
2940 832 3144 912 laesis;
3183 832 3356 897 unde
3403 849 3422 895 z

1884 933 1958 1000 Si
2006 952 2193 1017 quem
2242 936 2658 1016 defraudavi,
2716 938 2914 1005 reddo
2965 939 3422 1022 quadruplum.

1883 1040 2063 1106 Unde
2098 1061 2231 1106 non
2256 1047 2351 1107 est
2392 1045 2543 1108 satis
2581 1046 2751 1128 quod
2779 1047 3169 1129 pauperibus
3203 1065 3428 1128 eroga-

1885 1149 2056 1213 veris
2073 1149 2130 1213 ἐ
2158 1172 2189 1210 α
2216 1150 2334 1227 Qui
2359 1150 2544 1216 offert
2564 1152 2948 1217 sacrificium
2967 1154 3046 1218 de
3072 1154 3429 1219 substantia

1884 1257 2203 1339 pauperis,
2254 1258 2436 1340 qnasi
2480 1259 2594 1342 qui
2637 1264 2872 1325 mactat
2909 1260 3117 1325 fllium
3158 1262 3227 1326 in
3271 1280 3428 1327 con-

1886 1368 2107 1447 spectu
2126 1365 2322 1447 patris
2335 1365 2457 1431 sui.
2473 1387 2505 1427 υ
2526 1366 2800 1432 Joannes
2818 1367 3304 1452 chrysostomus
3329 1370 3377 1407 ¹⁰
3407 1391 3423 1434 ε

1896 1494 1928 1532 <1
1970 1471 2061 1536 De
2102 1474 2419 1554 sanguine
2464 1474 2851 1539 miserorum
2890 1475 3112 1541 tollere
3134 1524 3157 1555 ,
3197 1481 3260 1542 et
3302 1477 3431 1543 Deo

1888 1580 2140 1658 offerre,
2167 1579 2324 1644 illud
2345 1598 2478 1646 non
2495 1585 2591 1646 est
2611 1581 2739 1647 Deo
2761 1581 3014 1664 offerre,
3047 1584 3154 1648 sed
3185 1583 3427 1650 violen-

1887 1686 1996 1750 tiae
2046 1703 2182 1751 suae
2228 1687 2475 1753 socium
2516 1689 2719 1754 facere
2769 1689 2992 1769 Deum,
3024 1691 3135 1754 ubi
3190 1693 3265 1771 (c)
3310 1691 3430 1756 sibi

1888 1793 2165 1859 oblatam
2174 1796 2511 1877 pecuniam
2521 1795 2599 1862 de
2609 1796 3429 1881 peccatolibenteraecipiat,

1892 1904 1959 1966 et
1981 1902 2104 1966 sibi
2126 1903 2472 1968 consentiat
2494 1903 2847 1982 inpeccato.
2879 1925 2910 1965 n
2939 1903 3232 1970 Libenter
3258 1911 3426 1974 stare

1894 2026 2240 2090 possumus
2275 2009 2356 2074 ad
2405 2010 2915 2077 subveniendum
2965 2016 3029 2077 et
3061 2013 3142 2078 ad
3184 2012 3429 2080 satisfa-

1891 2116 2191 2182 ciendum
2214 2118 2545 2200 proximis,
2574 2122 2648 2183 ut
2674 2123 2738 2184 et
2774 2119 2898 2202 ipsi
2925 2123 3092 2186 stent
3116 2121 3195 2184 ad
3218 2120 3437 2186 indul-

1896 2226 2205 2305 gendum,
2228 2228 2292 2289 et
2312 2224 2627 2290 orandum
2645 2244 2760 2308 pro
2783 2226 3038 2291 nobie.²¹
3060 2250 3091 2289 «ι
3103 2226 3452 2307 Dimittite,

1894 2331 1949 2395 si
1988 2332 2145 2415 quid
2191 2332 2438 2396 habetis
2484 2333 2829 2398 adversum
2874 2334 3181 2418 aliquem.
3226 2357 3259 2396 n
3315 2334 3440 2401 Sed

1895 2444 2065 2504 certe
2093 2439 2276 2504 multi
2305 2444 2476 2504 stant
2498 2440 2579 2504 ad
2602 2441 2918 2506 orandum
2955 2459 3073 2525 pro
3114 2442 3281 2523 aliis,
3325 2443 3440 2526 qui

1897 2547 2109 2629 potius
2127 2551 2293 2611 stare
2314 2547 2619 2612 deberent
2654 2549 2733 2613 ad
2764 2549 3076 2614 orandum
3115 2567 3234 2632 pro
3270 2552 3439 2634 seip-

1897 2653 2023 2718 sis:
2056 2654 2220 2719 sicut
2247 2655 2367 2719 iste
2391 2655 2774 2738 publicanus
2810 2656 3068 2738 alonge
3096 2658 3293 2739 stetit,
3316 2661 3437 2723 etc.

1895 2761 2369 2842 Augustinus1’
2398 2784 2461 2828 :nt
2492 2762 2557 2828 Si
2585 2782 2717 2828 non
2742 2781 2890 2829 sum
2917 2765 3166 2847 dignus
3199 2765 3443 2834 orando

1898 2868 2117 2933 oculos
2140 2869 2375 2947 levare,
2405 2875 2573 2936 certe
2600 2890 2733 2937 non
2762 2871 2843 2956 (d)
2884 2891 3032 2938 sum
3073 2873 3309 2955 dignus
3336 2889 3446 2939 eos

1900 2971 2004 3035 vel
2029 2990 2267 3037 caecare
2293 2972 2621 3056 plorando,
2645 2996 2677 3035 n

1982 3074 2071 3139 De
2097 3080 2327 3159 quarto
2352 3079 2399 3118 ¹⁸
2438 3099 2453 3142 ε
2502 3100 2535 3139 α
2565 3076 2844 3162 Accipite
2880 3082 3279 3148 armaturam
3304 3079 3443 3160 Dei,

1903 3187 1975 3249 ut
2002 3183 2254 3266 possitis
2285 3184 2576 3251 resistere
2602 3186 2667 3249 in
2697 3186 2798 3252 die
2824 3187 3017 3265 malo,
3049 3190 3114 3252 et
3139 3188 3209 3252 in
3230 3188 3442 3253 omni·

1901 3291 2024 3356 bus
2047 3291 2303 3374 perfecti
2340 3296 2527 3357 stare.
2559 3292 2731 3358 State
2757 3311 2915 3376 ergo
2945 3295 3246 3362 succincti
3270 3295 3440 3361 lum-

1900 3398 2018 3462 bos
2059 3401 2305 3464 vestros
2347 3399 2418 3463 in
2459 3400 2726 3466 veritate
2743 3450 2761 3482 ,
2811 3405 2877 3467 et
2915 3402 3124 3468 induti
3181 3403 3447 3468 loricam

1897 3506 2189 3589 justitiae.
2239 3528 2270 3567 n
2318 3505 2663 3572 Armatura
2708 3513 2926 3574 nostra
2964 3510 3233 3577 virtutes
3268 3512 3443 3591 sunt,

1904 3614 2138 3697 quibus
2170 3617 2390 3680 contra
2434 3615 2590 3681 vitia
2631 3633 2961 3681 armamur
2995 3637 3013 3681 ι
3060 3617 3226 3682 sicut
3260 3636 3444 3683 man-

1905 3722 2264 3800 suetudine,
2297 3725 2522 3787 contra
2543 3722 2744 3801 iram;
2776 3724 3186 3803 continentia,
3228 3729 3450 3790 contra

1903 3827 2235 3896 luxuriam
2262 3847 2282 3893 2
2307 3829 2695 3906 humilitate,
2724 3833 2945 3896 contra
2970 3832 3357 3915 superbiam,
3386 3836 3453 3897 et

1905 3938 1995 4002 sic
2034 3938 2111 4002 de
2157 3936 2298 4000 aliis
2330 3936 2676 4001 virtutibus
2697 3936 2765 4000 ¹⁴.
2816 3958 2848 3998 α
2874 3936 3226 4003 Induamur
3270 3957 3452 4004 arma

1905 4044 2086 4109 lucie.
2123 4066 2155 4106 a>
2213 4043 2389 4108 Certe
2431 4043 2650 4108 nullus
2690 4043 2784 4108 ita
2818 4043 3050 4109 stultus
3081 4049 3205 4126 est,
3236 4047 3351 4129 qui
3381 4048 3455 4111 li-

1908 4152 2131 4217 benter
2156 4155 2404 4234 pugnet
2427 4151 2641 4215 nudus
2667 4155 2889 4217 contra
2913 4152 3246 4220 inimicum
3278 4173 3454 4221 mor-

1907 4259 2102 4325 talem
2128 4258 2291 4323 bene
2312 4262 2659 4324 armatum.
2701 4257 2781 4323 Et
2816 4277 2961 4324 ecce
2993 4260 3285 4328 diabolus
3317 4263 3454 4330 for-

1909 4368 2197 4432 tissimus
2228 4366 2527 4431 inimicus
2559 4370 2774 4432 noster
2798 4371 3087 4433 armatus
3111 4373 3206 4434 est
3230 4375 3453 4440 contra

1909 4495 2026 4542 nos
2045 4475 2294 4541 astutiis
2321 4478 2384 4539 et
2412 4475 2713 4555 nequitiis
2739 4475 2958 4540 multis
2985 4477 3029 4513 ¹⁸
3059 4499 3121 4542 ια
3150 4476 3307 4544 Cum
3324 4480 3451 4545 sor-

1911 4584 1992 4648 tis
2024 4586 2334 4663 armatuS,
2365 4604 2397 4642 n
2432 4586 2550 4647 etc.
2587 4582 2766 4648 Certe
2791 4583 2846 4646 si
2869 4583 3133 4649 viriliter
3157 4585 3228 4649 in
3253 4587 3451 4652 armis

1912 4696 2042 4756 stas
2058 4695 2277 4757 contra
2293 4690 2617 4755 diabolum
2646 4690 2714 4754 in
2744 4691 3006 4771 mundo,
3027 4709 3327 4758 coronam
3347 4693 3447 4759 vi·

1911 4800 2129 4865 ctoriae
2146 4798 2410 4864 habebis
2434 4816 2546 4881 per
2571 4797 2893 4862 Christum
2919 4797 2990 4863 in
3013 4800 3195 4865 coelo.
3225 4799 3452 4882 Augu-

1913 4909 1991 4971 sti
1999 4927 2119 4974 nus
2147 4907 2192 4944 ¹⁸
2210 4929 2267 4970 z«
2297 4903 2440 4971 Non
2464 4906 2653 4971 debet
2673 4906 2917 4989 frangi,
2939 4926 3087 4973 cum
3100 4907 3452 4991 praeliatur,

1914 5013 2028 5097 qui
2070 5014 2215 5078 vult
2252 5018 2397 5096 post
2430 5012 2729 5095 praelium
2764 5014 3078 5097 coronari.
3126 5012 3309 5082 Vires
3349 5015 3455 5086 ille

1916 5120 2359 5185 subministrat
2380 5120 2786 5200 certantibus,
2815 5120 2930 5203 qui
2959 5127 3274 5205 praeparat
3298 5122 3459 5189 inef-

1915 5238 1960 5273 ι’
1978 5239 2110 5302 Aug.
2135 5264 2199 5275 -
2222 5237 2266 5273 ¹⁸
2286 5235 2485 5302 Ephes„
2516 5248 2586 5300 v1,
2614 5239 2775 5288 13-14.
2804 5263 2866 5275 —
2895 5237 2928 5269 ¹⁴
2956 5239 3114 5305 Rom„
3142 5252 3259 5306 xm,
3288 5243 3366 5293 12.
3393 5266 3458 5281 -

1918 5309 1961 5345 ¹⁸
1989 5308 2121 5371 Luc„
2150 5320 2225 5373 xl,
2254 5310 2335 5359 21.
2364 5333 2426 5345 -
2446 5308 2489 5343 1‘
2512 5309 2643 5373 Aug.

1979 5390 2041 5452 (a)
2071 5389 2192 5440 coet.
2223 5387 2344 5438 edit.
2375 5387 2613 5439 timorem
2642 5387 2821 5440 mortis
2848 5390 3049 5443 cedere.
3074 5417 3133 5430 -
3157 5390 3230 5458 (ὁ)
3259 5392 3460 5450 Habue-

1919 5462 2002 5514 rit.
2031 5487 2085 5498 -
2115 5460 2181 5526 (c)
2212 5460 2326 5524 Leq.
2356 5463 2430 5512 ut.
2457 5487 2520 5499 -
2548 5460 2623 5526 (d)
2654 5459 2767 5511 Del.
2794 5474 2920 5517 non.
