4059 6317
419 2682 623 2757 Christus

410 2759 536 2802 origo
554 2759 626 2789 eu-

426 2808 614 2862 ,iu-libet

424 2871 618 2915 scientias

415 2933 617 2976 hnmana.-

639 386 758 447 472

634 517 807 600 quod
835 534 1027 583 omne
1059 522 1345 584 creatum
1374 518 1681 601 vertibile,
1714 524 1778 585 et
1803 517 2175 585 immutabi-

633 623 778 688 litas
805 623 1016 689 solum
1045 625 1126 689 sit
1162 623 1231 689 in
1271 624 1431 690 Filio
1473 623 1605 704 Dei,
1648 626 1765 709 qui
1807 631 1903 691 est
1946 643 2077 704 ars,
2118 626 2183 688 et

637 730 779 795 ideo
812 731 895 814 (a)
922 731 1218 796 omnium
1254 731 1636 812 viventium,
1683 732 2036 797 necessario
2080 748 2179 796 se-

635 838 858 920 quitur
881 838 1056 922 quod
1081 857 1185 904 res
1214 840 1462 906 scibiles
1488 860 1527 905 a
1554 841 1630 925 (b)
1662 842 1840 907 nullo
1858 843 2047 908 modo
2065 841 2180 907 ha·

635 946 829 1010 beant
864 946 1465 1028 immutabilitatem,
1515 949 1639 1015 nisi
1685 954 1876 1032 prout
1919 954 2070 1016 sunt
2114 951 2184 1013 in

639 1052 847 1121 Verbo
876 1059 1119 1119 aeterno
1159 1077 1175 1120 t
1220 1074 1378 1138 ergo
1423 1055 1643 1121 nullus
1686 1060 1892 1140 potest
1932 1058 2181 1136 docere,

637 1179 756 1225 nec
779 1160 972 1225 etiam
998 1162 1203 1227 facere
1237 1181 1341 1228 res
1376 1164 1512 1228 fore
1550 1164 1800 1229 scibiles
1844 1183 2017 1245 vere,
2061 1164 2185 1229 nisi

638 1267 801 1332 adsit
826 1266 1025 1333 Filius
1047 1268 1180 1335 Dei.

721 1373 1034 1454 Secundo,
1063 1376 1140 1440 ad
1170 1376 1293 1440 hoc
1325 1380 1400 1441 ut
1433 1377 1663 1462 aliquis
1701 1379 1896 1462 possit
1935 1378 2184 1456 docere,

640 1485 993 1568 requiritur
1019 1487 1330 1552 certitudo
1367 1492 1429 1551 et
1463 1487 1874 1552 infallibilitas
1900 1506 1984 1552 ex
2009 1495 2188 1569 parte

642 1591 919 1671 scientis,
974 1611 1121 1676 quae
1174 1611 1307 1658 non
1352 1598 1556 1678 potest
1594 1613 1731 1660 esse
1783 1615 1866 1660 ex
1905 1614 1981 1659 ea
2020 1594 2185 1674 luce,

643 1718 789 1782 quae
817 1704 1021 1783 potest
1047 1701 1405 1767 obfuscari:
1439 1708 1502 1767 et
1527 1703 1673 1767 talis
1693 1708 1792 1769 est
1816 1703 1935 1769 lux
1964 1703 2191 1768 intelli-

645 1808 878 1889 gentiae
906 1812 1157 1888 creatae,
1192 1813 1258 1873 et
1291 1809 1416 1874 hoc
1455 1813 1549 1874 est
1578 1809 1751 1893 quod
1777 1809 1928 1875 dicit
1953 1810 2189 1890 Augu-

644 1916 847 1981 stinus
875 1916 894 1952 ¹
927 1937 943 1979 ς
984 1938 1017 1976 ι
1043 1914 1260 1980 Primo
1293 1915 1457 1980 sicut
1482 1919 1672 1993 terra,
1709 1916 1830 1979 nisi
1861 1916 2005 1981 luce
2036 1917 2190 1981 illu-

645 2028 863 2104 strata,
902 2024 1104 2089 videri
1148 2041 1282 2087 non
1317 2025 1555 2107 potest,
1588 2024 1682 2089 sic
1711 2042 1857 2107 quae
1899 2020 1969 2088 in
2003 2024 2191 2089 disci-

649 2131 835 2213 plinis
878 2130 1243 2210 traduntur,
1288 2132 1583 2213 quamvis
1631 2131 1964 2197 verissima
2016 2126 2194 2197 nulla

647 2238 1041 2303 dubitatIOne
1094 2238 1368 2322 quisque
1422 2238 1741 2319 concedat,
1807 2239 2193 2304 credendum

649 2352 744 2410 est
787 2364 919 2410 non
963 2364 1146 2430 posse
1188 2346 1487 2428 intelligi,
1539 2346 1662 2410 nisi
1708 2365 1748 2411 a
1789 2346 2037 2412 Christo
2063 2349 2195 2414 sole

648 2453 964 2536 spirituali
990 2453 1440 2518 illustraretur.
1480 2476 1511 2513 ι)
1557 2452 1780 2518 Merito
1825 2454 2033 2536 igitur
2077 2455 2195 2539 soli

650 2561 918 2640 Christe,
947 2566 1010 2625 et
1039 2580 1169 2626 non
1197 2561 1329 2642 alii,
1365 2561 1765 2626 attribuenda
1796 2566 1890 2626 est
1916 2563 2192 2628 auctori-

655 2676 746 2741 tas
773 2670 985 2749 oflicii,
1016 2674 1091 2734 ut
1114 2669 1527 2751 singulariter
1559 2688 1730 2733 unus
1766 2669 2072 2752 Magister
2097 2671 2193 2735 di-

652 2782 855 2856 catur,
900 2795 976 2842 eo
1021 2776 1193 2860 quod
1234 2777 1371 2859 ipse
1403 2783 1499 2841 est
1524 2777 1760 2841 fontale
1782 2779 2194 2861 principium,

654 2888 716 2949 et
750 2883 941 2965 origo
973 2882 1313 2965 cujuslibet
1348 2883 1626 2948 scientiae
1656 2884 1987 2950 hnmanae.
2020 2884 2200 2950 Unde

654 2992 815 3054 sicut
838 3008 1011 3053 unus
1036 2991 1130 3053 est
1148 2989 1265 3067 sol,
1295 2992 1514 3053 tamen
1535 2990 1768 3054 multos
1788 2990 2001 3055 radios
2022 2991 2203 3055 emit-

660 3097 753 3175 tit,
785 3096 877 3161 sic
904 3095 984 3160 ab
1012 3114 1144 3159 uno
1184 3094 1492 3177 Magistro
1532 3083 1802 3176 Christo,
1845 3096 1977 3161 sole
2011 3097 2200 3181 spiri-

654 3196 1293 3283 tualiJ'multiformes
1331 3207 1395 3267 et
1432 3203 1703 3268 diversae
1741 3202 2024 3268 scientiae
2054 3223 2198 3287 pro-

651 3310 883 3375 cedunt
915 3332 930 3373 :
963 3314 1025 3373 et
1049 3309 1585 3392 quemadmodum
1618 3310 1997 3393 multiplices
2024 3316 2088 3375 et
2115 3312 2205 3377 di-

652 3418 862 3484 stincti
883 3417 1076 3481 rivuli
1096 3416 1175 3480 ab
1198 3435 1331 3481 uno
1360 3417 1533 3481 fonte
1556 3417 2002 3499 egrediuntur,
2034 3437 2204 3484 unus

653 3531 863 3590 tamen
910 3529 1005 3589 est
1044 3526 1208 3604 fone,
1253 3523 1365 3608 qui
1413 3524 1480 3587 in
1526 3506 1620 3588 tot
1660 3524 1907 3589 rivulos
1936 3525 2074 3589 sine
2103 3526 2203 3590 sui

653 3631 1114 3698 defectibilitate
1144 3630 1567 3713 multiplicat,
1597 3631 1686 3694 sic
1736 3631 1816 3693 ab
1861 3649 1993 3695 uno
2031 3632 2205 3696 fonte

654 3744 915 3819 aeterno,
947 3739 1028 3803 ab
1055 3755 1186 3802 uno
1211 3737 1441 3820 pelago
1469 3736 1747 3816 infinito,
1788 3737 1868 3801 ab
1906 3756 2040 3803 uno
2074 3737 2203 3802 Ma-

633 3847 860 3929 ·gistro
888 3844 1133 3911 Christo
1159 3845 1295 3908 sine
1329 3843 1430 3908 sui
1472 3843 1967 3921 defectibilitate,
2007 3863 2203 3926 egre-

654 3955 920 4020 diuntur
950 3951 1147 4016 rivuli
1176 3951 1582 4015 diversarum
1609 3950 2042 4015 scientiarum.

735 4060 1031 4127 Secundo
1059 4058 1344 4123 Christus
1383 4057 1576 4122 habet
1602 4057 2069 4123 virtuositatem
2112 4060 2203 4125 fa-

657 4164 908 4229 cundiae
935 4162 1005 4225 in
1031 4160 1446 4244 exprimendo
1487 4159 1750 4240 utiliter,
1803 4160 1965 4226 sicut
2004 4163 2207 4245 patuit

655 4274 724 4336 in
752 4271 1023 4348 ratione,
1054 4267 1910 4352 quemfecitlegispe1·itis²:
1946 4291 1976 4330 α
1997 4275 2201 4334 Inter-

656 4379 910 4461 rogavit
936 4395 1086 4443 eum
1111 4394 1283 4441 unus
1309 4375 1473 4455 legis
1489 4375 1709 4440 doctor
1734 4379 1986 4439 tentans
2012 4395 2202 4442 eum:

655 4487 981 4569 Magister,
999 4485 1167 4568 quod
1184 4488 1280 4549 est
1295 4485 1505 4565 maJus
1525 4483 1898 4547 mandatum
1923 4484 1993 4547 in
2012 4483 2161 4565 lege
2172 4487 2204 4549 ’ἓ

656 4597 763 4660 Ait
789 4594 881 4659 illi
906 4593 1086 4659 lesus
1119 4616 1133 4658 :
1167 4593 1512 4658 Dominum
1540 4592 1741 4657 Deum
1764 4598 1950 4657 tuum
1975 4594 2203 4676 diliges

525 4754 535 4766 .
652 4726 731 4772 ex
767 4708 897 4769 toto
925 4702 1113 4767 corde
1141 4706 1275 4781 tu0,
1314 4704 1377 4764 et
1412 4718 1495 4764 ex
1533 4703 1666 4764 tota
1704 4700 1920 4764 anima
1960 4706 2091 4781 tua,
2143 4706 2207 4765 et

651 4823 735 4880 ex
761 4817 895 4877 tota
922 4814 1136 4875 mente
1158 4813 1291 4875 tua.
1318 4830 1348 4868 ι)
1380 4808 1588 4873 Miseri
1609 4808 1837 4890 Judaei,
1863 4810 2069 4893 ipsam
2092 4830 2199 4876 ve-

651 4925 902 4988 ritatem
930 4919 1320 4997 confltentes,
1350 4934 1467 4981 nec
1493 4920 1710 4981 tamen
1738 4937 1878 4982 eam
1920 4919 2025 4983 dili
2034 4938 2199 5001 gen-

652 5037 770 5111 teS,
803 5029 1071 5095 veniunt
1096 5027 1177 5093 ad
1201 5045 1374 5107 eum,
1406 5029 1469 5092 et
1494 5025 1896 5109 interrogant
1922 5047 2055 5094 non
2085 5030 2194 5094 de-

715 5235 730 5268 ¹
764 5234 892 5297 Aug.
911 5257 974 5270 -
1000 5232 1023 5265 ²
1044 5229 1250 5293 uatem,
1277 5240 1413 5293 1111,
1435 5230 1597 5281 35-37.
1621 5256 1684 5268 -
1710 5229 1733 5265 θ
1756 5230 1883 5295 Aug.
1905 5258 1966 5269 —
1983 5232 2184 5293 Noun„

647 5315 765 5365 xm,
799 5306 963 5355 14-15.
989 5328 1052 5342 -
1080 5302 1102 5338 ⁸
1126 5304 1276 5367 Aug„
1303 5314 1461 5352 serm.
1487 5312 1655 5364 ccclv,
1681 5315 1735 5352 n.
1769 5305 1814 5352 ι.
1845 5328 1908 5341 -
1934 5304 1956 5339 ⁸
1983 5303 2191 5363 Matth„

645 5388 702 5438 x,
735 5378 822 5439 255
852 5375 985 5432 Luc..
1017 5385 1099 5437 vl,
1129 5376 1205 5423 40.
1236 5398 1297 5409 —
1323 5372 1346 5408 '¹
1371 5372 1538 5434 Prov„
1575 5384 1695 5435 vm,
1727 5376 1773 5425 7.

1742 381 2162 449 SERMONES
2204 382 2302 447 DE
2344 381 2737 450 TEMPORE.

2286 517 2517 583 siderio
2564 518 2950 599 addiscendi,
2996 519 3107 584 sed
3151 519 3363 585 studio
3400 520 3699 587 tentandi
3731 543 3749 586 :
3780 524 3846 586 et

2288 623 2441 707 quia
2452 624 2870 707 quaestionem
2884 625 3122 691 bonam
3136 627 3597 711 proponebant,
3614 646 3845 711 quam-

2289 732 2390 796 vis
2429 750 2656 797 eorum
2703 732 2944 797 malitia
2981 752 3113 799 non
3156 735 3470 817 exigeret,
3518 736 3843 802 rationem

2290 857 2511 905 veram
2531 839 2751 905 audire
2770 845 3142 906 meruerunt
3165 862 3184 907 ε
3212 843 3458 926 Diliqes
3486 845 3845 911 Dominum

2291 949 2492 1014 Deum
2517 958 2725 1029 tuum,
2758 951 2879 1012 etc.
2913 946 3092 1025 Quod
3116 950 3382 1033 exponit
3409 950 3502 1015 sic
3522 950 3845 1033 Augusti-

2290 1074 2413 1120 nus
2442 1060 2464 1096 ·
2499 1077 2515 1120 ε
2550 1079 2581 1118 α
2609 1055 2718 1121 Ea·
2743 1059 2871 1123 toto
2895 1055 3080 1122 corde
3107 1061 3240 1135 tuo,
3270 1058 3338 1122 id
3364 1062 3480 1139 est,
3509 1058 3846 1124 intellectu

2291 1162 2429 1227 sine
2456 1180 2672 1227 errore
2703 1186 2718 1228 ε
2751 1179 2836 1230 ex
2858 1169 2993 1232 tota
3018 1165 3245 1232 anima
3281 1173 3418 1245 tua,
3466 1167 3531 1230 id
3574 1172 3700 1245 est,
3730 1183 3846 1232 vo·

2290 1268 2535 1334 luntate
2578 1270 2718 1335 sine
2759 1271 3296 1336 contradictione:
3338 1287 3428 1339 ex
3468 1278 3607 1340 tota
3642 1278 3848 1340 mente

2294 1383 2433 1456 tua,
2463 1378 2527 1442 id
2556 1382 2652 1442 est
2676 1378 2986 1443 memoria
3010 1380 3146 1444 sine
3177 1380 3519 1445 oblivione.
3548 1402 3582 1440 a

2373 1483 2586 1549 Tertio
2613 1483 2902 1549 Christus
2937 1486 3128 1551 habet
3157 1487 3577 1551 eminentiam
3606 1488 3843 1551 sancti-

2294 1591 2439 1655 tatis
2471 1592 2617 1656 vitae
2644 1593 2713 1655 in
2743 1590 3068 1671 merendo,
3112 1592 3213 1657 vel
3253 1592 3631 1658 aedificando
3676 1593 3843 1658 salu-

2294 1700 2512 1764 briter.
2547 1699 2631 1763 De
2660 1698 2781 1763 hoc
2806 1698 3040 1764 dicitnr
3064 1699 3088 1734 ⁴
3116 1722 3131 1765 ε
3166 1723 3197 1761 α
3220 1700 3289 1765 Si
3308 1718 3431 1782 ego
3451 1700 3773 1767 Dominus
3791 1706 3852 1766 et

2295 1806 2597 1889 Magister
2637 1807 2766 1871 lavi
2811 1811 3060 1872 vestros
3093 1807 3306 1890 pedes,
3349 1810 3415 1872 et
3449 1826 3572 1873 vos
3608 1808 3851 1874 debetis

2296 1914 2459 1979 alter
2482 1914 2742 1978 alterius
2770 1913 2960 1997 pedes
2978 1914 3197 1979 lavare
3225 1937 3240 1979 ε
3273 1915 3651 1999 exemplum
3680 1916 3849 1980 enim

2295 2021 2442 2086 dedi
2478 2021 2679 2101 vobis,
2711 2026 2785 2085 ut
2810 2023 3354 2105 quemadmodum
3399 2040 3524 2105 ego
3569 2024 3719 2103 feci,
3765 2024 3852 2090 ita

2299 2133 2363 2193 et
2386 2146 2502 2193 vos
2528 2127 2792 2192 faciatis.
2824 2149 2856 2189 ι»
2891 2127 3127 2210 Magna
3164 2129 3492 2194 humilitas
3518 2135 3621 2195 est
3656 2130 3849 2194 mini-

2260 2268 2270 2281 ·
2298 2240 2503 2301 strare
2529 2235 2882 2318 superiori3
2915 2239 3142 2319 major,
3185 2235 3359 2319 pari3
3390 2237 3501 2300 sed
3532 2238 3841 2314 maxima,

2298 2344 2605 2423 inferiori,
2635 2348 2698 2408 et
2724 2343 2995 2426 perfecta
3026 2365 3042 2408 :
3082 2361 3239 2425 ergo
3284 2343 3593 2409 Dominus
3636 2349 3848 2410 noster

2301 2452 2381 2517 ad
2424 2452 2548 2517 hoc
2585 2451 2786 2517 voluit
2820 2468 3073 2516 sumere
3125 2451 3562 2516 infirmitatem
3610 2454 3848 2517 huma-

2302 2577 2476 2639 nam,
2507 2558 2674 2622 utin
2701 2576 2779 2622 ea
2803 2558 3057 2622 doceret
3081 2557 3449 2640 exemplum
3476 2561 3746 2624 omnino
3775 2560 3849 2624 de

2304 2666 2682 2750 perfectione
2710 2666 2921 2729 omnis
2939 2665 3231 2748 justitiae,
3254 2670 3314 2730 et
3334 2667 3630 2749 perfectae
3650 2668 3851 2732 humi-

2303 2774 2518 2852 litatis,
2573 2773 2829 2856 quando
2881 2772 3083 2837 voluit
3129 2774 3495 2839 ministrare
3540 2774 3847 2854 inferiori,

2305 2882 2581 2948 lavando
2633 2882 2823 2966 pedes
2875 2881 3264 2946 rusticorum
3326 2888 3390 2946 et
3439 2882 3846 2964 piscatorum.

2307 2989 2485 3058 Unde
2512 2989 2913 3071 Augustinus
2939 2988 2961 3024 ⁸
2996 3010 3011 3052 t
3052 3012 3085 3051 ιι
3111 2988 3435 3053 Habemus
3475 2990 3852 3055 humilitatis

2307 3096 2700 3180 exemplum,
2722 3096 3034 3179 superbiae
3060 3094 3621 3163 medicamentum.
3649 3120 3679 3158 n
3705 3096 3851 3163 Eru-

2308 3205 2520 3269 bescat
2551 3222 2708 3285 ergo
2747 3204 3109 3267 membrum
3137 3222 3273 3267 esse
3302 3206 3677 3288 superbum,
3711 3222 3851 3270 cum

2308 3316 2497 3395 caput
2525 3311 2607 3375 sit
2632 3310 2877 3375 humile
2908 3332 2924 3374 ι
2965 3313 3027 3374 et
3057 3312 3605 3393 quemadmodum
3644 3330 3854 3376 exem·

2310 3420 2492 3502 plum
2526 3419 2802 3500 dignum
2830 3423 2928 3483 est
2952 3418 3326 3497 imitatione,
3360 3419 3499 3483 ideo
3528 3421 3763 3485 dicitur
3785 3425 3849 3481 ⁸:

2319 3547 2351 3587 α
2395 3524 2712 3591 Perfectus
2748 3530 2965 3589 autem
3011 3524 3220 3589 omnis
3272 3526 3413 3606 erit,
3457 3526 3510 3591 si
3565 3528 3652 3591 sit
3701 3524 3855 3589 sicut

2312 3632 2624 3714 magister
2651 3635 2816 3715 ejus.
2844 3655 2876 3693 n

2393 3740 2681 3804 Secundo
2731 3738 2801 3805 in
2848 3741 3042 3806 verbo
3087 3742 3411 3825 proposito
3453 3742 3851 3808 commenda·

2314 3852 2421 3912 tur
2446 3847 2734 3914 Christus
2766 3868 2808 3914 a
2832 3849 2983 3914 dicti
3011 3849 3348 3930 soliditate,
3377 3853 3641 3934 propter
3664 3866 3853 3933 quam

2315 3960 2409 4020 est
2463 3956 2736 4022 firmiter
2772 3956 3138 4037 credendae,
3187 3976 3333 4022 cum
3383 3959 3597 4023 subdit
3633 3977 3651 4022 ε
3702 3958 3855 4032 Quia

2315 4079 2518 4130 verax
2553 4079 2642 4130 es.
2694 4062 2804 4128 Est
2846 4064 3048 4145 igitur
3087 4064 3372 4129 Christus
3414 4067 3689 4131 firmiter
3725 4082 3853 4130 cre-

2315 4170 2560 4236 dendus
2616 4172 2862 4235 ratione
2925 4188 3061 4235 suae
3134 4171 3418 4237 veritatis
3478 4174 3710 4256 triplici
3782 4170 3854 4234 de

2316 4296 2550 4343 causa:
2590 4278 2819 4361 prim0,
2867 4277 3021 4361 quia
3053 4277 3245 4343 habet
3289 4282 3626 4347 veritatem
3678 4295 3847 4365 purae

2316 4384 2682 4449 intentionis
2730 4384 2797 4448 in
2833 4384 3038 4449 cordis
3078 4385 3501 4467 cogitatione3
3560 4386 3846 4461 secundo,

2316 4495 2468 4577 quia
2499 4495 2690 4559 habet
2712 4494 3047 4559 veritatem
3064 4499 3255 4559 rectae
3274 4494 3611 4560 locutionis
3639 4498 3706 4560 in
3730 4492 3851 4559 oris

2318 4602 2668 4667 eruditione
2689 4624 2706 4681 ;
2750 4602 2956 4681 tertio,
2992 4602 3143 4684 quia
3164 4602 3357 4667 habet
3383 4606 3715 4670 veritatem
3740 4602 3846 4666 ho-

2317 4714 2515 4775 nestae
2535 4710 3050 4790 conversationiS,
3082 4711 3149 4773 in
3168 4712 3380 4794 operis
3399 4712 3776 4776 ostensione.
3842 4736 3851 4749 ·

2399 4817 2616 4883 Primo
2647 4817 3033 4882 credendum
3068 4821 3163 4882 est
3191 4816 3462 4896 Christo,
3493 4819 3647 4902 quia
3673 4814 3849 4883 habet

2320 4923 2656 4987 veritatem
2680 4939 2859 5004 purae
2883 4920 3250 4986 intentionis
3267 4944 3285 5001 3
3320 4922 3541 4988 unde⁷
3575 4945 3590 4987 ε
3633 4948 3663 4986 ιι
3692 4915 3855 4987 Veri-

2322 5033 2516 5094 tatem
2570 5029 2977 5094 meditabitur
3023 5034 3254 5112 guttur
3309 5049 3551 5112 meum,
3598 5036 3662 5096 et
3698 5025 3854 5093 labia

2323 5156 2469 5202 mea
2495 5136 2972 5202 detestabuntur
2998 5136 3296 5219 impium.
3337 5160 3368 5197 ι)
3408 5139 3645 5206 Guttur
3669 5147 3855 5202 meum

2384 5300 2450 5365 (a)
2500 5299 2648 5349 Forte
2688 5298 2785 5363 leq.
2830 5299 2979 5361 idea,
3020 5297 3101 5349 vel
3141 5299 3305 5365 suppl.
3345 5314 3409 5350 ex
3448 5301 3724 5365 Auyustino
3776 5290 3850 5354 (de

2327 5372 2529 5433 Triuia,
2558 5370 2646 5424 lib.
2676 5372 2766 5435 Vt,
2796 5385 2849 5422 n.
2880 5374 2932 5423 ss
2948 5379 2964 5435 )
2999 5370 3152 5437 plena
3178 5371 3456 5427 rationum.
3491 5397 3554 5410 -
3583 5371 3653 5437 (b)
3680 5365 3785 5423 Del.
3808 5377 3852 5439 a,
