4059 6317
679 433 798 500 158

675 569 768 634 tio
794 566 1158 633 affeetnonae
1199 563 1599 643 elevationis,
1629 581 1782 632 cum
1823 563 2045 630 subdit
2076 585 2096 628 ς
2138 563 2221 632 Et

679 675 883 744 duxit
917 673 1062 742 illos
1100 677 1174 741 in
1212 678 1486 741 montem
1523 672 1864 740 amisum.
1901 670 2123 738 Glossa
2148 672 2168 707 ¹
2202 691 2218 734 ε

685 780 1311 862 «Transfigurandns
1327 781 1489 862 (a)in
1516 784 1800 846 montem
1825 779 2125 858 ascendit,
2151 783 2226 844 ut

677 887 929 967 innuat,
945 906 1058 954 eos
1079 889 1154 971 (b)
1175 889 1290 972 qui
1306 889 1837 956 resurrectionem
1863 889 2221 970 expectem,

680 996 750 1060 in
774 996 1096 1061 excelsum
1135 996 1364 1062 debere
1396 996 1471 1078 (c)
1505 996 1781 1075 elevari,
1811 999 1875 1059 et
1901 993 2226 1082 continuis

684 1103 979 1196 precibus
1009 1103 1317 1168 insistere.
1345 1124 1379 1164 ιι
1426 1101 1637 1168 Tertio
1677 1107 1938 1168 notatur
1959 1101 2225 1186 dispen-

677 1211 886 1275 sativa
927 1210 1206 1276 ostensio
1233 1210 1470 1294 suturas
1521 1209 2019 1291 glorificationis,
2075 1225 2225 1273 cum

681 1319 991 1385 subinfert
1019 1338 1038 1383 ε
1079 1319 1604 1401 Transfiquratus
1629 1322 1722 1385 est
1757 1323 1905 1385 ante
1931 1331 2061 1383 eos.

763 1426 924 1491 Dicit
947 1444 1159 1508 ergo.
1189 1427 1563 1509 Assumpsit
1599 1426 1779 1492 Iesus
1815 1425 2118 1503 Pomm,
2164 1430 2227 1492 et

682 1534 1021 1614 Iacobum,
1060 1540 1121 1601 et
1155 1534 1516 1601 Joannem:
1537 1532 1655 1598 ubi
1697 1535 1961 1598 notatur
2004 1530 2226 1595 divina

684 1640 974 1722 dignatio
1005 1641 1291 1725 mysticae
1320 1641 1789 1724 assumptionis».
1831 1639 2072 1704 Dicitur
2099 1657 2223 1703 au-

685 1751 814 1812 tem
841 1749 1109 1831 mystica
1132 1748 1241 1812 illa
1258 1748 1632 1831 assumptio,
1653 1766 1730 1811 eo
1749 1746 1922 1830 quod
1941 1764 2226 1828 assump-

685 1855 857 1920 tione
882 1854 1150 1921 istorum
1170 1856 1368 1920 trium
1383 1858 1783 1938 mysticamr,
1812 1859 1878 1919 et
1899 1855 2221 1936 figuratur

689 1961 1040 2045 assumptio
1090 1961 1353 2044 triplicis
1388 1966 1595 2026 status
1631 1961 1961 2028 militantis
2001 1961 2218 2028 Eccle-

683 2068 798 2134 siae
816 2118 834 2148 ,
893 2068 1126 2133 scilieet
1166 2068 1552 2152 praelationis
1572 2117 1592 2149 ‚
1640 2068 1906 2134 actionis
1948 2072 2014 2133 et
2060 2086 2223 2134 ron-

685 2176 1134 2259 templationis.
1194 2175 1357 2241 Nam
1409 2180 1611 2242 status
1663 2176 2056 2259 praelationis
2108 2194 2224 2259 per

687 2283 946 2350 Petrum
965 2283 1360 2366 designatur,
1379 2284 1534 2367 quia
1550 2284 1798 2366 primus
1813 2285 2069 2349 tuturus
2089 2290 2225 2349 erat

687 2390 752 2455 in
777 2391 1096 2473 regimine
1121 2391 1413 2457 Ecclesiae
1441 2409 1555 2474 per
1579 2390 1866 2458 officium
1904 2392 2222 2474 praelatio-

685 2499 805 2564 nis.
846 2498 1063 2564 Status
1099 2499 1363 2565 actionis
1405 2517 1518 2582 per
1560 2498 1866 2565 iacobum
1899 2501 2217 2583 signatur,

686 2607 800 2689 qui
824 2608 1077 2690 primus
1099 2607 1356 2672 futurus
1379 2611 1515 2672 erat
1539 2607 1611 2674 in
1635 2608 2060 2674 amaritudine
2083 2628 2220 2693 ρω-

686 2716 972 2782 nitentiae
1004 2734 1116 2799 per
1141 2718 1531 2781 tormentum
1558 2716 1891 2799 passionis,
1916 2716 2075 2799 quia
2100 2717 2222 2800 pri·

690 2841 836 2890 mus
865 2823 1031 2887 inter
1060 2821 1376 2905 apostolos
1401 2840 1627 2905 passus
1651 2823 1790 2888 fuit.
1823 2822 2040 2890 Status
2067 2842 2224 2890 con-

690 2935 816 2996 tem
823 2927 1120 3013 plationis
1162 2947 1279 3012 per
1310 2929 1346 2995 J
1347 2947 1622 2995 oannem
1665 2917 2065 3011 designatur,
2109 2932 2223 3015 qui

692 3039 939 3121 primus
965 3037 1219 3102 futurus
1252 3042 1391 3102 erat
1415 3036 1487 3101 in
1519 3037 1909 3120 plenitudine
1951 3039 2179 3121 gratiae
2198 3086 2218 3119 ,

694 3163 807 3228 per
837 3147 1262 3225 augmentum
1284 3144 1657 3209 dilectionis.
1695 3144 1911 3210 Primo
1938 3165 2095 3229 ergo
2121 3166 2221 3211 as-

692 3252 965 3335 sumpsit
986 3251 1270 3331 Petrum,
1298 3257 1361 3317 et
1379 3252 1448 3315 in
1468 3251 1652 3317 Petro
1675 3258 1933 3318 caeteros
1955 3254 2036 3320 de
2057 3258 2223 3321 statu

690 3356 1075 3437 praelationis
1094 3405 1111 3437 ‚
1147 3356 1227 3421 ad
1254 3356 1726 3440 praesidentiam
1760 3359 2051 3423 virtualis
2078 3378 2227 3441 pro-

688 3463 982 3528 tectionis
1003 3464 1072 3528 in
1097 3464 1419 3546 regimine
1451 3464 1770 3530 Ecclesiae.
1800 3463 2096 3532 Secundo
2121 3485 2226 3531 as·-

689 3570 962 3653 sumpsit
986 3568 1290 3637 Iacobum
1306 3620 1327 3651 ,
1367 3575 1432 3636 et
1464 3572 1534 3636 in
1573 3570 1804 3638 Jacobo
1843 3578 2106 3640 caeteros
2145 3576 2227 3642 de

688 3681 860 3741 statu
874 3678 1158 3760 actioniS,
1180 3679 1261 3744 ad
1282 3679 1727 3761 abstinentiam
1749 3680 2017 3746 carnalis
2028 3681 2229 3747 delec-

688 3785 942 3850 tationis
958 3834 981 3866 ,
1009 3786 1077 3850 in
1105 3787 1532 3852 amaritudine
1559 3788 1979 3870 poenitentiae.
2015 3788 2226 3854 Tertio

691 3893 1034 3976 assumpsit
1066 3891 1407 3974 Joannem,
1438 3893 1597 3958 etin
1623 3893 1868 3960 Joanne
1897 3913 2121 3962 omnes
2147 3896 2226 3962 de

688 4002 858 4063 statu
906 3999 1447 4082 contemplationis
1463 4049 1481 4081 ‚
1539 4002 1620 4068 ad
1662 4002 2056 4068 affluentiam
2105 4004 2227 4087 spi-

688 4106 939 4174 ritualis
954 4107 1423 4185 consolationis,
1446 4107 1513 4172 in
1543 4109 1940 4190 plenitudine
1968 4109 2221 4192 gratim.

767 4212 982 4279 Primo
1010 4215 1352 4298 assumpsit
1377 4213 1640 4279 Petrum
1657 4261 1680 4294 ,
1708 4222 1772 4282 et
1797 4217 1866 4282 in
1893 4216 2080 4283 Petro
2105 4237 2227 4284 cae-

687 4325 893 4403 toros,
920 4322 999 4388 de
1026 4327 1193 4388 statu
1229 4322 1614 4406 praelationis
1649 4325 1731 4389 ad
1758 4326 2225 4410 praesidentiam

689 4430 982 4496 virtualis
1009 4430 1414 4514 protectionis
1447 4430 1516 4497 in
1552 4432 1870 4513 regimine
1902 4432 2221 4499 Ecclesiae.

689 4535 866 4602 Unde
893 4537 1154 4602 dicitur⁸
1176 4558 1191 4600 ε
1213 4559 1245 4598 α
1263 4536 1403 4619 Ego
1434 4555 1756 4604 assumam
1773 4544 1866 4620 te,
1886 4538 2225 4607 Zorobabel

688 4643 780 4708 fili
824 4642 1125 4709 Salathiel
1144 4692 1165 4724 ,
1215 4662 1398 4710 serve
1433 4662 1645 4727 meus,
1679 4645 1833 4712 dicit
1874 4648 2221 4730 Dominus,

688 4752 751 4812 et
776 4766 1009 4830 ponam
1037 4752 1099 4813 te
1135 4749 1318 4831 quasi
1355 4750 1759 4831 signaculum
1780 4801 1797 4833 ‚
1829 4754 1983 4836 quia
2007 4758 2071 4820 te
2097 4754 2223 4821 ele—

688 4854 779 4935 gi.
807 4875 840 4915 n
874 4853 1219 4920 Zorobabel
1245 4855 1540 4939 princeps
1563 4857 1633 4921 in
1675 4858 1900 4926 Judaea
1919 4908 1938 4941 ‚
1975 4861 2091 4945 qui
2116 4862 2224 4926 in-

686 4966 1066 5044 term-stanit
1076 4963 1382 5045 princeps
1403 4964 1856 5034 &munionis
1868 5015 1886 5049 ‚
1905 4968 2227 5050 siguificat

687 5069 1032 5153 quemlibet
1053 5069 1390 5154 praelatum
1402 5116 1425 5149 ,
1447 5071 1566 5154 qui
1584 5077 1680 5139 est
1701 5074 1834 5140 dux
1852 5078 1916 5142 et
1931 5076 2225 5159 prinoeps

748 5266 768 5302 ¹
795 5267 957 5318 (Ποσει.
986 5281 1051 5319 ex
1081 5265 1317 5332 Bod.,1·n
1354 5268 1494 5329 Luc„
1527 5283 1574 5319 c.
1611 5281 1694 5334 lx,
1723 5270 1812 5324 lib.
1852 5272 1947 5336 ΙΙΙ,
1978 5286 2023 5325 e.
2054 5273 2133 5324 38.
2164 5297 2221 5310 —

689 5337 709 5368 ²
734 5341 885 5404 2199„
912 5351 979 5401 11,
1005 5342 1083 5390 24.
1112 5364 1175 5377 -
1198 5341 1219 5375 ⁸
1245 5338 1380 5392 Peal.
1410 5351 1554 5405 xxvt,
1583 5345 1753 5394 lo-ss.
1780 5369 1835 5380 -
1864 5343 1883 5375 ⁴
1913 5343 2112 5408 Eneca,
2139 5355 2222 5409 m,

693 5411 769 5461 12.
797 5434 864 5448 —
888 5412 911 5446 ⁸
939 5412 1075 5462 Peal.
1107 5423 1249 5476 nxw,
1276 5413 1323 5463 5.

1769 426 2195 508 SERMONES
2233 426 2334 494 DE
2372 426 2769 496 TEMPORE.

2324 563 2653 630 militantis
2678 562 3000 645 Eccledae,
3046 582 3245 648 quam
3270 564 3508 649 eripuit
3553 563 3857 634 Dominm

2322 669 2407 736 de
2429 671 2597 753 ,iugo
2622 671 2947 754 potestatis
2970 671 3299 738 diabolicae
3316 675 3347 753 ,’
3379 673 3626 740 ratione
3652 675 3860 757 origi-

2328 777 2490 841 nalis
2520 778 2790 861 peccati,
2825 778 2962 844 sive
2988 778 3251 844 actualis
3271 828 3289 856 ,
3334 783 3397 845 et
3438 780 3759 846 transtulit
3793 782 3863 846 in

2322 903 2608 965 regnum
2652 884 2795 950 Filii
2838 886 3187 952 dilectionis
3224 905 3383 952 mae.
3432 885 3601 954 Huic
3646 894 3863 955 autem

2326 990 2479 1056 dicit
2525 991 2832 1058 Dominus
2873 1015 2889 1057 t
2926 993 3269 1060 Assumam
3315 1001 3378 1060 te
3427 1012 3542 1076 per
3582 996 3867 1076 gratiam

2328 1098 2624 1181 benignae
2650 1100 3005 1184 adoptionis
3027 1149 3045 1177 ‚
3078 1120 3261 1168 serve
3288 1120 3471 1168 meus
3490 1151 3510 1183 ‚
3547 1121 3660 1186 per
3684 1122 3868 1169 reve-

2324 1206 2602 1270 rentiam
2640 1207 2979 1274 dominicae
3016 1210 3475 1292 subjectionis,
3523 1214 3584 1276 et
3628 1228 3868 1292 ponam

2210 1355 2216 1363 -
2328 1314 2390 1376 te
2407 1313 2589 1395 quasi
2615 1312 3022 1395 signaculum
3041 1316 3524 1384 certificativum
3536 1317 3864 1397 docuinae,

2327 1418 2407 1484 ad
2435 1420 2793 1490 faciendum
2824 1422 3051 1503 fldem,
3079 1424 3556 1506 promotivum'
3540 1445 3610 1490 ιιι
3637 1444 3868 1509 pugna

2328 1513 2407 1590 ad
2437 1527 2903 1610 praeliandum,
2930 1532 3155 1596 contra
3191 1530 3473 1609 hostem,
3512 1535 3577 1597 et
3610 1532 3870 1598 directi-

2327 1652 2485 1699 vum
2512 1634 2578 1697 in
2608 1635 2750 1715 via,
2788 1634 2869 1700 ad
2896 1635 3349 1719 dirigendum
3331 1657 3401 1704 111
3426 1636 3706 1720 gloriam
3733 1658 3865 1704 coe-

2325 1741 2571 1806 laetem.
2602 1741 2678 1806 Et
2694 1747 2949 1826 propter
2970 1743 3094 1808 hoc
3111 1743 3280 1824 elegi
3307 1747 3371 1810 te
3386 1745 3867 1812 acl-cathedram

2325 1849 2687 1933 apostolicas
2712 1849 3121 1934 praelationis.

2410 1959 2703 2025 Secundo
2737 1959 3079 2042 assumpsit
3097 1957 3429 2041 Iacobum,
3458 1963 3614 2025 etin
3640 1960 3875 2028 Jacobo

2327 2076 2589 2138 caeteros
2602 2097 2618 2108 ·
2631 2071 2713 2136 de
2758 2074 2932 2138 statu
2979 2070 3264 2151 actionis,
3296 2071 3378 2136 ad
3418 2073 3875 2139 abstinentiam

2328 2177 2601 2242 carnalis
2627 2177 3077 2258 delectationis,
3108 2177 3179 2242 in
3218 2179 3639 2245 amaritudine
3666 2181 3869 2263 poeni·

2328 2286 2562 2352 tentiae.
2614 2284 2791 2352 Unde
2825 2285 3058 2350 dicitur
3095 2285 3168 2350 in
3208 2284 3457 2352 Psalmo
3494 2285 3515 2322 ⁸
3566 2308 3582 2350 ι
3624 2309 3659 2348 α
3696 2287 3877 2364 Quo-

2328 2393 2504 2458 niam
2521 2397 2696 2475 pater
2715 2409 2898 2457 meus
2914 2395 2979 2457 et
2998 2395 3203 2457 mater
3226 2409 3369 2457 mea
3384 2392 3871 2475 dereliquerunt

2326 2519 2456 2578 me,
2488 2500 2790 2565 Dominus
2814 2504 3033 2565 autem
3072 2500 3416 2583 assumpsit
3454 2519 3584 2566 me.
3625 2501 3873 2584 Legem

2328 2626 2494 2691 pone
2523 2608 2703 2688 mihi,
2733 2607 3020 2689 Domine,
3048 2608 3118 2672 in
3144 2608 3249 2673 via
3274 2616 3410 2688 tua,
3441 2613 3505 2674 et
3528 2609 3743 2692 dirige
3762 2629 3873 2675 me

2328 2715 2398 2781 in
2422 2716 2713 2782 semitam
2740 2721 2980 2783 rectam
2997 2720 3260 2803 propter
3291 2717 3581 2784 inimicos
3607 2738 3810 2786 meos.
3828 2742 3865 2781 ι

2334 2824 2648 2900 Quoniam
2679 2828 2861 2906 pater
2899 2840 3073 2891 naeus
3116 2823 3440 2905 diabolus,
3477 2833 3678 2894 mater
3726 2843 3876 2895 mea

2330 2931 2831 3014 concupiscentia
2846 2979 2867 3011 ,
2932 2929 3410 3013 dereliquerunt
3457 2950 3553 3001 me
3608 2938 3877 3017 propter

2329 3037 2820 3103 amaritudinem
2879 3036 3190 3103 dolorosas
3243 3039 3655 3121 poenitentiae.
3720 3040 3875 3106 ldeo

2330 3146 2646 3214 Dominus
2668 3147 3019 3228 assumpsit
3044 3162 3160 3226 me,
3184 3150 3440 3230 propter
3464 3146 3876 3232 collationem

2331 3254 2629 3335 gratuitas
2682 3254 3173 3339 justificationis.
3224 3253 3302 3318 Et
3364 3254 3608 3320 ratione
3665 3256 3878 3338 huJus

2331 3379 2482 3427 vere
2512 3362 2826 3445 poenitens
2866 3361 3024 3444 petit
3067 3379 3215 3426 cum
3251 3361 3560 3427 desiderio
3596 3362 3820 3428 dicens
3852 3386 3869 3428 :

2330 3468 2553 3550 Leqem
2570 3484 2732 3550 pone
2757 3467 2944 3548 mihi,
2973 3469 3260 3547 Domine,
3288 3469 3366 3534 in
3390 3470 3505 3535 via
3525 3475 3878 3552 praecepto·

2332 3594 2501 3656 rum,
2532 3581 2595 3643 et
2621 3575 2830 3658 div-iae
2865 3591 2963 3641 me
3002 3576 3077 3641 in
3102 3577 3333 3642 semita
3367 3582 3545 3642 recta
3582 3576 3878 3643 consilio-

2333 3699 2505 3762 rum,
2535 3701 2618 3747 ne
2645 3682 2984 3766 aliquando
3003 3682 3281 3748 incidam
3308 3682 3377 3747 in
3402 3681 3633 3748 manns
3657 3683 3879 3749 inimi-

2336 3806 2583 3854 corum.
2613 3788 2691 3854 Et
2724 3789 2804 3855 de
2845 3790 2969 3854 hoc
3002 3788 3236 3854 dicitur
3260 3790 3328 3853 ⁴:
3364 3813 3395 3851 a
3434 3788 3711 3873 Spiritus
3754 3789 3884 3857 Do—

2331 3896 2495 3961 mini
2516 3895 2767 3963 levavit
2801 3913 2931 3976 me,
2971 3899 3037 3960 et
3082 3897 3424 3980 assumpsit
3461 3914 3591 3976 me,
3635 3900 3703 3963 et
3740 3897 3882 3962 abii

2332 4021 2595 4069 amarus
2621 4004 2689 4068 in
2712 4002 3153 4085 indignatione
3186 4004 3450 4087 spiritus
3477 4004 3620 4069 mei.
3654 4025 3689 4065 ο
3728 4004 3881 4089 Spi-

2332 4114 2501 4179 ritus
2522 4112 2786 4180 Domini
2812 4112 3055 4179 levavit
3080 4127 3176 4178 me
3196 4110 3266 4175 in
3292 4129 3503 4192 cruce,
3530 4130 3647 4195 per
3676 4112 3877 4180 affee-

2331 4223 2472 4284 tum
2501 4219 2875 4304 lacrymosae
2903 4218 3388 4301 compassionis;
3418 4223 3479 4286 et
3516 4223 3883 4302 assum

2331 4341 2430 4392 me
2458 4344 2570 4409 per
2595 4343 2926 4390 excessum
2954 4325 3369 4390 inflammatas
3393 4325 3767 4392 dilectionis.
3795 4326 3884 4393 Et

2331 4437 2487 4497 tunc
2511 4432 2653 4500 abii
2676 4448 2938 4499 amarus
2973 4433 3051 4499 in
3083 4430 3536 4515 intimatione
3566 4434 3882 4515 spirim,

2333 4539 2401 4604 id
2424 4544 2542 4619 est,
2570 4538 2905 4605 dominicae
2930 4538 3264 4621 passionis,
3288 4556 3437 4608 cum
3459 4539 3677 4621 cogito
3697 4541 3883 4623 quod

2331 4647 2568 4713 iterum
2590 4647 2661 4711 in
2685 4646 2887 4730 seipso
2905 4644 3000 4727 (d)
3017 4644 3326 4727 crucifigo
3350 4643 3581 4710 Filium
3598 4645 3712 4714 Dei
3742 4649 3881 4713 rei-

2332 4754 2597 4822 terando
2622 4757 2975 4838 peecatum.

2413 4860 2627 4926 Tertio
2656 4860 3003 4943 assumpsit
3041 4862 3383 4938 hannem,
3425 4863 3489 4925 et
3524 4859 3592 4923 in
3626 4858 3886 4928 Ioanne

2334 4973 2597 5035 caeteros
2621 4968 2701 5035 de
2725 4972 2898 5034 statu
2921 4964 3491 5049 contemplationis,
3512 4966 3593 5031 ad
3609 4967 3888 5034 affluen-

2333 5075 2488 5140 tiam
2516 5074 2861 5160 spiritualis
2889 5070 3352 5151 consolationis„
3383 5071 3449 5135 in
3475 5072 3885 5155 plenitudine

2332 5182 2584 5266 gratiae.
2613 5179 2791 5249 Unde
2827 5180 3057 5246 dicitur
3088 5179 3161 5244 in
3192 5178 3446 5246 Psalmo
3467 5178 3491 5215 ⁸
3520 5199 3539 5243 ε
3577 5201 3610 5242 α
3636 5177 3887 5247 Beatus

2400 5341 2468 5407 (a)
2488 5342 2613 5394 Ooet.
2628 5341 2753 5394 edit.
2768 5336 3329 5406 transfiguratus—(b)
3348 5337 3469 5390 [tera
3488 5343 3633 5390 ut.—
3656 5340 3723 5406 (c)
3748 5344 3885 5394 Item

2334 5414 2539 5468 debent.
2567 5440 2630 5453 -
2658 5414 2725 5479 (ἀ)
2750 5415 2864 5479 hey.
2889 5412 3106 5476 meipso.
