4059 6317
861 497 1242 570 110³ssch
1281 499 1310 565 Ι
1351 498 1436 566 ΙΝ
1474 497 2115 578 QUADRAGuslm.
2160 501 2423 570 SERMO
2466 503 2514 570 1.

3154 511 3273 575 ull

156 641 368 728 peristi3
412 636 900 706 humiliavimus
940 635 1188 702 animas
1240 638 1525 715 nostras,
1571 637 1636 700 et
1740 634 3274 724 belnsadvos(b),babensirammagnam,sciens

157 748 440 815 nescisti.»
471 745 653 824 Item,
678 743 898 810 sinon
921 744 1004 810 sit
1027 743 1239 825 quoad
1265 741 1635 826 proximum
1740 745 1913 827 quod
1939 746 2261 813 modicum
2284 752 2540 831 tempus
2567 750 2784 815 habet.
2810 771 2847 811 n
2880 748 3079 832 Ergo,
3110 750 3274 816 sicut

153 856 441 938 injuriosa,
480 854 645 918 sicut
686 851 995 917 Pharisaei
1032 845 1289 914 illius¹:
1331 872 1362 911 α
1402 847 1637 931 Jejuno
1741 849 2046 916 dicitur⁸z
2083 852 2295 919 «Dum
2313 857 2567 938 tempus
2581 854 2915 934 babemus,
2932 873 3274 940 operemur

155 965 231 1027 bis
257 962 317 1026 in
339 962 589 1026 sabbato
605 1010 624 1041 ,
671 981 704 1021 ι
744 963 865 1025 etc.
914 957 1093 1024 Unde
1140 957 1446 1041 injuriose
1485 974 1640 1022 con-

155 1070 363 1154 tempsit
398 1066 840 1135 Publicanum.
882 1067 1112 1130 Contra
1145 1083 1294 1149 quae
1324 1072 1349 1108 ²
1380 1088 1395 1130 :
1439 1087 1471 1125 o
1515 1063 1640 1142 Qui

156 1196 258 1243 non
277 1178 617 1277 manducat,
638 1174 1134 1240 manducantem
1159 1190 1290 1238 non
1309 1171 1575 1255 judicet.
1599 1191 1634 1230 n

272 1408 614 1487 DOMINIGA
660 1407 692 1482 1
736 1407 814 1482 ΙΝ
857 1405 1488 1491 QUADRAGESIMA.

524 1575 818 1648 SERMO
861 1575 1216 1646 PRIMUS.

3 1917 133 2019 ξω·
160 1926 285 1991 bont
303 1927 523 1992 habere
557 1927 627 1991 in
651 1927 989 2008 memoria,
1015 1925 1308 1990 videlicet
1340 1943 1360 1989 z
1394 1928 1648 2008 tempus

159 2035 490 2117 acceptabile
511 2039 750 2100 nostrae
790 2032 1353 2110 reconciliationis;
1395 2036 1646 2115 tempus

162 2141 472 2207 miserabile
521 2144 832 2208 humanae
883 2141 1290 2208 resolutionis
1320 2163 1339 2220 ;
1383 2145 1649 2223 -tempus

162 2248 505 2316 formidabile
523 2255 831 2316 extremae
848 2248 1365 2326 examinationis;
1394 2251 1649 2331 tempus

164 2355 505 2422 intolerabile
520 2362 784 2424 aeternae
808 2356 1254 2422 damnationis.

225 2462 298 2530 De
329 2466 526 2548 primo
553 2465 969 2531 diciturhic:
1009 2464 1170 2530 Ecce
1203 2478 1376 2529 mmo
1403 2471 1648 2545 tompus

165 2572 512 2655 acceptabile.
555 2572 953 2655 Acceptabile
991 2572 1213 2655 utique
1263 2575 1361 2636 est
1397 2574 1652 2654 tempus

169 2681 620 2765 mestaque
656 2678 1308 2764 pacemcumDeoet
1345 2697 1495 2744 cum
1532 2697 1654 2743 an·-

173 2787 314 2867 gelis,
340 2791 398 2853 et
426 2788 749 2853 medelam
787 2786 1128 2851 animabus
1155 2785 1394 2851 nostris
1426 2803 1654 2870 possu-

176 2909 307 2972 mus,
324 2896 371 2959 si
397 2897 720 2974 volumus,
751 2893 1066 2959 invenire.
1087 2892 1239 2958 Tale
1265 2896 1521 2976 tempus
1542 2911 1653 2957 an-

175 3002 296 3086 tiqui
310 3006 739 3073 dedderabant
763 3005 825 3069 ⁴:
851 3026 884 3064 α
903 3002 1391 3087 Expectavimus
1407 3019 1650 3086 pacem,

173 3114 222 3174 et
238 3130 347 3178 non
368 3118 533 3195 erat;
563 3115 811 3180 honum
838 3116 1091 3195 tempus
1116 3110 1404 3189 medelae,
1422 3115 1486 3174 et
1511 3128 1654 3175 ecce

171 3217 412 3286 lomido.
441 3243 472 3281 ι
505 3221 556 3287 Ο
599 3225 842 3305 quanta
883 3219 1161 3285 caecitasl
1209 3222 1449 3303 quanta
1483 3218 1652 3283 insa-

168 3323 281 3388 nia!
319 3333 559 3412 tempus
609 3327 878 3394 medelae
919 3327 1201 3408 corporis
1239 3326 1519 3409 negligis
1571 3326 1651 3409 (a)

165 3450 271 3497 uno
303 3437 429 3516 die,
472 3443 734 3521 tempus
777 3436 1040 3502 medelae
1098 3437 1333 3502 animae
1369 3434 1656 3519 negligis

164 3540 345 3606 multis
363 3545 568 3609 annis.
609 3544 886 3610 Ioannes
913 3543 1395 3627 (ltirysostomus
1417 3544 1488 3608 ⁸:
1528 3566 1560 3605 α
1584 3542 1655 3608 Si

165 3642 294 3713 torte
314 3650 379 3714 in
402 3669 666 3735 corpore
693 3651 880 3735 parvi
920 3651 1156 3735 aliquid
1192 3651 1398 3716 morbi
1437 3650 1653 3734 pulsa-

165 3754 315 3835 verit,
339 3758 545 3822 statim
573 3757 855 3824 medicos
894 3758 1305 3838 adhibemus,
1351 3762 1416 3823 et
1463 3775 1660 3841 pecu-

162 3859 306 3925 niam
349 3866 791 3947 profundimus
822 3885 841 3946 ;
890 3865 1105 3931 anima
1163 3883 1320 3930 vero
1380 3863 1658 3948 quotidie

163 3984 282 4034 eum
303 3973 695 4055 vulneretur,
723 3992 873 4039 cum
911 3992 1027 4058 per
1056 3973 1320 4056 singula
1355 3973 1654 4053 lanietur,

164 4081 373 4157 matur,
400 4081 860 4165 praecipitetur,
888 4085 953 4147 et
981 4081 1190 4146 modis
1215 4081 1513 4147 omnibus
1539 4099 1657 4164 pa-

163 4180 344 4265 tiatur,
365 4206 445 4252 ne
469 4207 678 4271 parva
701 4187 961 4271 quidem
988 4206 1106 4271 pro
1133 4206 1210 4252 ea
1224 4206 1344 4252 nos
1366 4205 1522 4252 cura
1541 4187 1663 4253 sol-

164 4284 347 4360 licitat.
371 4317 402 4355 »
425 4295 658 4361 Merito
675 4313 838 4377 ergo
862 4299 1104 4360 tantam
1129 4295 1436 4380 temporis
1457 4295 1663 4378 negli-

169 4400 414 4476 gentiam
452 4403 623 4470 Deus
668 4422 709 4467 a
750 4407 814 4468 te
854 4403 1155 4487 requiret.
1207 4402 1557 4485 Gregorius
1583 4402 1607 4438 ⁸
1639 4424 1655 4468 ε

170 4525 198 4564 ι
208 4504 382 4575 Omne
392 4515 650 4595 tempus
665 4510 783 4575 tibi
792 4510 1160 4594 impensum
1172 4510 1457 4593 requiret
1468 4509 1658 4591 Deus,

167 4614 397 4693 qualiter
438 4619 524 4682 sit
559 4635 943 4701 expensum.
991 4638 1025 4677 ι)
1060 4614 1110 4683 Ο
1153 4634 1350 4699 quam
1397 4616 1666 4682 infestus

167 4725 244 4784 ost
284 4725 565 4792 diabolus
614 4725 864 4790 homini
917 4726 989 4789 in
1041 4725 1164 4789 hoc
1210 4728 1523 4808 tempore!
1585 4724 1665 4789 Et

167 4828 311 4894 tanto
333 4837 495 4898 certe
536 4833 853 4912 infestior,
900 4836 1139 4915 quanto
1174 4836 1430 4914 tempus
1468 4830 1663 4896 infes-

166 4935 680 5023 tandisuspicitur
707 4938 1072 5005 brevius⁷2
1113 4960 1144 4998 c
1182 4937 1664 5005 Descenditdia-

219 5136 371 5198 ¹L·e.,
398 5149 566 5202 nm,
611 5140 686 5189 12.
729 5163 786 5174 -
831 5136 850 5166 ²
884 5136 1043 5199 Rom„
1072 5148 1181 5198 xlv,
1210 5139 1257 5186 3.
1291 5162 1346 5172 -
1391 5135 1415 5172 ⁸
1453 5138 1491 5186 ΙΙ
1525 5137 1663 5200 Con,

167 5216 227 5267 u,
255 5209 297 5256 2.
324 5234 380 5248 -
407 5211 427 5240 ⁴
451 5210 664 5269 lev-em„
691 5220 818 5271 v111,
856 5209 930 5257 ¹5.
969 5233 1024 5243 —
1053 5207 1075 5242 ⁸
1116 5207 1401 5271 chrysost„
1440 5207 1491 5256 in
1520 5207 1665 5268 Gen„

167 5274 280 5330 hom.
310 5294 412 5346 nx,
443 5296 499 5334 n.
529 5285 584 5333 6.
617 5306 680 5319 -—
716 5281 739 5316 ⁸
772 5281 984 5344 Gregor.
1010 5304 1074 5316 —
1105 5279 1127 5314 '¹
1153 5281 1322 5343 Apoe„
1351 5291 1456 5344 ιιι,
1495 5283 1575 5332 12.
1604 5304 1661 5316 —

174 5346 194 5380 ⁸
219 5349 339 5415 θοι,
371 5364 454 5416 vr,
492 5356 575 5404 10.
605 5378 668 5392 —
701 5353 724 5383 ⁸
761 5352 810 5402 ll
847 5349 998 5409 Tim..
1028 5361 1098 5415 W,
1126 5353 1174 5400 6.
1203 5376 1263 5389 --
1295 5350 1341 5386 ¹⁰
1366 5349 1551 5410 Bet-Ie„
1589 5360 1664 5414 lx,

173 5421 235 5469 ¹2·
255 5447 311 5460 —-
332 5424 366 5459 ¹¹
395 5425 571 5490 Greg„
602 5425 656 5473 in
677 5424 899 5486 Eueno„
923 5420 1064 5473 bom.
1091 5433 1130 5484 1,
1151 5434 1206 5473 u.
1235 5423 1283 5471 5.
1309 5447 1374 5459 —
1403 5421 1448 5456 ¹¹
1482 5421 1664 5484 Κακία,

172 5499 238 5553 111,
265 5496 333 5546 1¹1.
357 5521 416 5534 —
443 5496 481 5527 ¹⁸
505 5499 664 5560 Aug„
687 5493 840 5556 cons.
862 5517 922 5531 -
948 5492 992 5528 ²⁸
1015 5492 1216 5555 north„
1249 5503 1366 5554 xm,
1390 5493 1471 5542 ³⁰.

409 5601 558 5651 1'01.
599 5601 746 5649 xm.

1742 958 1983 1023 bonum
2012 960 2092 1025 ad
2119 978 2363 1026 omnes.
2392 984 2425 1022 n

1821 1062 1910 1128 De
1934 1064 2210 1129 secundo
2233 1070 2256 1104 ⁸
2287 1086 2304 1130 ε
2330 1089 2362 1128 α
2387 1063 2663 1149 Tempus
2685 1084 2850 1134 meae
2873 1067 3278 1134 resolutionis

1745 1171 1958 1237 instat.
2011 1194 2045 1232 n
2111 1171 2417 1237 Mirabilis
2462 1173 2735 1238 conditio
2759 1223 2778 1254 ‚
2833 1175 3007 1259 quod
3052 1194 3278 1242 omnes

1747 1278 1913 1344 mori
1957 1279 2186 1346 debere
2226 1297 2345 1345 nos
2386 1280 2667 1361 scimus3
2717 1282 2829 1347 sed
2865 1282 3034 1348 sicut
3075 1283 3279 1366 pisces

1747 1387 1851 1453 vel
1877 1406 2029 1453 aves
2062 1389 2317 1472 quando
2356 1389 2706 1473 capiantur,
2750 1391 2842 1456 ita
2880 1396 2946 1457 et
2973 1410 3093 1457 nos
3115 1396 3277 1458 tem-

1749 1512 1868 1577 pus
1887 1496 2108 1560 mortis
2119 1495 2519 1578 ignoramus.
2539 1497 2584 1532 ¹⁰
2610 1496 2852 1563 «Nescit
2871 1498 3067 1565 homo
3082 1500 3281 1565 finem

1750 1619 1975 1682 suum;
2006 1604 2119 1669 sed
2146 1603 2311 1669 sicut
2347 1604 2549 1687 pisces
2595 1604 2934 1688 capiuntur
2956 1605 3151 1674 hamo
3172 1654 3191 1687 ,
3219 1610 3285 1672 et

1751 1727 1902 1775 aves
1927 1711 2556 1794 comprehenduntur
2578 1712 2811 1795 laqueo
2826 1761 2846 1793 ,
2871 1713 2963 1777 sic
2990 1713 3284 1779 homines

1616 1851 1644 1868 ·
1752 1817 2089 1900 capiuntur
2113 1823 2397 1901 tempore
2424 1818 2615 1899 malo,
2656 1836 2805 1884 cum
2830 1819 2923 1883 eis
2964 1820 3285 1904 extemplo

1750 1925 2209 2008 supervenerit.
2240 1947 2271 1985 ι
2306 1924 2483 1991 More
2514 1926 2690 1991 enim
2722 1927 2913 2011 piscis
2950 1928 3146 1993 homo
3178 1946 3283 1994 se-

1751 2027 1974 2112 quitur
1994 2047 2207 2094 escam
2232 2031 2631 2114 voluptatum
2651 2032 3000 2096 carnalium
3004 2078 3026 2111 ‚
3057 2032 3162 2099 vel
3184 2051 3285 2098 re·

1752 2152 1903 2199 rum
1926 2136 2413 2219 temporaliumg
2443 2142 2506 2203 et
2541 2138 2872 2222 decipitur,
2910 2139 3075 2205 sicut
3110 2139 3279 2220 avis,

1754 2242 1923 2307 dulci
1967 2261 2127 2309 sono
2169 2244 2548 2310 adulationis
2568 2293 2585 2325 ,
2628 2250 2692 2311 et
2733 2246 2886 2312 ludo
2925 2265 3285 2331 pennarum

1756 2351 2054 2416 vanitatis
2099 2356 2163 2417 et
2203 2352 2664 2433 dissolutionis,
2705 2354 2906 2420 donec
2947 2355 3142 2421 hamo
3183 2356 3289 2423 vel

1753 2457 1984 2541 laqueo
2025 2460 2250 2524 mortis
2292 2461 2582 2544 capiatur
2601 2510 2619 2542 ‚
2664 2465 2728 2527 et
2774 2463 2898 2528 hoc
2939 2463 3286 2547 extemplo.

1757 2564 2105 2647 Gregorius
2127 2567 2164 2604 ¹¹
2199 2589 2215 2631 :
2256 2566 2529 2644 «Quanti
2555 2569 2635 2633 ad
2661 2588 2993 2650 vesperam
3017 2572 3159 2636 sani
3179 2590 3289 2637 ac-

1756 2675 1939 2738 turos
1993 2692 2064 2739 se
2119 2674 2189 2738 in
2238 2678 2587 2741 crastinum
2649 2677 2887 2760 aliquid
2936 2678 3283 2761 putabant,

1758 2785 1822 2846 et
1856 2785 2073 2846 tamen
2107 2782 2173 2848 in
2218 2787 2400 2848 nocte
2435 2783 2507 2865 (c)
2555 2784 2889 2867 repentina
2930 2789 3134 2851 morte
3176 2785 3293 2850 de-

1758 2887 1960 2954 functi
1983 2893 2170 2955 sunt!
2200 2912 2232 2951 n

1839 2995 1926 3062 De
1946 2998 2195 3063 tertio¹'
2224 3018 2242 3064 ε
2276 2998 2358 3065 «J
2362 3002 2579 3065 ustum
2605 3004 2670 3065 et
2695 3000 2967 3083 impium
2983 3001 3299 3085 judicabit

1761 3102 2098 3184 Dominus,
2141 3109 2206 3171 et
2240 3110 2492 3190 tempus
2516 3107 2728 3172 omnis
2753 3107 2848 3172 rei
2883 3110 3038 3173 tunc
3081 3108 3224 3174 erit.
3254 3128 3287 3168 n

1762 3209 1940 3277 Certe
1981 3213 2117 3295 ipse
2161 3231 2309 3280 non·
2337 3218 2584 3280 tantum
2617 3218 2912 3298 justum,
2957 3214 3091 3279 imo
3129 3215 3299 3298 ipm

1756 3319 2035 3400 ,iustitias
2043 3321 2249 3402 ‚iustas
2256 3320 2592 3403 judicabit.
2604 3322 3011 3404 Augustinus
3025 3321 3072 3359 ¹⁸
3093 3340 3110 3384 z
3137 3344 3170 3384 ι
3185 3319 3297 3387 Vae

1762 3426 1955 3491 etiam
1993 3427 2301 3494 laudabili
2346 3429 2497 3495 vitae
2532 3430 2871 3495 hominum
2888 3477 2909 3510 ,
2955 3429 3011 3494 si
3053 3434 3301 3495 remota

1764 3536 2221 3618 misericordia,
2248 3538 2549 3605 discutias
2574 3557 2741 3604 eam.
2770 3562 2803 3599 n
2836 3538 3022 3604 Modo
3040 3539 3301 3623 reliquit

1764 3644 1947 3710 nobis
1987 3649 2243 3729 tempus
2281 3646 2362 3711 ad
2408 3648 2954 3728 satisfaciendum3
2988 3647 3099 3715 sed
3146 3652 3301 3714 tunc

1764 3752 2029 3834 accipiet
2052 3756 2307 3838 tempus
2329 3755 2411 3821 ad
2436 3755 2857 3839 puniendum.
2889 3753 3060 3821 Bene
3083 3759 3301 3822 autem

1764 3857 1916 3924 dicit
1940 3858 2261 3940 Salomon,
2292 3861 2466 3944 quod
2489 3861 2599 3927 illo
2634 3866 2920 3945 tempore
2940 3864 3193 3946 ⁸iustum
3239 3867 3305 3929 et

1766 3965 2046 4050 impium
2063 3968 2396 4050 judicabit.
2415 3968 2500 4036 De
2512 3969 2636 4036 hoc
2663 3974 2949 4055 tempore
2964 3970 3194 4038 dieitur
3209 3972 3257 4012 '⁸
3279 3991 3295 4035 ι

1771 4098 1804 4138 α
1852 4075 1928 4140 In
1976 4082 2264 4162 tempore
2324 4079 2552 4144 messis
2593 4079 2804 4145 dicam
2845 4078 3235 4144 messoribus
3280 4099 3297 4144 ε

1768 4182 2061 4267 colligite
2128 4186 2407 4268 primum
2483 4186 2788 4251 zizaniam
2815 4235 2834 4266 ‚
2872 4190 2971 4252 =et
3040 4185 3303 4267 alligate

1768 4308 1913 4356 eam
1945 4291 2014 4374 (e)
2045 4291 2116 4356 in
2130 4291 2462 4358 fasciculos
2478 4293 2559 4358 ad
2572 4293 3115 4372 comburendum3
3142 4292 3305 4358 triti-

1769 4415 1918 4464 cum
1931 4402 2152 4464 autem
2170 4401 2563 4481 congregate
2577 4399 2645 4463 in
2666 4401 2975 4465 hon-eum
2999 4417 3242 4465 meum.
3263 4421 3295 4460 a

1771 4503 1892 4570 Ubi
1912 4523 2028 4588 per
2055 4505 2362 4571 zizaniam
2388 4506 2595 4588 impii,
2615 4524 2731 4590 per
2755 4507 3033 4572 triticum
3054 4506 3214 4590 justi
3229 4507 3311 4572 si-

1774 4612 2187 4695 gnificantur.
2235 4612 2359 4679 Sed
2403 4613 2643 4678 zizania
2686 4613 2756 4677 in
2801 4613 3132 4680 fasciculos
3175 4612 3309 4678 alli·

1773 4723 1985 4802 gatur,
2008 4721 2168 4786 dum
2189 4720 2344 4786 socii
2362 4720 2465 4785 vel
2485 4737 2672 4803 pares
2687 4720 2755 4785 in
2774 4720 2999 4804 culpis,
3015 4721 3085 4785 in
3102 4721 3308 4804 poenis

1770 4826 2035 4909 paribus
2054 4827 2399 4892 sociantur.
2429 4825 2551 4905 Qui
2572 4845 2727 4893 vero
2751 4826 2932 4891 electi
2948 4830 3118 4907 sunt,
3144 4827 3309 4892 scire

1772 4934 2003 5000 debent
2045 4934 2219 5018 quod
2238 4984 2258 5016 ,
2300 4936 2457 5001 dum
2504 4934 2775 5018 flagellis
2821 4935 3308 5002 tribulationum

1771 5042 2175 5120 triturantur,
2204 5042 2286 5108 ad
2308 5042 2616 5109 horreum
2642 5042 2787 5108 coeli
2818 5046 3307 5128 praeparantur:

1773 5149 1878 5214 hic
1915 5148 2086 5214 enim
2129 5166 2247 5231 per
2286 5148 2539 5231 flagella
2581 5153 2972 5233 purgantur.
3004 5149 3310 5233 Augusti·

1839 5348 1910 5412 (a)
1933 5345 2112 5411 suppl.
2131 5346 2238 5396 vix.
2261 5373 2316 5383 —
2348 5346 2414 5410 (ὁ)
2433 5347 2553 5399 Goet.
2577 5347 2698 5398 edit.
2723 5361 2839 5400 nos.
2863 5374 2917 5384 —-
2941 5349 3005 5412 (c)
3035 5350 3157 5400 cat.
3179 5347 3306 5400 edit.

1773 5431 1924 5469 voce.
1949 5442 2014 5456 —
2036 5417 2110 5482 (d,
2140 5417 2290 5468 Forte
2315 5415 2411 5481 leq.
2440 5417 2668 5483 injustas.
2695 5446 2759 5458 —
2784 5419 2845 5483 (e)
2882 5420 3031 5485 Vutq.
3060 5419 3306 5471 zizania...

1775 5502 1853 5540 ea.

2955 5585 3035 5646 10
