4059 6317
862 456 1244 525 DOMINICA
1283 454 1394 523 XV
1431 452 1629 520 POST
1672 451 2254 524 PENTEGOSTEN.
2299 452 2713 538 SERMQIV.

183 593 349 659 nitas
383 595 693 658 remanet.
740 593 858 671 Qut
895 598 1112 659 autem
1159 592 1227 656 in
1272 589 1731 655 consuetudine

181 700 469 785 peccavit
494 701 877 781 vivificatus,
911 702 1155 783 ligatus
1191 704 1309 778 est,
1357 697 1511 781 quia
1541 696 1731 760 habet

181 825 491 889 magnam
519 810 901 893 pronimtem
927 810 1008 876 ad
1035 808 1282 873 malum
1311 811 1373 871 et
1399 796 1733 871 difficulta-

179 919 310 981 tem
332 916 413 980 ad
440 916 705 982 bonum.
1542 988 1558 1005 ⁸

262 1021 499 1102 Tertio,
544 1023 612 1086 in
656 1025 853 1090 verbo
895 1024 1215 1107 proposito
1242 1023 1503 1086 notatur
1528 1018 1735 1083 laudis

182 1131 612 1214 amplificatiO,
644 1135 959 1214 quantum
985 1131 1065 1196 ad
1092 1129 1514 1195 reverentiam
1551 1144 1735 1190 crea-

183 1239 362 1304 tricis
385 1239 735 1321 sapientiae,
761 1257 909 1303 cum
937 1238 1248 1303 subinfert
1279 1255 1298 1300 t
1328 1235 1586 1318 Accepit
1611 1249 1728 1300 au-

184 1351 316 1413 tem
350 1361 565 1414 omnes
601 1348 816 1425 timor,
864 1352 925 1413 et
967 1343 1474 1428 maqnificabant
1511 1342 1729 1407 Deum.

185 1455 299 1521 Est
323 1456 493 1520 enim
527 1459 894 1519 reverenter
924 1451 1438 1535 magnificandus
1467 1448 1630 1514 Deus
1656 1449 1735 1514 de

186 1584 379 1648 opere
419 1564 828 1629 recreationis
846 1611 865 1642 ,
914 1581 991 1628 eo
1033 1561 1206 1645 quod
1242 1564 1336 1624 est
1373 1558 1580 1642 primo
1623 1558 1734 1623 de-

187 1673 567 1738 clarativum
597 1672 898 1755 potentiae
925 1671 995 1734 in
1023 1669 1371 1752 dejectione
1405 1666 1602 1730 hostis
1628 1683 1736 1729 an-

188 1780 354 1864 tiqui
378 1802 396 1860 ;
436 1781 710 1846 secundo
738 1779 1278 1844 manifestativum
1305 1775 1632 1858 sapientiae
1664 1775 1736 1838 in

188 1888 576 1954 revelatione
602 1887 880 1952 hominis
910 1885 1204 1970 prostrati
1225 1906 1241 1958 3
1271 1884 1459 1948 tertio
1482 1897 1737 1965 expres-

188 1997 406 2061 sivum
461 1995 906 2060 misericordiae
965 1993 1033 2056 in
1091 1991 1392 2055 missione
1461 1988 1736 2072 Spiritus

189 2103 413 2168 sancti.
470 2102 549 2167 Et
602 2104 860 2185 propter
907 2100 1029 2164 hoc
1094 2099 1401 2163 debemus
1471 2096 1738 2161 laudare

188 2210 392 2276 Deum
419 2211 496 2276 de
528 2227 720 2293 opere
756 2206 1197 2284 recreationis3
1236 2204 1408 2288 quod
1436 2204 1501 2267 in
1529 2203 1736 2268 refor-

189 2318 473 2382 matione
511 2321 576 2381 et
611 2314 1085 2381 resuscitatione
1126 2312 1297 2377 illius
1326 2311 1740 2376 adolescentis

191 2424 491 2506 signatur
508 2443 526 2488 2
547 2427 686 2489 tum
701 2423 852 2505 quia
868 2439 985 2485 sua
1004 2421 1084 2504 (a)
1101 2421 1496 2486 virtuositate
1508 2424 1737 2503 poten-

192 2533 298 2597 tiae
334 2532 562 2615 deJecit
608 2530 929 2595 crudelem
970 2533 1361 2612 tyrannum;
1406 2533 1546 2592 tum
1585 2527 1740 2610 quia

190 2658 312 2704 sua
340 2640 424 2722 (α)
460 2639 806 2719 sagacitate
824 2637 1154 2719 sapientiae
1181 2635 1490 2701 relevavit
1527 2635 1741 2698 bomi-

190 2765 342 2811 nem
359 2749 771 2830 prostratum;
786 2748 927 2808 tum
947 2745 1099 2828 quia
1115 2763 1234 2809 sua
1250 2745 1328 2827 (a)
1345 2743 1742 2824 benignitate

192 2853 548 2920 clementiae
592 2853 767 2915 misit
796 2851 876 2915 ad
903 2870 1021 2916 nos
1067 2851 1374 2934 Spiritum
1419 2855 1737 2915 sanctum.

273 2962 495 3027 Primo
539 2959 1042 3040 magnificabant
1079 2958 1285 3022 Deum
1313 2958 1392 3022 de
1421 2977 1610 3041 opere
1636 2977 1737 3023 re-

192 3067 532 3134 creationis
550 3114 571 3145 ,
619 3069 882 3149 propter
933 3065 1396 3129 virtuositatem
1441 3066 1739 3148 potentiae

193 3174 261 3239 in
290 3174 640 3258 dejectione
665 3173 862 3237 hostis
888 3171 1136 3255 antiqui
1160 3191 1176 3251 ;
1214 3177 1279 3237 et
1301 3172 1425 3237 hec
1450 3176 1544 3237 est
1569 3174 1739 3255 quod

192 3282 347 3347 dicit
363 3282 547 3346 beata
571 3278 777 3362 Virgo
806 3280 827 3315 ²
861 3301 877 3343 ι
919 3301 951 3340 α
977 3277 1340 3360 Magnificat
1355 3280 1572 3345 anima
1595 3300 1741 3347 mea

193 3389 565 3454 Dominum.
588 3408 620 3447 n
656 3386 736 3451 Et
761 3386 1053 3470 sequitur
1083 3408 1098 3449 :
1129 3408 1161 3448 α
1190 3386 1364 3452 Fecit
1389 3389 1738 3471 potentiam

192 3498 264 3561 in
305 3495 569 3561 brachio
610 3512 728 3560 suo
748 3543 765 3572 ‚
813 3494 1110 3576 dispersit
1162 3496 1472 3577 superbos
1524 3501 1739 3561 mente

193 3603 404 3669 cordis
426 3602 552 3667 sui.
571 3623 603 3661 n
624 3599 827 3683 Virgo
844 3601 1123 3683 gloriosa
1135 3605 1265 3665 toto
1283 3601 1513 3688 affectu
1535 3609 1741 3668 osten·

193 3710 291 3777 dit
318 3729 388 3776 se
415 3710 676 3775 laudare
702 3708 987 3774 divinam
1007 3708 1311 3774 virtutem
1337 3710 1411 3791 (b)
1433 3710 1738 3776 beneflcio

193 3816 676 3897 incarnationis„
709 3834 858 3881 cum
887 3816 1073 3881 dicit:
1101 3816 1486 3899 Maqnittcat
1514 3820 1741 3885 anima

193 3941 341 3992 mea
354 3926 697 3991 Dominum
717 3944 740 3994 ,·
767 3923 994 3988 deinde
1011 3924 1217 3989 reddit
1235 3925 1569 4005 rationem,
1589 3944 1738 3989 cum

195 4033 416 4097 subdit
445 4050 463 4095 ε
492 4033 674 4099 Fecit
711 4033 1071 4114 potentiam
1110 4032 1187 4098 in
1224 4031 1477 4099 brachio
1506 4048 1645 4110 suo,
1676 4033 1741 4099 id

195 4144 320 4218 est,
349 4140 418 4203 in
445 4137 603 4204 Filio
634 4161 650 4204 z
683 4138 989 4220 dispersit
1032 4137 1330 4221 superbos
1371 4145 1574 4207 mente
1600 4156 1737 4207 cor-

194 4246 313 4314 dis
338 4247 469 4327 sui,
500 4246 566 4311 id
592 4251 722 4325 est,
753 4245 1081 4311 diabolum
1127 4250 1192 4309 et
1234 4249 1374 4328 ejus
1414 4265 1738 4330 sequaceS,

195 4354 312 4438 qui
340 4357 552 4418 mente
578 4353 785 4418 cordis
808 4352 909 4418 sui
940 4352 1295 4435 superbivit
1321 4353 1389 4416 in
1420 4354 1740 4420 intellectu

197 4481 314 4547 per
343 4461 932 4546 praesumptionem,
962 4465 1026 4525 et
1050 4459 1118 4523 in
1146 4459 1377 4524 affectu
1402 4478 1516 4543 per
1541 4461 1743 4525 ambi-

196 4572 469 4636 tionem.
498 4567 609 4635 Vel
626 4568 939 4651 dispersit
967 4568 1267 4651 superbos
1291 4574 1500 4634 mente
1526 4568 1740 4635 cordis

196 4680 331 4758 sui,
364 4695 512 4742 cum
556 4695 639 4741 ex
666 4676 1040 4741 diffinitione
1085 4675 1334 4741 consilii
1369 4675 1468 4739 sui
1496 4676 1737 4741 daemo·

196 4803 317 4850 nes
346 4782 782 4866 superbientes
805 4782 1054 4864 dejecit.
1083 4782 1207 4846 Ista
1230 4786 1446 4847 autem
1473 4783 1740 4865 dejectio

196 4890 530 4956 diabolicae
557 4888 972 4969 crudelitatiS,
999 4906 1109 4970 per
1130 4907 1326 4972 quam
1349 4894 1643 4954 tenemur
1661 4889 1743 4954 ad

196 4997 786 5082 magnificationem
842 4996 1079 5061 divinae
1117 4996 1573 5076 virtuositatis,
1622 4996 1745 5063 tuit

196 5108 485 5190 figurata
521 5103 595 5168 in
620 5104 966 5187 dejectione
988 5104 1359 5188 aegyptiacae
1388 5105 1735 5187 potestatis,

268 5309 284 5344 ἱ
315 5307 452 5370 Luc„
499 5317 548 5369 ι,
590 5307 671 5369 ⁴6,
709 5306 786 5354 51.
818 5329 880 5343 —
919 5304 942 5338 ¹
982 5303 1162 5366 Eaeod„
1195 5315 1281 5369 xv,
1314 5306 1418 5356 eq,
1457 5332 1519 5344 —
1553 5306 1577 5342 ⁸
1600 5305 1741 5358 Psal.

201 5391 408 5443 xxxin,
445 5381 546 5428 4-5.
580 5399 645 5413 -—-
678 5375 698 5406 ⁴
736 5376 871 5436 Luc„
914 5386 958 5434 1,
995 5377 1074 5425 73.
1116 5401 1181 5414 -
1217 5376 1240 5411 ⁸
1273 5376 1425 5438 Dan„
1464 5387 1536 5443 xv,
1571 5381 1651 5430 34.
1680 5407 1742 5418 .-

203 5450 226 5486 ⁰
252 5451 437 5512 an-121,
466 5459 619 5508 xum,
647 5449 814 5497 33-35.

3261 462 3383 525 429

1843 592 2197 656 secundum
2224 592 2416 676 quod
2461 592 2693 656 dicitur
2738 590 2763 626 ²
2804 612 2818 654 t
2855 583 2887 652 ἰ
2930 575 3379 674 Dextera'tua,

1843 696 2135 778 Domine,
2158 700 2570 782 magnificata
2586 701 2682 762 est
2705 698 2773 762 in
2801 693 3203 779 fortitudine;
3234 701 3385 766 dex-

1843 810 1977 871 tera
2004 810 2138 886 tua,
2171 808 2460 888 Domine,
2489 805 2797 891 percussit
2822 806 3153 871 inimicum
3188 808 3385 873 :etin

1843 912 2254 979 multitudine
2285 915 2513 996 gloriae
2546 918 2680 979 tuae
2716 913 3057 996 deposuisti
3084 915 3379 981 adversa-

1843 1021 1979 1085 rios
2005 1027 2172 1087 tuos,
2202 1044 2233 1082 n

1925 1127 2217 1194 Secundo
2263 1129 2762 1211 magnificabant
2807 1128 3008 1193 Deum
3062 1131 3140 1196 de
3193 1148 3387 1215 opere

1843 1238 2272 1318 recreationis,
2304 1241 2562 1321 propter
2594 1237 3004 1320 sagacitatem
3031 1239 3382 1321 sapientiae,

1844 1343 1914 1408 in
1966 1345 2352 1409 relevatione
2403 1345 2685 1408 hominis
2727 1345 3044 1427 prostrati.
3102 1345 3281 1411 Unde
3315 1348 3385 1411 in

1844 1449 2098 1516 Psalmo
2134 1453 2157 1487 ³
2189 1473 2204 1515 ε
2253 1475 2286 1512 α
2307 1451 2711 1541 Magnificate
2737 1451 3077 1516 Dominum
3106 1472 3380 1536 mecum,

1843 1560 1909 1621 et
1944 1558 2299 1623 exaltemus
2337 1576 2569 1622 nomen
2615 1560 2757 1639 ejus
2798 1558 2869 1621 in
2918 1558 3215 1643 idipsum.
3260 1560 3386 1625 Ex-

1845 1667 2082 1749 quisivi
2126 1666 2509 1746 Dominum,
2551 1671 2614 1731 et
2659 1667 2988 1732 exaudivit
3030 1686 3170 1751 me,
3213 1674 3383 1735 etex

1844 1774 2025 1838 omni
2079 1774 2488 1839 tribulatione
2532 1792 2678 1838 mea
2721 1775 2953 1858 eripuit
2999 1792 3124 1840 me.
3167 1797 3198 1836 n
3234 1774 3384 1842 Pro-

1844 1884 2039 1966 pheta
2080 1883 2316 1963 David‚
2367 1902 2649 1966 magnus
2684 1902 2929 1967 praeco,
2961 1887 3023 1949 et
3050 1884 3386 1968 ampliator

1845 1991 2083 2056 divinae
2110 1991 2347 2070 laudis,
2378 1991 2786 2056 considerans
2807 2040 2825 2069 ,
2856 1992 3162 2074 quoniam
3191 2012 3381 2074 saga-

1846 2099 2002 2163 citer
2027 2099 2248 2163 divina
2289 2099 2618 2182 sapientia,
2650 2099 3003 2164 secundum
3031 2102 3202 2184 quod
3230 2102 3386 2167 ordo

1846 2209 2085 2270 nostrae
2128 2206 2379 2288 salutis,
2429 2209 2494 2270 et
2540 2206 2944 2272 relevationis
2991 2207 3385 2290 deposcebat,

1846 2331 1965 2377 sua
1991 2313 2368 2377 multiformi
2396 2318 2531 2377 arte
2557 2313 2773 2378 fefellit
2789 2317 2991 2378 artem
3021 2316 3384 2399 proditoris,

1848 2419 1998 2484 inde
2025 2419 2340 2485 medelam
2369 2419 2624 2484 ferendo
2656 2419 2854 2484 hostis
2872 2469 2894 2501 ,
2924 2422 3094 2486 unde
3115 2422 3387 2503 laeserat,

1849 2531 1928 2592 ut
1962 2527 2062 2610 (c),
2095 2528 2258 2592 sicut
2286 2528 2362 2591 de
2391 2526 2574 2608 ligno
2600 2527 2868 2609 dejecfio
2891 2529 3113 2593 mortis
3139 2531 3386 2596 orieba-

1846 2641 1981 2716 tur,
2010 2636 2121 2700 ita'
2139 2635 2218 2700 de
2244 2635 2431 2718 ligno
2458 2636 2758 2701 relevatio
2800 2637 2950 2702 vitae
2978 2645 3386 2720 resurgeret:

1848 2743 2078 2810 invitat
2103 2762 2360 2809 omnem
2397 2745 2731 2809 hominem
2775 2746 2850 2809 ad
2895 2747 3254 2826 gratiarum
3282 2767 3388 2813 ac·

1848 2851 2115 2929 tionem,
2152 2870 2303 2915 cum
2342 2851 2492 2916 dicit
2539 2869 2558 2915 z
2594 2852 3009 2934 Maqnificate
3054 2854 3395 2921 Dominum

1848 2976 2112 3038 mecum,
2143 2960 2352 3039 corde,
2396 2978 2530 3039 ore,
2561 2977 2785 3043 opere3
2828 2968 2887 3028 ec
2910 2961 3263 3029 waltemus
3286 2980 3396 3031 no·

1849 3085 1993 3133 men
2019 3067 2156 3149 ejus
2185 3069 2259 3134 in
2300 3066 2626 3150 idipsum,
2670 3067 2788 3131 sibi
2817 3070 2932 3133 soli
2981 3070 3290 3136 honorem
3331 3077 3393 3137 et

1850 3173 2126 3255 gloriam
2152 3173 2515 3238 tribuendo.
2560 3172 2674 3237 Vel
2710 3172 2861 3238 cu'm
2889 3174 3095 3240 laudis
3117 3177 3393 3261 amplifi-

1847 3282 2093 3345 catione
2145 3281 2463 3363 adjungit·
2500 3280 2929 3346 laudationem
2950 3330 2972 3362 ,
3030 3282 3248 3348 dicens
3319 3284 3390 3348 in

1846 3406 2119 3472 persona
2143 3392 2512 3452 sanctorum
2541 3385 2806 3453 Patrum
2838 3408 2857 3453 ε
2891 3390 3250 3473 Exquisivi
3273 3391 3391 3458 Do·

1845 3498 2118 3575 minum,
2148 3494 2377 3560 devota
2422 3514 2685 3579 precum
2733 3496 3069 3576 instantia,
3116 3499 3388 3580 petendo

1845 3603 2180 3668 accelerari
2208 3602 2364 3666 illud
2391 3602 2773 3668 beneficium
2806 3604 3253 3671 misericordiae
3280 3625 3382 3671 re-

1843 3710 2201 3776 levationis.
2233 3711 2315 3778 Et
2344 3710 2696 3779 exaudivit
2721 3730 2817 3779 me
2833 3761 2855 3792 ,
2882 3733 3068 3779 aures
3095 3734 3231 3780 suae
3260 3718 3381 3781 mi-

1845 3818 2205 3882 sericordiae
2232 3818 2311 3882 ad
2337 3836 2553 3900 preces
2592 3837 2754 3884 meae
2796 3821 3180 3888 humilitatis
3202 3824 3384 3888 incli-

1844 3925 2080 3990 nando.
2099 3924 2300 4007 ‘asusj
2309 3925 2629 3990 urandum
2652 3927 2819 4010 quod
2839 3929 3084 4010 juravit
3099 3930 3179 3994 ad
3192 3929 3389 3996 Abra·

1843 4032 1999 4096 ham
2025 4037 2275 4117 patrem
2300 4037 2623 4113 nostrum,
2670 4034 2973 4100 daturum
3010 4055 3079 4101 se
3121 4038 3325 4120 nobis,
3346 4061 3378 4100 n

1846 4144 2037 4224 cujus
2057 4142 2395 4207 donatione
2420 4162 2499 4206 ex
2526 4143 2828 4208 omnibus
2845 4143 3383 4227 tribulationibuS,

1847 4251 2080 4333 quibus
2094 4251 2503 4335 opprimebar
2516 4252 2599 4316 ab
2613 4231 2968 4334 aegyptiaca
2998 4254 3383 4336 crudelitate,

1847 4359 2086 4441 eripuit
2114 4377 2219 4423 me
2246 4358 2680 4424 transferendo
2722 4359 2799 4424 de
2836 4358 3113 4443 AEgypto
3152 4363 3387 4442 peccati

1844 4466 1916 4530 in
1943 4483 2221 4547 regnum
2246 4465 2601 4530 dilectionis
2628 4465 2767 4530 Filii
2796 4467 2919 4531 sui.
2952 4465 3039 4530 De
3066 4467 3187 4531 hoc
3214 4468 3385 4532 simi-

1846 4572 1988 4637 liter
2033 4576 2235 4656 potest
2278 4572 2547 4654 intelligi
2592 4572 2749 4638 illud
2776 4579 2844 4639 ⁸:
2899 4596 2931 4635 α
2969 4573 3389 4655 Magnificabo

1846 4699 2075 4763 regem
2108 4681 2280 4760 coeli,
2329 4680 2637 4764 quoniam
2677 4701 2874 4765 opera
2911 4684 3052 4766 eJus
3102 4701 3294 4765 vera,
3326 4688 3388 4748 et

1849 4790 1972 4852 viae
2000 4792 2142 4871 ejus
2162 4788 2427 4871 judicia.
2468 4810 2500 4848 n

1928 4894 2143 4960 Tertio
2170 4895 2670 4977 magnificabant
2708 4895 2909 4961 Deum
2951 4896 3030 4961 de
3069 4915 3260 4981 opere
3287 4916 3387 4963 re-

1848 5001 2182 5068 creationis
2198 5050 2215 5081 ,
2248 5007 2505 5085 propter
2535 5003 2999 5083 benignitatem
3026 5005 3384 5071 misericor-

1847 5111 1973 5177 diae
2027 5112 2096 5175 in
2150 5109 2450 5176 missione
2495 5108 2768 5191 Spiritus
2822 5111 3042 5175 sancti.
3090 5111 3266 5176 Unde
3302 5114 3326 5150 ⁶
3366 5135 3382 5179 t

1857 5242 1890 5282 ι
1934 5218 2384 5284 Benedicentes
2440 5216 2778 5282 Dominum
2797 5265 2819 5298 ‚
2879 5219 3150 5284 exaltate
3202 5219 3387 5285 illum

1848 5329 2166 5411 quantum
2208 5325 2466 5409 potestis
2525 5347 2540 5389 :
2586 5328 2794 5418 major
2843 5331 2942 5392 est
2982 5328 3156 5393 enim
3209 5330 3388 5395 omni

1915 5452 1982 5520 (α)
2012 5451 2132 5517 leq.
2156 5465 2349 5502 εικῆ.-
2365 5448 2438 5517 (b)
2460 5447 2637 5516 suppl.
2662 5464 2839 5516 pr0.—
2856 5453 2918 5518 (c)
2938 5455 3063 5505 coet.
3078 5453 3203 5507 edit.
3222 5456 3386 5511 Unde.
