4059 6317
674 462 794 529 514

669 602 727 658 et
751 612 987 669 aurum,
1012 596 1078 655 16
1099 611 1223 672 quo
1249 595 1558 655 confidunt
1580 594 1873 667 homines,
1898 598 2106 657 61666
2128 594 2217 654 est

668 692 803 751 finis
819 690 1222 766 acquisitionis
1245 693 1493 750 eorum?
1520 690 1919 760 Exta-minati,
1940 689 2212 765 inquam,

668 790 823 859 sunt,
846 786 1167 845 6111616166
1193 785 1643 858 descenderunt,
1682 790 1740 845 et
1779 785 1880 845 alii
1921 786 1984 844 16
2010 787 2214 844 locum

668 896 877 938 eorum
911 884 1303 939 surrexerunt.
1351 900 1381 934 ι
1427 882 1579 953 Ergo
1620 880 1671 937 si
1710 879 1930 938 iactum
1971 883 2058 937 661
2102 880 2213 950 ita,

667 974 965 1033 6161111616
991 974 1089 1033 die
1116 974 1475 1050 experientia
1500 973 1675 1032 docet
1713 991 1729 1031 ε
1764 993 1792 1028 α
1807 972 1997 1031 Facite
2016 971 2213 1044 vobis,

666 1067 912 1143 1111111111,
932 1067 1157 1127 amicos
1170 1067 1245 1126 de
1268 1064 1972 1142 16661166661611111116116,
1997 1070 2215 1123 11161161

669 1160 1017 1234 defeceritis,
1033 1161 1318 1236 recipiant
1328 1176 1433 1219 vos
1450 1161 1513 1219 in
1534 1164 1750 1219 aeterna
1770 1158 2207 1219 tabernacula.»

375 1266 402 1299 ⁸
483 1259 643 1302 ¹³¹⁶-
668 1254 950 1314 Scribitur
971 1255 1131 1313 enim
1150 1255 1213 1312 in
1231 1258 1501 1313 Romana
1522 1253 1768 1312 historia
1784 1255 1809 1290 ⁸
1825 1294 1848 1325 ,
1868 1253 2035 1327 quod
2051 1250 2215 1327 apud

428 1319 571 1377 plum.

482 2778 640 2820 Exem-

427 2837 566 2894 plum.

668 1348 867 1408 Gallos
908 1349 1031 1407 haec
1074 1348 1445 1409 consuetudo
1476 1347 1588 1406 fuit
1629 1347 1774 1405 olim
1799 1389 1819 1418 ,
1863 1345 2031 1422 quod
2073 1344 2217 1420 quia

668 1441 991 1513 credebant
1016 1443 1244 1502 animas
1278 1442 1677 1513 immortaleS,
1719 1444 1777 1499 61
1810 1439 1990 1498 aliam
2031 1439 2217 1497 vitam

669 1552 817 1608 esse,
838 1536 952 1595 sibi
971 1538 1253 1612 pecunias
1269 1536 1643 1605 mutuabant,
1665 1538 1723 1594 et
1747 1534 2060 1592 dicebant:
2092 1536 2215 1604 Ego

668 1629 776 1690 tibi
827 1629 984 1688 hanc
1038 1631 1355 1706 pecuniam
1408 1633 1622 1689 mutuo
1676 1629 1740 1687 in
1791 1629 1906 1686 hac
1938 1626 2060 1685 vita
2078 1668 2097 1697 ,
2151 1627 2217 1682 ut

667 1726 733 1781 tu
771 1723 918 1783 mihi
945 1724 1163 1783 reddas
1189 1724 1252 1782 in
1280 1723 1399 1782 alia
1422 1724 1566 1782 vita.
1604 1723 1830 1782 Utinam
1850 1721 1934 1779 sie
1952 1720 2216 1778 facerent

667 1816 849 1877 bodie
861 1816 1069 1876 divites
1095 1817 1325 1890 mundi,
1356 1821 1423 1876 nt
1445 1816 1681 1876 divitias
1706 1813 2037 1874 necessario
2061 1811 2217 1888 peri·

667 1915 849 1983 tures,
879 1916 937 1970 et
961 1910 1145 1970 velint
1169 1910 1396 1981 nolint,
1432 1910 1530 1969 1116
1555 1908 1881 1980 relicturas,
1905 1907 2132 1966 Christo
2153 1904 2217 1963 in

667 2006 790 2063 suis
812 2004 1178 2079 pauperibus
1204 2007 1559 2075 mutuarent,
1596 2003 1752 2062 utin
1780 2002 1899 2061 alia
1924 2001 2048 2059 vita
2080 2015 2218 2058 een-

669 2099 978 2173 tuplicatas
1011 2098 1405 2173 aequirennt,
1431 2101 1498 2155 ut
1525 2099 1663 2154 sunt
1702 2094 1982 2154 usurarii!
2027 2096 2217 2165 Quare

668 2208 875 2250 usuras
903 2209 1040 2251 cum
1068 2195 1186 2250 Deo
1224 2207 1347 2250 non
1384 2190 1626 2257 faciunt,
1660 2191 1765 2264 qui
1799 2205 1912 2264 pro
1938 2186 2219 2246 undecim

667 2302 792 2347 non
815 2285 1136 2345 duodecim
1162 2285 1377 2358 reddit,
1407 2301 1519 2344 nec
1539 2300 1652 2360 pro
1680 2284 1837 2343 libra
1863 2281 2126 2340 solidum
2154 2279 2217 2338 in

667 2395 891 2452 mense,
920 2379 1024 2437 sed
1051 2395 1161 2457 pro
1189 2395 1311 2438 uno
1340 2382 1598 2450 centum,
1627 2378 1806 2435 etiam
1833 2375 1898 2433 in
1933 2375 2047 2433 1166
2076 2375 2218 2445 vita,

667 2474 815 2532 sicut
841 2473 1054 2531 dicitur
1079 2473 1143 2530 in
1170 2473 1490 2546 Evangelio
1518 2474 1541 2509 ³
1561 2515 1581 2545 ,
1625 2471 1774 2530 etin
1811 2469 1932 2527 alia
1957 2468 2080 2527 vita
2118 2467 2223 2525 dat

665 2583 916 2640 regnum
944 2566 1251 2627 coelorum.
1294 2568 1442 2627 Nam
1478 2564 1758 2641 quadam
1801 2565 2078 2621 narratur
2105 2560 2218 2619 sub

666 2662 779 2721 hac
810 2661 1008 2735 figura
1045 2677 1084 2720 a
1127 2660 1394 2736 quodam
1441 2663 1644 2719 sancto
1684 2663 1850 2733 patre
1890 2654 2218 2731 parabola,

667 2771 800 2829 quaa
840 2755 1096 2813 multum
1139 2753 1365 2813 confert
1398 2752 1700 2811 divitibus.
1752 2754 1899 2809 Nam
1939 2748 2222 2824 quaedam

668 2847 871 2907 civitas
897 2851 1190 2918 narratur,
1222 2848 1317 2905 cui
1347 2845 1716 2905 consuetudo
1746 2847 1871 2903 erat
1899 2842 2067 2919 quod
2096 2858 2227 2899 om-

668 2941 733 2999 ni
757 2957 917 2999 anno
947 2957 1137 2998 unum
1168 2940 1484 2998 dominum
1518 2939 1842 3013 eligebant,
1885 2940 1945 2996 et
1970 2937 2026 2994 ei
2054 2934 2223 3010 quod

667 3034 887 3093 faceret
913 3050 1116 3106 omne,
1151 3035 1321 3109 quod
1346 3033 1548 3103 vellet,
1592 3035 1938 3107 potestatem
1967 3030 2223 3101 dabant,

670 3128 801 3200 sed,
837 3144 996 3187 anno
1036 3127 1225 3200 finito,
1269 3128 1467 3202 ipsum
1507 3126 1909 3197 invadebant,
1949 3124 2227 3184 verbera·

671 3222 842 3294 bant,
878 3222 1157 3282 omnibus
1203 3221 1379 3280 bonis
1405 3220 1764 3296 spoliabant,
1801 3222 1858 3278 et
1897 3218 1977 3277 ad
2013 3234 2228 3293 quam-

675 3314 820 3375 dam
845 3315 1103 3375 insulam
1123 3315 1621 3389 transportabant,
1646 3313 1751 3372 ubi
1771 3328 2084 3386 nunquam
2102 3310 2228 3369 dies

678 3413 823 3482 erat,
852 3424 963 3468 666
998 3409 1146 3484 quid
1171 3409 1424 3481 biberet,
1465 3408 1565 3466 vel
1592 3407 1998 3477 manducaret,
2037 3404 2226 3462 habe·

678 3502 816 3575 bat,
856 3508 914 3561 et
947 3519 1108 3561 nunc
1140 3502 1385 3575 frigore,
1429 3516 1590 3561 nunc
1630 3499 1827 3560 calore
1867 3498 2226 3558 tabescebat.

680 3598 826 3657 Cum
854 3612 998 3667 ergo
1023 3595 1267 3671 quidam
1297 3596 1577 3656 dominus
1600 3611 1807 3654 6611161
1839 3594 2059 3652 electus
2085 3607 2229 3650 con-

681 3690 1056 3749 suetudinem
1101 3690 1345 3748 iilorum
1382 3689 1703 3758 didicisset,
1731 3692 1856 3747 toto
1897 3687 2006 3745 illo
2045 3701 2231 3754 anno,

683 3799 810 3858 quo
833 3782 1086 3858 proefuit,
1114 3783 1194 3845 ad
1221 3784 1395 3843 illum
1427 3783 1630 3841 loeum
1665 3782 1980 3853 frumenta,
2020 3785 2079 3838 et
2105 3796 2233 3837 om-

683 3877 786 3935 nia
829 3876 1159 3935 necessaria
1191 3878 1324 3935 vitae
1365 3875 1715 3954 transmisit,
1756 3878 1814 3934 et
1848 3874 1933 3933 sic
1975 3874 2083 3932 ubi
2130 3872 2233 3932 alii

687 3974 856 4031 erant
897 3971 961 4030 in
990 3969 1203 4045 poenis,
1230 3969 1358 4046 ipse
1397 3969 1667 4045 requiem
1712 3969 1956 4027 invenit.
1998 3967 2235 4039 civitae,

688 4063 979 4137 mundus3
1007 4064 1222 4134 insula,
1268 4063 1563 4135 16161666,
1598 4062 1697 4120 vel
1743 4061 1992 4136 quilibet
2037 4076 2238 4135 poena·

689 4174 823 4217 rum
849 4158 1056 4215 1661161
1099 4173 1138 4214 a
1166 4157 1385 4230 quibus
1413 4156 1519 4232 qui
1545 4155 1672 4213 vult
1693 4155 1968 4227 evadere,
1998 4169 2237 4213 neceoee

692 4258 780 4310 est
802 4255 869 4309 ut
892 4268 1001 4327 per
1034 4268 1248 4311 manus
1281 4266 1614 4325 pauperum
1652 4249 1797 4307 illuc
1838 4248 1956 4307 cibi
1983 4248 2238 4323 praemit-

694 4349 905 4404 tantur.
941 4348 1061 4404 1166
1093 4345 1403 4405 6116611666
1440 4343 1775 4419 Apostolum,
1803 4342 2021 4402 relietis
2047 4341 2241 4400 omni·

694 4439 830 4507 bus,
855 4443 1088 4498 secutus
1115 4442 1202 4498 est
1239 4439 1575 4498 Dominum.
1608 4441 1718 4496 Pro
1756 4436 1977 4495 61616116
2009 4439 2239 4507 autem,

696 4548 833 4607 quae
853 4531 928 4590 de
949 4532 1064 4591 hoc
1090 4533 1209 4591 dici
1239 4536 1510 4608 possunt,
1535 4546 1770 4606 expone
1796 4529 2108 4603 diligenter
2133 4545 2239 4602 pa·

694 4624 989 4685 rabolam.

770 4720 1044 4780 Secundo
1086 4720 1374 4779 debemus
1417 4718 1618 4777 videre
1669 4733 1907 4776 carnem
1952 4733 2064 4777 nos
2107 4716 2242 4774 infi-

699 4816 972 4874 cientem.
1015 4814 1220 4873 Nullus
1257 4813 1417 4872 enim
1452 4828 1720 4886 unquam
1759 4811 2073 4870 hominum
2109 4810 2240 4882 fuit,

700 4915 948 4986 excepto
975 4909 1245 4980 Domine,
1276 4924 1459 4983 quem
1488 4923 1628 4965 caro
1652 4922 1776 4965 non
1797 4906 2082 4965 iniecerit.
2102 4906 2245 4975 Quis

701 5021 777 5064 ex
830 5021 901 5063 ea
952 5020 1077 5063 non
1127 5003 1506 5061 infectionem
1561 4999 1915 5073 originalem
1969 5000 2241 5073 accepit?

701 5098 898 5159 Prima
939 5098 1101 5157 enim
1142 5095 1313 5170 hora,
1351 5110 1476 5171 qua
1505 5095 1708 5152 anima
1757 5092 1846 5151 illi
1892 5092 2243 5166 infunditur,

767 5248 941 5307 ¹Luc„
968 5258 1078 5310 xvl,
1104 5250 1151 5297 9.
1174 5274 1240 5284 —
1266 5246 1285 5277 ²
1313 5245 1482 5296 Valer.
1511 5246 1668 5307 Max„
1691 5244 1782 5294 lib.
1809 5245 1870 5306 ΙΙ,
1896 5257 1947 5293 6.
1979 5255 2053 5305 vl,
2080 5257 2134 5292 n.
2164 5244 2241 5293 10.

703 5342 768 5356 -
788 5318 811 5352 ⁸
829 5320 1034 5381 flami„
1055 5331 1167 5383 xix,
1192 5321 1268 5370 29.
1291 5343 1355 5355 —
1373 5319 1396 5354 ὅ
1412 5318 1570 5375 Rom..
1596 5327 1689 5378 vn,
1713 5319 1795 5380 2⁴,
1820 5318 1899 5367 23.
1918 5339 1979 5352 -
1998 5315 2017 5345 ⁸
2039 5316 2242 5373 Jerem„

704 5400 775 5456 ιι,
800 5392 882 5441 23.
909 5416 973 5428 -
1000 5393 1022 5423 ⁸
1055 5391 1226 5445 valer.
1262 5391 1425 5457 um,
1460 5390 1549 5443 lib.
1579 5391 1675 5453 lx,
1701 5402 1748 5439 c.
1780 5400 1830 5452 v,
1869 5392 2070 5438 extern.
2108 5400 2161 5437 n.
2196 5392 2242 5439 1.

1733 454 2155 531 SRRMONES
2198 458 2300 525 DE
2341 454 2693 523 SANCTIS.
2736 454 2814 525 X.

2320 608 2464 652 mox
2508 591 2587 651 ab
2628 592 3087 667 ea=maculatur,
3122 607 3235 652 nec
3272 592 3578 653 6166111616
3617 593 3864 669 desistit,

2321 685 2612 762 quamdiu
2657 685 2818 744 vivit.
2849 686 2937 745 Ob
2977 703 3162 761 quam
3206 704 3449 747 causam
3493 688 3863 748 exclamabat

2322 780 2675 856 Apostolus*
2711 799 2726 836 t
2761 799 2791 834 α
2817 779 3021 839 infelix
3049 797 3162 855 636
3189 783 3397 853 116166,
3427 783 3567 856 quis
3590 799 3690 841 me
3718 783 3865 841 libe·

2319 876 2476 934 rabit
2518 876 2594 934 de
2627 892 2877 950 corpore
2916 878 3121 935 mortis
3158 878 3381 951 hujus?
3420 878 3630 952 Video,
3658 878 3865 953 inquit,

2320 969 2501 1026 aliam
2539 970 2735 1043 legem
2788 971 2851 1028 in
2901 971 3186 1029 membris
3240 971 3390 1030 meis
3438 976 3867 1048 repugnantem

2319 1062 2437 1136 legi
2480 1063 2693 1121 mentis
2735 1080 2902 1135 meae,
2951 1068 3010 1122 et
3051 1066 3448 1140 captivantem
3489 1083 3589 1123 me
3634 1067 3703 1124 16
3743 1069 3867 1141 1636

2319 1156 2614 1231 peccam»
2649 1161 2705 1214 et
2746 1157 2935 1216 multa
2976 1157 3052 1215 de
3094 1158 3209 1216 hoc
3248 1158 3356 1217 ibi.
3403 1164 3481 1217 De
3520 1160 3640 1218 hoc
3682 1165 3865 1234 potest

2320 1250 2540 1324 exponi
2569 1249 2719 1308 illud
2737 1252 2759 1286 ⁸
2791 1269 2807 1308 ε
2839 1270 2871 1305 a
2887 1251 3209 1310 Considera
3234 1252 3305 1326 (α)
3327 1251 3457 1311 vias
3482 1256 3617 1311 tuas
3644 1252 3712 1310 in
3732 1270 3865 1312 con·

2321 1343 2497 1416 valle,
2525 1349 2581 1402 et
2607 1344 2751 1403 scito
2776 1344 2925 1418 quid
2951 1344 3178 1403 feceris.
3199 1365 3228 1400 »
3261 1346 3558 1419 Genucius,
3578 1347 3661 1405 ad
3688 1364 3861 1423 quam

2322 1436 2517 1494 omnis
2561 1436 2798 1495 iniectio
2841 1438 2992 1510 fluit,
3022 1443 3109 1496 est
3137 1454 3276 1497 caro
3314 1439 3600 1498 1161111616.
3632 1443 3786 1514 Ergo
3810 1440 3866 1499 in

2320 1529 2434 1589 hac
2460 1530 2617 1589 valle
2644 1535 2996 1602 stercorosa,
3022 1535 3081 1590 et
3104 1532 3385 1591 omnibns
3412 1533 3589 1591 malis
3617 1539 3680 1592 et
3699 1534 3867 1594 iniec-

2322 1622 2585 1682 tionibus
2609 1624 2809 1699 plena,
2838 1626 2967 1683 vias
2992 1629 3124 1685 tuas
3148 1627 3487 1710 considera,
3516 1633 3577 1687 et
3603 1644 3710 1687 666
3734 1629 3868 1688 effu-

2322 1733 2459 1790 gere
2505 1717 2730 1777 labora.
2776 1719 2918 1789 Quis
2960 1736 3086 1778 non
3128 1720 3383 1780 libenter
3423 1720 3587 1794 fugit
3632 1722 3714 1780 ab
3763 1723 3866 1781 ho·

2323 1810 2484 1869 mine
2535 1810 2703 1886 lepra
2750 1811 3006 1871 infecto?
3049 1813 3210 1886 Quis,
3256 1814 3306 1872 si
3360 1819 3579 1889 potest,
3629 1815 3867 1874 domum

2322 1908 2710 1965 stercorosam
2757 1911 2816 1965 et
2854 1905 3292 1966 foetidammon
3332 1908 3635 1979 declinat?
3674 1913 3866 1969 Nonne

2321 1998 2583 2059 formicae
2610 2005 2668 2059 et
2705 2001 2953 2075 apiculae
2988 2000 3219 2074 fugiunt
3252 2002 3386 2060 1666
3422 2001 3672 2062 foetida‘t
3698 2006 3864 2061 Num·

2325 2092 2474 2167 quid
2499 2109 2626 2152 666
2660 2096 2833 2152 taxus
2860 2094 3111 2153 domum
3138 2112 3308 2155 suam
3335 2095 3599 2171 reliquit,
3630 2097 3865 2171 quando

2325 2202 2459 2245 eam
2489 2187 2800 2263 sordidam
2837 2187 3100 2246 invenit?
3129 2188 3241 2247 Sed
3276 2190 3460 2264 quid,
3495 2191 3547 2247 si
3583 2192 3725 2249 caeci
3752 2207 3868 2250 non

2325 2296 2549 2354 sumus,
2587 2286 2674 2341 est
2717 2297 2858 2340 6616
2901 2285 3143 2341 nostra?
3172 2274 3371 2342 nonn'e
3407 2284 3677 2358 putrida,
3713 2301 3865 2360 qum-

2328 2374 2470 2435 dam
2496 2375 2733 2448 latrina,
2751 2381 2809 2435 et
2836 2377 3109 2436 omnium
3132 2377 3410 2435 foetorum
3429 2378 3705 2437 sentina?
3724 2382 3867 2452 Ergo

2326 2473 2462 2528 61161
2486 2469 2773 2543 fugienda
2813 2471 3007 2529 661616
3046 2470 3208 2544 vitia,
3239 2471 3463 2546 quibus
3502 2475 3709 2531 anima
3742 2489 3868 2532 mo·

2326 2564 2494 2634 ritur,
2511 2564 2697 2622 virtus
2721 2565 3028 2640 utriusque
3042 2565 3301 2624 hominis
3313 2566 3671 2640 infirmatur,
3688 2568 3867 2626 1161116

2330 2657 2688 2729 debilitatur,
2737 2674 2901 2716 mors
2945 2658 3321 2732 acceleratur,
3369 2660 3535 2717 visus
3570 2662 3871 2736 utriusque

2329 2750 2587 2810 hominis
2605 2751 2937 2824 hebetatur,
2954 2756 3011 2810 et
3024 2769 3146 2811 non
3165 2753 3362 2812 66111111
3375 2754 3611 2813 66616616
3621 2770 3870 2827 regnum

2329 2846 2616 2920 perditur,
2635 2847 2758 2904 imo
2787 2845 2967 2904 etiam
2986 2850 3304 2905 terrenum.
3328 2846 3493 2906 Unde
3522 2848 3600 2905 de
3626 2848 3873 2907 Alexan-
3943 2864 4059 2906 nn·

2333 2939 2444 2998 dro
2462 2944 2735 2998 narratur
2759 2941 3062 3013 1116161166,
3078 2941 3248 3015 quod
3275 2941 3405 3015 ejus
3430 2943 3753 3018 imperium
3778 2944 3871 3001 tri-
3896 2927 4019 3026 ⁹¹¹³]

2331 3033 2447 3092 bus
2472 3032 2703 3092 vicibus
2729 3033 3010 3092 exultavit
3038 3034 3135 3109 (b),
3163 3034 3384 3094 scilieet
3408 3037 3574 3095 cultu
3599 3037 3873 3110 1166111116,

2333 3129 2626 3201 apparatu
2652 3127 2948 3199 ciborum,
2974 3132 3033 3186 et
3056 3128 3317 3188 maxime
3351 3130 3639 3189 vitiorum
3662 3148 3875 3191 carna-

2333 3220 2502 3292 lium,
2533 3221 2753 3296 quibus
2778 3225 2969 3280 totum
3008 3237 3072 3280 se
3110 3222 3381 3294 dederat,
3408 3225 3680 3283 nesciens
3702 3225 3877 3284 miser

2334 3314 2428 3373 1116
2457 3316 2707 3389 peceatis
2733 3330 2916 3388 regna
2950 3316 3157 3387 amitti,
3182 3332 3309 3375 non
3342 3317 3592 3392 acquiri.
3640 3323 3877 3393 Insuper

2336 3412 2538 3467 narrat
2602 3412 2871 3467 Romana
2932 3409 3176 3467 historia
3192 3412 3248 3480 ,7,
3301 3411 3472 3484 quod
3528 3412 3723 3486 Scipio
3778 3410 3877 3469 ille

2337 3516 2614 3575 magnus,
2644 3502 2747 3576 qni
2782 3502 3000 3561 delevit
3032 3503 3478 3577 Carthaginem,
3510 3505 3720 3563 consul
3757 3506 3879 3563 1116-

2339 3596 2583 3669 puniam
2636 3595 2880 3667 missus,
2940 3612 3076 3655 cum
3132 3597 3424 3656 inveniret
3476 3602 3878 3657 Romanorum

2340 3689 2660 3748 exercimm
2689 3692 2875 3746 totum
2894 3689 3231 3762 contusum,
3252 3695 3310 3749 et
3332 3708 3491 3767 saepe
3513 3693 3594 3751 ab
3615 3693 3879 3752 hostibus

2341 3787 2705 3857 superatum,
2741 3798 2814 3841 eo
2851 3783 3021 3857 quod
3056 3787 3336 3842 vacarent
3366 3784 3641 3856 1111111116,
3664 3792 3725 3845 et
3760 3800 3881 3844 1116-

2341 3877 2649 3936 retricibus
2692 3877 2907 3953 plenus
2950 3881 3078 3935 erat
3115 3881 3433 3952 exercitus,
3484 3885 3544 3939 et
3578 3880 3705 3955 ipse
3758 3881 3879 3939 1166

2344 3971 2535 4029 millia
2558 3976 2892 4029 scortorum
2919 3970 2998 4029 ab
3024 3972 3287 4030 exercitu
3307 3973 3640 4048 repulisset,
3666 3980 3726 4033 et
3750 3990 3881 4033 om-

2345 4064 2467 4134 nia,
2482 4081 2615 4138 quae
2637 4063 2717 4122 ad
2737 4065 3099 4138 voluptatem
3118 4065 3463 4140 attinebant,
3482 4069 3695 4142 procul
3720 4068 3885 4127 abire

2347 4157 2686 4230 mandaret,
2727 4173 2871 4215 mox
2907 4173 2945 4215 a
2985 4158 3138 4232 turpi
3175 4160 3405 4218 sentina
3437 4177 3665 4220 vacuus
3702 4162 3886 4222 1661116

2348 4250 2655 4323 exercitae,
2682 4252 2787 4325 qui
2821 4251 2987 4325 prius
3024 4252 3223 4310 hostes
3260 4253 3547 4327 fugifflt,
3585 4256 3887 4317 animosus

2348 4343 2610 4415 effectae,
2639 4360 2845 4402 omnes
2878 4345 3252 4406 adversarios
3278 4350 3619 4422 mperabat.

2421 4438 2609 4497 Tertio
2645 4437 2935 4497 debemus
2972 4439 3177 4498 videre
3217 4439 3531 4501 diabolum
3565 4442 3889 4519 iuuentem,

2346 4537 2409 4591 et
2432 4532 2772 4605 snperbiam
2805 4536 3200 4604 corruentem,
3221 4538 3279 4591 et
3312 4535 3390 4593 116
3425 4535 3543 4594 hoe
3572 4540 3889 4613 exponitur

2350 4626 2501 4684 illud
2520 4627 2543 4662 ⁸
2584 4644 2599 4683 ε
2651 4648 2680 4680 «
2699 4625 2988 4684 Videbam
3041 4632 3310 4686 satanam
3360 4630 3512 4688 sicut
3562 4630 3765 4706 fulgur
3812 4633 3893 4692 ‹le

2351 4719 2500 4777 coelo
2540 4719 2868 4779 cadentem.
2893 4740 2922 4775 ι
2954 4721 3132 4779 Satan
3170 4722 3516 4781 adunemur
3551 4723 3897 4801 interpreta-

2350 4817 2468 4883 tur,
2505 4817 2565 4871 61
2602 4813 2797 4887 signat
2834 4814 3172 4888 diabolum,
3204 4815 3313 4890 qui
3344 4831 3473 4875 6611
3504 4825 3695 4879 masat
3726 4820 3895 4881 inva-

2353 4907 2518 4981 dere,
2556 4923 2683 4967 1166
2729 4913 2920 4967 cessat
2956 4908 3254 4982 decipere,
3294 4926 3419 4969 non
3453 4918 3646 4973 666661
3681 4914 3763 4972 ad
3799 4931 3897 4974 su·

2350 5004 2623 5078 perbiam
2656 5004 2958 5065 induc-ere.
2999 5006 3113 5064 Sed
3156 5006 3304 5065 dum
3338 5023 3449 5066 nos
3489 5008 3617 5082 ejus
3654 5026 3899 5086 sugges-

2353 5096 2542 5157 tiones
2567 5099 2870 5172 sentimus,
2901 5099 3031 5174 eius
3057 5115 3263 5159 11661116
3288 5101 3687 5164 attendamus.
3706 5105 3901 5181 sni-ip-

2354 5233 2500 5296 ponit
2548 5233 2674 5298 tria,
2710 5234 2803 5285 sed
2833 5234 2935 5286 duo
2970 5235 3035 5285 ab
3073 5235 3154 5286 his
3191 5234 3412 5287 diversa.
3444 5263 3499 5274 -
3530 5241 3547 5271 ²
3578 5239 3674 5302 ld..
3712 5240 3801 5291 lib.
3836 5242 3900 5307 ll,

2355 5320 2402 5354 c.
2434 5317 2536 5369 vu,
2563 5319 2619 5356 n.
2649 5310 2698 5358 1.
2720 5333 2782 5344 —
2805 5307 2825 5336 ⁸
2851 5307 2989 5368 Luc„
3017 5309 3181 5371 x,18.

2420 5390 2493 5452 (α)
2533 5389 2678 5455 Vulq.
2704 5390 2919 5442 111116-
2934 5391 3007 5456 u»)
3026 5391 3178 5442 for-te
3195 5391 3297 5457 169.
3321 5394 3463 5445 vitiis
3487 5396 3809 5451 exubefluit.
