4059 6317
493 1196 651 1239 Exem-

439 1256 579 1313 plum.

682 482 803 549 tm

679 621 740 678 et
763 618 1085 678 noluerunt
1114 619 1348 677 reverti.
1375 617 1609 678 Attendi
1637 617 1877 694 (inquit)
1905 622 1965 677 et
1990 616 2223 677 moul-

679 712 821 772 tavi.
849 715 1032 771 Nemo
1065 712 1232 787 quod
1256 712 1488 772 bonum
1532 717 1619 771 est
1655 712 1944 789 loquitur,
1984 728 2098 771 nee
2137 716 2224 771 est

680 805 786 881 qui
825 810 963 880 agat
999 806 1406 881 poenitentiam
1459 822 1639 882 super
1681 810 1925 881 peccato
1963 806 2171 865 dicens
2202 823 2218 862 ι

678 899 832 970 Quid
859 900 1013 958 feci?
1037 901 1252 960 Omnes
1270 900 1504 976 (inquit)
1530 901 1797 959 conversi
1824 899 2066 958 suntad
2092 914 2222 957 cur·

677 1010 810 1052 sum
837 1010 1033 1066 suum,
1061 994 1229 1068 quasi
1259 1010 1449 1070 equus
1482 993 1710 1069 impetu
1734 993 1959 1053 vadens
1979 994 2045 1051 in
2071 1009 2222 1068 prze-

676 1086 845 1145 lium.
875 1108 906 1144 ι
936 1088 982 1147 Ο
1017 1087 1245 1147 utinam
1289 1086 1675 1158 attenderent,
1720 1100 1906 1162 quam
1947 1086 2108 1145 utilis
2148 1086 2223 1144 sit

676 1180 1041 1256 poenitentia,
1069 1180 1205 1240 licet
1232 1180 1416 1239 modo
1445 1180 1717 1239 videatur
1744 1197 1966 1240 amara.
1999 1185 2146 1241 Nam
2165 1184 2223 1239 et

673 1274 948 1334 videmus
962 1317 983 1347 ,
1026 1275 1192 1351 qnod
1234 1290 1440 1333 amara
1478 1274 1772 1333 medicina
1796 1275 2006 1348 magis,
2038 1290 2222 1349 quam

676 1369 889 1439 dulcis,
926 1371 1014 1427 est
1047 1368 1338 1444 proficua.
1389 1368 1596 1426 Dicunt
1639 1368 2005 1443 philosophi,
2054 1367 2221 1443 quod

675 1462 1030 1539 amygdalus
1057 1478 1284 1535 amara,
1311 1460 1447 1537 plus
1474 1478 1657 1536 quam
1684 1462 1898 1532 dulcis,
1917 1462 2116 1522 valeat
2140 1461 2221 1520 ad

676 1558 1056 1630 medicinam,
1083 1574 1194 1616 nec
1229 1557 1290 1615 in
1325 1574 1396 1616 ea
1421 1557 1638 1617 arbore
1663 1561 1749 1617 est
1788 1558 2019 1634 aliquid
2060 1558 2224 1617 inve-

672 1652 833 1723 nire,
867 1651 1035 1728 quod
1076 1652 1231 1710 miro
1278 1652 1468 1711 modo
1508 1666 1634 1710 non
1678 1652 1990 1712 conveniat
2034 1651 2220 1711 medi-

674 1746 839 1805 cinoe.
872 1746 963 1805 Sic
988 1745 1330 1820 poenitentia
1357 1745 1594 1803 videtur
1626 1761 1852 1818 amara,
1889 1744 1997 1804 sed
2021 1745 2221 1804 multae

676 1845 760 1900 est
790 1839 1122 1897 dulcedinis
1146 1838 1483 1898 adductiva.
1527 1843 1673 1898 Nam
1699 1841 1758 1897 et
1795 1853 1979 1913 poma
2014 1839 2219 1897 omnia

672 1934 837 2009 prius
857 1937 994 1992 sunt
1006 1949 1231 2004 amara,
1253 1949 1437 2008 quam
1452 1933 1671 1992 dulcia.
1701 1937 1765 1991 Et
1787 1945 1946 2007 aqua
1972 1931 2034 1990 in
2056 1931 2220 1991 fonte

673 2033 759 2088 est
779 2044 1001 2097 amara,
1025 2027 1092 2086 id
1106 2032 1213 2099 est,
1227 2027 1291 2085 in
1310 2027 1485 2099 mari,
1508 2026 1675 2102 quod
1691 2026 1923 2085 estfons
1946 2025 2220 2085 omnium

673 2138 987 2198 aquarum,
1010 2122 1118 2181 sed
1145 2121 1212 2178 fit
1231 2120 1401 2180 ducis
1422 2114 1596 2192 vena,
1631 2122 1950 2196 postquam
1975 2119 2039 2177 in
2062 2122 2220 2177 terra

672 2221 761 2275 est
783 2215 1005 2275 fortiter
1021 2231 1331 2274 concussa.
1351 2214 1514 2273 Unde
1539 2216 1601 2273 in
1620 2215 1814 2288 figura
1834 2214 2149 2273 Ezechielis
2175 2212 2216 2282 ¹,

674 2311 845 2370 datus
889 2315 976 2370 est
1021 2312 1077 2369 ei
1111 2310 1264 2368 liber
1310 2310 1392 2369 ad
1448 2308 1893 2378 devorandum,
1937 2308 2044 2383 qui
2095 2309 2222 2366 erat

671 2405 920 2481 scriptus
944 2406 1103 2463 intus
1132 2408 1189 2463 et
1212 2404 1376 2473 forie,
1416 2407 1474 2463 et
1499 2404 1725 2478 scriptae
1751 2405 1918 2461 erant
1943 2402 2006 2459 in
2035 2418 2110 2461 eo
2133 2404 2219 2459 la-

668 2505 1018 2559 mentationes
1042 2498 1247 2574 utique
1275 2497 1647 2573 poenitentiae,
1671 2513 1882 2554 carmen
1902 2496 2130 2570 gloriae,
2162 2499 2221 2556 et

668 2612 750 2652 voe
774 2593 1171 2653 damnationis
1194 2595 1423 2651 mternae
1457 2611 1472 2649 t
1505 2595 1568 2649 ut
1594 2592 1678 2649 sic
1718 2606 1899 2663 agens
1928 2590 2218 2665 poeniten-

671 2689 834 2759 tiam,
864 2702 997 2762 quoe
1017 2702 1176 2745 nunc
1199 2686 1434 2745 videtur
1459 2700 1684 2757 amara,
1719 2683 2053 2743 consideret
2081 2684 2218 2742 vitae

669 2786 899 2842 oeternae
923 2782 1186 2857 proemia,
1215 2784 1273 2840 et
1312 2780 1443 2855 ipsa
1474 2779 1610 2838 loca
1651 2778 1935 2855 poenalia,
1965 2784 2026 2837 et
2050 2778 2135 2837 sic
2162 2780 2217 2838 ei

670 2866 968 2936 dulcescat
1021 2876 1380 2951 poenitentia.
1445 2875 1606 2934 Unde
1655 2873 1858 2933 subdit
1914 2875 2042 2949 ipse
2090 2878 2219 2933 Eze-

669 2970 822 3029 chiel
846 2972 868 3006 ²
898 2989 914 3029 z
948 2988 978 3025 α
1016 2973 1082 3028 Et
1103 2969 1338 3027 comedi
1367 2968 1683 3040 volumen,
1708 2973 1766 3026 et
1789 2966 2013 3027 factum
2040 2969 2218 3027 estin

601 3096 608 3102 ·
670 3080 775 3124 ore
802 3079 938 3122 meo
962 3067 1246 3138 tanquam
1279 3060 1399 3120 mel
1421 3060 1614 3135 dulce,
1637 3080 1666 3114 ιο
1699 3077 1771 3119 eo
1800 3061 1967 3136 quod
2000 3063 2218 3121 amari-

668 3159 817 3218 tudo
839 3156 1194 3234 poenitentiae
1218 3155 1460 3214 vertitur
1486 3155 1549 3212 in
1559 3153 1960 3214 dulcedinem.
1989 3159 2136 3214 Nam
2161 3161 2219 3215 et

671 3252 863 3311 dulcis
916 3254 1001 3310 est
1046 3265 1290 3308 somnus
1332 3252 1469 3324 post
1507 3248 1727 3322 vigilite
1781 3248 2161 3308 afflictionem
2198 3267 2213 3308 ε

669 3345 860 3405 dulcis
889 3350 976 3404 est
996 3344 1232 3420 requies
1265 3346 1400 3418 post
1436 3343 1711 3402 laborem
1740 3361 1755 3400 ε
1788 3342 1979 3402 dulcis
2006 3349 2092 3402 est
2126 3360 2220 3402 sa-

671 3441 823 3498 nitas
839 3442 977 3513 post
1025 3438 1376 3512 languorem
1406 3436 1623 3495 :dulce
1659 3437 1864 3495 lumen
1908 3441 2046 3512 post
2086 3438 2218 3496 lon-

671 3550 811 3608 gam
829 3534 1144 3592 mitatem
1167 3550 1182 3589 z
1211 3531 1401 3589 dulcis
1418 3530 1596 3590 valde
1615 3531 2010 3605 tranquillitas
2037 3532 2218 3590 maris

670 3630 808 3702 post
833 3629 1275 3702 tempestatem:
1307 3627 1525 3699 etpost
1551 3624 1796 3697 longam
1830 3624 2101 3700 pluviam
2126 3642 2217 3685 se-

670 3723 889 3780 renitas
916 3721 1108 3792 magis
1136 3718 1404 3789 delectat,
1433 3733 1616 3793 quam
1654 3723 1811 3788 ante,
1840 3721 1897 3777 et
1922 3719 2005 3777 sic
2029 3724 2116 3778 est
2154 3719 2217 3778 in

672 3815 950 3875 omnibus
994 3814 1125 3872 aliis
1168 3811 1454 3870 invenire.
1493 3815 1560 3870 Et
1600 3811 1716 3870 hoc
1756 3816 1843 3870 est
1880 3813 2045 3888 quod
2074 3812 2219 3871 dici-

673 3914 769 3968 tur
793 3912 816 3947 ⁸
845 3928 862 3968 ε
897 3928 927 3964 α
950 3911 1069 3967 Hoc
1094 3908 1275 3967 habet
1298 3924 1410 3982 pro
1437 3913 1595 3966 certo
1616 3909 1810 3967 omnis
1835 3908 1941 3983 qui
1969 3909 2113 3968 colit
2137 3914 2216 3983 te,

673 4004 815 4080 quia
841 4003 962 4062 vita
988 4002 1115 4075 ejus
1150 4003 1198 4059 si
1235 4001 1297 4057 in
1335 4001 1687 4074 probatione
1725 4002 1928 4074 fuerit,
1969 4020 2219 4062 corona-

670 4097 858 4169 bitur3
891 4096 939 4153 si
966 4098 1164 4154 autem
1189 4094 1251 4152 in
1291 4094 1671 4154 tribulatione
1696 4095 1893 4167 fuerit,
1930 4096 2217 4156 liberabi-

673 4194 794 4263 tui-3
825 4194 881 4248 et
920 4189 1069 4248 siin
1115 4189 1493 4264 corruptione
1529 4188 1723 4260 fuerit,
1766 4189 1845 4247 ad
1889 4190 2219 4250 misericor-

675 4284 838 4343 diam
858 4287 1023 4342 tuam
1046 4282 1491 4358 venirelicebit.
1519 4285 1648 4341 Non
1676 4283 1836 4340 enim
1867 4283 2098 4359 (inquit)
2117 4285 2218 4342 de-

674 4377 905 4436 lectaris
958 4378 1019 4434 in
1070 4376 1507 4452 perditionibus
1572 4376 1819 4447 nostris,
1887 4378 2029 4452 quia
2082 4382 2220 4452 post

673 4475 1075 4547 tempestatem
1117 4471 1508 4546 tranquillum
1543 4468 1686 4528 facis
1698 4510 1720 4541 ,
1758 4474 1815 4527 et
1849 4475 1983 4545 post
2021 4470 2217 4546 lacry-

675 4566 998 4626 mationem
1024 4568 1081 4624 et
1105 4564 1325 4631 fletum.
1350 4564 1774 4623 exultationem
1793 4563 2078 4621 infundit-3.
2110 4586 2138 4619 ιο

744 4660 932 4719 Tertio
979 4675 1041 4718 se
1083 4658 1436 4734 praeparavit
1471 4674 1580 4733 per
1617 4672 1822 4716 veram
1851 4658 2217 4731 patientiam,

673 4754 797 4813 sive
837 4770 945 4830 per
983 4751 1280 4810 malorum
1316 4752 1710 4823 tolerantiam,
1741 4753 2050 4810 tormentis
2089 4768 2219 4810 cor-

672 4848 982 4923 poralibus
1007 4862 1130 4906 non
1159 4845 1447 4904 cedendo.
1484 4845 1648 4905 Unde
1686 4845 1940 4904 verbera
1968 4849 2025 4903 et
2052 4846 2218 4919 ignes

673 4957 799 5000 non
823 4941 1036 5014 timuit,
1073 4941 1327 5015 lupanar
1351 4955 1475 4997 non
1509 4938 1765 5011 erubuit,
1798 4954 1910 4997 nec
1947 4938 2218 5012 gladium

672 5035 895 5095 lictoris
913 5034 1182 5110 expavit:
1210 5033 1353 5109 quia
1379 5033 1487 5091 etsi
1525 5033 1701 5092 fuerit
1731 5032 2055 5107 juvencula
2081 5048 2215 5091 cor-

741 5210 755 5242 ¹
798 5207 997 5269 Ezech„
1027 5219 1093 5271 ιι,
1132 5211 1177 5258 9.
1217 5234 1280 5245 -
1317 5206 1337 5236 ²
1371 5204 1571 5269 Ezech„
1605 5216 1697 5267 m,
1734 5209 1780 5257 3.
1815 5233 1868 5241 -
1907 5204 1927 5234 ⁸
1972 5205 2106 5265 Tob„
2139 5216 2215 5268 w,

675 5282 840 5331 21-22.
877 5305 932 5316 -—
967 5279 990 5315 ὅ
1019 5278 1275 5341 Αιιὼιοε.,
1313 5277 1499 5343 Epist„
1528 5276 1614 5327 lib.
1645 5277 1734 5341 1v,
1764 5276 1913 5341 epist.
1950 5288 2130 5327 xxxw.
2155 5300 2217 5313 ·—

676 5350 902 5411 ‘'Ee-cli„
929 5362 997 5416 ιι,
1028 5353 1077 5401 1.
1106 5377 1166 5388 —
1194 5354 1214 5381 ⁶
1249 5348 1384 5411 fob„
1413 5362 1518 5411 x11,
1549 5351 1628 5400 23.
1660 5375 1714 5386 -—
1750 5348 1774 5385 Ἰ
1805 5350 1978 5412 Greg„
2008 5345 2214 5407 noval„

674 5422 762 5485 lib.
801 5423 976 5486 XMV,
1018 5437 1066 5474 c.
1111 5433 1208 5485 vn,
1253 5422 1319 5473 al.
1361 5433 1443 5484 xi,
1483 5435 1536 5473 n.
1577 5424 1655 5473 26.
1694 5445 1752 5458 —
1791 5421 1811 5451 ⁸
1851 5420 1949 5473 Vn.
1981 5420 2124 5474 Patr.
2154 5446 2215 5459 -

1565 438 1574 447 ⁰
1692 478 2108 549 ssnuouss
2150 480 2251 547 ns·
2292 478 2645 547 simone.
2689 479 2848 547 mv.

2328 631 2501 692 pore,
2545 617 3284 688 veltetate,nontamen
3332 615 3874 687 mutasset&-

2328 710 2493 769 Unde
2524 710 2866 770 Ambrosius
2887 713 2911 749 ⁸
2949 730 2965 769 ε
3004 730 3032 765 α
3078 713 3338 786 Corpore
3380 708 3629 785 quidem
3667 710 3877 783 iuven·

2329 803 2498 875 cula,
2540 804 2647 862 sed
2688 804 2893 863 animo
2941 819 3110 863 cana.
3156 826 3185 857 n
3243 803 3478 863 Sciebat
3536 804 3702 861 enim
3754 820 3875 862 esse

2328 898 2609 973 scriptum
2635 899 2659 934 ⁸
2688 916 2704 956 ε
2734 916 2766 953 ι
2791 899 2919 971 Fili,
2955 898 3241 958 accedens
3267 899 3349 958 ad
3384 898 3729 957 servitutem
3760 900 3875 971 Dei,

2328 994 2417 1049 sta
2458 992 2521 1049 in
2559 991 2803 1066 justitia,
2834 995 2897 1050 et
2932 993 3170 1064 timore,
3207 997 3265 1050 et
3301 1009 3576 1069 praepara
3615 993 3877 1051 animam

2327 1088 2491 1143 tuam
2531 1086 2610 1144 ad
2642 1086 3062 1157 tentationem,
3103 1106 3132 1141 n
3186 1085 3409 1144 scilicet
3450 1085 3873 1144 sustiuemlam.

2329 1182 2531 1240 Omnis
2573 1182 2735 1239 enim
2780 1181 2886 1256 qui
2927 1181 3150 1240 accedit
3186 1181 3266 1240 ad
3310 1182 3409 1239 Dei
3452 1181 3785 1253 servitium,
3814 1197 3875 1240 se

2326 1290 2659 1348 praeparare
2687 1275 2869 1334 debet
2894 1275 2974 1334 ad
2999 1274 3250 1344 bellum,
3279 1274 3423 1350 quia
3450 1275 3649 1334 statim
3677 1291 3874 1334 arma·

2326 1371 2424 1427 tur
2450 1368 2728 1428 diabolus
2771 1373 2978 1427 contra
3019 1385 3179 1428 eum.
3216 1368 3575 1444 Exemplum
3612 1370 3693 1426 de
3743 1369 3874 1427 lob.

2327 1462 2677 1537 Exemplum
2718 1463 2897 1521 etiam
2939 1462 3017 1520 de
3054 1461 3257 1532 Tobia,
3298 1462 3397 1519 cui
3431 1461 3663 1521 dictum
3702 1466 3788 1521 est
3809 1464 3873 1520 ⁸:

2336 1576 2363 1610 ι
2388 1555 2539 1626 Quia
2563 1562 2841 1632 acceptus
2863 1572 2994 1615 eras
3036 1561 3173 1627 Deo,
3215 1571 3457 1614 necesse
3500 1555 3634 1623 fuit,
3670 1561 3739 1613 nt
3762 1561 3879 1614 ten-

2325 1650 2469 1709 tatio
2496 1651 2780 1726 probaret
2804 1653 2881 1708 te.
2900 1671 2927 1706 »
2958 1649 3121 1709 Unde
3148 1651 3466 1723 Gregorius
3502 1651 3648 1709 dicit
3670 1653 3696 1689 ⁷
3716 1651 3879 1726 quod

2331 1764 2362 1800 α
2397 1744 2535 1803 illos
2579 1744 2775 1803 solum
2816 1743 3096 1804 diabolus
3133 1744 3375 1819 pulsare
3412 1744 3685 1817 negligit,
3728 1762 3879 1821 quos

2327 1838 2528 1912 quieto
2581 1839 2716 1911 jure
2775 1837 3080 1913 possidere
3134 1839 3324 1896 sentit.
3383 1858 3414 1894 ι
3472 1838 3639 1897 Unde
3692 1839 3881 1899 abbas

2326 1934 2602 2003 loannes,
2624 1936 2691 1990 ut
2706 1932 2921 1990 dicitur
2945 1932 3009 1990 in
3032 1932 3170 1989 vitis
3191 1935 3428 1991 Patrum
3447 1934 3492 2003 ⁸,
3523 1933 3676 1991 dum
3699 1934 3878 1992 mel

2326 2029 2590 2098 rogasset
2618 2029 2821 2094 Deum,
2848 2029 2916 2083 ut
2937 2040 3063 2084 non
3082 2029 3419 2097 tentaretur,
3459 2027 3659 2084 omnis
3700 2027 3784 2085 ab
3806 2043 3878 2085 eo

2328 2122 2570 2180 tentatio
2598 2121 2799 2181 ablata
2826 2126 2913 2181 est
2921 2142 2940 2194 3
2968 2122 3076 2180 sed
3112 2121 3325 2180 videns
3352 2139 3416 2181 se
3456 2124 3659 2181 minus
3700 2125 3881 2199 profi·

2329 2231 2480 2287 cere,
2512 2218 2695 2274 Deum
2730 2216 2993 2289 rogavit,
3038 2220 3096 2273 et
3128 2217 3373 2274 tentatio
3414 2217 3613 2275 rediit.
3662 2221 3733 2275 Et
3756 2218 3882 2276 haee

2324 2309 2434 2368 fuit
2468 2325 2645 2368 causa
2674 2325 2858 2385 quare
2885 2312 3037 2367 Deus
3062 2308 3346 2368 dilectum
3378 2311 3734 2385 Apostolum
3758 2328 3882 2370 non

2326 2404 2632 2462 exaudivit
2657 2406 2925 2462 orantem
2954 2420 3064 2479 pro
3094 2403 3396 2463 amotione
3414 2405 3638 2463 stimuli
3662 2406 3882 2477 camis,

2323 2497 2431 2555 sed
2458 2496 2665 2555 audire
2694 2498 2908 2555 meruit
2931 2497 2955 2534 ⁹
2983 2514 3000 2553 ι
3036 2518 3065 2550 α
3099 2498 3321 2558 Sufficit
3347 2497 3456 2556 tibi
3492 2499 3687 2572 gratia
3718 2515 3878 2569 mea,

2324 2591 2471 2665 quia
2492 2590 2679 2648 virtus
2704 2590 2768 2648 in
2786 2591 3123 2650 infirmitate
3148 2591 3471 2666 perficitur.
3496 2613 3527 2648 n
3547 2593 3716 2650 Unde
3738 2608 3885 2651 oon-

2324 2684 2512 2742 cludit
2551 2684 2717 2743 idem
2755 2684 2971 2743 Paulus
3009 2704 3026 2743 ε
3077 2705 3108 2740 ι
3142 2685 3417 2744 Libenter
3461 2686 3777 2759 gloriabor
3817 2687 3886 2744 in

2324 2776 2762 2836 infirmitatibus
2795 2779 2971 2849 meis,
3013 2783 3079 2837 ut
3116 2778 3406 2837 inhabitet
3448 2779 3511 2836 in
3554 2794 3653 2837 me
3696 2778 3885 2837 virtus

2324 2870 2551 2929 Christi.
2592 2890 2621 2925 ιι
2661 2874 2792 2930 Νοιι
2836 2875 2975 2930 sunt
3017 2888 3160 2945 ergo
3199 2872 3486 2944 fugienda
3520 2873 3887 2948 temporalia

2324 2963 2503 3036 mala,
2533 2980 2660 3023 non
2693 2964 2979 3038 fugienda
3024 2969 3316 3025 tormenta
3326 2984 3346 3038 ς
3386 2965 3495 3024 sed
3530 2981 3672 3024 cuim
3714 2966 3885 3025 Clu-i-

2325 3062 2416 3116 sto
2461 3057 2660 3133 potius
2699 3058 3077 3132 sustinenda,
3134 3062 3200 3117 ut
3248 3074 3358 3133 per
3407 3059 3534 3118 mc
3574 3058 3887 3132 fugiamus

2324 3155 2552 3210 aeterna
2583 3151 2904 3228 supplicia,
2923 3153 3227 3228 etpraemia
3250 3168 3694 3227 consequamur
3710 3158 3885 3211 oter·-

2325 3261 2427 3317 na,
2451 3246 2595 3320 quia
2620 3247 2949 3305 secundum
2969 3245 3315 3321 Apostolum
3338 3247 3380 3284 ¹⁹
3406 3265 3425 3304 ε
3457 3265 3487 3301 α
3512 3247 3569 3304 Si
3584 3246 3884 3305 fuerimus

2326 3338 2472 3397 socii
2496 3339 2866 3413 passionum,
2887 3342 3105 3398 erimus
3130 3343 3188 3398 et
3206 3339 3701 3399 consolationum.
3731 3359 3759 3395 ι
3785 3340 3883 3398 Λᾶ

2324 3432 2442 3492 hoc
2464 3433 2755 3508 perducat
2777 3449 2887 3492 nos
2915 3434 3193 3493 Christus.

2361 3632 2440 3707 IN
2485 3629 3005 3707 GONVERSIONE
3049 3630 3114 3704 S.
3166 3628 3397 3703 PAULI
3442 3628 3840 3709 APOSmLI.

2760 3784 3015 3847 SERMO
3060 3782 3350 3847 PRIMUS
3375 3784 3441 3844 ¹¹.

2395 3907 2648 3966 Sum-wit
2674 3906 2874 3964 Saulus
2895 3906 2963 3962 de
2989 3910 3157 3975 ωιτη,
3189 3909 3499 3978 apertisque
3513 3907 3712 3979 oculn's,
3731 3910 3881 3965 nihil

2326 4003 2549 4060 videbat
2578 4004 2640 4059 ¹2.
2678 4001 2734 4059 Si
2763 4001 2899 4076 quis
2935 3998 3197 4073 epistolas
3229 3998 3531 4057 hodierno
3563 3999 3882 4061 historiam

2329 4095 2639 4168 diligenter
2666 4092 3003 4166 perlegerit,
3040 4096 3260 4166 aperte·
3277 4091 3519 4163 videbit,
3564 4094 3739 4167 quod
3766 4096 3883 4154 du-

2327 4190 2467 4264 plex
2494 4188 2606 4246 fuit
2629 4188 2780 4249 visio
2804 4187 2866 4243 in
2890 4185 3111 4244 Paulo:
3142 4200 3263 4243 una
3282 4185 3556 4258 exterior,
3576 4203 3716 4261 quae
3732 4205 3885 4248 eon-

2327 4281 2474 4340 sistit
2488 4281 2551 4338 in
2571 4280 2748 4338 oculo
2762 4279 3058 4353 corporali
3070 4298 3088 4351 3
3104 4278 3292 4338 altera
3301 4279 3562 4344 interior.
3581 4296 3721 4354 quse
3735 4298 3885 4341 oon-

2326 4375 2472 4434 sistit
2498 4374 2563 4431 in
2587 4373 2766 4433 oculo
2793 4372 3194 4431 intellectuali.
3245 4375 3312 4430 Et
3356 4377 3645 4448 quantum
3672 4376 3753 4433 ad
3782 4377 3880 4435 vi-

2326 4469 2555 4528 sionem
2569 4466 2962 4541 corporalem,
2986 4465 3067 4524 ad
3078 4465 3371 4525 Christum
3386 4481 3730 4537 conversus,
3760 4469 3885 4528 fae-

2326 4566 2420 4620 tus
2446 4567 2534 4621 est
2558 4578 2767 4621 coecus.
2814 4561 2979 4619 Unde
3015 4564 3223 4632 apertis
3259 4564 3427 4619 oculis
3454 4563 3596 4619 nihil
3627 4564 3881 4622 υἱάὠσι.

2327 4656 2443 4716 Sed
2470 4660 2760 4731 quantum
2787 4655 2866 4714 ad
2906 4654 3294 4729 spiritualem,
3322 4656 3581 4714 maxime
3600 4654 3719 4715 fuit
3743 4656 3890 4717 iliu-

2327 4751 2616 4823 minatus;
2644 4748 2805 4808 unde
2825 4747 3056 4807 ibidem
3083 4747 3307 4806 dictum
3335 4753 3423 4807 est
3450 4748 3527 4807 de
3554 4750 3738 4809 Saule
3764 4770 3784 4807 ε
3814 4755 3889 4810 Bt

2326 4846 2473 4905 vidit
2499 4848 2678 4902 virum
2697 4844 2976 4901 Ananiam
2999 4845 3213 4899 nomine
3234 4845 3611 4900 introeuntem.
3636 4846 3893 4905 Consta

2327 4938 2495 5015 quod
2519 4939 2596 4996 de
2621 4936 2848 4995 visione
2875 4934 3255 4993 intellectuali
3280 4935 3409 4993 haec
3447 4935 3608 5007 dicit,
3639 4938 3795 5012 'quia
3822 4939 3891 4998 in

2326 5033 2445 5091 illis
2485 5030 2672 5090 tribus
2710 5029 2926 5088 diebus
2962 5028 3158 5086 visum
3200 5028 3576 5103 corporalem
3607 5046 3735 5089 non
3778 5031 3891 5091 hn-

2327 5126 2476 5185 buit.
2497 5127 2658 5195 Erat,
2688 5121 2900 5198 inquit,
2924 5124 3098 5181 tribus
3114 5122 3301 5181 diebus
3319 5138 3427 5181 non
3452 5124 3667 5196 videns,
3686 5131 3739 5183 st
3772 5142 3891 5185 non

2329 5276 2348 5305 ³
2385 5276 2424 5324 u
2462 5274 2598 5334 Cor„
2639 5284 2744 5334 ιιι,
2774 5275 2822 5333 9,
2855 5274 2930 5322 10.
2957 5296 3018 5309 -··
3051 5271 3092 5305 ¹·
3134 5270 3280 5336 thid„
3321 5283 3368 5334 ι,
3399 5274 3448 5323 7.
3475 5297 3538 5310 -·
3577 5273 3613 5309 ¹¹
3650 5274 3807 5326 nune
3836 5282 3893 5327 et

2327 5349 2432 5397 tres
2459 5349 2731 5411 sequentes
2762 5343 2915 5394 babet
2941 5342 3064 5393 edit.
3095 5344 3326 5409 flageno.
3367 5356 3456 5395 an.
3487 5346 3628 5408 1490,
3669 5359 3891 5401 necnon

2327 5418 2503 5471 Codex
2532 5416 2688 5471 Assia.
2719 5429 2837 5466 saec.
2864 5426 2981 5467 1111.
3000 5439 3062 5453 —
3090 5416 3131 5452 ¹²
3152 5419 3381 5480 Ace.,11,
3405 5419 3453 5467 8.
