4059 6317
922 464 1401 535 DOMINICA'V
1442 460 1639 529 POST
1683 458 2270 530 PENTECOSTEN.
2314 461 2584 529 SERMO
2627 458 2676 526 1.

183 603 609 674 -rectiflcantis
634 602 1211 687 concupiscibilem,
1239 600 1321 666 ad
1352 596 1745 666 benevolen-

197 716 355 781 tiam
413 712 692 796 Spiritus
741 712 978 789 sancti3
1026 730 1139 794 per
1187 709 1487 792 vigorem
1540 705 1748 771 virilis

198 821 578 887 constantiae
617 818 992 884 stabilientis
1028 816 1405 882 irascibilem
1423 862 1442 891 ‚
1483 813 1745 878 reduce·

197 930 437 993 bantur
464 927 547 992 ad
586 927 935 1010 potentiam
976 924 1180 990 Patris
1215 922 1438 990 aeterni
1468 940 1486 985 t
1520 923 1583 984 et
1608 918 1751 983 haec

198 1036 346 1116 tria,
381 1034 623 1099 scilicet
637 1032 1063 1115 intelligentia
1083 1030 1475 1107 divinorum,
1498 1029 1752 1092 concor-

197 1142 311 1208 dia
338 1142 809 1227 proximorum,
840 1144 905 1206 et
940 1137 1278 1204 tolerantia
1307 1134 1747 1212 adversorum,

197 1254 357 1315 sunt
380 1248 738 1315 necessaria
762 1247 847 1313 ad
871 1247 1166 1312 salutem.

284 1355 501 1421 Primo
517 1355 717 1422 secuti
746 1358 899 1420 sunt
922 1354 1245 1420 Christum
1265 1351 1597 1417 humiliter
1613 1348 1751 1414 sine

201 1464 526 1549 superbia,
549 1465 809 1547 propter
827 1462 1233 1545 splendorem
1252 1461 1520 1525 internae
1537 1455 1754 1539 cogni-

200 1574 417 1638 tionis.
449 1570 613 1636 Nam
642 1569 1045 1653 splendorem
1066 1565 1506 1649 intelligentiae
1530 1564 1749 1629 humi·

200 1680 351 1744 litas
376 1677 602 1761 aperit,
634 1675 933 1760 superbia
959 1673 1230 1753 claudit,
1262 1688 1411 1754 quae
1445 1670 1600 1736 dum
1647 1669 1748 1732 in-

201 1773 337 1867 flat,
369 1783 727 1863 obnubilat,
758 1785 823 1846 et
849 1781 1065 1865 privat
1089 1799 1129 1844 a
1154 1779 1400 1844 lumine
1438 1776 1747 1842 veritatis,

204 1899 285 1960 Et
308 1897 389 1960 de
416 1894 541 1959 boc
567 1891 799 1958 dicitur
825 1891 844 1925 ²
880 1911 897 1950 ε
937 1912 968 1951 e
995 1887 1135 1971 Ego
1162 1905 1307 1951 sum
1334 1886 1452 1950 lux
1479 1883 1704 1950 mundi
1732 1906 1748 1947 t

202 2002 323 2087 qui
355 2001 646 2084 sequitur
678 2015 785 2063 me
799 2046 819 2077 ‚
852 2014 982 2062 non
1018 1994 1307 2060 ambulat
1344 1992 1425 2076 (α)
1471 1992 1541 2056 in
1574 1996 1751 2056 tene-

202 2110 342 2176 bris
362 2156 380 2190 ,
414 2109 525 2174 sed
568 2105 833 2172 babebit
868 2103 1092 2168 lumen
1139 2101 1316 2166 vitae.
1358 2121 1390 2161 υ
1434 2100 1567 2183 qu
1610 2115 1755 2165 sum

203 2235 363 2284 vera
387 2217 507 2283 tusc
538 2213 807 2294 mundi,
837 2212 990 2295 quia
1017 2227 1149 2274 non
1175 2208 1432 2273 aliunde
1477 2207 1749 2291 accipie,

204 2327 411 2390 immo
463 2323 542 2389 de
596 2324 769 2387 fonte
822 2337 986 2384 meae
1041 2316 1370 2401 sapientise
1431 2315 1754 2399 quodlibet

205 2432 383 2499 aliud
420 2432 639 2496 lumen
675 2432 960 2494 creatum
1005 2426 1290 2492 scaturit.
1331 2425 1409 2491 Et
1454 2425 1598 2490 ideo
1635 2426 1754 2508 qui

204 2542 496 2623 sequitur
519 2555 617 2604 me
639 2555 756 2621 per
771 2535 1089 2602 humilem
1112 2533 1594 2616 subjectionem,
1622 2548 1755 2599 non

207 2647 496 2716 ambulat
530 2648 606 2713 in
647 2644 915 2714 tenebris
953 2642 1191 2709 erroris
1227 2645 1292 2706 et
1317 2641 1751 2722 ignorantiae3

206 2755 326 2822 sed
348 2754 600 2822 habebit
641 2753 855 2819 lumen
882 2750 1113 2833 gratiae
1149 2748 1535 2814 vivificantis
1561 2747 1752 2813 affec-

204 2865 432 2942 tivam,
462 2865 529 2927 et
556 2857 929 2925 illustrantis
959 2855 1433 2921 intellectivam.

287 2968 583 3034 Secundo
610 2965 809 3032 secuti
836 2967 988 3030 sunt
1014 2963 1337 3030 Christum
1361 2960 1757 3026 concorditer

202 3078 344 3146 sine
372 3075 636 3151 invidia,
664 3075 923 3157 propter
948 3088 1235 3136 amorem
1268 3086 1565 3152 supernas
1593 3086 1755 3133 con-

202 3182 609 3250 versationis.
653 3180 833 3247 Unde
872 3187 896 3222 ²
936 3202 953 3244 ε
1011 3203 1043 3240 «ι
1082 3179 1364 3244 Christus
1401 3196 1622 3261 passus
1662 3178 1758 3242 est

202 3310 324 3377 pro
367 3290 583 3370 nobis,
610 3290 795 3356 vobis
834 3286 1207 3371 relinquens
1244 3285 1610 3368 exemplum
1632 3333 1652 3364 ,
1682 3287 1757 3348 ut

202 3399 571 3485 sequamini
597 3398 876 3479 vestigia
900 3398 1066 3479 ejus.
1096 3417 1127 3455 n
1177 3394 1226 3461 Ο
1254 3394 1529 3460 verbum
1565 3393 1757 3459 dilec-

206 3510 527 3574 tissimum
553 3508 571 3569 l
602 3504 651 3571 Ο
678 3504 953 3571 verbum
989 3502 1445 3582 verissimum,
1475 3504 1539 3566 et
1577 3500 1758 3566 omni

210 3615 545 3694 memoria,
558 3617 623 3679 et
637 3613 827 3678 laude
836 3612 1133 3693 dignum,
1150 3610 1455 3693 quoniam
1472 3608 1756 3677 Christus

203 3739 446 3808 passus
472 3727 565 3789 est
584 3736 703 3805 pro
731 3719 915 3787 nobis
940 3716 1293 3802 purgandis
1318 3716 1401 3780 ab
1428 3715 1605 3780 omni
1631 3714 1753 3778 ini-

207 3832 481 3917 quitate,
510 3828 689 3897 uobis
715 3827 1080 3910 relinquens
1102 3822 1466 3907 exemplum
1492 3823 1758 3888 charita-

207 3942 298 4005 tis
331 3943 395 4004 et
426 3935 888 4003 benevolentiae
910 3979 931 4013 ‚
968 3940 1040 4000 ut
1073 3932 1438 4016 sequamini
1479 3930 1757 4012 vestiqia

208 4048 377 4131 eius,
406 4046 489 4112 ad
518 4062 841 4111 summam
880 4043 1327 4126 perlectionem
1353 4035 1752 4104 deducendo!

210 4157 291 4222 Si
316 4156 491 4222 enim
510 4145 859 4238 quar-'ratum
879 4149 1036 4234 quid
1060 4148 1297 4214 Filium
1322 4146 1435 4212 Dei
1456 4145 1661 4210 movit
1677 4143 1757 4209 ad

211 4262 593 4349 patiendum
644 4278 763 4345 pro
810 4257 998 4324 nobis
1018 4303 1042 4336 ,
1086 4274 1214 4322 non
1261 4252 1590 4321 invenitur
1630 4250 1758 4315 alia

208 4392 411 4440 causa
429 4420 452 4453 ,
481 4388 677 4455 quam
702 4371 842 4449 ejus
882 4361 1354 4443 benevolentia,
1384 4364 1450 4425 et
1482 4360 1758 4426 charitas

208 4478 824 4550 misericordissima.
870 4473 1046 4540 Unde
1071 4470 1302 4538 dicitur
1329 4469 1351 4504 ⁸
1382 4486 1400 4532 ε
1453 4492 1484 4531 e
1526 4467 1597 4532 ln
1634 4468 1757 4533 hoc

208 4582 667 4666 cognoscimus
691 4577 1068 4644 charitatem
1107 4573 1256 4652 Dei,
1289 4571 1597 4656 quoniam
1623 4571 1758 4654 ipse

206 4715 331 4782 pro
356 4694 544 4760 nobis
567 4692 848 4758 animam
883 4704 1070 4762 suam
1110 4684 1341 4769 posuit.
1371 4704 1403 4744 n
1439 4682 1563 4748 Sed
1605 4682 1760 4765 quia

206 4802 384 4872 istud
410 4798 777 4883 exemplum
796 4799 993 4862 tantae
1016 4792 1479 4860 benevolentiae
1495 4793 1593 4856 est
1618 4791 1758 4856 imi·

207 4913 455 4979 tatione
493 4909 770 4990 dignum
789 4951 808 4983 ‚
850 4904 992 4970 ideo
1032 4900 1327 4984 adjunxit
1363 4900 1384 4936 ⁴
1425 4920 1445 4964 z
1483 4921 1516 4960 α
1536 4898 1615 4964 Et
1639 4915 1758 4963 nos

209 5021 525 5087 debemus
571 5034 689 5100 pro
732 5011 1037 5079 tratribus
1079 5009 1363 5074 animam
1407 5024 1668 5090 ponere.
1718 5027 1750 5067 ι

213 5128 395 5208 Quod
435 5128 600 5193 bene
625 5121 1137 5206 adimpleverunt
1169 5114 1473 5202 apostoli,
1502 5115 1758 5199 quando

270 5324 291 5362 ¹
317 5325 489 5378 loon„
506 5332 623 5385 vm,
652 5323 731 5371 12.
754 5343 817 5357 ——
837 5318 1080 5381 ¹1Petr„
1107 5327 1166 5381 11,
1194 5318 1275 5367 21.
1296 5338 1360 5356 -
1383 5314 1406 5350 ⁸
1434 5317 1447 5364 l
1474 5316 1640 5378 Joan„
1674 5326 1758 5378 111,

214 5397 292 5447 ¹6.
321 5421 389 5434 —
420 5394 446 5430 ⁸
485 5392 615 5444 lbid.
642 5416 704 5431 --
737 5390 761 5427 ⁸
781 5388 904 5454 aab,
936 5399 1101 5450 xxm,
1134 5389 1214 5437 2¹.
1244 5412 1300 5423 —
1340 5386 1363 5422 ⁸
1398 5384 1578 5450 Eccli„
1602 5396 1757 5450 xxm,

213 5469 295 5520 38.
318 5494 381 5506 -
406 5467 430 5503 ‘¹
458 5466 603 5526 Luc„
630 5475 706 5533 rx,
731 5465 811 5514 23.
840 5487 903 5501 —
930 5461 950 5492 ⁸
973 5458 1176 5526 ΠαίεΙιτ,
1205 5470 1257 5524 v,
1282 5461 1362 5513 12.

3283 467 3396 529 351

1854 598 2195 680 praeposita
2225 598 2300 682 (b)
2331 599 2453 664 sibi
2478 594 2926 664 malevolentia
2949 593 3236 678 invidiae,
3270 599 3407 661 ani-

1854 722 1993 768 mas
2020 723 2171 771 suas
2196 706 2467 771 libenter
2491 723 2609 789 pro
2637 704 2837 769 salute
2864 704 3156 770 omnium
3169 704 3406 771 'electo-

1852 830 2004 876 rum
2030 817 2405 896 posuerunt.
2436 812 2516 877 Et
2552 815 2807 896 propter
2841 812 2966 879 hoc
2992 814 3261 897 quilibet
3288 834 3404 881 eo-

1850 937 2001 984 rum
2047 924 2251 1003 potest
2293 920 2502 986 dicere
2542 919 2700 984 illud
2729 920 2751 955 ⁸
2794 936 2811 982 z
2859 943 2890 982 α
2932 919 3220 1003 Vestigia
3265 925 3408 1006 ejus

1855 1031 2111 1092 secutus
2137 1030 2234 1093 est
2271 1047 2384 1111 pes
2409 1046 2594 1093 meus
2623 1051 2639 1092 ε
2673 1050 2704 1088 n
2739 1031 3021 1113 vestiqia
3041 1079 3061 1110 ‚
3092 1031 3358 1115 inquam
3380 1082 3402 1113 ,

1858 1133 1999 1216 egias
2041 1135 2368 1201 charitatis
2407 1139 2470 1201 et
2516 1136 2974 1202 benevolentias
3018 1145 3271 1206 secutus
3315 1144 3409 1207 est

1851 1258 1963 1326 pes
2003 1259 2178 1310 meus
2214 1243 2577 1310 affectuosae
2620 1244 2973 1311 dilectionis
2993 1295 3013 1326 ‚
3057 1265 3134 1312 eo
3185 1248 3358 1331 quod
3384 1249 3408 1284 ³

1861 1371 1895 1412 α
1927 1351 2136 1432 gloria
2162 1369 2402 1433 magna
2427 1356 2524 1417 est
2544 1352 2726 1436 sequi
2753 1351 3095 1420 Dominum
3114 1376 3146 1416 n
3172 1355 3242 1420 in
3265 1355 3409 1421 cha-

1858 1460 2051 1523 ritate
2077 1459 2374 1541 perfecta.

1940 1566 2156 1632 Tertio
2183 1567 2383 1632 secuti
2410 1572 2563 1633 sunt
2582 1569 2900 1635 Christum
2930 1575 3409 1653 perseveranter

1858 1693 2008 1740 cum
2036 1677 2418 1757 constantia,
2458 1682 2717 1761 propter
2754 1677 3158 1743 tolerantiam
3203 1680 3407 1744 conti·-

1859 1802 2015 1849 nuae
2042 1783 2514 1864 macerationis;
2546 1784 2714 1850 unde
2732 1786 2757 1823 ‘¹
2781 1805 2798 1848 ε
2829 1807 2859 1846 «ι
2881 1782 3004 1863 Qui
3020 1785 3163 1849 vult
3187 1787 3410 1852 venire

1859 1894 2002 1974 post
2027 1909 2157 1970 me,
2186 1890 2463 1973 abneget
2487 1892 2921 1975 semetipsum,
2945 1892 3126 1958 tollat
3153 1912 3407 1961 crucem

1859 2018 2069 2077 suam,
2099 2005 2162 2065 et
2183 2005 2489 2084 sequatur
2515 2020 2644 2066 me.
2665 2024 2696 2062 n
2732 2002 2855 2076 Qui
2879 2004 3019 2071 vult
3035 2005 3251 2071 venire
3263 2012 3412 2088 post

1859 2124 1960 2174 me
2000 2107 2318 2173 humilem
2361 2112 2426 2172 et
2473 2109 2923 2175 mortificatum
2945 2158 2963 2188 ‚
3008 2111 3267 2195 abneqet
3310 2128 3413 2179 se-

1860 2217 2207 2297 metipsum
2261 2234 2378 2299 per
2426 2215 2741 2280 humilem
2793 2218 3251 2301 subjectionem
3279 2266 3297 2300 ,
3349 2225 3412 2287 et

1863 2322 2050 2390 tollat
2081 2338 2327 2390 crucem
2357 2339 2543 2389 suam
2570 2324 2894 2389 continuae
2933 2326 3372 2392 macerationis
3388 2376 3407 2410 ‚

1863 2435 1924 2497 et
1979 2435 2286 2513 sequatur
2351 2448 2448 2498 mc
2517 2436 3001 2514 perseveranter
3060 2451 3269 2518 usque
3331 2435 3412 2500 ad

1862 2539 2086 2603 aeterni
2128 2538 2343 2622 palatii
2387 2538 2876 2621 ingressionem.
2921 2539 3000 2605 Et
3040 2541 3206 2606 bene
3243 2559 3413 2625 prae-

1862 2647 2141 2711 mittitur
2167 2647 2236 2711 in
2280 2647 2391 2711 illa
2432 2665 2622 2713 cruce
2663 2647 3042 2714 humilitatis
3079 2650 3410 2732 subjectio,

1862 2753 2018 2836 quia
2048 2753 2117 2835 (c)
2157 2753 2542 2834 intelligitur
2582 2772 2695 2836 per
2740 2739 3236 2836 abnegationem
3263 2774 3415 2840 pro-

1863 2860 2025 2943 priae
2068 2858 2434 2925 voluntatis.
2484 2861 2863 2926 Amaritudo
2916 2862 3306 2944 poenitentiae
3350 2867 3416 2928 et

1863 2967 2371 3032 mortificationis
2390 2967 2735 3051 aliquando
2754 2969 3041 3051 perditur
3067 2988 3180 3053 per
3202 2988 3416 3053 super-

1862 3073 2061 3154 biam,
2091 3074 2434 3157 aliquando
2462 3092 2575 3157 per
2605 3074 2831 3156 gulam
2861 3096 2878 3140 ε
2917 3079 2982 3141 et
3006 3079 3266 3160 propter
3289 3077 3413 3142 hoc

1864 3181 1920 3246 si
1948 3184 2249 3247 volumus
2290 3182 2562 3264 perfecte
2599 3182 2820 3248 tollere
2849 3183 3106 3249 crucem
3142 3184 3415 3249 mortifl-

1864 3290 2162 3371 cationis,
2195 3289 2500 3355 debemus
2526 3307 2664 3354 esse
2688 3289 2969 3356 humiles
3006 3291 3074 3355 in
3100 3291 3321 3373 corde,
3350 3295 3416 3357 et

1864 3397 2253 3463 abstinentes
2278 3397 2347 3460 in
2374 3414 2505 3462 ore.
2544 3395 2897 3479 Rogemus,
2925 3402 3049 3464 etc.

1988 3628 2367 3706 DOMINIGA
2407 3629 2461 3704 V
2505 3625 2692 3705 POST
2735 3628 3293 3707 PENTEGOSTEN.

2296 3800 2587 3871 SERMO
2637 3800 2985 3872 PRIMUS.

1950 3935 2174 4002 onmis
2210 3935 2328 4019 qui
2362 3936 2675 4003 irascitur
2697 3937 2898 4017 tratri
2937 3951 3076 4016 suo,
3118 3952 3262 4004 reus
3289 3937 3414 4005 erit

1854 4042 2114 4125 judicio
2136 4047 2182 4108 ⁸.
2203 4041 2433 4108 Volens
2453 4042 2760 4108 Dominus
2777 4048 2992 4108 noster
3011 4043 3194 4109 Jesus
3213 4043 3416 4109 Chris·

1865 4157 1971 4217 tus
1995 4150 2319 4216 retrahere
2351 4168 2560 4232 genus
2596 4150 2960 4215 humanum
2986 4170 3026 4215 a
3049 4151 3264 4216 furore
3289 4151 3414 4216 ira-

1865 4259 2118 4324 cundiae
2143 4258 2434 4323 animum
2454 4257 2904 4338 deordinantis,
2927 4275 3009 4322 ne
3036 4263 3412 4343 prorumpat

1865 4367 1936 4432 in
1960 4366 2276 4432 damnum
2307 4366 2608 4449 proximi,
2635 4370 2944 4449 tanquam
2963 4367 3168 4449 judex
3193 4367 3413 4431 rectis·

1867 4474 2096 4554 simuS,
2128 4474 2200 4539 in
2230 4475 2429 4540 verbo
2455 4475 2777 4560 proposito
2819 4473 3082 4538 cuilibet
3120 4473 3413 4538 irascenti

1866 4582 2048 4648 tratri
2076 4601 2197 4648 suo
2222 4582 2612 4665 praenuntiat
2627 4599 2885 4664 poenam
2914 4581 3138 4647 aeterni
3157 4581 3410 4664 judicii,

1866 4707 2020 4754 cum
2083 4689 2232 4754 dicit
2288 4706 2306 4752 ε
2364 4688 2585 4754 Omnis
2653 4690 2771 4771 qm·
2839 4690 3155 4755 irascitur
3218 4690 3415 4770 tratri

1867 4812 2005 4876 suo,
2026 4800 2146 4862 etc.
2180 4795 2255 4861 In
2273 4814 2403 4878 quo
2419 4779 2678 4879 quidem
2698 4795 2895 4860 verbo
2921 4795 3105 4860 valde
3123 4795 3414 4862 ordinate
3429 4791 3438 4799 ’

1865 4903 2250 4988 proceditur.
2295 4900 2459 4968 Nam
2510 4901 2719 4985 primo
2766 4901 3144 4967 describitur
3189 4920 3411 4986 pecca·

1866 5017 2007 5077 tum
2035 5009 2406 5091 iracundiae,
2436 5013 2750 5093 quantum
2772 5008 2856 5073 ad
2880 5009 3250 5074 interiorem
3278 5010 3410 5075 ori-

1868 5119 2094 5202 ginem
2124 5136 2321 5202 quam
2349 5117 2544 5182 habet
2567 5133 2650 5180 ex
2672 5114 2841 5182 malo
2868 5114 3114 5194 animo;
3137 5117 3413 5183 seeundo

1867 5230 2185 5311 quantum
2235 5224 2317 5291 ad
2359 5223 2739 5292 exteriorem
2786 5221 3226 5304 diffusionem,
3277 5223 3415 5294 sive

1932 5388 2003 5453 (α)
2040 5387 2165 5439 Cat.
2197 5384 2318 5440 edit.
2346 5383 2644 5438 ambulabit.
2667 5410 2729 5425 --
2756 5383 2822 5450 (ὁ)
2847 5384 2998 5436 Forte
3025 5383 3126 5452 leq.
3152 5385 3415 5452 propedit

1870 5459 1950 5512 vel
1976 5459 2231 5525 opposita.
2257 5481 2322 5496 -
2353 5457 2415 5521 (c)
2447 5459 2570 5510 uem
2601 5469 2736 5523 quae.
