4059 6317
1533 441 1636 507 DE
1677 441 1746 507 S.
1788 440 2014 507 LUCA.

175 582 371 642 tionis.
404 580 560 651 Quid
588 580 750 637 enim
771 576 865 637 his
899 575 1151 635 melius?
1191 575 1339 651 quid
1366 575 1724 651 perfectius?

177 676 328 752 quid
361 680 482 734 Deo
509 673 886 750 placibilius?
912 671 1062 730 nihil
1087 670 1254 730 aliud
1295 673 1445 730 Deus
1480 669 1729 745 requirit

174 787 214 828 a
239 770 441 842 nobis,
469 768 585 827 nisi
613 769 677 825 ut
716 767 916 840 legem
954 781 1126 823 suam
1154 765 1559 836 observemus,
1593 779 1728 837 quae

176 864 387 922 divina
414 862 661 921 consilia
689 861 950 919 continet
975 862 1034 917 et
1072 858 1375 917 mandata.
1414 858 1607 917 Primo
1637 856 1726 915 fe-

175 974 383 1016 ramus
404 957 465 1014 in
493 956 697 1028 corde,
727 970 860 1013 eam
887 953 1232 1012 medullitus
1259 951 1605 1025 diligend03
1635 966 1728 1008 se·

177 1053 383 1112 cundo
413 1052 478 1110 in
506 1068 631 1121 ore,
670 1066 802 1108 eam
843 1050 977 1108 aliis
1014 1047 1429 1124 praedicand03
1469 1045 1639 1106 tertio
1667 1046 1730 1104 in

178 1162 389 1222 opere,
418 1161 554 1204 eam
572 1143 937 1218 complendo
955 1143 1055 1201 vel
1084 1141 1481 1201 observande.

253 1241 397 1298 Dico
442 1239 611 1314 quod
638 1240 874 1296 sanctus
902 1239 1084 1295 Lucas
1109 1235 1306 1309 legem
1349 1234 1584 1293 Domini
1612 1234 1734 1308 pri-

178 1349 285 1393 mo
327 1331 592 1407 portavit
633 1331 697 1389 in
721 1320 960 1402 corde,
1007 1334 1295 1404 tanquam
1326 1330 1389 1387 in
1432 1329 1732 1387 bonorum

180 1426 457 1486 omnium
483 1424 687 1482 radice
715 1440 730 1480 ε
763 1423 877 1483 nisi
907 1422 1069 1481 enim
1102 1422 1278 1481 radix
1305 1420 1536 1481 arboris
1562 1420 1737 1479 fuerit

177 1519 368 1592 bona,
399 1519 605 1578 omnia
634 1534 768 1593 quae
808 1521 945 1575 sunt
981 1515 1143 1574 illius
1175 1515 1427 1584 arboris,
1458 1513 1610 1573 fiunt
1633 1530 1734 1573 va-

178 1630 281 1683 na,
311 1616 371 1672 et
405 1613 486 1672 ad
523 1628 702 1671 usum
736 1610 989 1669 inutilia.
1039 1609 1201 1668 Unde
1243 1607 1537 1684 sapientes
1581 1609 1736 1682 agri-

180 1707 329 1766 colae
346 1750 367 1781 ,
425 1706 576 1765 dum
637 1705 846 1763 vident
890 1703 1283 1779 amygdalum
1339 1701 1737 1775 incongruum

179 1801 334 1861 terre
361 1800 657 1868 fructum,
699 1798 813 1857 sub
858 1802 1016 1856 terra
1057 1796 1318 1866 fodiunt,
1365 1800 1423 1854 et
1472 1795 1738 1854 radicem

182 1896 314 1969 ejus
343 1893 675 1964 inveniunt,
705 1906 892 1966 quam
927 1890 1113 1949 clavis
1152 1888 1515 1964 perfodiunt,
1545 1892 1613 1948 ut
1648 1894 1738 1947 to·

179 1982 307 2047 iam
335 1988 619 2047 arborem
646 1985 1014 2044 salutiferam
1031 1983 1270 2057 faciant,
1299 1985 1443 2058 quia
1463 1983 1613 2042 dum
1631 1998 1741 2057 per

181 2082 482 2141 foramina
506 2079 663 2139 tacta
702 2078 920 2137 noxius
959 2077 1180 2136 humor
1206 2076 1516 2150 educitur,
1560 2076 1742 2135 arbor

181 2180 308 2236 tota
336 2175 596 2234 salubris
622 2173 875 2233 efficitur
916 2190 931 2230 ε
963 2171 1124 2230 salus
1165 2170 1329 2231 enim
1366 2170 1605 2243 radicis,
1645 2186 1742 2228 ar-

183 2270 353 2329 boris
375 2268 775 2328 salusexistit.
800 2269 952 2326 Cum
978 2265 1156 2339 igitur
1173 2281 1278 2323 cor
1303 2265 1378 2323 sit
1401 2264 1741 2322 membrum

183 2365 474 2437 radicale,
510 2367 568 2421 et
614 2378 797 2420 causa
836 2361 899 2418 in
944 2375 1195 2434 corpore
1239 2358 1415 2417 totius
1459 2361 1659 2416 motus
1685 2361 1745 2415 et

183 2460 355 2532 vitre,
400 2458 552 2517 dum
588 2472 694 2516 cor
735 2456 891 2514 bene
932 2453 1293 2527 disponitur,
1343 2452 1547 2510 omnia
1587 2451 1742 2510 bene

183 2558 494 2629 geruntur,
515 2552 668 2609 sicut
688 2566 761 2609 eo
779 2549 1102 2620 infirmato,
1123 2547 1326 2606 omnia
1344 2546 1740 2618 infirmantur,

184 2654 243 2707 et
285 2664 367 2707 eo
414 2645 736 2716 moriente,
792 2642 1067 2701 membra
1111 2640 1316 2699 omnia
1358 2639 1738 2698 moriuntur:

184 2741 505 2802 consuevit
528 2739 690 2799 enim
721 2737 862 2810 dici,
897 2735 1065 2811 quod
1093 2735 1143 2792 si
1177 2736 1356 2808 caput
1385 2733 1741 2805 infirmatur,

184 2836 398 2895 omnia
423 2834 697 2893 membra
714 2829 1141 2904 languescunt:
1174 2827 1279 2886 sed
1303 2827 1420 2885 hoc
1444 2825 1645 2884 verius
1663 2826 1739 2885 de

185 2930 376 2989 corde
405 2928 621 2986 dicitur
660 2945 677 2984 :
718 2923 864 3000 quia
899 2922 950 2980 si
990 2924 1168 2997 caput
1192 2920 1443 2991 loeditur,
1471 2924 1573 2978 aut
1604 2920 1740 2978 vul-

184 3026 454 3093 neratur,
495 3035 622 3078 non
652 3022 853 3077 tamen
889 3015 1061 3089 signa
1100 3013 1328 3074 doloris
1363 3014 1427 3071 in
1457 3013 1742 3072 membris

182 3116 319 3175 aliis
351 3114 775 3182 ostenduntur,
822 3109 1097 3185 quamvis
1128 3108 1184 3166 ei
1224 3108 1499 3167 membra
1539 3108 1744 3169 omnia

183 3208 660 3285 compatiantur3
692 3203 800 3262 sed
819 3219 925 3261 cor
944 3202 994 3261 si
1020 3202 1101 3261 ad
1125 3201 1432 3261 modicum
1444 3204 1739 3275 tangatur,

155 3305 233 3377 ,si
284 3319 404 3362 acu
439 3301 764 3376 pungatur,
810 3296 860 3354 si
900 3295 981 3354 ad
1021 3295 1329 3354 modicum
1372 3295 1737 3369 vulneretur,

182 3396 395 3457 omnia
421 3395 697 3454 membra
730 3392 1141 3465 languescunt,
1171 3395 1228 3449 et
1250 3407 1374 3466 prae
1398 3390 1607 3450 dolore
1634 3389 1741 3449 de-

181 3491 415 3550 ficiunt.
473 3487 775 3562 Sapienter
812 3485 973 3543 enim
1025 3489 1260 3542 sanctus
1314 3486 1498 3543 Lucas
1544 3482 1740 3558 legem

179 3582 423 3643 Domini
449 3581 616 3656 prius
656 3579 722 3638 in
761 3577 943 3636 corde
979 3577 1258 3652 portavit,
1286 3592 1385 3648 ne,
1432 3576 1481 3634 si
1522 3576 1740 3636 funda-

177 3681 455 3737 mentum
482 3676 786 3735 bonorum
822 3671 1094 3730 omnium
1130 3670 1491 3744 reliquisset,
1524 3670 1741 3730 frustra

176 3772 243 3830 in
271 3770 504 3829 caeteris
531 3768 879 3827 laborasset.
915 3768 1152 3823 Frustra
1179 3763 1338 3822 enim
1367 3762 1572 3822 omnia
1587 3763 1740 3823 fiunt

178 3865 244 3924 in
271 3864 489 3935 domo,
517 3860 909 3920 fundamento
937 3873 1062 3917 non
1091 3862 1263 3917 antea
1288 3856 1544 3916 solidato
1577 3877 1592 3916 :
1620 3856 1738 3916 fru-

178 3966 304 4018 stra
334 3959 527 4016 homo
554 3955 821 4014 rivulum
845 3953 1087 4028 purgat,
1111 3951 1225 4009 nisi
1255 3954 1391 4010 ante
1415 3949 1577 4010 fonte
1598 3967 1738 4026 pur-

178 4059 322 4128 gato
355 4069 373 4112 2
408 4049 677 4109 similiter
711 4063 867 4106 vana
890 4051 1028 4105 sunt
1052 4046 1259 4119 verba,
1288 4044 1457 4104 nulla
1488 4046 1736 4105 omnino

176 4149 318 4205 sunt
367 4159 578 4220 opera,
613 4143 726 4200 nisi
766 4144 1022 4217 purgata
1066 4138 1234 4215 prius
1271 4138 1490 4198 tuerint
1530 4138 1732 4199 corda.

175 4239 356 4310 Quod
379 4237 574 4295 sciens
599 4236 809 4295 beatus
827 4236 1034 4305 Lucas,
1061 4233 1226 4308 prius
1255 4231 1519 4291 divinam
1538 4232 1736 4306 legem

173 4332 411 4392 studuit
435 4330 660 4389 habere
689 4329 753 4387 in
780 4328 984 4398 corde,
1020 4343 1097 4384 ne
1131 4326 1346 4384 frustra
1371 4341 1504 4384 eam
1537 4329 1738 4401 porta-

173 4432 264 4485 ret
292 4426 361 4483 in
394 4440 520 4484 ore.
543 4421 710 4481 Unde
741 4422 817 4480 de
845 4438 919 4480 eo
946 4423 1139 4495 potest
1165 4417 1283 4477 dici
1307 4418 1459 4476 illud
1480 4422 1535 4476 ¹:
1564 4438 1594 4475 ι
1619 4421 1736 4479 Lex

175 4519 279 4580 Dei
307 4519 443 4592 eJus
470 4517 536 4576 in
561 4517 745 4575 corde
769 4515 978 4591 ipsius,
1022 4518 1079 4572 et
1118 4528 1243 4571 non
1269 4513 1737 4588 supplantabun-

176 4620 273 4674 tur
295 4627 539 4689 gressus
566 4610 729 4685 ejus:
758 4629 789 4665 ι
820 4608 992 4685 quasi
1030 4607 1249 4665 diceret
1277 4626 1292 4661 ε
1331 4605 1470 4665 ideo
1511 4606 1737 4681 ingres-

174 4726 280 4768 sus
302 4709 440 4784 ejus
454 4721 641 4780 opera
662 4702 1098 4774 solidahabuit,
1116 4700 1260 4776 quia
1271 4699 1502 4759 bonum
1528 4700 1737 4760 funda·

173 4806 456 4861 mentum
481 4800 599 4858 illis
627 4797 964 4868 substravit,
994 4795 1141 4854 dum
1157 4795 1323 4869 prius
1338 4810 1447 4869 per
1465 4810 1735 4853 amorem

176 4895 398 4953 divinae
423 4892 576 4966 legis
611 4890 810 4949 cordis
854 4889 1243 4947 substantiam
1269 4887 1572 4946 stabilivit.
1618 4891 1734 4947 Nos

175 5005 349 5063 ergo,
369 4987 581 5046 fratres
590 5027 611 5058 ,
649 4983 925 5058 exemplo
952 4982 1111 5041 beati
1137 4984 1323 5051 Lucae,
1355 4980 1619 5040 divinam
1648 4980 1735 5039 le-

177 5098 342 5157 gem,
383 5079 451 5139 id
477 5083 586 5153 est,
630 5077 838 5137 divina
876 5077 1168 5151 proecepta
1209 5090 1499 5146 amemus,
1525 5079 1583 5132 et
1606 5075 1736 5149 ipsa

176 5176 242 5235 in
270 5174 461 5235 corde
487 5176 810 5249 portemus,
833 5169 984 5229 sicut
1009 5166 1581 5228 inDeuteronomio²
1599 5168 1737 5227 scri·

242 5305 264 5340 ¹
304 5300 448 5352 Psal.
475 5309 671 5359 xxx1x,
703 5301 752 5348 9.
782 5320 845 5334 -
876 5295 900 5329 ¹
929 5272 1736 5359 Deut.,v1,6;&xx,13·1t.—

183 5373 450 5438 'la-em,
472 5383 603 5434 xxx,
634 5382 672 5433 1,
701 5371 780 5419 33.
807 5394 868 5406 -
900 5366 1147 5428 ‘uatum
1173 5369 1374 5428 v11,1.2
1392 5365 1737 5426 —ssflabac.,

3254 450 3367 512 611

1830 574 2008 634 bitur.
2054 577 2328 636 Divinum
2353 580 2713 652 praeceptum
2726 618 2745 650 ,
2787 578 2957 653 qnod
2988 580 3078 638 'est
3120 582 3377 655 praecep-

1831 673 2028 728 torum
2053 672 2323 729 omnium
2349 671 2787 744 contentivam,
2831 688 2955 730 non
2991 676 3080 732 est
3119 675 3183 731 in
3222 675 3374 733 coelo

1832 763 2039 835 situm,
2065 780 2190 823 non
2224 770 2309 823 est
2343 765 2499 822 ultra
2536 780 2700 822 mare
2726 766 2987 839 positum
3006 809 3025 838 ‚
3054 766 3162 825 sed
3199 769 3290 825 est
3313 767 3378 825 in

1834 857 2112 916 cordibus
2137 859 2351 917 nostris
2380 858 2665 933 scriptum
2685 859 2839 934 stylo
2857 858 3071 932 ferreo,
3089 866 3377 936 tanquam

1833 966 2035 1023 ungue
2073 951 2479 1024 adamantino,
2514 954 2581 1010 ut
2624 951 2764 1009 inde
2812 952 2945 1012 radi
2994 969 3117 1012 non
3169 954 3377 1029 possit.

1837 1044 2000 1102 Unde
2027 1046 2053 1081 ³
2084 1062 2098 1102 :
2137 1063 2166 1100 α
2192 1045 2356 1103 Dabo
2383 1044 2582 1118 legem
2604 1060 2802 1103 meam
2830 1046 2895 1102 in
2920 1046 3243 1106 visceribus
3275 1065 3381 1108 eo-

1837 1152 1994 1208 rum,
2024 1140 2082 1195 et
2107 1137 2170 1196 in
2193 1138 2375 1197 corde
2400 1155 2611 1197 eorum
2636 1139 2896 1198 scribam
2921 1155 3074 1199 eam.
3106 1161 3134 1195 n

1908 1232 2019 1290 Sed
2046 1231 2230 1305 dices,
2280 1232 2448 1306 quod
2474 1231 2745 1290 divinum
2778 1238 3135 1308 praeceptum
3161 1234 3237 1293 sit
3279 1251 3385 1294 na-

1840 1325 2103 1385 turaliter
2129 1326 2307 1384 nobis
2334 1327 2708 1401 impressum.

1911 1421 2076 1478 Certe
2104 1419 2286 1491 illud,
2321 1420 2491 1494 quod
2528 1418 2844 1479 scribitur*
2871 1440 2886 1479 ε
2925 1439 2956 1475 α
2989 1423 3199 1482 Omnia
3226 1440 3385 1498 quoe-

1841 1527 2099 1587 cumque
2119 1512 2317 1585 vultiS,
2348 1516 2413 1570 ut
2433 1512 2651 1571 faciant
2676 1514 2852 1573 vobis
2876 1515 3170 1588 homines,
3196 1520 3255 1574 et
3276 1533 3388 1574 vos

1839 1604 2011 1663 facite
2038 1605 2156 1663 illis
2188 1623 2203 1663 :
2235 1609 2368 1664 Hoec
2404 1611 2510 1678 est,
2547 1627 2578 1663 n
2609 1608 2825 1683 inquit,
2857 1628 2888 1664 α
2928 1608 3028 1667 lex
3054 1614 3113 1668 et
3135 1610 3390 1685 propbe-

1842 1703 1935 1771 tae,
1962 1718 1991 1754 n
2034 1698 2100 1757 id
2126 1703 2240 1772 est,
2281 1700 2359 1759 de
2400 1701 2591 1760 nihilo
2626 1701 2795 1760 aliud
2832 1702 3157 1777 proedicant
3192 1703 3289 1762 lex
3332 1706 3392 1762 et

1843 1796 2182 1870 prophetae,
2226 1796 2390 1871 quia,
2433 1797 2539 1872 qui
2572 1798 2690 1857 hoc
2730 1802 3089 1873 praeceptum
3127 1802 3305 1870 tenet,
3333 1800 3393 1857 et

1844 1888 2043 1964 legem
2072 1905 2311 1949 omnem
2335 1895 2393 1949 et
2421 1892 2743 1967 prophetas
2771 1891 3080 1967 adimplet.
3110 1892 3226 1952 Sed
3256 1893 3391 1967 quis

1844 1982 2026 2043 hodie
2054 1988 2141 2043 est
2172 1985 2277 2060 qui
2319 1985 2630 2044 observet?
2672 1984 2833 2044 unde
2867 1986 3050 2044 rixae‘?
3083 1986 3249 2044 unde
3272 1986 3394 2045 dis·

1847 2076 2106 2136 cordiae?
2130 2077 2293 2136 unde
2320 2080 2585 2152 guerrae?
2613 2079 2774 2138 unde
2802 2079 2987 2138 odia?
3010 2079 3172 2138 unde
3197 2080 3391 2138 homi-

1847 2170 2047 2228 cidia?
2086 2171 2247 2230 unde
2287 2172 2486 2230 furta?
2530 2172 2693 2232 unde
2726 2172 2879 2232 falsa
2921 2173 3292 2234 testimonia?
3332 2175 3392 2233 Si

1846 2264 2175 2323 faceremus
2207 2265 2487 2324 fratribus
2522 2265 2629 2325 illa
2663 2266 2887 2339 omnia,
2914 2283 3049 2341 quae
3085 2268 3262 2326 nobis
3289 2284 3393 2326 cu-

1846 2357 2045 2432 pimus
2086 2359 2165 2417 ab
2204 2359 2336 2417 aliis
2363 2375 2491 2417 esse
2517 2359 2693 2427 facta,
2722 2360 2848 2418 haec
2882 2376 3008 2419 non
3037 2363 3251 2420 essent.
3279 2362 3394 2420 Sed

1847 2449 2029 2509 hodie
2058 2452 2354 2527 completa
2394 2457 2483 2511 est
2520 2453 2854 2528 prophetia,
2894 2470 3018 2529 qua
3065 2453 3282 2513 dicitur
3322 2456 3346 2493 ⁵
3374 2473 3391 2513 ε

1855 2565 1884 2597 «
1919 2545 2241 2604 Dilacerata
2283 2552 2369 2605 est
2409 2547 2527 2604 lex.
2556 2566 2585 2602 n
2630 2550 2836 2606 Nonne
2875 2547 3170 2606 lacerata?
3194 2563 3394 2608 nonne

1850 2642 2178 2697 concussa?
2199 2654 2402 2698 nonne
2431 2639 2677 2712 abolita,
2715 2639 2791 2698 de
2818 2656 2942 2715 qua
2969 2641 3119 2699 nihil
3146 2642 3224 2701 ab
3271 2657 3397 2701 om-

1847 2731 2027 2789 nibus
2055 2732 2402 2791 observatur
2419 2734 2449 2789 ‘i

1919 2826 2189 2884 Secundo
2208 2827 2416 2885 beatus
2442 2830 2627 2886 Lucas
2654 2827 2849 2901 legem
2876 2828 3110 2887 Domini
3136 2828 3398 2902 portavit

1846 2918 1911 2976 in
1939 2933 2065 2977 ore.
2106 2923 2243 3003 Non¹
2271 2921 2432 2979 enim
2473 2920 2689 2980 sufficit
2727 2921 2859 2981 solo
2899 2922 3079 2981 corde
3122 2926 3394 2997 portare,

1848 3011 1960 3070 nisi
1986 3015 2251 3087 portetur
2278 3019 2335 3073 et
2358 3015 2423 3073 in
2449 3031 2552 3074 ore
2580 3035 2595 3073 ε
2624 3016 2769 3090 quia
2790 3031 2918 3074 non
2942 3018 3132 3089 potest
3156 3016 3312 3089 ignis
3330 3015 3396 3073 in

1848 3106 1984 3165 sinu
2018 3106 2221 3179 latere,
2250 3109 2399 3182 quin
2425 3108 2568 3168 foris
2607 3113 2892 3185 appareat
2897 3127 2918 3180 ς
2948 3124 3060 3168 nec
3095 3109 3159 3167 in
3185 3108 3392 3182 domo,

1851 3199 1998 3274 quin
2042 3199 2267 3258 ardeat.
2313 3201 2471 3259 Sicut
2517 3202 2679 3261 enim
2724 3202 2816 3262 sol
2867 3218 2993 3261 non
3034 3207 3228 3278 potest
3269 3219 3396 3263 11011

1847 3291 2185 3366 splendere,
2212 3298 2271 3351 et
2303 3294 2453 3352 sicut
2471 3311 2610 3354 rosa
2634 3311 2758 3354 non
2783 3299 2980 3371 potest
3000 3295 3252 3355 odorem
3269 3313 3397 3356 non

1846 3400 2149 3460 spargere,
2178 3392 2236 3445 et
2252 3387 2402 3445 sicut
2423 3403 2585 3462 aqua
2611 3388 2806 3447 fluens
2828 3405 2953 3447 non
2990 3393 3184 3464 potest
3209 3394 3398 3452 terras

1844 3479 2154 3552 proximas
2180 3495 2306 3539 non
2325 3481 2593 3554 irrigare,
2614 3482 2699 3539 sic
2724 3498 2834 3540 nec
2846 3498 2951 3540 cor
2970 3485 3090 3542 Deo
3110 3483 3396 3545 devotum

1844 3588 1908 3630 se
1936 3578 2128 3647 potest
2165 3573 2562 3645 abscondere,
2605 3575 2754 3649 quin
2798 3575 3131 3636 manifestet
3173 3595 3235 3636 se
3267 3596 3396 3652 ore,

1847 3682 1983 3724 cum
2009 3667 2323 3726 necessitas
2348 3668 2446 3727 vel
2480 3667 2733 3727 charitas
2773 3669 2889 3728 hoc
2929 3671 3193 3746 requirit.
3225 3677 3394 3747 Nam,

1845 3759 1995 3817 sicut
2018 3760 2161 3818 dicit
2184 3762 2500 3836 Apostolus
2524 3763 2586 3820 ⁸:
2620 3782 2651 3817 α
2688 3765 2878 3824 Corde
2898 3767 3157 3826 ereditur
3174 3770 3254 3827 ad
3271 3770 3397 3842 jus·

1846 3853 2058 3924 titiam,
2092 3869 2197 3911 ore
2238 3858 2436 3914 autem
2489 3857 2781 3917 confessio
2822 3859 2893 3917 fit
2929 3860 3010 3919 ad
3054 3861 3325 3921 salutem.
3357 3884 3389 3920 ι

1844 3948 1974 4004 Non
2015 3950 2210 4021 potest
2273 3948 2448 4007 radix
2485 3951 2667 4010 latere
2711 3953 2824 4011 sub
2861 3958 3026 4013 'terra
3042 3997 3064 4027 ,
3105 3956 3157 4037 si
3191 3957 3392 4029 vivat,

1847 4041 1997 4115 quin
2024 4041 2090 4099 in
2126 4057 2371 4114 germen
2396 4045 2797 4121 arboremque
2820 4051 3189 4125 prorumpat.
3227 4051 3392 4111 Unde

1844 4134 2300 4209 Chrysostomus
2325 4138 2348 4174 ⁷
2390 4137 2555 4211 dicit,
2608 4140 2774 4215 quod
2816 4141 2866 4198 si
2898 4142 3074 4200 radix
3105 4142 3306 4218 lateat,
3335 4149 3394 4205 et

1845 4246 1906 4287 se
1935 4231 2188 4289 exterius
2216 4248 2342 4290 non
2367 4234 2680 4308 extendat,
2727 4240 2954 4296 certum
2994 4238 3232 4312 signum
3273 4244 3389 4314 est,

1845 4324 2013 4398 quod
2060 4339 2185 4383 non
2213 4326 2391 4384 vivat.
2426 4328 2780 4403 Exemplum
2822 4330 2901 4389 de
2931 4332 3185 4391 «Ieremia
3208 4333 3252 4406 ⁸,
3285 4336 3391 4410 qui
3477 4358 3638 4402 Exem-

1846 4433 1983 4476 cum
2024 4419 2429 4494 proposuisset
2465 4422 2531 4478 in
2566 4423 2750 4481 corde
2795 4440 2907 4484 suo
2946 4441 3072 4484 non
3113 4426 3285 4503 loqui
3326 4428 3394 4487 in
3420 4417 3560 4474 th-

1843 4512 2087 4571 nomine
2114 4514 2368 4582 Domini,
2392 4514 2547 4575 adeo
2572 4517 2828 4577 verbum
2850 4520 2953 4578 Dei
2978 4521 3043 4579 in
3060 4523 3242 4581 corde
3265 4524 3394 4597 ejns

1844 4606 2163 4678 concaluit,
2193 4607 2361 4682 quod
2384 4608 2539 4667 illud
2567 4611 2853 4672 sustinere
2881 4630 3010 4672 non
3043 4617 3258 4691 potuit,
3287 4618 3397 4678 do·

1843 4716 1953 4759 nec
1998 4700 2132 4758 aliis
2164 4701 2529 4776 praedicavit.
2570 4706 2718 4762 Cum
2746 4722 2889 4780 ergo
2929 4712 3166 4768 sanctus
3208 4713 3395 4770 Lucas

1842 4794 1960 4852 hoc
1985 4795 2122 4867 igne
2150 4794 2386 4868 caleret,
2417 4812 2542 4856 non
2569 4803 2880 4859 contentus
2913 4801 3026 4860 fuit
3066 4802 3263 4877 legem
3289 4806 3392 4863 Dei

1843 4890 2071 4945 tantum
2098 4888 2279 4947 corde
2297 4893 2565 4964 portare;
2595 4893 2704 4951 sed
2723 4909 2858 4951 eam
2877 4896 3106 4954 studuit
3122 4912 3227 4956 ore
3245 4915 3393 4973 proe-

1845 4980 2067 5054 dicare,
2094 4982 2363 5058 aliosque
2391 4984 2472 5043 ad
2510 4985 2804 5045 Christum
2831 4993 3195 5049 convertere.
3224 4994 3389 5053 Unde

1844 5072 1921 5132 de
1950 5090 2022 5133 eo
2048 5079 2242 5150 potest
2267 5078 2487 5152 exponi
2513 5078 2666 5137 illud
2691 5081 2755 5138 ⁹:
2794 5099 2824 5136 α
2849 5083 2963 5141 Lex
2987 5084 3247 5142 veritatis
3279 5085 3393 5147 tuit

1841 5169 1907 5227 in
1933 5186 2037 5230 ore
2065 5172 2215 5245 ejus,
2256 5177 2315 5231 et
2352 5174 2575 5234 multos
2615 5176 2823 5236 avertit
2867 5178 2946 5237 ab
2983 5178 3385 5258 iniquitate.»

1845 5296 2306 5359 1‚..4—⁸Rom,
2341 5302 3387 5376 xmo—‘rehrygogt-stq,

1844 5369 2115 5421 et11,⁰—
2144 5369 2348 5432 Malae„
2377 5376 2509 5434 ιι,6.
