4059 6317
672 522 790 590 186

668 660 902 728 vitatis
923 709 940 741 ‚
983 657 1216 723 scilicet
1261 655 1608 721 diabolicae.
1640 653 1802 719 Nam
1841 653 2006 718 sicut
2031 651 2200 717 Pha-

667 785 780 832 rao
804 766 1129 849 affligebat
1163 764 1327 829 filios
1373 762 1563 828 lsrael
1591 762 1713 826 sibi
1747 760 2095 826 servientes
2139 759 2208 822 in

666 875 862 959 paleis
891 873 1263 954 colligendis
1286 920 1306 950 ,
1346 872 1414 935 in
1436 872 1574 936 luto
1602 868 2058 950 congregando
2077 914 2099 946 ,
2131 865 2201 929 in

669 981 975 1046 lateribus
1002 977 1407 1044 conficiendis
1425 1026 1445 1057 ,
1478 977 1634 1042 etin
1659 974 2024 1041 civitatibus
2050 990 2204 1037 con·

666 1088 1014 1167 struendiS,
1047 1087 1137 1150 sic
1163 1085 1453 1151 diabolus
1478 1102 1627 1148 suos
1653 1083 1959 1167 opprimit
1975 1130 1995 1161 ,
2029 1084 2094 1145 et
2120 1081 2209 1143 af·

665 1195 839 1276 fligit
864 1195 933 1258 in
959 1192 1334 1274 colligendis
1373 1191 1572 1274 paleis
1596 1207 1914 1257 vanarum
1961 1188 2210 1268 cogita-

666 1302 939 1379 tionum,
971 1300 1042 1364 in
1068 1298 1530 1381 congregando
1556 1297 1695 1362 luto
1723 1296 2207 1360 immundarum

667 1407 1153 1473 delectationum
1177 1455 1193 1485 ,
1228 1406 1365 1470 sive
1408 1404 1819 1469 affectionum
1837 1451 1857 1481 ‚
1907 1402 1979 1466 in
2005 1403 2205 1467 confi·

668 1515 908 1581 ciendis
935 1516 1238 1580 lateribus
1263 1532 1611 1597 pravarum
1639 1511 2079 1595 operationum
2095 1558 2116 1589 ,
2145 1511 2209 1574 et

667 1623 735 1688 in
781 1623 1225 1689 construendis
1278 1622 1645 1686 civitatibus
1696 1618 2210 1685 irrevocabilium

669 1730 1100 1796 eversionum.
1133 1729 1524 1795 Beneficium
1554 1746 1710 1811 ergo
1751 1726 1937 1791 istius
1974 1724 2207 1789 libera-

669 1837 860 1903 tionis
883 1838 963 1903 de
987 1842 1120 1902 tam
1143 1838 1379 1902 crudeli
1405 1837 1710 1902 servitute
1736 1834 1878 1898 ideo
1906 1832 2211 1897 Dominus

669 1946 914 2011 reducit
954 1946 1036 2010 ad
1076 1945 1490 2021 memoriam,
1537 1947 1612 2008 ut
1656 1941 1856 2006 simus
1901 1941 1960 2005 ei
1997 1940 2206 2021 grati,

670 2072 818 2118 cum
834 2052 1017 2118 dicit:
1037 2053 1405 2120 Mementote
1426 2050 1623 2132 hujus
1651 2050 1789 2116 diei
1815 2065 1946 2131 qua
1971 2049 2212 2132 egressi

672 2162 826 2228 estis
853 2161 932 2227 de
960 2161 1142 2229 domo
1170 2161 1496 2225 diabolicae
1523 2159 1882 2226 servitutis.
1917 2157 2041 2221 Sed
2068 2160 2207 2220 tan-

672 2270 813 2333 tum
838 2268 1219 2332 beneficium
1259 2284 1387 2332 non
1433 2272 1527 2331 est
1567 2264 2053 2331 adscribendum
2082 2263 2211 2327 hu-

673 2392 882 2439 manae
909 2374 1303 2451 infirmitati,
1349 2373 1455 2437 sed
1500 2373 1739 2437 divinae
1773 2370 2155 2436 virtuositati
2190 2392 2205 2436 τ

670 2481 810 2547 ideo
838 2482 1041 2560 addit,
1072 2484 1377 2565 quoniam
1406 2479 1741 2548 eduxerim
1768 2494 1879 2546 vos
1908 2481 1984 2544 in
2008 2494 2210 2544 manu

667 2591 827 2671 forti
851 2590 1234 2670 divinitatis,
1264 2590 1490 2654 nonin
1532 2607 1727 2654 manu
1754 2586 1943 2652 debili
1975 2586 2207 2651 huma·

667 2698 907 2761 nitatis.

749 2804 1037 2870 Secundo
1065 2804 1296 2871 invitat
1323 2804 1402 2868 ad
1440 2802 2036 2886 contemplationem
2065 2818 2206 2884 spe·

667 2913 967 2976 ciositatis
992 2913 1192 2993 regiae
1215 2960 1234 2991 ,
1270 2930 1419 2975 cum
1447 2910 1662 2975 subdit
1693 2928 1709 2973 :
1743 2911 1826 2976 Et
1852 2907 2060 2975 videte
2089 2908 2212 2973 Re-

667 3037 803 3102 qem
831 3020 1230 3086 Salomonem
1251 3067 1269 3098 ,
1301 3017 1367 3081 id
1394 3021 1509 3096 est,
1541 3016 1886 3080 Christum.
1921 3014 2030 3079 Ille
2059 3034 2210 3079 con-

668 3134 796 3191 tem
802 3126 1032 3208 platur,
1053 3132 1117 3189 et
1135 3126 1308 3191 videt
1333 3124 1672 3188 salubriter
1691 3123 1761 3187 in
1786 3123 2043 3206 propria
2065 3141 2211 3185 cou-

670 3234 931 3299 scientia
968 3251 1197 3297 verum
1244 3232 1678 3310 Salomonem,
1729 3230 1796 3294 id
1840 3234 1936 3293 est
1958 3277 1974 3305 ‚
2028 3228 2211 3294 Chri-

670 3346 871 3420 stum,
904 3340 1110 3423 primo
1138 3342 1251 3424 qui
1277 3344 1419 3423 ejus
1444 3338 1697 3404 veritati
1738 3335 2082 3401 infallibilis
2109 3354 2210 3400 sa·

669 3448 922 3529 pientiae
949 3448 1146 3512 credit
1167 3448 1457 3527 firmiter,
1487 3464 1633 3510 cum
1661 3444 2082 3527 captivatione
2107 3444 2207 3507 in-

670 3557 955 3621 tellectus
975 3577 991 3634 3
1008 3556 1288 3621 secundo
1319 3556 1430 3640 qui
1458 3559 1599 3638 ejus
1628 3554 2094 3636 benignitatem
2115 3553 2213 3616 in·

671 3664 938 3729 dicibilis
981 3664 1336 3729 clementiae
1388 3663 1598 3745 diligit
1648 3662 2006 3740 sinceriter,
2063 3678 2213 3725 cum

670 3771 1006 3836 devotione
1037 3772 1332 3850 affectus3
1366 3771 1550 3834 tertio
1578 3771 1690 3853 qui
1719 3772 1860 3851 ejus
1888 3768 2214 3832 humilita-

669 3883 800 3943 tem
841 3878 1210 3961 abjectionis
1251 3878 1584 3961 profundae
1629 3877 1924 3940 imitatur
1966 3876 2214 3940 confor-

672 3985 863 4050 miter
914 4004 1065 4051 cum
1112 3987 1487 4050 executione
1544 3984 1828 4049 effectus
1897 3981 2217 4046 Hodierna

671 4112 953 4178 namque
999 4095 1100 4159 die
1139 4093 1277 4159 Rex
1320 4113 1553 4176 regum
1605 4093 1889 4157 Christus
1943 4091 2217 4155 ostendit

672 4201 1167 4285 profunditatem
1221 4199 1607 4265 humilitatis
1652 4199 1732 4263 ad
1790 4197 2211 4278 imitandum,

671 4307 929 4391 quando
989 4306 1342 4371 Jerusalem
1391 4306 1696 4386 intravit,
1750 4307 1976 4369 sedens
2021 4324 2215 4387 super

672 4415 917 4500 asinam
938 4463 955 4495 ,
986 4433 1117 4478 non
1143 4432 1336 4496 super
1366 4431 1606 4496 equum
1635 4412 2061 4494 phaleratum.
2092 4412 2216 4477 Ma-

676 4504 877 4606 gnam
904 4521 1365 4604 benignitatem
1408 4520 1722 4598 exhibuit,
1748 4520 2004 4602 quando
2039 4522 2172 4602 ipse
2193 4570 2210 4600 ,

674 4631 954 4713 quierat
983 4627 1332 4710 Imperator
1359 4630 1423 4690 et
1453 4624 1754 4691 Dominus
1777 4627 2066 4691 omnium
2095 4626 2219 4709 spi-

676 4738 923 4801 rituum
951 4735 1303 4799 coelestium
1322 4782 1342 4813 ,
1373 4734 1511 4796 sive
1539 4734 1882 4812 agminum
1912 4751 2220 4816 superno·

676 4862 861 4924 rum,
894 4843 1193 4925 dignatus
1218 4845 1316 4906 est
1342 4843 1482 4906 fleri
1525 4859 1643 4905 rex
1686 4843 1751 4905 et
1789 4847 1980 4924 caput
2005 4841 2214 4922 agmi-

677 4970 838 5016 num
879 4950 1429 5033 peregrinantium
1476 4948 1874 5013 inferiorum.
1919 4948 1998 5013 Et
2042 4967 2216 5013 com-

676 5059 916 5141 pletam
933 5058 1261 5123 veritatem
1291 5056 1520 5138 legalis
1544 5056 1792 5120 umbrae
1813 5057 2213 5133 monstravit,

680 5164 935 5247 quando
974 5164 1145 5248 quod
1183 5164 1261 5229 de
1304 5180 1381 5227 eo
1425 5163 1630 5226 fuerat
1664 5163 2113 5246 prophetatum
2157 5166 2221 5227 et

679 5272 1032 5353 figuratum
1069 5319 1087 5349 ,
1134 5270 1313 5334 factis
1357 5270 1632 5336 ostendit
1669 5288 1808 5336 esse
1849 5270 2214 5353 impletum.

740 5432 759 5467 ¹
791 5433 852 5481 ΙΙΙ
889 5434 1023 5497 Βαφ,
1054 5447 1105 5493 κ,
1137 5438 1208 5484 13.
1237 5460 1298 5472 -
1322 5434 1341 5464 ²
1371 5433 1575 5497 Ephe-3„
1607 5444 1668 5494 11,
1698 5436 1775 5482 14.
1800 5458 1861 5470 —
1887 5432 1910 5469 ⁸
1933 5434 2097 5495 Prota,
2126 5444 2218 5496 xx,

678 5506 757 5561 28.
787 5531 845 5542 -
875 5505 895 5542 ⁸
921 5508 1051 5569 Iac„
1084 5518 1145 5569 ιι,
1179 5509 1252 5557 13.
1282 5532 1342 5543 -
1364 5508 1387 5544 ⁸
1416 5508 1582 5571 Rrov„
1611 5519 1700 5567 xx,
1735 5506 1813 5557 28.

1771 512 2189 583 SERMONES
2233 514 2334 582 DE
2370 512 2765 583 TEMPORE.

2312 651 2528 717 Primo
2558 650 2769 717 videte
2792 651 3039 734 Regem
3061 650 3466 716 Salomonem
3486 697 3506 729 ,
3536 653 3727 732 cujus
3746 664 3850 715 ve·

2312 759 2466 822 ritas
2504 758 2848 823 infallibilis
2888 758 3213 841 sapientiae
3256 757 3569 823 credenda
3608 763 3701 823 est
3737 759 3849 821 flr-

2314 866 2502 931 miter
2513 884 2664 931 cum
2682 867 3103 948 captivatione
3126 865 3484 930 intellectus
3502 889 3520 944 ;
3546 871 3611 930 et
3628 867 3706 931 de
3727 865 3850 930 hoc

2313 973 2544 1037 dicitur
2586 972 2655 1037 in
2694 973 2913 1055 figura
2936 974 2955 1008 ¹
3002 994 3017 1036 ε
3061 996 3091 1033 α
3113 970 3557 1055 Magnificatus
3595 977 3692 1038 aet
3735 991 3849 1037 rex

2314 1079 2613 1144 Salomon
2641 1098 2835 1163 super
2862 1097 3086 1144 omnes
3110 1096 3298 1162 reges
3322 1083 3544 1158 terrae,
3579 1080 3847 1159 divitiis,

2313 1192 2378 1252 et
2404 1187 2738 1273 sapientia3
2778 1191 2843 1252 et
2892 1188 3193 1253 universa
3234 1193 3409 1251 terra
3452 1188 3853 1252 desiderabat

2312 1297 2529 1361 videre
2552 1296 2805 1361 vultum
2824 1295 3200 1376 Salomonis,
3230 1300 3304 1361 ut
3324 1297 3574 1362 audiret
3597 1299 3848 1380 sapien-

2312 1404 2468 1467 tiam
2504 1421 2700 1486 quam
2744 1403 3001 1468 dederat
3057 1404 3218 1468 Deus
3267 1404 3338 1468 in
3383 1405 3573 1470 corde
3624 1408 3790 1487 ejus.
3816 1427 3847 1463 n

2313 1510 2640 1595 Multiplici
2683 1513 2908 1593 figura
2931 1512 3234 1578 Salomon
3270 1531 3500 1579 verum
3530 1513 3721 1576 illum
3751 1511 3859 1578 Sa-

2313 1621 2634 1684 lomonem
2684 1618 3002 1684 Christum
3057 1619 3381 1703 exprimit.
3446 1618 3607 1684 Nam
3666 1617 3860 1684 Chri-

2314 1731 2453 1791 stus
2479 1730 2574 1791 est
2597 1728 2705 1792 ille
2741 1744 2936 1791 verus
2965 1726 3268 1791 Salomon
3309 1727 3823 1810 sapientissimus
3839 1775 3859 1804 ,

2315 1836 2446 1899 imo
2473 1835 2782 1919 sapientia
2810 1834 3014 1898 Patris
3033 1884 3050 1915 ,
3106 1853 3147 1898 a
3187 1853 3317 1918 quo
3343 1835 3555 1899 omnis
3602 1833 3863 1917 sapien·

2318 1944 2406 2007 tia
2444 1947 2509 2007 et
2543 1941 2896 2007 intellectus
2939 1942 3009 2005 in
3049 1941 3361 2024 angelicis
3386 1941 3761 2024 spiritibus,
3801 1943 3864 2004 et

2314 2050 2618 2114 humanis
2653 2072 2669 2129 ;
2749 2054 2812 2113 et
2872 2066 3064 2114 verus
3138 2049 3246 2113 ille
3319 2066 3437 2113 rex
3499 2047 3810 2131 pacificus
3839 2096 3859 2127 ,

2315 2157 2471 2241 quia
2512 2163 2537 2198 ¹
2581 2178 2614 2218 α
2647 2175 2778 2241 pax.
2823 2161 3039 2220 nostra
3058 2204 3078 2234 ‚
3109 2157 3221 2238 qui
3263 2156 3408 2220 fecit
3450 2155 3539 2237 (a)
3583 2159 3865 2238 utraque

2315 2283 2520 2329 unum
2539 2313 2559 2343 ‚
2604 2286 2637 2323 ι)
2689 2270 2754 2328 et
2799 2264 3127 2346 antiquam
3188 2262 3568 2327 discordiam
3618 2262 3864 2327 foedere

2316 2373 2556 2456 proprii
2598 2372 2940 2453 sanguinis
2987 2370 3436 2447 concordavit3
3506 2373 3707 2451 atque
3757 2389 3867 2434 ve·

2316 2497 2427 2542 rus
2467 2495 2581 2542 rex
2638 2477 2746 2541 ille
2801 2476 3187 2557 magnificus
3212 2524 3230 2554 ,
3277 2475 3391 2559 qui
3442 2475 3510 2538 in
3542 2480 3871 2557 quantum

2315 2585 2513 2650 homo
2553 2583 3006 2665 magnificatus
3052 2588 3149 2646 est
3178 2600 3371 2664 super
3403 2600 3625 2647 omnes
3673 2599 3871 2664 reges

2316 2692 2458 2757 coeli
2501 2699 2563 2756 et
2604 2696 2791 2756 terrae
2807 2740 2828 2771 ,
2871 2694 3128 2773 propter
3178 2691 3697 2773 assumptionem
3742 2691 3872 2754 hu-

2316 2800 2638 2864 manitatis
2665 2801 2732 2863 in
2760 2799 3000 2863 unitate
3026 2816 3316 2881 personae
3334 2846 3355 2878 ,
3398 2798 3470 2862 in
3493 2798 3685 2863 donis
3715 2798 3869 2862 cha-

2316 2907 2656 2970 rismatum
2684 2906 3082 2985 divinorum,
3118 2911 3183 2970 et
3227 2904 3537 2987 sapientia
3572 2904 3869 2987 limpidae

2317 3013 2721 3094 cognitionis,
2758 3012 2836 3077 Et
2881 3012 3182 3078 universa
3210 3017 3422 3090 terra,
3469 3012 3531 3075 id
3561 3017 3665 3076 est
3692 3062 3712 3092 ,
3744 3013 3869 3077 ho-

2317 3121 2524 3184 mines
2568 3119 2802 3184 terreni
2856 3119 3150 3202 (ponitur
3210 3118 3318 3183 hic
3361 3118 3698 3183 continens
3754 3137 3874 3202 pro

2319 3228 2684 3309 contento),
2716 3226 3173 3292 desiderabant
3196 3226 3441 3292 vultum
3479 3226 3702 3294 videre
3748 3230 3874 3294 Sa-

2320 3334 2588 3402 lomonis
2610 3382 2627 3414 ,
2677 3339 2937 3415 propter
2979 3334 3255 3396 nitorem
3298 3332 3632 3414 originalis
3675 3335 3876 3399 inno-

2320 3442 2543 3506 centiae
2565 3489 2581 3517 ,
2619 3446 2690 3504 ut
2720 3440 3013 3504 audirent
3058 3457 3209 3503 cum
3241 3439 3653 3504 inclinatione
3687 3443 3876 3506 audi-

2321 3554 2424 3613 tus
2449 3546 2847 3630 sapientiam,
2872 3564 3069 3629 quam
3098 3546 3356 3610 dederat
3385 3546 3550 3611 Deus
3576 3547 3648 3610 in
3680 3549 3876 3614 corde

2321 3659 2462 3740 ejus
2493 3673 2605 3738 per
2630 3654 3013 3718 infusionem
3045 3653 3228 3735 (quia
3261 3671 3391 3718 non
3419 3654 3730 3721 didicerat
3760 3676 3876 3740 per

2321 3766 2674 3830 humanam
2736 3762 3359 3844 investigationem),
3413 3767 3479 3827 et
3529 3763 3873 3829 crederent

2321 3874 2603 3939 auditam
2629 3872 3003 3954 sapientiam
3051 3871 3189 3935 sine
3225 3871 3624 3935 haesitatione
3646 3922 3667 3951 ,
3719 3891 3874 3937 cum

2323 3980 2742 4063 captivatione
2788 3978 3166 4042 intellectus.
3199 3978 3488 4042 Secundo
3515 3977 3732 4044 videte
3770 3999 3876 4045 re-

2326 4106 2479 4169 gem
2506 4087 2913 4152 Salomonem
2930 4134 2948 4163 ,
3000 4087 3187 4166 quus
3230 4084 3593 4165 benignitas
3637 4086 3873 4152 indici-

2323 4196 2472 4261 bilis
2498 4193 2852 4259 clementiae
2878 4197 2974 4257 est
3000 4192 3328 4273 diligenda
3352 4191 3685 4258 sinceriter
3712 4214 3865 4260 cum

2324 4301 2659 4366 devotione
2683 4300 2969 4364 affectus
2994 4298 3067 4363 Et
3087 4299 3162 4362 de
3192 4297 3314 4362 hoc
3336 4298 3569 4362 dicitur
3586 4300 3651 4363 ⁸:
3692 4325 3724 4361 α
3748 4300 3867 4365 Μὶ-

2324 4409 2662 4474 sericordia
2679 4411 2742 4472 et
2769 4408 3004 4472 veritas
3023 4406 3389 4472 custodiunt
3408 4424 3653 4487 regem,
3677 4415 3745 4473 et
3760 4429 3869 4474 ro-

2321 4516 2651 4582 borabitur
2701 4514 3036 4579 clementia
3081 4514 3354 4577 thronus
3405 4515 3578 4594 eJus3
3623 4536 3655 4574 υ
3711 4519 3871 4600 quia

2324 4626 2524 4708 pietas
2549 4622 2999 4688 misericordias
3020 4621 3160 4685 sine
3187 4621 3453 4685 veritate
3473 4622 3747 4702 iustitiae
3775 4630 3871 4690 est

2327 4732 2535 4814 potius
2555 4730 2791 4793 vitium
2813 4746 3009 4811 quam
3030 4728 3258 4792 virtus.
3289 4725 3450 4791 Nam
3474 4745 3706 4793 manus
3734 4748 3877 4795 mu-

2324 4837 2558 4902 lierum
2614 4835 3117 4900 misericordium
3182 4834 3259 4916 (b)
3322 4840 3638 4899 coxerunt
3703 4837 3877 4902 filios

2327 4963 2479 5010 suos
2498 4993 2515 5023 ,
2547 4947 2612 5008 et
2635 4943 2939 5010 severitas
2957 4941 3226 5025 Justitiae
3256 4941 3393 5005 sine
3419 4942 3652 5023 pietate
3682 4945 3877 5011 mise-

2326 5051 2621 5116 ricordiae
2650 5049 2775 5114 Deo
2805 5067 2936 5114 non
2965 5052 3059 5114 est
3086 5048 3354 5131 placita,
3384 5066 3506 5113 nec
3539 5049 3620 5113 ab
3645 5068 3722 5116 eo
3755 5072 3873 5136 ap-

2328 5160 2592 5243 probata
2609 5207 2628 5237 ,
2657 5158 2811 5240 quia
2828 5158 2850 5192 ⁸
2877 5156 3235 5239 «judicium
3267 5156 3403 5220 sine
3429 5157 3878 5226 misericordia

2329 5270 2442 5334 flet
2479 5269 2540 5332 ei
2581 5268 2692 5350 qui
2736 5283 2869 5330 non
2914 5265 3060 5330 facit
3101 5263 3621 5331 misericordiam.
3651 5290 3683 5328 υ
3722 5269 3875 5335 Ideo

2329 5376 2562 5442 dicitur
2578 5376 2633 5440 ⁸:
2658 5398 2689 5436 α
2705 5372 3128 5439 Misericordia
3151 5376 3216 5437 et
3242 5371 3476 5438 veritas
3503 5377 3875 5443 custodiunt

2393 5503 2515 5554 coet.
2545 5500 2666 5551 edit.
2696 5499 2828 5554 tacit.
2853 5525 2916 5539 -
2944 5497 3010 5564 (ὁ)
3045 5498 3160 5563 leq.
3190 5495 3691 5553 immisericorfflum.
