4059 6317
3395 479 3444 526 v

273 592 556 670 rehum,
590 589 691 655 vel
725 588 849 673 ipsi
890 587 1189 654 Editores
1230 589 1537 655 mendum
1580 587 1993 674 typographi,
2040 590 2156 653 aut
2194 586 2439 653 librarii
2479 591 2778 656 tenentur
2815 608 3195 673 agnoscere,
3236 613 3442 678 quum

272 711 439 776 &am
469 708 922 774 Bomventura
947 705 1306 772 Baduan‘us
1326 708 1532 772 multo
1558 709 1705 772 ante
1731 705 1983 772 obitum
2008 704 2081 770 B.
2121 704 2499 771 Bernardini
2525 705 2887 774 decesserit.
2926 706 3243 774 Praeterea
3268 710 3440 776 idem

268 824 609 909 exemplum
648 822 859 887 simile
899 822 1166 906 quidem
1214 825 1311 887 est
1354 823 1414 887 ei
1429 871 1450 902 ,
1497 823 1670 907 quod
1707 822 2039 888 memoriae
2078 822 2405 906 proditum
2447 823 2690 906 legitur
2727 824 2797 889 in
2843 824 2981 889 vita
3017 824 3085 889 S.
3135 825 3442 894 Bernardi

268 941 789 1010 Chrae-Vallensis
822 940 1020 1023 primi
1068 941 1319 1004 abbatis
1358 959 1398 1005 a
1446 938 1760 1006 Gulielmo
1797 939 2198 1022 Signiacensi
2259 941 2574 1006 monacho
2596 990 2612 1022 ‚
2666 959 2742 1006 ac
2785 941 3012 1009 deinde
3070 947 3442 1011 monasterii

262 1061 321 1126 S.
345 1059 706 1125 Theoderici
733 1076 938 1142 prope
966 1057 1247 1124 Rhemos
1280 1058 1507 1123 abbate
1544 1058 1795 1142 scripta,
1838 1059 2133 1143 editaque
2172 1060 2502 1126 occasione
2541 1060 2820 1144 Operum
2863 1062 3065 1127 sancti
3095 1063 3361 1130 Abbatis
3402 1086 3443 1130 a

260 1177 653 1243 celeberrimo
676 1172 838 1241 viro
853 1173 1098 1240 Ioanne
1125 1174 1489 1240 Mabillonio
1517 1177 1560 1256 ¹,
1602 1175 1967 1259 iterumque
1994 1194 2035 1240 a
2077 1175 2505 1242 Bollandianis
2553 1178 2719 1243 iuter
2761 1178 2923 1245 Acta
2971 1180 3351 1249 Sanctorum
3377 1185 3437 1262 ¹3

259 1293 362 1358 sed
384 1310 644 1376 prorsus
667 1292 1003 1357 diversum
1025 1293 1123 1355 est
1141 1293 1223 1356 ab
1250 1309 1328 1356 eo
1349 1292 1522 1375 quod
1546 1291 1922 1375 perhibetur
1946 1292 2017 1356 in
2039 1292 2186 1358 vita
2221 1292 2289 1358 S.
2322 1293 2694 1359 Bernardini
2722 1293 3044 1377 Senensis,
3074 1301 3207 1362 tam
3233 1300 3441 1382 prima

259 1415 505 1476 exarata
526 1427 567 1474 a
591 1407 951 1473 Barnahaeo
977 1407 1241 1473 Senensi
1268 1425 1509 1487 coaevo,
1538 1426 1736 1492 quam
1772 1410 2053 1475 secunda
2078 1407 2368 1494 Maphaeo
2403 1409 2655 1493 Veggio
2695 1411 3010 1479 Laudensi
3052 1419 3341 1496 auctore,
3373 1417 3444 1482 in
3575 1411 3585 1420 ’

260 1527 537 1611 pluribus
564 1526 848 1604 oculato,
877 1543 953 1590 ac
969 1523 1313 1608 nequidem
1336 1524 1819 1594 similitudinem
1847 1526 2040 1593 habet
2054 1529 2226 1593 idem
2250 1529 2624 1612 exemplum
2651 1548 2798 1595 cum
2817 1530 2919 1611 iis,
2949 1549 3098 1614 quae
3126 1531 3205 1597 de
3222 1537 3443 1599 saneto

252 1648 477 1728 juvene
498 1642 900 1708 Bernardino
924 1645 1301 1707 attestantur
1328 1640 1632 1708 Analecta
1653 1660 1735 1706 ex
1762 1641 2013 1709 duabus
2048 1642 2208 1710 Vitis
2236 1647 2711 1731 manuscriptis,
2743 1666 2818 1711 ac
2848 1647 3111 1714 totidem
3149 1651 3404 1716 excusis
3417 1657 3464 1733 ,'

254 1762 509 1845 aliisque
551 1760 928 1825 tractatibus
976 1766 1039 1824 et
1083 1759 1453 1825 auctoribus
1494 1760 1664 1844 apud
1706 1757 1995 1826 laudatos
2034 1759 2476 1828 Bollandianos
2490 1812 2512 1843 ,
2557 1764 2729 1846 quod
2767 1763 3080 1831 nimiru‘m
3125 1767 3316 1832 fuerit
3359 1770 3440 1835 ad

253 1880 495 1946 uisenda
520 1881 803 1944 tentatus
826 1897 866 1943 a
893 1877 1175 1960 quadam
1201 1883 1501 1947 matrona
1538 1880 1615 1945 in
1648 1878 1913 1946 civitate
1953 1879 2243 1957 Senensi,
2287 1878 2443 1944 dum
2475 1880 2615 1964 ipse
2655 1880 2889 1945 diurno
2921 1885 3241 1965 tempore,
3270 1886 3442 1953 sieut

252 2013 371 2065 nos
393 1999 703 2066 Fratrum
729 2002 847 2075 est,
878 1997 957 2063 in
981 1996 1201 2063 eadem
1228 1996 1376 2062 urbe
1403 1997 1695 2064 ostiatim
1714 2011 1836 2079 pro
1873 2012 2044 2078 pane
2083 1998 2394 2065 transiret
2419 1998 2464 2061 ⁸.
2512 1997 2753 2063 Caetera
2778 2000 2969 2064 etiam
3009 2018 3158 2083 quae
3192 2003 3440 2085 praetati

251 2114 521 2180 Editores
548 2118 892 2198 opponunt
918 2132 998 2178 ex
1029 2113 1335 2178 Sermone
1372 2110 1573 2176 altero
1598 2113 1670 2175 iu
1696 2110 2044 2176 Parasceve
2071 2112 2147 2176 de
2178 2112 2427 2180 Christo
2454 2115 2529 2179 in
2555 2129 2736 2180 cruce
2759 2113 3046 2183 distenso
3071 2119 3242 2185 siout
3264 2124 3440 2201 tym-

249 2248 423 2315 pano,
452 2237 512 2298 et
542 2251 631 2297 ex
660 2232 971 2298 Sermone
995 2230 1273 2295 secundo
1294 2229 1365 2293 in
1398 2227 1616 2293 Remis
1656 2228 1734 2294 de
1771 2226 2018 2296 Christi
2047 2230 2259 2310 asim,
2287 2229 2469 2295 dictis
2509 2251 2548 2293 a
2585 2231 2772 2295 nobis
2812 2250 2945 2297 non
2988 2233 3433 2314 adversantur,

248 2368 433 2433 quum
455 2349 593 2413 illis
619 2348 973 2413 conformia
994 2349 1145 2426 sint,
1172 2364 1323 2430 quae
1349 2343 1800 2411 Bonaventura
1825 2350 2043 2410 noster
2067 2345 2218 2410 alibi
2260 2347 2611 2413 certissime
2637 2348 2901 2413 tradidit
2927 2349 2972 2413 ⁸.

316 2472 409 2531 10.
450 2465 581 2531 Sed
621 2465 728 2530 his
763 2464 1109 2530 levioribus
1135 2463 1348 2530 valere
1367 2463 1593 2545 jussiS,
1630 2463 1860 2529 fortius
1898 2465 2130 2545 urgeri
2171 2468 2405 2547 posset,
2436 2464 2610 2548 quod
2650 2464 2719 2529 in
2764 2463 3072 2531 Sermone
3112 2466 3321 2549 primo
3354 2468 3435 2533 de

248 2582 609 2648 Inventione
636 2580 889 2646 Sanctae
915 2579 1151 2661 CruciS,
1176 2580 1345 2644 inter
1369 2578 1961 2645 Bonaventurianos
2001 2580 2082 2645 de
2112 2580 2377 2661 SanctiS,
2421 2585 2724 2647 narratur
2756 2582 2836 2647 de
2870 2582 3170 2675 mirabili,
3201 2601 3279 2647 ac
3301 2584 3434 2649 tere

244 2698 586 2764 inm-edibili
615 2697 872 2780 origine
892 2696 1062 2778 ligni
1087 2695 1333 2761 Sanctae
1360 2695 1600 2774 Crucis,
1628 2695 1823 2778 petita
1849 2695 2135 2778 primum
2161 2715 2200 2761 a
2227 2697 2408 2778 ligno
2434 2697 2585 2762 vitae
2611 2696 2894 2763 Paradisi
2918 2699 3256 2779 terrestria,
3287 2700 3436 2765 dein

243 2817 485 2883 deducta
510 2833 736 2899 usque
765 2815 847 2881 ad
878 2819 1168 2898 tempora
1195 2812 1555 2879 Salomonis
1578 2815 1644 2878 et
1668 2813 1921 2893 reginae
1962 2812 2171 2893 Sabae,
2213 2832 2287 2878 ac
2320 2815 2579 2881 tandem
2619 2814 2925 2897 producta
2966 2813 3046 2879 ad
3089 2815 3437 2899 primordia

243 2952 424 3018 usque
450 2935 735 3000 Piscinae
762 2933 931 2996 circa
955 2935 1245 3014 tempora
1268 2929 1608 2997 dominicae
1635 2930 1984 3014 passionis3
2019 2931 2123 2995 cui
2148 2931 2410 3014 quidem
2438 2931 2653 3014 longae
2682 2931 3035 3000 narrationi
3063 2933 3232 2999 hanc
3259 2952 3436 3001 mar-

250 3052 506 3134 ginalem
532 3051 844 3117 notulam
869 3049 1291 3132 praeflxerunt
1316 3046 1606 3112 Editores
1625 3047 1895 3113 Romani
1926 3066 1944 3113 t
1978 3047 2151 3115 Unde
2178 3048 2309 3114 Itoec
2338 3047 2700 3132 desumet,
2736 3051 3023 3118 inveniri
3039 3068 3172 3119 non
3193 3056 3433 3136 potuit.

246 3170 367 3253 Ego
378 3177 601 3236 tamen
620 3167 853 3235 inveni
870 3167 1025 3252 quid
1043 3168 1250 3232 simile
1267 3166 1540 3231 relatum
1563 3184 1603 3231 a
1621 3165 1814 3232 Petro
1836 3166 2193 3231 Comestore
2214 3171 2261 3245 ⁸,
2289 3183 2420 3231 non
2446 3167 2710 3249 quidem
2735 3169 2809 3232 ut
2839 3168 3301 3252 authenticum,
3325 3171 3436 3236 sed

246 3293 309 3352 ut
330 3289 482 3354 scitu
509 3288 829 3370 dignum.
859 3284 1079 3369 Neque
1093 3285 1308 3366 officit,
1336 3284 1510 3368 quod
1535 3286 1758 3348 auctor
1782 3282 1851 3347 iu
1878 3282 2172 3366 populari
2191 3281 2498 3349 Sermone
2515 3282 2678 3348 nihil
2705 3284 3029 3349 monuerit
3052 3285 3131 3350 de
3157 3302 3287 3354 non
3313 3303 3433 3354 au-

244 3404 534 3483 stenticm
580 3404 749 3470 satis
775 3404 949 3468 enim
976 3402 1055 3468 de
1078 3402 1199 3467 hoc
1233 3403 1532 3466 lectorem
1564 3401 2120 3466 commonefecisse
2145 3402 2350 3484 capite
2388 3402 2618 3485 quinto
2646 3400 2925 3466 Postillae
2955 3402 3023 3466 in
3051 3401 3362 3469 Ioannem
3387 3403 3433 3470 ⁸.

308 3527 403 3586 11.
430 3521 769 3586 Hactenus
796 3519 876 3585 de
901 3520 1103 3583 nostri
1122 3518 1593 3584 Bonaventurae
1617 3518 2037 3584 Sermonibus
2062 3518 2230 3584 dictu
2254 3521 2412 3601 puto
2436 3519 2728 3584 sufficere
2746 3535 2865 3602 pro
2882 3518 3111 3584 idoneo
3132 3537 3436 3603 responso

241 3641 311 3705 ad
339 3640 569 3707 oudini
584 3686 609 3718 ,
641 3638 1054 3720 aliorumque
1081 3636 1425 3702 Censorum
1453 3636 1876 3720 exceptiones.
1903 3635 2248 3721 Propterea
2271 3640 2487 3701 tamen
2514 3636 2604 3701 ita
2629 3636 2792 3700 mihi
2817 3636 3173 3703 adblandiri
3202 3638 3430 3718 nolim,

240 3757 587 3839 quasivero
616 3754 1200 3821 demonstraverim
1226 3771 1452 3819 omnes
1480 3755 1824 3836 impressos
1849 3752 2189 3819 Sermones
2206 3802 2228 3833 ,
2257 3752 2371 3836 qui
2397 3752 2539 3818 Divi
2578 3751 3046 3819 Bonaventurae
3079 3755 3283 3819 nostri
3309 3773 3432 3820 no-

240 3873 394 3937 mine
418 3874 899 3956 praenotantur,
929 3869 1208 3935 sinceros
1231 3875 1424 3955 atque
1447 3871 1773 3954 legitimos
1790 3918 1808 3953 ,
1835 3872 2219 3955 nullumque
2241 3871 2497 3938 illorum
2526 3872 2820 3956 spurium
2838 3890 2914 3937 ac
2938 3870 3429 3955 supposititium.

240 3989 323 4056 Aa
345 3992 408 4058 id
429 3992 609 4056 enim
633 4007 813 4072 opus
836 3990 1025 4067 esset,
1055 4006 1164 4054 eos
1191 3991 1487 4070 exegisse
1513 3989 1593 4054 ad
1623 4007 1919 4055 normam
1948 3989 2231 4055 melioris
2255 3992 2428 4053 uotae
2456 3988 2771 4066 codicum,
2802 3988 2884 4053 ad
2912 4005 3192 4071 quorum
3219 3992 3431 4054 tamen

240 4107 511 4171 notitiam
552 4104 979 4190 propriorum
1024 4104 1464 4187 experimento
1505 4105 1864 4184 oculorum,
1905 4124 2009 4169 me
2049 4105 2324 4169 necdum
2373 4108 2733 4187 penetrasse
2774 4105 3063 4187 ingenue
3100 4105 3428 4187 profiteor.

239 4222 431 4302 Quare
455 4221 827 4289 consultius
849 4221 1233 4303 censuerim,
1260 4240 1379 4287 nec
1403 4239 1626 4287 omnes
1651 4224 2009 4305 generatim
2040 4220 2375 4286 admittere
2398 4225 2474 4285 ut
2504 4237 2717 4300 veros,
2746 4239 2866 4286 uec
2891 4238 3117 4286 omnes
3144 4223 3219 4286 ut
3244 4219 3432 4284 falsos

241 4340 581 4407 indistincte
609 4339 908 4422 rejicere.
934 4337 1249 4404 Probatur
1273 4338 1451 4404 enim
1475 4340 1639 4405 mihi
1663 4340 1931 4405 omnino
1956 4339 2269 4404 sententia
2297 4337 2369 4403 P.
2401 4336 2722 4404 Sbaraleae
2748 4338 3015 4404 dicentis
3043 4356 3063 4402 ε
3097 4360 3129 4400 α
3153 4337 3291 4403 Etsi
3317 4337 3431 4404 dit-

240 4458 389 4524 meri
414 4479 547 4525 non
574 4459 825 4543 powm
853 4474 1179 4523 sermones
1203 4458 1347 4538 hos,
1382 4456 1607 4522 saltem
1632 4475 1878 4538 omnes,
1911 4475 2045 4521 non
2073 4471 2211 4521 esse
2232 4454 2435 4520 sancti
2461 4453 2951 4533 Bonavenmrae,
2983 4454 3088 4520 vel
3114 4455 3430 4520 incertum

240 4591 381 4648 esse,
410 4594 492 4640 au
518 4591 762 4640 omnes
777 4575 916 4655 eJus
933 4572 1078 4655 sint,
1099 4577 1173 4639 ut
1189 4574 1310 4657 ipsi
1330 4572 1599 4638 Romani
1617 4572 1902 4639 Editores
1918 4573 2418 4651 admonuerunt3
2444 4575 2663 4637 tamen
2682 4571 2979 4655 quaedam
3004 4590 3045 4635 a
3060 4570 3429 4636 novissimis

239 4686 584 4755 Editorihus
615 4689 1248 4769 animadvertuntur,
1277 4706 1427 4774 quae
1452 4707 1585 4754 non
1610 4691 1745 4754 tam
1773 4706 1992 4754 severe
2017 4688 2345 4753 tractanda
2378 4687 2678 4754 videntur
2708 4710 2723 4751 z
2760 4690 2834 4751 ut
2872 4687 2952 4753 de
2978 4686 3287 4752 Sermone
3324 4706 3428 4753 se·

240 4807 431 4873 eundo
458 4808 529 4872 in
554 4805 821 4884 Ramis3
850 4823 1005 4873 nam
1030 4806 1222 4870 etiam
1247 4803 1609 4870 Bonifacius
1634 4803 1799 4884 VIII,
1830 4805 1903 4869 in
1930 4803 2237 4870 Sermone
2264 4804 2473 4888 primo
2498 4804 2577 4868 de
2605 4806 2669 4868 S.
2700 4802 3021 4869 Ludovico
3047 4819 3227 4884 rege,
3257 4803 3429 4885 apud

242 4918 661 5004 waningum
692 4919 779 4985 ad
805 4938 912 4984 an.
943 4923 1122 4999 1297,
1148 4939 1216 4986 n.
1248 4925 1350 5001 19,
1379 4921 1589 5006 inquit
1619 4944 1634 4987 ι
1661 4943 1693 4983 α
1715 4921 1797 4987 Et
1819 4921 1908 4986 ita
1929 4939 2045 5006 per
2071 4925 2186 4999 tot,
2214 4924 2279 4986 et
2305 4894 2490 4985 toties
2515 4919 2957 4986 examinatum
2984 4923 3101 4999 est,
3127 4923 3192 4985 ot
3209 4921 3425 4986 rubri-

304 5119 319 5154 ¹
344 5121 489 5186 Oper-
517 5123 574 5175 S.
606 5122 800 5182 Rern„
833 5122 966 5171 tom.
992 5119 1058 5184 11,
1082 5119 1182 5172 col.
1219 5122 1366 5185 1085,
1395 5134 1451 5176 ιι.
1491 5123 1549 5185 7,
1578 5121 1699 5174 edit.
1739 5124 1877 5176 1690.
1897 5146 1959 5159 -
1985 5122 2004 5152 ²
2031 5119 2244 5186 Augusti
2269 5117 2462 5201 mensis
2489 5120 2617 5168 tom.
2653 5118 2738 5200 tv,
2768 5131 2815 5169 c.
2850 5128 2894 5181 ι,
2923 5130 2976 5198 n.
3006 5121 3055 5182 9,
3083 5116 3250 5172 citatae
3279 5117 3428 5170 Vite.

254 5211 305 5226 -
322 5191 344 5225 ⁸
364 5191 475 5243 unii
502 5197 635 5244 tom.
672 5191 769 5253 W,
795 5203 842 5240 c.
867 5201 907 5254 1,
936 5202 992 5239 n.
1014 5192 1062 5254 5,
1089 5191 1315 5242 Analect.
1337 5218 1402 5230 —
1421 5192 1440 5223 ⁴
1465 5192 1614 5244 Circa
1638 5191 1862 5257 primum
1888 5191 2122 5243 videatur
2151 5191 2360 5256 Liqnum
2388 5191 2520 5252 mtoe,
2548 5186 2843 5238 novissima
2868 5187 2989 5240 emt.
3022 5189 3175 5252 ven„
3205 5190 3333 5239 tom.
3364 5190 3428 5251 V,
3471 5219 3478 5227 -

252 5271 355 5326 pag.
390 5265 497 5327 ⁴02,
537 5263 700 5329 hoju-
738 5274 874 5313 vero
911 5266 1100 5316 noem
1137 5264 1259 5318 edit.
1298 5266 1429 5317 tom.
1472 5265 1594 5328 ΧΙΙ,
1632 5277 1754 5329 pag.
1797 5266 1903 5327 7e;
1952 5267 2007 5318 ct
2048 5262 2185 5316 circa
2215 5259 2518 5324 secundum,
2554 5259 2870 5325 Exposition.
2900 5260 2954 5310 in
2994 5258 3218 5314 Lament.
3250 5261 3428 5312 lm.

252 5328 431 5396 steps,
454 5348 574 5400 pag.
610 5336 735 5396 938,
766 5330 868 5383 col.
913 5332 968 5393 2,
993 5332 1109 5382 edit.
1146 5334 1392 5398 Venetoe,
1421 5339 1612 5386 nostrae
1650 5347 1777 5386 vero
1806 5338 1932 5386 tom.
1972 5334 2046 5390 X,
2085 5346 2203 5398 pag.
2232 5334 2351 5394 940,
2379 5330 2478 5381 col.
2511 5335 2531 5380 1
2554 5343 2569 5391 ;
2606 5342 2810 5380 necnon
2839 5330 2893 5382 S.
2924 5330 3183 5392 Ambros„
3213 5331 3266 5380 in
3290 5330 3428 5392 Luc„

249 5397 327 5451 lib.
356 5403 431 5464 ix,
456 5405 751 5467 praestan
772 5416 833 5457 ιι-
864 5405 914 5456 1-
935 5426 996 5437 -
1023 5403 1041 5433 ⁸
1060 5403 1289 5455 Historia
1308 5406 1519 5470 tanny„
1553 5406 1642 5458 lib.
1675 5409 1723 5474 t,
1751 5420 1797 5458 c.
1822 5408 1967 5459 8¹0—
1991 5409 2008 5436 θ
2037 5405 2156 5458 vid.
2185 5403 2294 5468 huj.
2323 5405 2515 5454 nostro
2542 5400 2665 5453 edit.
2696 5404 2821 5454 tom.
2851 5402 2938 5466 xl,
2967 5416 3082 5472 pag.
3112 5403 3226 5466 825,
3249 5400 3351 5458 cel.
3377 5403 3425 5454 2.
