4059 6317
727 537 805 604 76
1817 531 2230 605 SERMONES
2271 531 2372 603 DE
2411 527 2798 603 TEMPORE.

726 676 864 741 lum
892 671 1238 740 contundit.
1284 673 1575 739 Acriores
1618 673 1792 738 enim
1838 672 2084 739 dolores
2114 661 2252 738 dia·

725 781 905 847 bolos
930 799 1061 846 non
1084 781 1464 861 infligimus,
1486 798 1683 864 quam
1709 798 1860 845 cum
1882 779 2106 863 plagas
2119 797 2257 863 pec-

726 893 1015 953 catorum
1039 891 1402 953 nostrorum
1429 887 1784 953 confitendo
1804 891 1868 952 et
1892 887 2257 971 poenitendo

727 1013 1050 1062 sanamuS.

805 1104 891 1169 De
933 1104 1124 1169 tertio
1149 1105 1169 1141 ¹
1203 1125 1219 1169 ε
1261 1127 1292 1165 α
1316 1102 1763 1168 Thesaurizate
1798 1102 2015 1180 vobis,
2052 1123 2084 1162 n
2136 1104 2254 1167 etc.

728 1213 811 1277 De
836 1213 956 1276 isto
992 1211 1220 1276 offerre
1253 1210 1558 1275 debemus
1586 1209 1710 1274 tria
1739 1232 1755 1273 ε
1798 1227 2033 1275 aurum
2061 1209 2254 1273 mise-

725 1318 1011 1383 ricordiae
1028 1322 1092 1381 ⁸:
1133 1340 1164 1379 e
1184 1315 1357 1382 Pone
1386 1317 1761 1382 thesaurum
1789 1320 1979 1381 tuum
2005 1316 2076 1380 in
2104 1333 2261 1400 prae-

725 1427 922 1509 ceptis
948 1425 1279 1503 Altissimi‚
1302 1430 1365 1489 et
1381 1425 1658 1508 proderit
1684 1424 1798 1491 tibi
1827 1411 2037 1507 magis
2064 1443 2262 1507 quam

727 1550 983 1598 aurum.
1008 1554 1040 1592 υ
1075 1531 1154 1597 Et
1192 1531 1445 1596 additur
1475 1553 1545 1596 :e
1572 1530 1884 1596 Conclude
1911 1547 2067 1612 ergo
2094 1530 2258 1595 elee-

726 1657 1063 1722 mosynam
1105 1638 1174 1702 in
1232 1638 1379 1703 sinu
1435 1637 1755 1721 pauperis.
1789 1658 1820 1697 a
1866 1636 2261 1720 Praeceptum

726 1746 1031 1811 Altissimi
1057 1794 1078 1825 ,
1128 1745 1198 1809 in
1241 1764 1370 1829 quo
1420 1744 1797 1811 thesaurum
1849 1743 2264 1828 temporalem

726 1871 962 1936 ponere
985 1852 1291 1917 debemus
1310 1900 1328 1930 ‚
1360 1857 1454 1917 est
1479 1851 1636 1917 illud
1683 1851 1764 1916 de
1789 1868 1921 1934 quo
1946 1852 2010 1914 ⁸:
2053 1873 2085 1910 ι(
2111 1849 2263 1915 Date

726 1959 1220 2043 eleemosynam.
1279 1980 1310 2019 n
1346 1956 1478 2023 Hoc
1526 1959 1882 2040 figuratum
1930 1960 2026 2021 est
2056 1957 2100 2038 ⁸,
2151 1956 2265 2020 ubi

726 2068 978 2148 dicitur,
1028 2067 1199 2151 quod
1230 2087 1263 2130 α
1287 2067 1432 2132 fecit
1462 2068 1760 2133 Salomon
1787 2067 2057 2132 ducenta
2084 2069 2264 2131 scuta

728 2174 805 2240 de
831 2193 989 2240 auro
1017 2175 1381 2258 purissime.
1412 2174 1756 2240 Sexcentos
1782 2174 1923 2239 auri
1946 2172 2134 2238 siclos
2159 2172 2261 2237 de·

727 2282 819 2347 dit
839 2283 906 2346 in
933 2281 1201 2347 laminas
1226 2283 1386 2346 scuti
1411 2282 1624 2361 unius,
1651 2286 1712 2345 et
1734 2284 2042 2345 trecentas
2064 2278 2265 2363 peltas

729 2407 811 2453 ex
840 2407 999 2454 auro
1024 2389 1311 2472 probate.
1340 2410 1371 2449 a
1405 2387 1527 2453 Per
1553 2393 1732 2454 scuta
1757 2405 1982 2467 aurea,
2013 2387 2262 2451 miseri-

730 2497 961 2561 cordiae
1008 2514 1200 2579 opera
1244 2498 1610 2579 figurantur
1647 2501 1669 2537 ⁸
1715 2518 1730 2561 ε
1777 2518 1811 2557 α
1847 2494 2267 2579 Eleemosyna

728 2603 854 2667 viri
898 2603 1081 2686 quasi
1127 2603 1414 2668 sacculus
1461 2620 1610 2667 cum
1655 2603 1794 2686 ipso
1812 2650 1830 2682 ,
1883 2605 1945 2666 et
1990 2602 2266 2684 gratiam

729 2710 1006 2776 hominis
1033 2711 1217 2794 quasi
1246 2709 1524 2792 puellam
1551 2709 1967 2789 conservabit,
1991 2730 2021 2769 n
2059 2711 2123 2773 et
2150 2726 2270 2773 cae-

730 2821 867 2884 tera
913 2835 1117 2901 usque
1150 2823 1173 2859 ⁶
1207 2836 1222 2877 :
1258 2839 1289 2878 ι
1322 2816 1529 2899 Super
1576 2819 1834 2881 scutum
1881 2814 2156 2898 potentis
2206 2819 2270 2880 et

731 2941 923 3005 super
977 2923 1261 2987 lanceam
1318 2923 1625 2987 adversus
1694 2921 2031 2985 inimicum
2080 2925 2266 2985 tuum

494 3033 709 3152 affere-¹²*
732 3030 1069 3113 pugnabit.
1100 3050 1132 3089 n
1166 3028 1451 3094 Ducenta
1476 3033 1656 3094 erant
1695 3033 1876 3093 scuta
1908 3049 1923 3089 ε
1955 3030 2267 3111 poeniten·

495 3160 661 3203 mco.
731 3139 840 3203 tiae
868 3137 1161 3221 perfectio
1200 3138 1387 3202 debet
1413 3156 1549 3203 esse
1573 3139 1641 3201 in
1667 3137 1887 3215 corde,
1921 3154 2030 3202 ore
2047 3186 2064 3217 ‚
2103 3143 2168 3202 et
2202 3139 2269 3203 in

734 3264 942 3331 opere.
969 3246 1088 3312 Per
1109 3251 1437 3312 sexcentos
1459 3247 1664 3327 sicloS,
1688 3264 1804 3312 sex
1819 3245 2268 3313 misericordiae

735 3372 927 3437 opera
964 3353 1430 3437 significantur,
1474 3353 1552 3418 de
1591 3354 1826 3437 quibus
1858 3360 1884 3394 ⁷
1924 3374 1939 3418 ε
1978 3376 2008 3414 α
2044 3353 2269 3419 Esuri-

735 3461 835 3542 vi,
862 3483 893 3522 a
927 3465 1046 3526 etc.
1092 3460 1251 3526 Item
1289 3460 1440 3525 thus
1475 3461 1665 3526 bonae
1699 3463 1888 3526 famae
1921 3460 1945 3497 ⁸
1992 3483 2009 3525 :
2050 3485 2082 3524 α
2106 3461 2271 3527 Odor

735 3569 1266 3633 vestimentorum
1294 3572 1554 3632 tuorum
1583 3568 1741 3633 odor
1762 3567 1995 3632 thuris.
2016 3589 2049 3628 ω
2078 3565 2271 3632 Vesti-

739 3680 1029 3740 mentum
1075 3679 1171 3739 est
1226 3673 1397 3739 bona
1445 3673 1835 3739 conversatio
1849 3721 1865 3752 ‚
1915 3691 2033 3756 per
2087 3676 2270 3758 cujus

738 3784 1028 3863 odorem,
1063 3783 1129 3848 id
1157 3787 1279 3863 est,
1310 3783 1545 3847 bonam
1581 3783 1844 3860 famam,
1886 3781 2268 3848 benedictio-

738 3911 887 3957 nem
914 3911 953 3958 a
978 3892 1105 3956 Deo
1133 3891 1583 3976 consequimur
1598 3891 1621 3927 ’
1644 3912 1659 3956 t
1689 3913 1719 3952 c
1740 3889 1963 3955 Statim
1981 3895 2054 3955 ut
2075 3891 2273 3955 sensit

739 4000 1262 4066 vestimentorum
1289 4016 1554 4063 suorum
1582 3997 2024 4079 fragrantiam.
2056 4019 2087 4057 n
2110 3997 2270 4062 Item

742 4108 1074 4191 myrrham
1101 4105 1497 4172 abstinentiae
1523 4108 1587 4170 et
1612 4104 2109 4170 mortificationis
2137 4124 2270 4170 car-

740 4216 844 4280 nis
864 4216 912 4256 ¹⁶
938 4233 1003 4280 :a
1017 4214 1245 4279 Manus
1267 4232 1429 4278 meae
1455 4212 1851 4277 stillaverunt
1868 4213 2219 4296 myrrham.
2234 4233 2266 4272 n

744 4321 1053 4403 Martyres
1081 4319 1273 4385 simul
1291 4319 1623 4403 myrrham
1651 4322 1846 4382 totam
1874 4318 2269 4398 effuderunt3

743 4446 864 4494 nos
888 4445 1044 4494 vero
1071 4426 1401 4509 myrrham
1436 4423 1748 4489 stillamus
1778 4424 2085 4507 paulatim
2128 4444 2274 4490 car-

741 4552 893 4600 nem
953 4531 1409 4596 mortificando,
1481 4528 1601 4595 Per
1657 4529 1893 4613 digitos
1917 4579 1937 4611 ,
1985 4532 2275 4597 discretio

743 4642 1026 4725 quinque
1063 4655 1364 4704 sensuum
1408 4635 1736 4720 accipitur,
1780 4655 1942 4721 quos
1986 4638 2279 4704 similiter

744 4749 1054 4829 castigare
1090 4744 1398 4810 debemus
1418 4792 1436 4824 ,
1474 4748 1551 4808 ut
1583 4745 1674 4809 sic
1709 4745 2046 4828 myrrham
2082 4747 2150 4811 in
2187 4748 2276 4813 eis

2434 795 2798 873 DOMINIGA
2844 796 2993 872 INF.
3043 795 3320 873 OGTAV.
3366 793 3794 877 EPIPHANIAE.

2750 965 3040 1036 SERMO
3083 964 3410 1035 PRIMUS
3438 966 3506 1034 ¹¹.

2446 1098 2602 1175 Fili,
2633 1097 2797 1182 quid
2820 1099 3026 1180 fecisti
3057 1099 3239 1166 nobis
3286 1099 3380 1165 sic
3403 1100 3437 1164 Ρ
3471 1111 3579 1182 eqo
3615 1103 3673 1165 ct
3704 1105 3861 1181 pater

2367 1212 2516 1270 tuus
2559 1203 2842 1273 dolentes
2894 1206 3329 1290 quaerebamus
3375 1211 3434 1272 te
3481 1208 3548 1268 ¹⁸.
3588 1204 3862 1282 Quoniam

2367 1329 2497 1375 non
2529 1310 2666 1375 sine
2696 1329 2932 1393 magno
2956 1311 3170 1377 dolore
3194 1312 3509 1377 amittitur
3549 1312 3715 1395 quod
3739 1330 3863 1375 cum

2370 1435 2610 1500 magno
2662 1436 2877 1484 amore
2936 1419 3289 1501 possidetur
3311 1467 3328 1498 ‚
3386 1419 3537 1482 binc
3584 1423 3679 1483 est
3721 1418 3867 1501 quod

2367 1524 2551 1587 beata
2573 1522 2771 1606 Virgo
2794 1524 2873 1589 de
2900 1525 3240 1590 amissione
3266 1525 3610 1608 corporalis
3630 1543 3869 1608 praesen·

2368 1630 2476 1694 tiae
2504 1629 2710 1694 dilecti
2737 1649 2810 1695 ac
2835 1632 3004 1696 unici
3037 1631 3154 1695 fllii
3181 1632 3306 1712 sui,
3334 1650 3530 1715 quem
3556 1630 3871 1696 tenerrime

2369 1756 2444 1800 ac
2471 1755 2662 1819 super
2687 1737 2904 1802 omnia
2921 1738 3249 1820 diligebat,
3279 1737 3648 1822 multiplicis
3669 1737 3873 1803 doloris

2370 1843 2440 1906 in
2465 1844 2682 1909 animo
2717 1844 3247 1928 colaphizabatur.
3294 1844 3419 1911 Vix
3460 1848 3674 1910 autem
3714 1844 3878 1909 dabat

2370 1969 2669 2016 somnum
2693 1953 2913 2033 oculis,
2938 1958 3002 2018 et
3031 1955 3319 2037 requiem
3363 1952 3659 2036 pedibus»,
3703 1953 3878 2016 donec

2372 2060 2687 2125 inveniret
2709 2078 2861 2124 eum
2887 2061 2954 2124 in
2982 2061 3191 2126 medio
3233 2061 3563 2126 doctorum
3608 2060 3676 2122 in
3715 2057 3880 2123 Jeru-

2371 2168 2591 2232 salem.
2623 2167 2703 2233 Ut
2728 2173 2944 2233 autem
2970 2169 3127 2234 vidit
3154 2172 3295 2253 eJus
3320 2169 3548 2233 taciem
3578 2166 3881 2248 gratiosis-

2371 2274 2622 2354 simam,
2653 2276 2941 2358 gaudens
2987 2275 3222 2358 gaudio
3266 2293 3541 2357 magno,
3583 2280 3649 2339 et
3685 2274 3883 2338 laetitia

2374 2382 2698 2463 ineffabili,
2731 2383 2880 2448 licet
2899 2384 3180 2448 breviter
3202 2383 3413 2449 locuta
3440 2382 3635 2446 fuerit
3661 2382 3812 2445 sicut
3829 2383 3884 2444 et

2372 2490 2584 2571 virgO,
2612 2492 3045 2557 verecundum
3072 2495 3288 2557 tamen
3327 2492 3601 2557 verbum
3651 2487 3886 2573 protulit

2376 2615 2631 2680 magnae
2670 2599 3084 2681 providentiae
3125 2602 3189 2663 et
3234 2617 3493 2681 magnae
3541 2597 3851 2682 sapientiae
3868 2643 3885 2674 ‚

2374 2704 2585 2770 dicens
2615 2727 2631 2770 t
2662 2706 2814 2785 Fili,
2844 2706 3008 2790 quid
3048 2706 3260 2787 fecisti
3282 2684 3648 2787 notassem.
3680 2705 3748 2769 ln
3776 2718 3891 2788 quo

2376 2813 2631 2896 quidem
2696 2814 2917 2894 verb0,
2957 2817 3262 2896 tanquam
3311 2813 3502 2895 virgo
3556 2812 3893 2897 prudentis·

2376 2922 2576 3000 sima,
2637 2921 2845 3004 primo
2889 2922 3217 3004 praemittit
3277 2919 3676 2986 dulcedinem
3725 2921 3892 2985 beni-

2377 3045 2529 3110 gnae
2570 3028 2967 3092 allocutionis
3011 3028 3079 3092 in
3123 3047 3269 3109 ore,
3301 3045 3448 3092 cum
3490 3027 3646 3093 dicit
3694 3049 3711 3091 ε
3752 3028 3892 3103 Fili,

2377 3134 2542 3217 quid
2577 3136 2789 3217 fecisti
2814 3135 3045 3202 nobis?
3087 3135 3365 3201 secundo
3401 3136 3706 3218 exprimit
3743 3152 3898 3200 ama·

2376 3241 2721 3307 ritudInem
2768 3261 3027 3325 magnae
3088 3241 3509 3307 tribulationis
3555 3243 3627 3306 in
3692 3241 3896 3320 corde,

2379 3367 2525 3414 cum
2579 3349 2792 3414 subdit
2839 3372 2854 3413 ε
2907 3350 3038 3431 Ερο
3081 3355 3141 3416 et
3190 3353 3372 3430 pater
3415 3354 3564 3416 tuus
3601 3348 3868 3416 dolentes
3877 3366 3903 3429 ;

2378 3457 2562 3521 tertio
2600 3457 2900 3540 adiungit
2950 3456 3435 3521 sollicitudinem
3484 3456 3773 3521 discretae
3812 3456 3902 3518 in-

2379 3564 2733 3647 quisitionis
2750 3564 2817 3628 in
2836 3582 3046 3646 opere,
3079 3580 3227 3628 cum
3255 3563 3651 3628 subinfertur
3683 3586 3698 3628 :
3734 3565 3903 3645 Quae-

2380 3672 2670 3738 rebamus
2715 3677 2793 3738 te.
2848 3670 2953 3736 Sic
2986 3672 3222 3755 inipso
3250 3673 3448 3737 verbo
3473 3671 3664 3736 beata
3686 3670 3901 3753 Virgo,

2382 3784 2686 3863 tanquam
2712 3780 3230 3864 prudentissima,
3270 3781 3634 3845 insinuatur
3680 3779 3911 3845 dedisse

2381 3889 2510 3951 Deo
2550 3889 3000 3969 cogitationem
3039 3888 3245 3953 cordis
3268 3939 3284 3970 ‚
3338 3888 3730 3954 locutionem
3769 3885 3908 3964 oriS‚

2382 3999 2446 4061 et
2472 3996 2899 4078 operationem
2940 3996 3138 4060 totius
3174 3995 3476 4079 corporiS.

2463 4102 2678 4167 Primo
2718 4121 2876 4185 ergo
2923 4103 2991 4167 in
3033 4103 3229 4167 verbo
3289 4101 3610 4185 proposito
3668 4104 3918 4167 notatur

2384 4209 2649 4275 dulcedo
2680 4210 2975 4292 benignae
3001 4209 3337 4274 locutionis
3364 4208 3434 4273 in
3469 4226 3601 4290 ore,
3640 4227 3788 4274 cum
3828 4209 3915 4273 di-

2385 4315 2511 4379 cit:
2544 4315 2682 4382 Fili
2717 4318 2833 4382 mi.
2864 4315 3084 4381 Merito
3108 4315 3141 4382 J
3144 4333 3288 4381 esus
3328 4314 3535 4379 bonus
3574 4315 3752 4380 filius
3795 4318 3923 4380 erat

2386 4423 2654 4488 dulciter
2702 4422 3141 4506 alloquendus.
3206 4419 3368 4486 Nam
3439 4421 3603 4487 sicut
3663 4415 3922 4507 quilibet

2389 4530 2594 4594 bonus
2620 4529 2796 4594 tilius
2839 4533 2934 4593 est
2981 4529 3295 4611 gaudium
3334 4532 3398 4593 et
3442 4528 3669 4595 laetitia
3711 4529 3924 4594 matris

2389 4653 2557 4716 suae;
2590 4637 2677 4699 sic
2693 4635 2874 4701 sesus
2893 4635 3014 4700 fuit
3042 4636 3353 4717 gaudium
3372 4640 3435 4700 et
3455 4636 3679 4700 laetitia
3705 4635 3923 4701 matris

2389 4762 2524 4808 suae
2555 4739 2877 4825 Virginis:
2908 4743 3061 4827 quia
3082 4744 3153 4808 in
3192 4743 3330 4827 ipso
3366 4748 3549 4808 erant
3588 4744 3753 4825 tria,
3782 4761 3923 4828 quae
3985 4755 4038 4798 ‘nl

745 4855 1119 4920 habeamus·
2389 4863 2647 4914 omnem
2673 4850 2955 4914 animam
2983 4852 3053 4914 in
3078 4853 3215 4934 ejus
3244 4851 3819 4935 concupiscentiam
3841 4850 3923 4916 al·
3948 4821 4038 4939 3

811 5020 823 5048 ¹
848 5015 1049 5074 Mutila..
1079 5024 1150 5077 vt,
1171 5015 1252 5064 20.
1280 5039 1341 5050 —
1369 5012 1393 5047 ⁸
1413 5010 1597 5074 Eccli.‚
1624 5023 1768 5074 xxix,
1800 5013 1877 5077 14,
1908 5015 1985 5064 ¹5.
2011 5039 2073 5051 —
2097 5015 2120 5051 ⁸
2144 5014 2275 5081 Luc„
2387 4959 2612 5024 liniunt
2636 4963 2699 5023 et
2723 4960 2805 5024 ad
2829 4978 3112 5025 amorem
3141 4960 3428 5025 allidunt
3458 4983 3473 5024 ³
3511 4961 3753 5043 primo’
3782 4961 3922 5044 pnl‘
3957 4956 4038 5052 affl:

747 5101 833 5152 xl,
870 5090 949 5137 41.
981 5113 1043 5125 --
1075 5085 1094 5116 ⁴
1129 5086 1192 5134 ΙΙΙ
1228 5083 1365 5149 Req„
1389 5097 1452 5146 x,
1483 5085 1560 5132 16.
1596 5109 1658 5121 -
1690 5083 1714 5120 ⁸
1740 5083 1919 5146 Eccli„
1944 5089 2187 5149 xv¹1,18.
2216 5114 2279 5125 —

751 5161 771 5192 ⁶
803 5158 949 5222 ibid„
985 5169 1143 5222 xxix,
1186 5157 1346 5206 16-17.
1385 5153 1587 5207 Scilicet
1627 5168 1689 5206 ea
1724 5169 1838 5220 quae
1880 5159 2176 5220 praecedunt.
2213 5172 2276 5209 ex

750 5241 860 5294 cap.
897 5240 1007 5280 xvn
1019 5266 1037 5292 ‚
1076 5231 1131 5278 18
1143 5264 1160 5290 ‚
1190 5224 1364 5277 habuit
1389 5228 1744 5277 Bonaventura
1777 5232 1952 5278 noster
1986 5243 2082 5292 pro
2117 5231 2278 5281 versi·

752 5301 867 5352 culo
891 5303 967 5365 16,
991 5313 1102 5365 cap.
1134 5310 1280 5349 xxix.
1310 5298 1426 5348 vid.
1449 5297 1603 5348 Corn.
1632 5311 1665 5347 a
1689 5299 1811 5362 Lap.
1840 5299 1895 5348 in
1922 5297 2277 5366 Ecclesiaslic„

753 5388 799 5424 c.
834 5384 993 5436 nix,
1021 5372 1192 5423 16-17.
1220 5395 1282 5407 -
1322 5372 1341 5402 ⁷
1375 5369 1579 5430 Manu„
1613 5381 1733 5433 xxV,
1762 5371 1844 5420 35.
1871 5394 1935 5407 ·-
1961 5370 1981 5399 ⁸
2002 5370 2173 5434 Cant„
2207 5385 2276 5438 iv,

757 5448 834 5494 Η.
861 5469 922 5481 -
948 5445 969 5476 ⁹
991 5443 1134 5505 Gen„
1159 5453 1326 5504 xxva,
1352 5441 1430 5492 27.
1457 5466 1521 5479 ·-
1553 5441 1589 5473 ¹·
1621 5439 1788 5503 Cant„
1820 5451 1869 5502 v,
1897 5442 1945 5492 5.
1976 5468 2039 5480 -
2061 5442 2105 5479 ¹¹
2133 5444 2279 5495 Hunc

752 5530 860 5568 non
885 5515 1040 5567 babet
1065 5514 1185 5566 edit.
1215 5513 1372 5581 Paris,
1396 5525 1479 5564 an.
1513 5513 1650 5563 152¹.
1681 5537 1742 5550 -
1768 5512 1809 5548 ¹⁸
1834 5512 1974 5575 Luc„
2000 5526 2062 5578 11,
2090 5517 2183 5566 48:

2389 5067 2683 5132 chritudo
2711 5069 3063 5132 venustatis
3087 5071 3153 5132 et
3180 5068 3496 5150 pudicitiae
3522 5067 3591 5131 in
3619 5072 3844 5133 mente
3868 5072 3929 5132 et
3950 5065 4038 5140 ⁸1¹³&

2389 5192 2650 5258 corpore
2673 5196 2690 5253 3
2722 5175 3025 5252 secunde,
3044 5174 3307 5239 dulcedo
3332 5174 3582 5257 pietatis
3596 5179 3667 5238 et
3688 5175 3930 5258 sapien·

2387 5281 2495 5346 tiae
2515 5281 2587 5344 in
2609 5298 2752 5359 ore;
2784 5280 2991 5358 tertio,
3022 5280 3444 5345 mansuetudo
3470 5280 3933 5344 tractabilitatis

2390 5394 2454 5454 et
2479 5388 2799 5472 patientiae
2840 5387 2908 5451 in
2959 5404 3173 5470 opere.
3219 5385 3380 5452 Cum
3424 5386 3597 5453 enim
3640 5386 3794 5453 haec
3817 5387 3936 5452 tria

2391 5496 2611 5561 sintin
2639 5495 2910 5574 Christo,
2942 5496 3230 5580 sequitur
3261 5495 3432 5581 quod
3459 5495 3599 5561 talis
3649 5513 3821 5582 puer
3845 5499 3937 5560 est
