4059 6317
865 354 1243 423 υοΜιΝιοΑ
1284 349 1420 421 xvl
1460 351 1658 419 posr
1701 351 2283 426 Pmrscos‘rss.
2328 360 2592 434 senno
2634 325 2741 435 in.

211 488 294 553 lis
319 488 505 555 debet
531 505 667 556 esse
699 494 959 576 propter
982 492 1136 572 tria,
1185 489 1460 591 scilicet:
1494 493 1751 574 propter

210 597 590 664 conditionis
614 600 954 665 utilitatem
976 621 994 679 ;
1015 603 1273 684 propter
1299 598 1604 663 salvantis
1627 597 1751 662 hu-

207 703 546 770 militatem
570 728 588 785 ;
617 711 877 791 propter
895 707 1259 772 salvationis
1284 705 1743 770 necessitatem.

205 812 293 877 De
321 814 533 895 primo
578 813 911 879 Psalmista
956 815 974 852 ¹
1021 837 1037 878 ε
1083 837 1114 875 α
1142 812 1493 878 Humiliata
1539 817 1634 877 est
1676 815 1747 876 in

203 919 471 1002 pulvere
497 921 716 986 anima
739 927 980 987 nostra.
1009 943 1041 982 n
1078 920 1244 998 Quid
1270 921 1444 985 enim
1476 925 1573 985 est
1599 937 1738 984 cor·

202 1042 326 1107 pus
365 1030 696 1106 nostrum,
729 1028 855 1091 nisi
895 1029 1150 1111 pulvis?
1177 1036 1201 1070 ¹
1237 1051 1269 1090 α
1299 1027 1520 1092 Pulvis
1547 1045 1636 1107 es,
1681 1030 1747 1091 et

201 1133 270 1197 in
291 1134 625 1217 pulverem
654 1138 1014 1202 reverteris.
1036 1159 1067 1198 n
1102 1137 1325 1202 Merito
1352 1155 1514 1218 ergo
1533 1155 1600 1200 se
1622 1137 1743 1201 hu-

200 1239 429 1317 miliat,
458 1241 573 1324 qui
601 1243 898 1308 miseram
925 1243 1094 1308 hanc
1119 1245 1544 1309 conditionem
1567 1261 1741 1308 reco-

201 1344 385 1425 gitat.
418 1343 786 1429 GregoriuS,
811 1366 1000 1432 super
1017 1349 1401 1415 Ezechielem
1415 1347 1474 1412 ⁸:
1504 1370 1536 1410 α
1556 1346 1730 1412 Heu!

199 1453 372 1517 unde
397 1456 700 1538 processit
731 1457 980 1522 homini
1023 1461 1198 1522 tanta
1224 1456 1525 1541 superbia
1547 1503 1572 1535 ,
1619 1473 1737 1519 cu-

190 1561 308 1643 jus
329 1566 463 1627 tam
491 1581 854 1629 aerumnosa
890 1565 1224 1645 nativitaS,
1254 1566 1440 1647 cujus
1465 1562 1732 1646 poenali-

197 1674 393 1736 tatem
421 1673 739 1738 concludit
783 1674 1010 1739 mortis
1052 1673 1393 1740 necessitas
1411 1721 1428 1752 ,
1465 1673 1570 1737 cui
1597 1689 1733 1737 esse

197 1784 738 1863 momentaneum,
765 1784 1046 1850 mundus
1081 1782 1372 1863 exilium,
1405 1780 1536 1847 vita
1563 1781 1734 1864 peri-

197 1885 420 1951 culum
439 1890 472 1952 ‘2
498 1912 530 1951 n

273 1992 365 2059 De
407 1997 683 2063 secundo
717 2006 740 2040 ⁸
779 2018 798 2065 ε
855 2022 888 2062 α
922 1999 1147 2065 Discite
1190 2001 1270 2084 (a)
1315 2018 1356 2064 a
1392 2017 1529 2078 me,
1577 1997 1731 2083 quia

191 2099 368 2164 mitis
394 2121 571 2182 sum,
607 2108 672 2169 et
694 2105 962 2171 humilis
988 2108 1197 2173 corde.
1230 2128 1262 2166 n
1297 2106 1499 2185 Disce,
1533 2106 1727 2171 miser

188 2204 407 2288 homo,
437 2209 862 2279 humilitatem
880 2216 963 2279 ab
986 2215 1343 2280 humilibus
1356 2213 1590 2280 sanctis
1614 2231 1727 2295 ge-

187 2316 505 2384 neraliter.
539 2324 564 2360 ⁸
609 2343 641 2382 α
675 2320 922 2388 induite
959 2342 1075 2389 vos
1117 2342 1301 2406 ergo,
1335 2323 1500 2387 sicut
1541 2322 1723 2388 electi

185 2421 315 2503 Dei,
344 2427 547 2492 sancti
588 2432 653 2494 et
689 2430 935 2511 dilecti,
965 2432 1214 2508 ⁸viscera
1241 2430 1718 2509 misericordiae,

183 2531 644 2617 benignitatem
667 2583 684 2615 ,
739 2539 1198 2619 humilitatem,
1236 2562 1268 2599 n
1323 2542 1442 2603 etc.
1472 2537 1652 2603 Disce
1680 2556 1719 2601 a
1829 2538 1844 2553 ⁶

182 2637 362 2707 beata
389 2641 589 2708 Maria
614 2645 971 2735 specialiter
996 2647 1019 2682 ⁸
1052 2668 1068 2710 :
1097 2669 1134 2735 *c
1170 2645 1468 2730 Respexit
1493 2644 1713 2709 humi-

179 2745 420 2813 litatem
445 2752 691 2817 ancillae
718 2771 879 2819 suae.
901 2777 932 2815 n
969 2755 1147 2821 Disce
1164 2774 1204 2820 a
1223 2754 1470 2820 Christo
1496 2752 1716 2819 humi-

177 2852 417 2921 litatem
472 2860 885 2926 excellentem
910 2910 928 2940 ,
958 2866 1060 2947 cuj
1071 2881 1146 2928 us
1185 2862 1479 2946 exemplo
1505 2879 1713 2945 usque

175 2965 253 3030 ad
277 2972 551 3032 mortem
583 2971 794 3035 crucis
820 2973 1020 3037 vitam
1039 2973 1251 3056 potius
1277 2991 1473 3056 quam
1499 2971 1712 3036 humi·

172 3072 413 3141 litatem
439 3079 692 3144 amittas
719 3082 742 3118 '¹
772 3105 788 3147 ε
816 3080 1242 3147 «Humiliavit
1264 3081 1704 3165 semetipsum,

168 3181 368 3249 factus
405 3185 703 3252 obediens
740 3206 947 3272 usque
974 3190 1055 3254 ad
1091 3194 1364 3255 mortem
1383 3238 1402 3269 ,
1433 3193 1705 3254 mortem

167 3294 385 3356 autem
433 3294 660 3360 crucis.
698 3317 732 3357 n
776 3296 1185 3378 Augustinus
1224 3297 1248 3333 ⁸
1287 3319 1303 3361 :
1362 3319 1393 3358 α
1431 3295 1502 3361 Si
1528 3301 1706 3362 tanta

165 3397 527 3467 humilitate
550 3421 619 3468 se
646 3402 946 3486 deprimit
986 3404 1207 3471 divina
1232 3406 1560 3486 maJestas,
1590 3424 1703 3470 su-

163 3507 411 3589 perbire
427 3509 620 3575 audet
643 3510 711 3575 in
737 3511 953 3595 aliquo
963 3511 1252 3577 humana
1262 3512 1645 3577 infirmitas?
1667 3533 1700 3575 ι

236 3613 326 3680 De
338 3616 527 3682 tertio
541 3617 566 3652 ⁹
584 3639 601 3682 z
621 3615 971 3683 Humiliare
987 3617 1064 3701 (b)
1080 3618 1370 3700 Domino,
1387 3623 1453 3685 et
1467 3638 1699 3704 expec-

159 3724 225 3786 ta
263 3741 534 3788 manum
571 3727 734 3808 ejus.
761 3746 795 3786 n
828 3725 1031 3791 Habet
1074 3725 1383 3793 Dominus
1427 3746 1693 3795 manum

158 3830 638 3912 misericordiae,
681 3837 746 3897 et
791 3851 1058 3899 manum
1102 3834 1534 3901 damnantem.
1565 3836 1696 3903 Has

157 3953 382 4004 manus
410 3939 607 4004 homo
622 3958 772 4005 cum
799 3941 1027 4007 timore
1047 3945 1358 4025 expectat,
1380 3943 1692 4025 ignorans

157 4051 373 4110 utrum
404 4046 475 4110 in
493 4046 754 4129 judicii,
801 4067 885 4113 an
928 4050 1378 4116 misericordiae
1422 4070 1692 4118 manum

155 4149 386 4224 incidat
418 4177 434 4219 ι
466 4135 637 4221 unde
681 4157 908 4222 merito
949 4175 1018 4223 se
1054 4159 1376 4225 humiliat.
1409 4161 1455 4202 ¹⁰
1489 4184 1523 4223 a
1550 4162 1687 4227 Hu-

155 4260 485 4327 miliamini
513 4264 634 4329 snb
660 4266 900 4348 potenti
926 4285 1127 4333 manu
1154 4267 1284 4348 Dei,
1311 4290 1343 4329 n
1379 4273 1499 4335 etc.
1532 4268 1684 4336 Gre-

156 4369 376 4448 gorius
403 4373 449 4413 ¹¹
487 4392 504 4435 2
544 4393 577 4433 c
599 4370 794 4438 Nobis
828 4378 1054 4440 cuncta
1078 4375 1156 4441 de
1183 4376 1427 4441 meritis
1453 4379 1687 4444 nostris

151 4474 389 4543 incerta
412 4483 598 4561 sunt,
637 4483 712 4545 ut
755 4486 995 4547 certam
1034 4483 1309 4566 gratiam
1352 4489 1687 4554 teneamus

149 4580 525 4653 humilitate.
558 4610 590 4650 n

224 4693 401 4760 Circa
434 4695 802 4780 principale,
832 4696 1069 4763 scilicet
1093 4699 1357 4766 modum
1385 4701 1685 4769 humilia·

148 4798 356 4883 tionis,
383 4802 714 4870 considera
734 4805 909 4888 quod
935 4804 1133 4872 homo
1145 4807 1334 4874 debet
1353 4808 1688 4878 humiliari

204 5000 224 5035 ²
250 5001 392 5052 Paul.
425 5014 582 5066 xmn,
619 5007 699 5056 25.
728 5030 789 5042 -—
821 5005 845 5039 ¹
872 5005 1017 5071 Gen„
1046 5018 1132 5068 ιιι,
1162 5010 1238 5058 ¹9.
1269 5034 1324 5044 -
1359 5007 1382 5044 ⁸
1414 5010 1587 5075 Greg„
1625 5013 1679 5063 in

142 5071 319 5125 Ezech.
349 5101 406 5111 —
436 5075 455 5105 ⁴
477 5077 679 5140 uatem,
704 5090 780 5142 11,
808 5082 966 5130 29.—
996 5082 1016 5112 δ
1049 5079 1179 5141 Col„
1206 5091 1288 5140 ιιι,
1318 5085 1471 5131 12.-
1496 5083 1518 5118 ⁸
1536 5084 1675 5150 Luc„

143 5152 183 5206 1,
211 5146 287 5196 48.
318 5172 384 5184 —
411 5147 429 5178 ⁷
457 5147 665 5214 Philip„
698 5161 756 5213 n,
779 5152 828 5200 9.
849 5175 912 5187 -
938 5150 962 5186 ⁸
988 5152 1219 5216 August„
1248 5153 1426 5204 Enarr.
1456 5155 1511 5204 in
1537 5155 1686 5210 Psal.·

142 5222 302 5277 xvm,
343 5231 401 5267 n.
442 5220 531 5281 15,
570 5221 739 5285 quoad
774 5234 1002 5272 sensum.
1027 5248 1092 5260 —
1131 5222 1152 5254 ⁹
1177 5223 1359 5284 Ecclt'„
1392 5236 1495 5285 ιιι,
1534 5229 1583 5278 9.
1611 5253 1674 5268 -·

147 5286 223 5334 ¹⁸¹
254 5288 412 5349 Petr„
439 5302 493 5353 v,
521 5295 566 5340 6.
588 5318 652 5331 -
675 5294 712 5327 ¹¹
735 5294 885 5358 Greg.
910 5319 974 5332 —
998 5295 1037 5329 ¹¹
1056 5294 1191 5345 Psal.
1219 5307 1270 5359 L,
1296 5299 1373 5347 19.
1392 5324 1455 5336 —
1474 5299 1517 5335 ¹⁸
1534 5299 1672 5350 Psal.

145 5365 269 5422 exn,
299 5360 346 5409 6.
366 5384 429 5396 —
453 5360 500 5396 ¹⁴
523 5362 701 5423 Eccli„
725 5375 818 5427 vn,
844 5366 921 5415 19.
939 5389 1001 5403 —
1024 5364 1066 5401 ¹⁸
1086 5364 1368 5431 Chrysost„
1389 5369 1443 5418 in
1469 5369 1670 5431 Μαίἰή..

421 5467 570 5516 Tou.
611 5470 748 5518 xm.

3274 389 3395 454 433

1856 491 2152 573 totaliter,
2182 496 2419 564 scilicet
2445 503 2654 585 corde,
2683 524 2815 588 ore,
2845 511 2909 575 et
2926 528 3141 593 opere.
3158 515 3388 603 Gorde;

1856 597 2191 667 Psalmista
2234 607 2282 647 ¹⁸
2333 629 2348 672 :
2392 632 2424 669 α
2449 610 2567 675 Cor
2603 616 2947 683 contritum
2989 626 3054 686 et
3095 623 3395 695 humilia-

1852 725 2023 789 rum,
2048 709 2236 793 Deus,
2263 734 2393 780 non
2420 718 2724 803 despicies
2747 726 2849 810 (c).
2877 749 2907 788 n
2943 729 3278 800 Psalmista
3302 738 3387 802 ¹⁸:

1862 838 1894 877 α
1921 815 2203 885 HumiIIa
2227 826 2484 907 respicit
2510 828 2578 893 in
2601 832 2780 913 coelo,
2814 840 2876 900 et
2909 837 2977 900 in
3004 844 3174 906 terra
3202 865 3217 907 ε
3246 867 3281 918 s
3313 848 3391 913 in

1850 923 2021 1004 coelo,
2073 944 2187 1008 per
2229 929 2531 1012 gloriam;
2588 939 2663 1003 in
2699 945 2903 1023 terra,
2941 962 3058 1028 per
3085 950 3384 1028 gratiam.

1849 1027 2204 1098 Humiliare
2244 1055 2402 1119 ergo
2444 1040 2512 1105 in
2553 1046 2761 1127 terra,
2810 1067 2892 1114 ne
2925 1050 3289 1122 humilieris
3316 1060 3389 1125 in

1849 1137 2225 1217 gehenna.¹⁴
2262 1167 2294 1204 α
2322 1144 2604 1214 Humilia
2630 1153 2815 1220 valde
2852 1160 3145 1241 spiritum
3171 1168 3383 1247 tuum,

1845 1249 2152 1329 quoniam
2177 1253 2454 1321 vindicta
2483 1261 2689 1326 carnis
2715 1262 2926 1348 impii,
2951 1268 3128 1351 ignis
3161 1276 3226 1339 et
3244 1293 3386 1342 ver·

1845 1353 1987 1419 mis.
2020 1377 2054 1416 n
2087 1356 2154 1422 Si
2181 1359 2537 1431 humilitate
2574 1386 2687 1433 cor
2732 1371 2898 1439 bene
2923 1386 3245 1460 armetur,
3274 1401 3379 1448 sa-

1845 1459 2024 1540 gittis
2053 1465 2286 1533 diaboli
2309 1489 2441 1535 non
2468 1473 2728 1541 faciliter
2762 1481 3158 1553 vulneratur.
3189 1488 3382 1556 Joan—

1840 1584 1955 1632 nes
1998 1569 2483 1657 chrysostomus
2512 1586 2560 1624 ¹⁸
2600 1601 2618 1647 :
2662 1585 2984 1657 «Humilis
3023 1596 3212 1662 corde
3247 1618 3380 1665 non

1840 1677 2090 1758 capitur
2115 1683 2406 1763 passione
2450 1709 2465 1751 :
2509 1707 2641 1754 non
2682 1692 2779 1769 ira
2815 1696 2993 1762 hunc
3036 1703 3378 1773 molestare

1838 1789 2064 1867 potest,
2099 1806 2234 1853 non
2258 1794 2581 1861 aemulatio
2597 1846 2619 1877 ,
2653 1818 2784 1865 non
2823 1805 3158 1891 zelotypia.
3190 1834 3222 1872 n
3255 1813 3376 1881 Ore

1836 1890 2020 1958 debet
2046 1895 2406 1982 humiliari3
2431 1902 2765 1974 Psalmista
2795 1911 2840 1947 ¹⁶
2872 1913 3276 1999 :aohmutut
3307 1926 3372 1987 et

1833 1997 2211 2070 humiliatus
2227 2025 2398 2089 sum,
2415 2015 2481 2076 et
2497 2013 2642 2079 silui
2660 2035 2701 2081 a
2715 2018 2919 2103 bonis,
2935 2044 2966 2082 ι
2992 2028 3111 2091 etc.
3133 2026 3205 2091 Si
3221 2048 3374 2096 vere

1831 2105 2094 2174 humilis
2132 2130 2201 2177 es
2218 2162 2237 2191 ,
2289 2133 2329 2179 a
2371 2117 2553 2184 bonis
2597 2140 2682 2187 ex
2723 2125 3084 2197 humilitate
3131 2134 3367 2203 silebis.

1833 2213 2037 2291 Quam
2066 2217 2265 2303 longe
2289 2229 2442 2290 sunt
2488 2227 2570 2292 ab
2598 2229 2961 2301 humilitate
2983 2286 3002 2315 ,
3032 2240 3146 2322 qui
3177 2243 3368 2309 etiam

1830 2340 1871 2386 a
1913 2324 2100 2388 malis
2150 2347 2282 2394 non
2327 2332 2551 2398 silent!
2605 2335 2967 2406 Humil1tas·
2991 2350 3208 2414 autem
3239 2351 3371 2415 oris

1827 2447 1957 2496 non
1984 2432 2194 2498 solum
2218 2438 2399 2508 estin
2421 2440 2663 2509 silendo
2676 2445 3029 2533 humiliter,
3046 2456 3154 2520 sed
3170 2437 3364 2523 etiam

1832 2889 1865 2929 α
1890 2866 2160 2937 Obsecro
2189 2891 2306 2938 vos
2332 2893 2457 2958 ego
2480 2880 2733 2945 vinctus
2750 2883 2818 2947 in
2845 2883 3136 2970 Domino,
3163 2896 3237 2957 ut
3261 2893 3359 2957 di-

1819 2992 1951 3056 gne
1976 2979 2318 3046 ambuletis
2361 2986 2725 3069 vocatione,
2764 3011 2895 3074 qua
2927 2998 3136 3062 vocati
3182 3001 3354 3081 estis,

1818 3100 1969 3147 cum
2014 3087 2197 3151 omni
2242 3088 2601 3159 humilitate
2647 3100 2711 3161 et
2755 3105 3273 3172 mansuetudine.
3315 3130 3348 3169 n

1815 3187 2019 3272 Digne
2045 3194 2379 3263 ambulare
2418 3203 2515 3264 est
2559 3201 2629 3266 in
2668 3204 2857 3271 bonis
2896 3211 3141 3277 actibus
3166 3216 3357 3297 profl-

1814 3315 1978 3364 cere.
2010 3299 2191 3367 Unde
2230 3304 2302 3369 in
2344 3305 2706 3376 humilitate
2750 3315 3112 3401 ambulare,
3148 3321 3219 3385 in
3245 3323 3354 3388 via

1809 3407 2073 3474 actionis
2097 3415 2162 3476 et
2188 3412 2377 3478 bonae
2405 3415 2557 3481 vitae
2598 3436 2852 3503 semper
2883 3425 3095 3508 corde,
3123 3446 3255 3510 ore,
3287 3435 3354 3497 et
3416 3475 3419 3480 ·

1806 3535 2020 3601 opere,
2037 3519 2466 3588 humilitatem
2480 3525 2820 3595 insinuare.
2835 3532 3242 3615 Augustinus
3257 3538 3308 3575 ¹⁰
3326 3557 3347 3603 t

1816 3648 1849 3688 α
1874 3625 2133 3710 Pergite
2154 3631 2329 3696 viam
2359 3633 2738 3704 humilitatis
2762 3662 2777 3704 ε
2807 3641 2945 3724 ipse
2961 3645 3198 3711 exaltat
3222 3647 3344 3716 hu·

1804 3733 2040 3800 militer
2064 3743 2424 3822 sequentes,
2453 3761 2650 3827 quem
2687 3745 3066 3817 descendere
3092 3771 3223 3821 non
3244 3757 3340 3841 pi·

1801 3841 1950 3922 guit
1974 3843 2055 3908 ad
2075 3845 2382 3926 Jacentes.
2410 3871 2443 3910 n

1882 3949 2058 4017 Circa
2084 3955 2371 4037 tertium,
2401 3957 2635 4024 scilicet
2661 3961 2944 4031 fructum
2986 3972 3049 4033 et
3083 3972 3336 4038 utilita-

1798 4059 1930 4121 tem
1974 4058 2466 4145 humiliationis,
2511 4068 2836 4136 considera
2850 4120 2869 4150 ‚
2925 4075 3096 4157 quod
3139 4078 3336 4146 homo

1797 4183 1913 4247 per
1955 4166 2383 4236 humilitatem
2410 4191 2450 4238 a
2476 4175 2645 4240 malo
2684 4177 3012 4260 liberatur,
3054 4184 3123 4249 in
3161 4186 3332 4254 bono

1796 4272 2165 4356 adjuvatur,
2194 4278 2264 4341 in
2290 4280 2451 4346 coelo
2476 4283 2810 4351 exaltatur.

1876 4381 1964 4446 De
2008 4383 2218 4466 primo
2238 4433 2257 4464 ,
2287 4384 2625 4455 Psalmista
2658 4393 2748 4458 ¹¹:
2790 4416 2821 4456 α
2848 4394 3163 4474 Quoniam
3190 4421 3339 4469 res··
3370 4402 3376 4410 ’

1793 4488 2025 4571 pexisti
2052 4491 2479 4559 humilitatem
2526 4516 2768 4579 meam,
2798 4502 3055 4570 salvasti
3092 4508 3171 4573 de
3209 4528 3326 4577 ne-

1792 4598 2187 4665 cessitatibus
2211 4602 2492 4668 animam
2525 4623 2734 4672 meam
2762 4631 2792 4675 »
2830 4632 2847 4676 t
2881 4612 2961 4678 de
2985 4619 3326 4684 necessita-

1791 4703 1967 4769 tibus
1992 4707 2214 4790 utique
2241 4708 2448 4793 culpae
2488 4716 2814 4797 mortalis,
2843 4738 3051 4802 poenae
3079 4727 3325 4806 gehen-

1790 4810 1974 4889 nalis,
1999 4814 2279 4882 miseriae
2297 4821 2682 4903 temporalis.
2703 4822 3039 4895 Psalmista
3053 4832 3102 4874 ’²
3118 4851 3183 4897 :a
3200 4833 3328 4900 Cir·

1787 4981 1928 5033 hom.
1952 4995 2036 5049 111,
2063 4998 2117 5036 n.
2146 4988 2195 5036 6.
2217 5011 2282 5025 -
2311 4989 2349 5024 ¹⁶
2374 4991 2512 5043 Psal.
2539 5004 2758 5060 xxxvm,
2780 5001 2830 5051 3.
2860 5027 2916 5037 -
2945 5001 2984 5037 ¹²
3009 4999 3147 5064 Luc..
3176 5017 3214 5073 1,
3239 5009 3318 5058 38.

1785 5077 1847 5091 -
1875 5054 1918 5090 ¹¹¹
1946 5057 1962 5105 l
1993 5057 2129 5119 neq„
2161 5069 2301 5122 xxiv,
2331 5062 2408 5111 15.
2437 5089 2500 5101 —
2530 5066 2570 5100 ¹⁰
2597 5068 2799 5132 Ephe-e„
2834 5082 2902 5134 iv,
2928 5076 2975 5124 2.
3005 5100 3069 5112 --
3096 5076 3138 5112 ²⁰
3166 5080 3317 5144 Aug„

1786 5125 1964 5176 Enarr.
2001 5128 2056 5178 in
2101 5129 2232 5180 Psal.
2278 5142 2584 5196 uxv1¹,‚n.
2640 5142 2724 5201 12,
2770 5143 2939 5204 quoad
2987 5157 3212 5200 sensum.
3255 5176 3318 5189 -

1781 5197 1824 5233 ¹¹
1851 5198 1988 5250 Psal.
2017 5210 2142 5264 xxx,
2174 5201 2222 5250 8.
2249 5228 2313 5242 —
2336 5204 2379 5238 ²²
2403 5205 2517 5257 1³00.
2548 5219 2686 5274 cxlv,
2711 5212 2812 5277 3-4,
2836 5216 2883 5266 6.

1847 5298 1914 5364 (a)
1968 5300 2090 5352 Coet.
2134 5301 2258 5353 edit.
2307 5304 2472 5357 Disce.
2525 5335 2581 5345 —
2628 5310 2696 5376 (ὁ)
2747 5315 2873 5366 Item
2919 5317 3208 5374 Humiliate.
3252 5350 3315 5363 —

1781 5367 1843 5432 (c)
1873 5371 1995 5421 Item
2021 5372 2282 5437 despiciet.
2968 5391 2975 5398 ‘
