4059 6317
716 582 1099 656 DOMINIGA
1139 588 1196 655 11
1237 587 1438 655 POST
1477 584 1856 656 OCTAVAM
1903 588 2259 656 PASCHAE.
2305 590 2571 659 SERMO
2615 592 2721 658 111.

157 716 320 783 danae
362 719 742 787 lubricitatis
786 728 994 807 potest
1040 723 1494 808 comprehendi
1545 723 1669 803 sub

157 827 362 911 triplici
377 829 735 895 differentia
748 831 1110 912 hominum,
1126 834 1477 898 secundum
1496 832 1669 916 quod

158 934 422 1001 innuitur
446 939 466 974 ¹
495 959 512 1002 ι
545 961 577 1000 α
599 938 805 1004 Omne
831 940 1001 1023 quod
1028 941 1220 1005 estin
1247 940 1527 1020 mundo,
1558 943 1673 1005 aut

159 1044 241 1108 est
261 1045 761 1129 concupiscentia
785 1048 1026 1127 carnis,
1056 1069 1088 1107 ι
1123 1048 1357 1113 faciens
1388 1049 1671 1114 lubricos

160 1156 214 1216 et
241 1151 594 1218 luxuriosos
610 1176 628 1233 ;
691 1159 803 1220 aut
837 1178 869 1216 c
907 1157 1414 1240 concupiscentia
1451 1155 1668 1222 oculo·

161 1277 288 1324 rum
303 1306 329 1338 ,
367 1281 399 1321 ι
439 1260 676 1325 faciens
717 1280 944 1327 avaros
989 1266 1053 1327 et
1103 1264 1508 1347 pecuniosos3
1559 1268 1672 1328 aut

171 1388 198 1426 ι
227 1368 508 1449 superbia
549 1370 742 1448 vitre,
771 1391 804 1428 υ
858 1370 1090 1435 faciens
1153 1370 1562 1453 magnificoS,
1610 1375 1674 1435 et

163 1474 520 1539 ambitiosos.
587 1475 768 1541 Unde
809 1478 1164 1544 secundum
1229 1479 1420 1543 istam
1472 1477 1674 1562 tripli-

164 1600 282 1647 cem
320 1583 739 1649 differentiam
776 1587 1148 1666 hominum,
1178 1606 1262 1652 ex
1288 1605 1417 1670 qua
1456 1586 1674 1670 pullu-

161 1689 275 1754 lant
293 1692 499 1756 omnia
529 1710 771 1774 genera
799 1697 1201 1777 peccatorum
1220 1742 1236 1772 ,
1267 1695 1337 1760 in
1367 1714 1495 1779 qua
1519 1712 1671 1760 con-

160 1797 300 1863 sistit
337 1802 539 1864 totum
590 1800 911 1882 gaudium
966 1802 1368 1867 mundanum
1401 1852 1418 1883 ‚
1466 1807 1675 1887 potest

158 1904 266 1971 dici
283 1956 300 1986 ,
327 1907 493 1990 quod
516 1909 729 1991 primo
774 1909 1062 1991 gaudent
1101 1909 1414 1976 luxuriosi
1447 1910 1514 1975 in
1555 1929 1674 1976 ex-

131 2036 134 2037 ’
158 2015 436 2096 parientia
449 2016 723 2080 carnalis
737 2015 1017 2082 lasciviae
1038 2040 1055 2096 ;
1081 2018 1359 2083 secundo
1387 2019 1676 2101 gaudent

159 2122 320 2187 avari
354 2123 421 2187 in
457 2123 640 2206 copia
682 2123 1057 2189 insatiabilis
1097 2125 1433 2208 pecuniae3
1483 2125 1672 2191 tertio

161 2228 414 2311 gaudent
451 2232 808 2313 ambitiosi,
849 2232 986 2298 sive
1032 2231 1328 2317 superbi,
1356 2232 1425 2296 in
1455 2233 1673 2299 excel-

158 2337 327 2402 lentia
349 2338 606 2405 honoris
628 2388 647 2420 ,
677 2344 741 2405 et
758 2341 1106 2424 jactantiae.
1137 2340 1399 2406 Ratione
1424 2341 1617 2426 primi
1644 2391 1666 2422 ‚

160 2444 294 2510 illud
324 2448 628 2528 gaudium
655 2448 963 2533 depravat
985 2451 1282 2513 naturam
1310 2451 1666 2533 propriam

160 2552 376 2617 ratione
416 2545 709 2633 secundi,
760 2555 1002 2637 obligat
1044 2555 1146 2641 ad,-
1171 2574 1431 2639 poenam
1479 2561 1672 2622 aeter-

161 2676 324 2739 nam3
347 2662 585 2727 ratione
613 2661 810 2741 tertii,
841 2667 1142 2745 provocat
1160 2662 1443 2728 divinam
1473 2665 1668 2729 offen-

164 2783 300 2829 sam.
321 2766 526 2832 Primo
547 2767 835 2849 gaudent
853 2769 1172 2833 luxuriosi
1188 2771 1257 2833 in
1281 2771 1673 2854 experientia

164 2875 401 2939 carnalis
420 2876 703 2940 lasciviae
721 2924 741 2955 ,
773 2876 1177 2960 depravantis
1202 2881 1502 2943 naturam
1533 2898 1673 2963 pro-

161 2981 362 3063 priam.
389 2985 463 3047 Et
503 2982 582 3048 de
624 2982 748 3047 hoc
788 2982 1018 3048 dicitur
1044 2987 1067 3021 ²
1098 3006 1114 3049 z
1150 3008 1182 3046 c
1208 2984 1288 3050 Et
1327 3004 1469 3051 ecce
1504 3006 1668 3071 gau-

163 3088 318 3153 dium
340 3102 399 3156 et
422 3091 643 3156 laetitia
665 3091 746 3174 (a)
780 3092 1064 3157 occidere
1089 3093 1355 3175 vitulos,
1387 3099 1454 3160 et
1471 3098 1677 3178 jugu-

164 3194 280 3260 lare
300 3200 515 3263 arietes
536 3247 554 3277 ‚
603 3203 672 3264 et
697 3199 1026 3265 comedere
1055 3218 1277 3265 carnes
1296 3251 1315 3283 ‚
1363 3206 1427 3266 et
1455 3203 1674 3270 bibere

162 3305 383 3370 vinum.
409 3329 439 3366 n
476 3305 643 3384 Quia
687 3305 916 3371 lubrici
943 3308 1236 3372 homines
1281 3326 1414 3374 nou
1457 3310 1673 3376 inten-

163 3411 299 3476 dunt
319 3431 540 3478 vacare
564 3413 688 3477 nisi
717 3413 994 3478 lasciviae
1018 3463 1036 3493 ,
1071 3414 1248 3496 gulae
1276 3420 1340 3481 et
1364 3416 1669 3484 luxuriae.

162 3517 300 3584 Nam
332 3521 557 3586 vitium
604 3520 782 3603 gulae
829 3514 1092 3586 attrahit
1118 3521 1446 3588 luxuriam
1479 3526 1672 3591 :ideo

163 3627 392 3704 dicium
406 3630 564 3696 Ecce
582 3628 900 3713 aaudium
926 3629 1210 3697 occidere
1232 3633 1467 3700 vitulos
1486 3680 1508 3712 ,
1551 3638 1668 3699 etc.

164 3732 252 3815 (b),
275 3735 576 3803 comedere
604 3752 853 3815 carnes,
885 3739 1203 3820 quantum
1235 3739 1315 3804 ad
1343 3740 1672 3806 lasciviam

166 3841 353 3921 gulae3
381 3850 436 3909 et
461 3843 694 3911 latitia
715 3843 794 3927 (a)
828 3843 1029 3911 bibere
1064 3847 1325 3927 vinum,
1358 3851 1672 3930 quantum

162 3947 231 4011 ad
254 3949 566 4015 luxuriam
592 3969 610 4015 ε
639 3968 794 4014 nam
827 3952 850 3988 ⁸
888 3975 921 4012 α
950 3951 1279 4017 luxuriosa
1307 3970 1409 4018 res
1437 3957 1536 4018 est
1567 3955 1672 4019 vi-

163 4070 322 4120 num.
347 4079 379 4118 n
413 4058 528 4123 Illa
569 4058 744 4123 enim
771 4058 1012 4142 duplex
1037 4059 1298 4125 lascivia
1323 4063 1393 4126 in
1419 4063 1634 4129 anima
1652 4113 1670 4145 ‚

163 4181 294 4245 quae
319 4184 354 4230 a
377 4167 502 4233 Deo
529 4166 866 4247 avertitur,
896 4171 970 4232 ut
997 4168 1232 4233 amisso
1259 4169 1501 4234 honore
1534 4190 1669 4236 cas-

164 4270 336 4336 titatis
376 4278 436 4339 et
472 4273 810 4338 munditiae
829 4321 851 4353 ‚
904 4277 968 4338 et
1004 4275 1209 4339 brutis
1250 4277 1675 4343 animalibus⁸

168 4399 196 4438 ι
218 4379 432 4461 quibus
465 4399 598 4446 non
627 4384 726 4445 est
755 4379 1108 4446 intellectus
1127 4431 1145 4461 ,
1174 4404 1207 4441 υ
1242 4390 1669 4467 comparetur,

162 4501 231 4550 eo
258 4489 417 4570 quod
441 4489 513 4553 in
557 4489 652 4553 eis
694 4489 1080 4571 pervertitur
1122 4490 1278 4555 ordo
1327 4493 1671 4571 naturalis,

160 4594 392 4672 quando
435 4599 683 4677 cogunt
710 4595 1009 4679 spiritum
1060 4598 1345 4663 ancillari
1365 4646 1381 4678 ,
1427 4605 1489 4665 et
1536 4620 1677 4665 car-

159 4714 302 4762 nem
338 4701 648 4767 dominari
670 4751 688 4782 ,
729 4706 792 4767 et
843 4703 921 4768 ad
963 4704 1447 4772 similitudinem
1500 4711 1675 4792 porci

159 4821 280 4869 non
308 4807 634 4874 intendunt
659 4810 789 4873 nisi
823 4813 1132 4876 curationi
1161 4814 1343 4877 cutis.
1388 4815 1675 4884 Secundo

164 4914 424 4993 gaudent
449 4917 629 4982 avari
653 4917 722 4981 in
751 4917 932 5001 copia
956 4918 1334 4985 insatiabilis
1359 4925 1672 5007 pecuniae,

162 5023 222 5083 et
242 5020 564 5105 obligantis
603 5025 686 5089 ad
722 5043 977 5107 poenam
1013 5031 1357 5109 aeternam3
1400 5032 1573 5097 unde
1598 5034 1621 5070 ⁸
1655 5055 1671 5099 ε

171 5147 199 5186 ι
212 5125 438 5195 Tollam
460 5131 542 5196 ab
568 5133 664 5197 eis
696 5131 1124 5199 fortitudinem
1151 5153 1400 5217 eorum,
1430 5142 1492 5202 et
1518 5157 1678 5221 gau-

164 5232 332 5301 dium
354 5238 690 5321 dignitatis
719 5256 945 5304 eorum
967 5289 985 5321 ‚
1017 5246 1082 5307 et
1105 5241 1490 5309 desiderium
1520 5263 1676 5312 ocu-

218 5359 237 5397 1
265 5361 283 5411 l
308 5364 464 5427 loen„
491 5376 551 5427 n,
583 5366 663 5415 16.
696 5380 753 5401 ὰ-
783 5365 805 5398 ²
830 5365 948 5427 150„
981 5379 1118 5429 mr,
1146 5373 1223 5420 13.
1250 5396 1312 5408 —
1336 5370 1360 5406 ⁸
1387 5371 1555 5435 Pron,
1585 5384 1678 5437 xx,

167 5433 210 5481 t.
244 5455 303 5468 -
345 5434 366 5469 ⁴
405 5436 543 5487 Ptol.
594 5446 755 5497 xxxx,
796 5438 843 5486 9.
891 5463 949 5475 -
993 5440 1012 5470 ⁵
1065 5439 1262 5500 Ezeck„
1309 5454 1450 5505 xxlv,
1499 5447 1579 5495 25.
1614 5471 1680 5484 —

165 5499 186 5531 ⁸
216 5501 400 5567 Bpkes..
448 5518 500 5572 v,
539 5510 590 5559 ⁵.
638 5531 707 5543 -
751 5507 770 5537 ’
815 5507 965 5559 Bern.
1005 5535 1069 5548 —
1113 5510 1133 5540 ⁸
1171 5511 1304 5576 Luc„
1352 5524 1459 5579 xvi,
1504 5517 1582 5567 25,
1619 5540 1679 5560 *-

164 5570 185 5609 ⁹
204 5573 362 5640 Pron,
382 5589 490 5644 xw,
519 5579 603 5634 13.
632 5600 701 5620 --
733 5576 773 5612 ¹⁶
793 5576 901 5644 Ιοὸ,
926 5594 1014 5646 xx,
1042 5583 1091 5646 5,
1120 5583 1169 5635 7.

3204 596 3323 662 249

1778 723 1990 790 lorum
2031 744 2301 791 suorum
2320 773 2338 806 ‚
2371 726 2608 809 quibus
2643 728 3054 813 requiescunt
3084 731 3322 795 animae

1780 851 2027 898 eorum.
2045 854 2076 893 n
2105 834 2265 912 Quia
2291 836 2501 915 avari,
2534 837 2604 902 in
2625 838 2859 921 quibus
2876 824 2970 904 est
2991 843 3321 905 terrenum

1781 940 2168 1006 desiderium
2186 990 2205 1021 ‚
2227 944 2804 1026 etconcupiscentia
2824 946 3157 1011 oculorum
3174 995 3197 1025 ,
3216 964 3323 1029 po-

1781 1053 1948 1113 nunt
1967 1050 2162 1113 finem
2181 1049 2421 1114 laetitiae
2435 1098 2457 1130 ,
2484 1054 2547 1115 et
2578 1069 2757 1134 spem
2782 1048 3132 1118 dilectionis
3160 1054 3233 1136 (c)
3257 1053 3323 1118 in

1781 1155 2018 1220 divitiis
2033 1156 2186 1234 suis,
2206 1156 2273 1219 in
2301 1175 2576 1239 quarum
2600 1158 3012 1224 multitudine
3035 1160 3319 1241 glorian-

1780 1268 1889 1327 tur
1916 1267 1978 1327 et
2001 1263 2444 1346 requiescunt,
2489 1264 2672 1348 quasi
2708 1265 2938 1331 ultimo
2975 1268 3102 1331 flne
3137 1290 3152 1333 ε
3185 1268 3324 1332 ideo

1782 1364 2085 1431 Dominus
2113 1366 2393 1430 minatur
2419 1366 2513 1431 eis
2542 1368 2761 1433 tollere
2787 1369 3041 1435 divitias
3068 1373 3130 1435 in
3159 1390 3321 1455 prae-

1778 1474 1940 1537 senti
1961 1521 1981 1553 ,
2025 1479 2089 1539 et
2124 1473 2543 1538 nihilominus
2584 1476 2815 1558 punire
2852 1496 2961 1542 eos
3007 1479 3076 1543 in
3103 1480 3325 1545 futuro

1780 1581 2304 1664 poenainfernali,
2336 1598 2413 1645 eo
2436 1583 2606 1664 quod
2638 1584 2984 1650 maximam
3012 1586 3322 1668 injuriam

1780 1689 1899 1753 sibi
1926 1686 2304 1766 intulerunt,
2334 1708 2483 1754 cum
2512 1696 3000 1772 praeposuerunt
3021 1691 3117 1776 (d)
3141 1692 3324 1757 Crea-

1779 1795 1900 1860 tori
1934 1798 2204 1874 seterno‚
2240 1799 2304 1860 et
2331 1796 2501 1861 bono
2530 1784 3037 1864 incommutabili
3063 1803 3324 1865 creatu-

1780 1920 1921 1968 ram
1950 1903 2367 1986 temporalem
2397 1907 2461 1968 et
2487 1905 2814 1970 caducam.
2853 1906 3030 1971 Unde
3056 1908 3325 1972 avaritia

1779 2012 1861 2077 ab
1887 2012 2189 2095 Apostolo
2208 2012 2563 2095 appellatur
2580 2012 2939 2079 «idolorum
2967 2016 3267 2081 servitus.
3284 2037 3316 2077 ι

1779 2119 2144 2185 Bernardus
2161 2125 2185 2162 '¹
2204 2138 2399 2203 super
2416 2119 2575 2185 illud
2592 2125 2616 2162 ⁸
2639 2142 2655 2185 :
2688 2121 2782 2186 Tu
2799 2137 2947 2189 vero
2964 2124 3279 2190 cruciaris
3299 2141 3323 2188 .·

1791 2250 1824 2289 α
1849 2225 2013 2304 Quid
2040 2244 2203 2309 ergo
2228 2226 2516 2292 dicemus
2538 2227 2616 2293 ad
2638 2226 2802 2307 haec,
2832 2229 2889 2292 si
2907 2228 3050 2293 talis
3073 2233 3170 2294 est
3195 2229 3327 2295 exi-

1779 2337 1915 2415 tus,
1961 2332 2016 2399 si
2054 2335 2176 2400 tale
2213 2334 2534 2418 judicium
2552 2383 2574 2415 ‚
2614 2338 2690 2400 ut
2716 2335 2739 2372 ’
2769 2341 3060 2403 extrema
3091 2336 3328 2420 qaudt'i

1780 2446 1992 2514 luctus
2026 2447 2329 2528 occupet?
2371 2467 2401 2505 n
2438 2444 2650 2510 Tertio
2682 2445 2969 2527 gaudent
3008 2445 3326 2510 ambitiosi

1780 2552 1846 2616 in
1878 2552 2255 2618 excellentia
2282 2555 2543 2617 honoris
2562 2601 2579 2631 ,
2614 2557 2677 2617 et
2696 2552 3022 2637 jactantiae
3041 2602 3059 2634 ‚
3091 2572 3325 2638 provo·

1780 2660 1981 2725 cantis
1999 2659 2288 2724 divinam
2306 2659 2636 2724 offensam.
2662 2659 2840 2725 Unde
2861 2660 2905 2697 ¹⁹
2930 2680 2992 2723 :a
3009 2659 3327 2726 Gaudium

1779 2765 2131 2849 hypocritae
2157 2767 2235 2831 ad
2263 2767 2467 2830 instar
2496 2767 2716 2849 puncti
2746 2790 2761 2831 ε
2795 2768 2849 2831 si
2889 2768 3173 2833 ascendit
3215 2786 3326 2833 us-

1782 2891 1907 2956 que
1935 2873 2013 2935 ad
2049 2873 2283 2938 coelum
2331 2874 2633 2957 superbia
2658 2877 2838 2957 ejus,
2878 2879 2941 2940 et
2967 2879 3156 2957 caput
3187 2877 3329 2958 ejus

1782 2980 1984 3044 nubes
2013 2980 2334 3062 tetigerit,
2380 2985 2565 3065 quasi
2598 2980 3069 3065 sterquilinium
3101 2982 3169 3046 in
3197 2983 3329 3047 fine

1782 3088 2103 3171 perdetur.
2130 3110 2162 3149 n
2197 3088 2358 3165 Quia
2389 3089 2707 3171 gaudium
2742 3089 3062 3154 ambitiosi
3090 3094 3186 3155 est
3211 3109 3331 3156 va-

1780 3213 1988 3275 num,
2036 3213 2113 3260 eo
2139 3195 2311 3279 quod
2353 3196 2434 3260 ad
2479 3196 2747 3261 modum
2800 3196 3155 3280 hypocrisis
3197 3215 3330 3262 non

1782 3304 1974 3368 habet
1991 3304 2422 3383 existentiam,
2448 3303 2559 3367 sed
2579 3306 2837 3368 tantum
2860 3303 3324 3387 apparentiam.

1784 3409 1930 3475 Ideo
1956 3410 2188 3475 dicitur
2214 3410 2531 3493 qaudium
2579 3411 2932 3494 hypocriten
2946 3431 2976 3491 ,·
3001 3411 3108 3475 sed
3147 3410 3329 3476 addi-

1784 3520 1893 3582 tur
1916 3517 2253 3586 adinstar
2274 3519 2529 3600 puncti,
2559 3519 2714 3600 quia
2740 3517 2864 3583 tale
2890 3518 3205 3600 gaudium
3232 3525 3331 3584 est

1784 3627 1967 3709 quasi
1999 3629 2542 3706 momentaneum,
2575 3629 2638 3690 et
2663 3627 2806 3708 ejus
2832 3626 2981 3690 fluis
3006 3626 3323 3693 interitus.

1784 3733 1906 3799 Sed
1938 3736 2091 3817 quia
2121 3734 2496 3799 ambitiosus
2531 3736 2597 3798 et
2636 3734 2955 3817 superbus
2996 3752 3111 3816 per
3144 3753 3327 3800 suam

1781 3846 2244 3928 reputationem
2284 3843 2464 3926 quasi
2506 3841 2794 3909 elevatur
2834 3859 3041 3924 usque
3089 3842 3158 3906 in
3201 3859 3332 3907 coe-

1782 3953 1918 4018 lum
1945 4002 1963 4032 ,
1993 3952 2387 4035 praeferendo
2423 3970 2492 4015 se
2523 3950 2827 4016 omnibus
2851 3998 2870 4029 ‚
2921 3948 3065 4013 ideo
3099 3967 3327 4013 secun·

1784 4060 1938 4126 dum
1966 4064 2204 4125 rectam
2231 4059 2469 4125 divinae
2490 4058 2762 4142 justitiae
2794 4057 3099 4139 regulam
3125 4055 3331 4138 depri-

1785 4173 1995 4232 metur
2021 4186 2226 4251 usque
2253 4168 2333 4232 ad
2373 4166 2763 4250 profundum
2793 4165 3044 4249 abyssi,
3096 4181 3327 4228 secun-

1785 4276 1942 4339 dum
1984 4276 2321 4340 veritatem
2346 4324 2362 4355 ‚
2415 4274 2715 4357 quoniam
2738 4322 2760 4353 ‚
2809 4274 2880 4337 in
2930 4274 3058 4338 fine
3105 4271 3329 4337 mortis

1783 4400 1918 4448 suae
1941 4431 1958 4461 ‚
1988 4386 2173 4466 quasi
2202 4383 2329 4447 vile
2358 4382 2831 4466 sterquilinium
2859 4381 3181 4463 perdetur.

1866 4484 2158 4556 Secundo
2184 4493 2443 4556 notatur
2465 4494 2872 4573 temporanea
2890 4486 3214 4585 tribulatio
3235 4502 3329 4552 re-

1785 4598 2147 4679 ligiositatis
2164 4647 2182 4678 ‚
2214 4616 2360 4663 cum
2384 4598 2597 4663 subdit
2630 4619 2646 4663 ε
2686 4597 2811 4664 Vos
2836 4602 3046 4665 autem
3068 4597 3329 4663 contris·

1787 4705 2113 4774 tabimini.
2156 4705 2443 4789 Apostoli
2484 4722 2801 4788 namque,
2849 4707 3155 4788 tanquam
3202 4703 3330 4768 viri
3408 4722 3412 4726 *

1785 4813 2114 4895 religiosi,
2142 4812 2495 4877 secundum
2522 4812 2723 4877 Deum
2748 4811 3064 4894 triplicem
3095 4809 3330 4901 habue-

1787 4924 1941 4985 runt
1969 4920 2480 5000 tribulationem,
2533 4919 2670 4984 sive
2724 4918 3072 4983 tristitiam.
3116 4917 3332 4983 Primo

1787 5027 2153 5093 habuerunt
2205 5028 2525 5092 tristitiam
2576 5028 2951 5111 lacrymosae
3005 5025 3330 5091 contritio-

1788 5137 1891 5200 nis
1907 5184 1925 5216 ‚
1965 5136 2034 5200 in
2066 5135 2343 5219 propriae
2379 5134 2903 5216 transgressionis
2946 5133 3330 5199 recordatio-

1789 5262 1900 5324 ne;
1958 5243 2235 5310 secundo
2259 5292 2276 5322 ,
2340 5242 2648 5308 dolorosae
2711 5241 3162 5327 compassionis
3194 5289 3215 5322 ,
3260 5241 3333 5305 in

1856 5445 1922 5509 (α)
1982 5444 2106 5496 Coer.
2164 5443 2286 5495 edit.
2341 5442 2585 5496 letitiam.
2629 5468 2693 5482 —
2750 5441 2821 5507 (ὁ)
2878 5442 3003 5492 Item
3050 5455 3224 5493 mane.
3271 5469 3337 5482 —

1790 5516 1858 5581 (c)
1887 5516 2039 5644 For-tte
2076 5515 2178 5584 leq.
2206 5515 2574 5573 delectationis.
2603 5538 2666 5553 -—
2705 5513 2780 5585 (d)
2822 5514 2947 5576 σαι.
2976 5513 3099 5574 edit.
3136 5527 3337 5590 propo-

1792 5600 1978 5644 suerim
2007 5624 2021 5641 .
