4059 6317
724 419 845 483 214

808 547 1019 616 Tertio
1045 551 1115 615 in
1151 551 1349 618 verbo
1381 552 1704 635 proposito
1738 554 2009 619 notatur.
2040 551 2260 617 diabo-

725 658 866 727 licae
898 659 1223 741 potestatis
1261 659 1517 724 miseria
1533 708 1555 740 ,
1600 660 1704 725 vel
1741 661 1917 743 justa
1956 659 2262 725 extermi-

726 767 921 848 nati0,
952 785 1101 832 cum
1140 767 1453 833 subinfert
1487 790 1504 833 ε
1550 768 1863 843 Quoniam
1898 775 1970 835 tu
2004 782 2260 851 percus·

726 878 880 945 sisti
924 892 1138 945 omnes
1182 877 1592 946 adversantes
1636 879 1803 945 mihi
1841 881 1985 946 sine
2038 892 2260 944 causa.

729 985 969 1052 Dicitur
988 988 1205 1051 autem
1231 985 1464 1051 diaboli
1494 987 1936 1052 exterminatio
1957 989 2133 1070 justa
2156 985 2266 1050 tri-

729 1093 877 1178 plici
903 1092 983 1157 de
1024 1111 1214 1159 causa
1257 1111 1277 1157 ε
1320 1094 1529 1177 primo
1563 1099 1822 1178 propter
1864 1094 2267 1160 dolositatem

731 1200 1114 1284 deceptionis
1157 1207 1222 1266 et
1260 1200 1737 1282 fraudulentias,
1786 1203 1852 1266 in
1894 1201 2267 1286 usurpando

730 1306 1232 1375 dominationem
1247 1308 1527 1373 hominis
1545 1309 1734 1391 primi
1748 1331 1766 1388 ;
1789 1309 2068 1374 secundo
2084 1326 2270 1391 prop-

733 1420 832 1481 ter
865 1413 1330 1497 malignitatem
1370 1414 1883 1497 praesumptionis
1922 1426 1984 1480 et
2023 1416 2114 1497 inj
2123 1415 2271 1479 usti-

737 1523 877 1603 tiae,
924 1523 997 1586 in
1041 1521 1453 1603 suggerendo
1496 1521 1872 1588 occisionem
1915 1522 2271 1587 innocentis

740 1631 1007 1709 Christi3
1038 1631 1227 1696 tertio
1254 1633 1511 1713 propter
1532 1629 1972 1695 rectitudinem
2000 1631 2269 1714 sequita-

740 1738 820 1802 tis
840 1737 1133 1819 Justitiae,
1163 1737 1234 1801 in
1258 1755 1388 1802 non
1414 1737 1711 1820 patiendo
1732 1738 2271 1821 perturbationem

739 1844 978 1911 ordinis
1003 1845 1314 1910 universi.
1345 1845 1524 1910 Unde
1554 1847 1807 1927 justum
1843 1844 1997 1925 suit,
2047 1848 2121 1909 ut
2160 1863 2273 1909 ex-

738 1953 1190 2019 terminaretur
1213 1951 1448 2017 diaboli
1474 1954 1772 2035 potestas,
1799 1954 1938 2016 tum
1966 1951 2120 2035 quia
2158 1952 2276 2018 do-

739 2060 872 2125 lose
914 2063 976 2122 et
1030 2057 1466 2123 fraudulenter
1530 2059 1867 2141 usurpavit
1917 2057 2275 2123 dominium

738 2166 932 2250 primi
956 2165 1258 2243 hominiS,
1288 2169 1426 2229 tum
1465 2164 1620 2248 quia
1643 2165 1901 2247 injuste,
1933 2168 1997 2229 et
2044 2165 2275 2249 nequi·

740 2279 841 2340 ter
862 2273 1172 2356 persuasit
1191 2276 1459 2337 mortem
1487 2271 1714 2336 Christi
1729 2272 2106 2351 innocentiS,
2136 2278 2278 2337 tum

742 2382 896 2465 quia
913 2381 1178 2465 aequitas
1198 2380 1278 2462 (α)
1311 2380 1546 2445 divinae
1570 2380 1837 2463 justitiae
1864 2398 1994 2445 non
2016 2381 2282 2446 debebat

741 2491 872 2574 pati
899 2489 1438 2555 deordinationem
1476 2489 1671 2555 totius
1706 2490 2014 2555 universi.
2064 2489 2280 2555 Primo

735 2601 913 2681 ,iusta
945 2597 1067 2662 fuit
1102 2597 1428 2662 diabolicae
1469 2598 1794 2680 potestatis
1832 2598 2282 2662 exterminatio

743 2707 1002 2790 propter
1018 2704 1413 2769 dolositatem
1431 2703 1816 2786 deceptionis
1836 2709 1901 2767 et
1919 2704 2285 2770 fraudulen-

745 2814 856 2878 tiae
878 2812 946 2876 in
973 2810 1340 2894 usurpando
1367 2809 1722 2876 dominium
1760 2811 1950 2893 primi
1976 2812 2280 2876 hominis.

747 2920 828 2986 Et
860 2919 941 2984 de
966 2919 1089 2984 hoc
1131 2922 1336 3002 potest
1371 2918 1603 3001 exponi
1648 2917 1807 2983 illud
1849 2919 1866 2953 ¹
1901 2940 1917 2983 z
1961 2941 1993 2981 α
2035 2919 2286 2984 Orietur

749 3028 932 3094 stella
957 3046 1040 3093 ex
1063 3026 1278 3106 Jacob,
1306 3030 1370 3092 et
1394 3032 1738 3108 consurget
1752 3028 1942 3110 virga
1964 3047 2046 3093 ex
2068 3027 2283 3110 lsrael,

751 3140 816 3202 et
839 3135 1147 3219 percutiet
1176 3134 1365 3199 duces
1384 3133 1589 3213 Moab,
1619 3135 2015 3219 vastabitque
2062 3154 2286 3201 omnes

750 3245 916 3308 filios
942 3242 1096 3308 Seth
1127 3263 1144 3306 ε
1175 3241 1387 3306 eterit
1413 3240 1695 3306 Idumaea
1712 3244 2024 3325 possessio
2052 3244 2216 3326 ejus.
2247 3266 2278 3304 n

754 3351 950 3418 Stella
975 3351 1095 3414 ista
1120 3352 1214 3413 est
1237 3349 1427 3430 virgo
1454 3347 1652 3413 Maria
1675 3353 1932 3432 propter
1960 3350 2287 3432 refulgen-

753 3459 908 3523 tiam
935 3457 1252 3525 virtutum
1281 3457 1636 3538 gratiarum
1668 3478 1682 3521 :
1707 3457 1816 3521 sed
1835 3457 2022 3539 virga
2046 3457 2288 3522 habens

754 3564 1124 3631 virilitatem
1146 3564 1227 3628 ad
1249 3564 1774 3646 expugnandum,
1803 3570 1876 3629 ut
1901 3566 2015 3630 flat
2042 3565 2291 3631 miseris

755 3672 1169 3755 adjutorium,
1197 3675 1293 3735 est
1313 3670 1620 3736 Dominus
1648 3675 1886 3752 noster,
1915 3673 2029 3756 qui
2057 3674 2292 3739 virtute

757 3779 997 3864 proprii
1034 3777 1371 3860 sanguinis
1403 3778 1711 3860 percussit
1737 3778 2075 3845 infernales
2100 3780 2291 3845 duces

759 3886 1016 3970 superbi
1043 3885 1249 3965 Moab,
1290 3890 1354 3950 et
1381 3889 1516 3950 arte
1561 3904 1697 3950 suae
1737 3887 2146 3952 multiformis
2190 3906 2290 3952 sa-

759 3993 1016 4078 pientiae
1049 3992 1269 4057 fallens
1311 3992 1600 4056 fraudem
1644 3994 1982 4075 proditoris
2027 3994 2294 4075 diaboli,

761 4119 877 4184 per
911 4099 1133 4167 mortis
1165 4099 1599 4164 inductionem
1630 4100 1891 4165 abstulit
1928 4101 2053 4166 sibi
2097 4101 2293 4184 capti-

762 4226 921 4273 vum
946 4206 1295 4286 hominem,
1327 4225 1521 4289 quem
1546 4206 1930 4289 possidebat,
1978 4212 2042 4273 et
2080 4208 2299 4273 mede-

761 4313 893 4378 lam
917 4312 1134 4377 salutis
1170 4313 1318 4377 inde
1342 4314 1510 4393 tulit,
1541 4314 1774 4379 scilicet
1815 4314 1893 4380 de
1918 4315 2120 4398 ligne,
2148 4317 2298 4381 hos·

763 4424 895 4487 tem
908 4419 1342 4499 undelaeserat
1352 4418 1739 4503 decipiendo,
1759 4421 1844 4487 De
1862 4422 1985 4486 hoc
2009 4424 2302 4493 similiter

765 4527 996 4594 dicitur
1019 4527 1090 4591 in
1124 4526 1427 4609 praedicto
1469 4526 1746 4593 themate
1777 4520 1796 4592 ε’
1825 4529 2089 4613 Eoeurqe
2108 4579 2124 4611 ,
2178 4534 2298 4600 Do-

766 4637 963 4714 mine,
991 4634 1241 4701 salvum
1263 4648 1359 4700 me
1382 4634 1506 4714 fao.
1531 4632 1820 4700 Secundo
1846 4636 2154 4720 fuitjusta
2172 4640 2302 4705 dia·

765 4743 989 4809 bolicae
1016 4741 1340 4824 potestatis
1384 4741 1831 4807 exterminatio
1874 4748 2136 4827 propter
2162 4764 2300 4812 ma-

767 4850 1130 4932 lignitatem
1154 4848 1666 4932 praesumptionis
1694 4850 1961 4931 justitiae
1983 4901 2001 4927 ,
2045 4852 2115 4919 in
2158 4873 2304 4937 per-

768 4957 1087 5023 suadendo
1117 4959 1387 5021 mortem
1425 4955 1777 5020 innocentis
1822 4955 2077 5024 Christi.
2125 4960 2305 5029 Unde

770 5065 923 5131 dicit
945 5064 1202 5131 Abacuc
1227 5065 1251 5100 ¹
1280 5081 1299 5126 ε
1337 5084 1368 5125 α
1396 5061 1765 5129 Percussisti
1790 5068 1981 5147 caput
2007 5067 2086 5134 de
2113 5068 2305 5135 domo

834 5265 852 5299 ¹
893 5261 1042 5313 Num.
1088 5273 1236 5324 xx1v,
1279 5262 1441 5311 17-18.
1486 5286 1546 5298 —-
1591 5261 1613 5295 ²
1656 5259 1866 5324 Hebae„
1910 5273 1999 5326 ιη,
2047 5266 2204 5315 13-14.
2244 5292 2307 5305 —

774 5337 796 5372 s
824 5333 1009 5399 Exod„
1044 5346 1132 5397 xv,
1169 5330 1269 5383 6-7.
1304 5358 1367 5370 —-
1409 5333 1426 5362 ⁸
1464 5334 1584 5396 Isca,
1627 5345 1763 5395 xxx,
1801 5336 1881 5383 31.
1909 5360 1972 5372 —
2006 5336 2025 5366 ⁸
2063 5338 2211 5387 Hunc
2255 5342 2309 5388 et

775 5419 886 5476 seq.
926 5418 1086 5477 usqne
1119 5404 1181 5461 ad
1219 5404 1370 5462 Dom.
1396 5402 1451 5455 in
1476 5406 1657 5457 octava
1688 5402 1894 5473 Pescla„
1926 5417 2083 5459 serm.
2112 5417 2182 5471 11,
2218 5420 2303 5457 ex·

1821 412 2237 483 SERMONES
2280 413 2381 480 DE
2416 412 2813 483 TEMPORE.

2370 550 2552 635 impii
2569 601 2586 634 ,
2637 553 2974 620 denudasti
3035 555 3522 623 fundamentum
3568 574 3769 642 usque
3812 561 3883 628 ad

2371 659 2633 726 collum.
2662 661 3038 727 Maledixisti
3065 664 3327 746 sceptris
3350 667 3514 747 ejus,
3556 667 3742 750 capiti
3773 668 3886 733 bel-

2369 766 2645 833 latorum
2672 771 2833 852 ejus,
2863 769 3285 850 venientibus,
3315 775 3388 836 ut
3424 775 3634 852 turb0,
3666 775 3743 838 ad
3768 776 3886 840 dis-

2371 875 2770 958 pergendum
2789 894 2916 941 me.
2936 897 2968 935 s
2988 875 3149 954 Quia
3166 877 3456 944 diabolus
3471 881 3888 963 persuadendo

2372 983 2512 1065 ejus
2563 981 2977 1049 infernalibus
3019 985 3324 1049 membris
3381 986 3779 1053 venientibus
3826 994 3893 1053 ut

2373 1089 2561 1154 turbo
2586 1090 2668 1154 ad
2683 1089 3187 1173 dispergendum
3215 1092 3644 1173 innocentem,
3671 1098 3746 1160 ut
3771 1114 3895 1160 cru·

2374 1197 2709 1278 cifigerent
2743 1215 2943 1262 eum:
2988 1199 3129 1264 ideo
3159 1202 3410 1282 justum
3448 1201 3599 1280 fuit,
3648 1205 3724 1267 nt
3774 1203 3898 1286 ipse

2376 1303 2666 1369 diabolus
2691 1308 2882 1387 caput
2920 1305 3242 1370 infernalis
3279 1307 3508 1373 domus
3548 1312 3896 1392 percutere-

2376 1415 2502 1493 tur,
2534 1415 2839 1495 potestate
2876 1416 2940 1477 et
2976 1412 3260 1479 dominio
3296 1414 3541 1498 proprii
3581 1416 3754 1480 servi
3794 1417 3899 1481 de-

2378 1519 2751 1599 nudaretur,
2795 1523 2858 1583 et
2906 1520 3284 1602 privaretur.
3328 1519 3539 1586 Tertio
3573 1524 3753 1605 justa
3791 1523 3901 1588 fuit

2378 1626 2701 1691 diabolicae
2769 1627 3091 1710 potestatis
3149 1629 3593 1694 exterminatio
3661 1634 3901 1713 propter

2381 1735 2741 1818 aequItatem
2771 1735 3161 1800 rectitudinis
3178 1737 3476 1819 justitias,
3526 1737 3599 1801 in
3639 1756 3774 1803 non
3796 1755 3904 1821 pa-

2381 1841 2594 1907 tiendo
2619 1841 3157 1925 perturbationem
3183 1843 3423 1908 ordinis
3454 1844 3771 1910 universi.
3796 1844 3909 1910 Un-

2383 1950 2462 2014 de
2484 1950 2506 1985 ⁸
2537 1970 2554 2013 :
2595 1973 2625 2010 α
2650 1949 2917 2014 Dextera
2939 1953 3074 2031 tua,
3106 1949 3391 2031 Domine,
3433 1953 3748 2035 percussit
3790 1953 3905 2017 ini-

2384 2056 2646 2137 micum,
2676 2057 2834 2121 etin
2868 2055 3276 2124 multitudine
3302 2057 3527 2139 gloriae
3562 2063 3699 2125 tuae
3727 2060 3905 2144 depo-

2384 2165 2565 2229 suisti
2590 2165 2983 2229 adversarios
3008 2182 3219 2243 meos;
3264 2165 3491 2230 misisti
3518 2166 3686 2231 iram
3714 2170 3907 2247 tuam,

2384 2276 2450 2336 et
2473 2272 2803 2338 devoravit
2829 2289 2937 2336 eos
2972 2271 3155 2354 quasi
3199 2272 3522 2356 stipulam.
3566 2295 3598 2333 ι»
3634 2273 3913 2358 AEquitas
4044 2248 4045 2313 ἶ

2386 2378 2560 2444 enim
2586 2379 2821 2444 divinae
2843 2378 3107 2462 justitias
3131 2379 3421 2444 ordinem
3446 2381 3742 2446 universi
3769 2400 3910 2447 con-
4044 2376 4045 2381 ’

2387 2486 2631 2553 servari
2649 2487 2863 2570 jubet,
2908 2490 2973 2551 et
3014 2486 3372 2568 perturbari
3402 2490 3594 2553 vetat.
3627 2488 3805 2555 Unde
3839 2508 3915 2555 ne

2388 2593 2681 2658 diabolus
2707 2594 2787 2658 de
2813 2612 2933 2658 sua
2963 2592 3202 2659 malitia
3244 2596 3305 2658 et
3332 2598 3588 2677 peccato
3618 2615 3735 2679 per
3756 2597 3916 2680 quod
4044 2658 4045 2663 ,

2390 2701 2762 2767 turbaverat
2825 2705 3032 2766 totum
3096 2702 3478 2766 universum
3492 2750 3515 2782 ,
3576 2708 3919 2787 reportaret

2391 2809 2820 2888 commodum,
2852 2808 3122 2890 dignum
3159 2809 3280 2872 fuit
3313 2809 3594 2892 percuti,
3655 2812 3916 2895 privari,

2391 2921 2455 2981 et
2481 2916 2720 2999 puniri.
2744 2915 2824 2981 Et
2848 2919 3105 2999 propter
3121 2916 3245 2980 hoc
3264 2916 3493 2982 dicitur
3516 2923 3578 2981 *ε
3612 2941 3644 2979 ι
3671 2919 3921 2984 Pavebit

2392 3025 2592 3089 Assur
2630 3024 2820 3105 virga
2865 3040 3221 3106 percussus.
3275 3044 3307 3083 ιο
3360 3024 3561 3089 Assur
3604 3025 3920 3092 diabolum
4044 3064 4045 3067 =

2395 3131 2640 3212 signat,
2673 3130 2791 3213 qui
2832 3130 3134 3213 pavescit,
3170 3149 3320 3195 cum
3359 3133 3717 3216 percutitur
3745 3135 3921 3217 virga

2395 3238 2632 3304 divinae
2661 3237 2999 3322 aequitatis
3026 3237 3373 3319 Rogemus,
3402 3243 3520 3304 etc.

2929 3415 3218 3487 SERMO
3266 3417 3327 3485 II
3354 3420 3400 3486 ⁸.

2476 3559 2739 3642 Exurqe
2774 3559 2982 3643 gloria
3008 3576 3145 3627 mea
3158 3579 3187 3643 ;
3207 3576 3469 3645 eoeurqe,
3494 3564 3868 3646 psalterium
3883 3566 3923 3643 ⁸,

2397 3670 2518 3731 etc.
2548 3666 2706 3732 Ecce
2735 3686 2932 3751 quam
2964 3668 3320 3733 amabiliter
3356 3675 3420 3734 et
3444 3669 3719 3736 dulciter
3753 3672 3930 3738 Pater

2399 3774 2744 3856 alloquitur
2771 3773 3005 3839 Filium
3023 3775 3102 3839 de
3121 3793 3239 3839 sua
3266 3778 3754 3843 resurrectione.
3778 3778 3929 3845 Nam

2399 3882 2753 3947 secundum
2773 3880 3058 3947 Glossam
3084 3883 3280 3947 verba
3305 3882 3428 3948 ista
3449 3884 3541 3967 pii
3562 3890 3714 3950 sunt
3739 3885 3930 3951 Patris
4044 3946 4045 3951 ,

2400 3988 2480 4053 ad
2507 3986 2766 4067 Filium,
2797 3988 2902 4053 vel
2926 3988 3166 4054 divinae
3186 3992 3437 4054 naturae
3454 3991 3537 4055 ad
3558 3991 3927 4072 humanam,

2401 4098 2521 4159 etc.
2551 4096 2834 4178 Eoeurqe,
2873 4096 2953 4160 ad
2994 4096 3279 4161 divinam
3326 4095 3603 4179 gloriam
3636 4100 3929 4183 magnifl-

2405 4203 2694 4282 candam,
2721 4202 2800 4267 ad
2827 4203 3183 4285 angelicam
3208 4203 3469 4268 ruinam
3496 4208 3930 4289 reparandam,

2404 4312 2484 4377 ad
2526 4312 2881 4377 humanam
2929 4311 3254 4377 miseriam
3302 4312 3763 4381 sublevandam
3783 4364 3805 4397 ,
3861 4316 3932 4381 ad

2406 4418 2779 4483 diabolicam
2804 4418 3111 4483 malitiam
3138 4419 3592 4502 dissipandam.

2487 4524 2573 4589 De
2612 4525 2821 4608 primo
2866 4525 3102 4591 dicitur
3152 4526 3261 4591 hie
3314 4548 3331 4590 ε
3392 4528 3680 4612 Exurge,
3737 4532 3938 4615 aleria

2407 4649 2549 4700 mea
2566 4655 2592 4698 .·
2610 4648 2870 4716 exurge,
2887 4633 3290 4716 psalterium,
3321 4639 3440 4700 etc.
3467 4635 3757 4703 Christus
3777 4640 3938 4705 enim

2408 4743 2501 4805 est
2526 4740 2731 4822 gloria
2769 4738 2973 4804 Patris
2998 4740 3068 4805 in
3097 4744 3583 4809 resurrectione.
3614 4743 3767 4810 Fuit
3796 4751 3939 4813 tunc

2408 4849 2813 4932 psalterium,
2854 4853 2916 4914 et
2961 4848 3205 4914 cithara
3253 4849 3325 4913 in
3379 4851 3670 4933 passione
3715 4876 3733 4917 ε
3787 4855 3943 4920 sicut

2409 4957 2584 5023 enim
2637 4957 2709 5021 in
2760 4957 2872 5041 huj
2882 4959 3131 5024 usmodi
3190 4959 3633 5025 instrumentis
3688 4960 3941 5028 chordae

2411 5084 2601 5150 super
2643 5066 2902 5148 lignum
2950 5067 3300 5135 tenduntur
3314 5112 3334 5147 ‚
3381 5066 3474 5132 sic
3532 5069 3826 5135 membra
3884 5074 3942 5134 et

2411 5234 2622 5357 clusige,
2652 5234 2807 5287 habet
2829 5250 3033 5302 quoque
3060 5237 3184 5289 edit.
3214 5236 3372 5293 Paris.
3402 5250 3489 5291 an.
3512 5239 3653 5290 152¹.
3673 5264 3733 5278 --
3762 5241 3783 5279 ⁸
3808 5238 3935 5293 Psal-

2413 5318 2516 5371 nvi,
2578 5342 2592 5356 .

2475 5407 2545 5472 (a)
2573 5405 2692 5458 Coet.
2721 5405 2845 5457 edit.
2870 5406 3138 5476 &quitatis-
