4059 6317
1191 556 1206 567 -
1253 510 1350 579 DE
1391 510 1460 578 S.
1506 508 1809 580 ΤΗΟΜΑ.
1853 510 2119 580 SERMO
2163 510 2240 579 11.

147 658 276 715 t'um
309 657 398 713 est
432 652 632 713 enim¹
666 669 681 711 τ
715 652 872 723 «Qui
911 666 974 710 se
1014 650 1231 710 exaltat
1264 649 1693 719 humiliabitur,

149 755 207 808 et
232 749 421 824 quise
438 746 712 807 humiliat
732 745 1106 805 exaltabitur.
1129 764 1160 800 ι
1191 747 1342 816 Ergo
1366 742 1693 801 secundum

149 858 493 903 mensnram
550 839 957 913 exaltationis,
1010 838 1120 897 erit
1173 852 1452 895 mensura
1500 851 1690 894 casus.

148 942 303 1012 Ergo
342 936 494 994 sicut
540 934 716 993 uaria
771 934 944 1008 virgo
989 932 1238 991 domina
1279 934 1513 1002 nostra,
1562 946 1695 1003 quae

148 1031 261 1089 fuit
313 1029 583 1087 omnium
648 1031 1050 1086 creaturarum
1101 1023 1469 1092 humillima,
1518 1037 1698 1096 super

147 1139 388 1183 omnem
445 1124 776 1180 creaturam
818 1124 907 1179 est
946 1135 1119 1195 pura,
1178 1121 1236 1175 et
1282 1116 1565 1188 exaltata3
1614 1116 1697 1173 sic

150 1216 454 1288 diaboluS,
482 1215 625 1290 quia
650 1213 1129 1288 superbissimae,
1160 1226 1352 1284 usque
1379 1209 1459 1268 ab
1496 1209 1698 1268 locum

150 1311 539 1373 infimumest
565 1307 850 1382 dejectus.
889 1306 1054 1364 Unde
1088 1304 1302 1363 dicitur
1339 1302 1648 1361 Lucifero²
1679 1319 1693 1358 ε

155 1425 185 1459 ιι
206 1407 472 1462 Detracta
515 1406 601 1461 est
639 1402 718 1461 ad
759 1401 979 1460 inferos
1018 1398 1300 1474 superbia
1332 1402 1463 1469 tua3
1503 1396 1699 1455 conci-

152 1498 243 1557 dit
260 1497 339 1575 (α)
385 1497 644 1555 cadaver
695 1499 885 1554 tuum.
941 1492 1257 1565 Quomodo
1312 1490 1573 1549 cecidisti
1623 1488 1700 1548 de

153 1592 328 1663 coelo,
355 1589 603 1661 Lucifer,
633 1589 736 1664 qui
762 1603 939 1647 mane
979 1584 1286 1654 oriebaris,
1318 1583 1423 1658 qui
1460 1581 1702 1641 dicebas

152 1686 217 1744 in
238 1685 544 1744 cordetuo
565 1700 581 1741 ε
611 1686 799 1758 Super
827 1681 1041 1740 coelum
1066 1678 1507 1738 conscendam?
1527 1698 1557 1732 ι
1591 1680 1697 1736 etc.

154 1783 223 1838 Et
245 1778 512 1853 sequitur
541 1795 558 1834 ε
599 1796 625 1830 ι
641 1778 1059 1834 Verumtamen
1080 1774 1145 1831 in
1172 1772 1470 1832 infernum
1509 1771 1704 1830 detra·

152 1873 330 1945 heris,
359 1874 425 1931 in
467 1870 834 1948 profundum
868 1868 1005 1928 laci.
1029 1887 1060 1923 ι»
1090 1867 1183 1927 Sic
1220 1866 1340 1924 ruit
1377 1866 1572 1925 omnis
1599 1881 1703 1923 su—

152 1968 396 2043 perbus,
427 1965 569 2041 quia
596 1980 719 2023 non
746 1967 835 2022 est
860 1963 1067 2021 datum
1094 1960 1343 2019 summis
1371 1960 1478 2018 diu
1505 1962 1659 2018 stare
1681 1979 1701 2031 3

153 2062 262 2120 sed
304 2060 525 2119 cadunt
568 2058 844 2133 gravius,
891 2056 996 2132 qui
1042 2055 1325 2114 sederunt
1363 2053 1701 2112 sublimius.

155 2154 386 2215 Fortius
413 2154 570 2213 enim
599 2153 756 2212 cadit
781 2150 1099 2209 aedificium
1127 2150 1335 2220 altum,
1366 2163 1552 2224 quam
1577 2148 1705 2223 pla·

156 2265 326 2321 num,
356 2251 415 2306 et
442 2264 612 2306 casus
637 2246 739 2306 alti
764 2245 983 2304 montis
1009 2247 1097 2302 est
1136 2243 1397 2317 gravior,
1424 2257 1609 2316 quam
1635 2241 1709 2299 sit

161 2343 351 2403 collis.
381 2342 553 2417 Lapis
595 2341 756 2399 enim
796 2342 1020 2415 quanto
1051 2355 1089 2396 a
1131 2336 1537 2414 superioribus
1562 2336 1709 2395 locis

0 2463 137 2506 mm.
162 2436 487 2508 descendit,
516 2441 678 2495 tanto
702 2435 911 2493 fortius
937 2439 995 2494 et
1024 2433 1264 2507 gravius
1290 2430 1468 2490 cadit.
1499 2434 1711 2489 Exem-

0 2535 71 2567 m.
163 2532 333 2606 plum
374 2534 463 2590 est
503 2528 580 2587 de
618 2528 1170 2588 Nabuchodonosor
1211 2542 1352 2599 rege
1368 2527 1413 2598 ³,
1460 2525 1565 2600 qui
1605 2540 1709 2580 su·

161 2623 376 2700 perbia
401 2624 610 2694 elatus,
640 2624 719 2682 ab
743 2622 1025 2682 omnibus
1053 2625 1140 2680 est
1166 2620 1409 2693 ejectus,
1436 2623 1496 2677 et
1519 2633 1709 2692 usque

161 2719 242 2777 ad
295 2717 667 2777 consortium
711 2717 1034 2775 bestiarum
1089 2717 1177 2773 est
1229 2713 1520 2773 deductus
1533 2732 1553 2785 3
1602 2709 1711 2769 sed

162 2817 483 2887 postquam
507 2810 619 2870 fuit
642 2810 1017 2881 humiliatus,
1045 2810 1109 2867 in
1146 2824 1399 2882 regnum
1426 2823 1602 2865 suum
1624 2808 1714 2864 est

165 2906 482 2965 restitutus.
517 2908 660 2964 ltem
698 2903 1041 2979 exemplum
1080 2903 1157 2961 de
1190 2901 1477 2961 Antiocho
1507 2915 1647 2973 rege
1666 2901 1711 2969 ⁸,

0 3013 137 3056 sxm-
163 3000 267 3075 qui
305 2999 372 3056 in
412 2998 754 3073 superbiam
791 2996 1001 3067 elatus,
1037 3000 1097 3054 et
1131 2998 1337 3054 contra
1381 2993 1481 3051 Dei
1515 3008 1713 3067 popu·

0 3085 71 3116 ²¹¹²·
162 3092 290 3151 lum
333 3092 618 3165 elevatus,
656 3091 722 3149 in
766 3094 986 3149 terram
1028 3089 1291 3162 deJectus
1335 3091 1442 3158 est,
1486 3091 1553 3145 ut
1591 3101 1714 3160 pras

162 3184 373 3247 foetore
401 3185 662 3260 seipsum
690 3184 980 3243 sustinere
1001 3198 1126 3241 non
1142 3186 1382 3259 posset:
1411 3196 1596 3257 quare
1625 3180 1714 3238 di-

161 3281 370 3339 vinam
397 3279 704 3337 veritatem
725 3292 1092 3351 cognoscens
1110 3280 1348 3334 coactus
1366 3277 1451 3333 est
1476 3274 1672 3331 dicere
1693 3291 1707 3331 :

165 3377 448 3432 «Jusmm
491 3374 578 3430 est
619 3371 935 3429 mortalem
975 3369 1281 3428 subditum
1319 3385 1444 3427 esse
1487 3370 1629 3438 Deo,
1656 3370 1716 3424 et

162 3482 285 3526 non
311 3466 488 3542 paria
508 3481 644 3524 cum
673 3467 792 3523 Deo
811 3463 1046 3522 sentire.
1065 3483 1096 3519 n
1131 3463 1293 3521 Unde
1328 3465 1389 3521 et
1423 3461 1714 3536 prophete

165 3560 405 3619 dicebat
423 3561 448 3595 ¹⁵
480 3578 496 3616 ε
519 3557 694 3616 «Vidi
720 3557 975 3632 impium
998 3556 1501 3631 superexaltatum
1524 3555 1585 3612 et
1599 3552 1717 3611 ele·

168 3658 395 3726 vatum,
443 3652 593 3710 sicut
642 3651 853 3711 cedros
901 3650 1127 3710 Libani.
1157 3650 1289 3708 Vidi
1324 3650 1424 3725 (b),
1470 3654 1530 3707 et
1581 3663 1717 3707 ecce

163 3762 288 3805 non
329 3750 459 3805 erat
484 3764 500 3803 z
529 3744 797 3819 quavi,
843 3746 902 3803 et
943 3760 1067 3803 non
1110 3748 1195 3803 est
1231 3744 1505 3802 inventus
1549 3741 1718 3801 locus

166 3841 313 3913 ejus.
335 3860 369 3896 n
411 3841 543 3898 Roec
589 3838 896 3898 attendens
942 3837 1277 3914 Apostolus,
1318 3836 1474 3910 fugit
1515 3851 1719 3910 super-

165 3932 354 4007 biam,
384 3937 447 3993 et
466 3932 859 3992 humilitatem
895 3931 1310 4007 apprehendit.
1339 3930 1504 3988 Unde
1531 3943 1586 3989 et
1612 3932 1719 3987 Do-

165 4027 333 4085 mino
359 4042 475 4102 per
504 4026 706 4083 omnia
723 4024 1011 4084 obedivit.
1033 4024 1274 4083 Dicebat
1289 4021 1450 4082 enim
1469 4021 1718 4083 Domino

167 4121 392 4180 volenti
421 4136 563 4179 eum
600 4120 827 4179 mittere
857 4118 937 4177 ad
973 4118 1150 4179 Indos
1180 4139 1196 4179 ε
1233 4123 1315 4179 Tu
1348 4134 1411 4175 es
1437 4118 1721 4176 Dominus

168 4216 319 4273 Deus
345 4229 541 4286 meus,
569 4216 631 4271 et
654 4228 771 4288 ego
798 4228 933 4271 sum
959 4227 1166 4271 servus
1191 4216 1351 4284 tuus,
1380 4211 1486 4269 fiat
1508 4211 1722 4269 volun-

169 4312 256 4366 tas
284 4314 410 4367 tua.

237 4403 466 4472 Quarto
506 4399 796 4459 debemus
833 4400 1039 4459 videre
1081 4398 1371 4459 chi-istum
1411 4396 1492 4457 ad
1534 4396 1721 4457 refec-

169 4496 394 4554 tionem
435 4497 741 4566 aeternum,
764 4493 888 4552 sive
926 4492 1006 4551 ad
1045 4491 1324 4551 bravium
1363 4506 1475 4550 nos
1508 4480 1737 4550 vocan?

171 4593 306 4647 tem.
348 4586 603 4645 «Venite
639 4586 719 4645 ad
759 4602 878 4657 me,
906 4585 1157 4660 inquit⁶,
1199 4583 1306 4658 qui
1331 4582 1637 4655 laboratis,
1667 4587 1725 4642 et

170 4682 401 4741 onerati
439 4680 597 4753 estis,
633 4683 695 4739 et
731 4696 845 4753 ego
887 4678 1154 4737 reficiam
1183 4693 1313 4735 vos.
1335 4697 1366 4733 n
1405 4677 1570 4736 Unde
1610 4693 1724 4752 po·

169 4780 316 4835 terat
341 4775 548 4835 dicere
578 4773 895 4850 Apostolus
918 4772 1109 4831 illud⁷
1136 4791 1152 4829 :
1188 4770 1366 4829 «vidi
1409 4771 1725 4829 Dominum

170 4869 320 4928 {acie
345 4869 432 4929 ad
456 4868 695 4938 faciem,
724 4872 782 4926 et
802 4866 969 4927 salva
994 4866 1149 4925 facta
1168 4870 1255 4924 est
1280 4864 1485 4924 anima
1508 4880 1664 4923 mea.
1689 4885 1718 4921 »

171 4964 230 5023 Si
273 4964 444 5023 enim
481 4965 646 5022 tanta
687 4966 881 5037 potest
925 4978 1052 5021 esse
1093 4960 1346 5020 aviditas
1384 4958 1727 5034 temporalis

173 5056 397 5129 gloriae,
425 5058 494 5114 ut
517 5071 630 5130 pro
672 5071 745 5115 ea
785 5055 956 5115 multi
981 5053 1186 5114 omnia
1208 5052 1477 5129 pericula
1500 5068 1628 5112 non
1654 5052 1727 5110 ti-

174 5150 460 5222 muerint,
503 5154 728 5224 quanta
769 5149 953 5209 debet
1000 5164 1127 5207 esse
1176 5146 1472 5223 cupiditas
1522 5146 1728 5221 gloria

242 5301 257 5329 ¹
289 5298 432 5361 Luc„
461 5308 573 5359 xiv,
603 5302 679 5350 Η.
706 5323 770 5336 -
794 5298 815 5329 ²
841 5299 965 5362 Iso„
990 5308 1106 5361 xiv,
1135 5297 1303 5356 11-13,
1333 5298 1416 5347 15.
1444 5321 1508 5334 —
1529 5294 1553 5331 ⁸
1577 5295 1728 5357 Dan„

179 5372 651 5435 lv,22etseq.—
688 5370 777 5420 ἸΙ
807 5368 997 5432 uach„
1032 5381 1118 5432 rx,
1155 5369 1185 5419 7
1221 5370 1274 5419 et
1306 5380 1505 5431 seq.—
1539 5367 1728 5418 ῑΡεαΙ.

182 5451 371 5505 xxxvi,
407 5443 493 5491 35.
522 5468 580 5479 -
620 5440 642 5477 ⁸
670 5439 874 5505 Metili„
907 5453 982 5501 xi,
1013 5441 1092 5490 29.
1123 5465 1183 5478 —
1211 5438 1228 5471 ⁷
1268 5437 1414 5499 Gen..
1441 5449 1618 5501 xxxii,
1646 5440 1728 5490 30.

3227 525 3343 587 515

1801 647 2126 706 aeternalis?
2152 647 2316 708 Unde
2357 648 2433 709 de
2472 650 2808 711 Alexandro
2844 655 3045 712 narrat
3078 652 3346 727 historia,

1802 741 1971 816 quod
1997 741 2197 800 satiari
2223 757 2532 818 nunquam
2558 747 2749 820 potuit
2778 746 2843 804 in
2868 746 3078 820 gloria.
3112 748 3346 818 Quare?

1802 836 1947 911 quia
1984 852 2123 893 cum
2161 835 2293 893 talis
2328 836 2520 909 gloria
2566 839 2813 898 omnino
2851 840 2925 898 sit
2964 856 3177 914 vacua,
3224 856 3349 899 non

1803 929 1994 999 satiat,
2024 929 2131 987 sed
2156 932 2385 988 tantum
2419 931 2604 990 inflat.
2634 933 2748 991 Sed
2792 949 2915 992 non
2957 937 3043 991 est
3086 935 3219 993 talis
3244 933 3351 994 ille

1805 1021 1998 1094 gloria
2021 1027 2259 1094 aeterna,
2290 1024 2361 1082 de
2389 1041 2507 1100 qua
2536 1025 2677 1084 dicit
2698 1032 2933 1085 sanctus
2970 1028 3297 1103 Propheta⁸
3327 1046 3342 1086 ε

1814 1136 1841 1170 ι
1867 1118 2158 1189 satiabor,
2189 1135 2325 1175 cum
2355 1121 2696 1194 apparuerit
2725 1120 2917 1193 gloria
2943 1123 3063 1180 tua.
3087 1142 3116 1178 i>
3148 1123 3349 1181 Videte

1806 1226 1974 1283 ergo,
2001 1209 2239 1283 fratres,
2266 1212 2571 1271 stultitiam
2604 1218 3185 1287 nostram,·errorem
3211 1231 3350 1276 nos-

1805 1308 1962 1361 trum
1998 1320 2012 1361 t
2060 1304 2204 1378 quia
2240 1305 2442 1379 plures
2481 1312 2810 1382 sequuntur
2861 1309 3158 1389 mundum
3207 1309 3353 1369 defi-

1808 1396 2081 1469 cientem,
2107 1397 2309 1471 plures
2333 1415 2574 1458 carnem
2600 1399 2982 1474 inficientem,
3008 1403 3210 1478 plures
3229 1403 3355 1464 dia-

1807 1490 2021 1549 bolum
2075 1490 2478 1564 seducentem,
2525 1497 2583 1553 et
2631 1510 2771 1552 cum
2822 1495 2943 1553 suis
2997 1497 3354 1586 sequacibus

1807 1574 2206 1655 corruentem,
2234 1603 2417 1661 quam
2457 1586 2750 1647 Christum
2789 1588 3169 1649 reficientem.
3198 1595 3352 1667 Ergo

1806 1694 2110 1752 rogemus,
2139 1683 2250 1738 etc.

2373 1828 2629 1894 SERMO
2671 1833 2723 1895 11
2751 1836 2798 1894 ⁰.

1884 1962 2016 2020 Noli
2049 1977 2160 2019 esse
2204 1963 2536 2035 incredulus,
2562 1965 2658 2022 sed
2681 1966 2860 2037 fidelis
2879 1964 2942 2023 ¹0.
2970 1966 3245 2027 Naturale
3272 1972 3360 2028 est

1811 2070 2114 2113 summum
2132 2056 2364 2113 bonum
2390 2061 2693 2131 appetere,
2722 2062 2782 2116 et
2803 2058 2890 2117 illi
2916 2059 3151 2135 placere
3177 2062 3354 2121 velle.

1813 2148 1999 2207 Omne
2037 2146 2196 2206 enim
2239 2149 2407 2223 quod
2448 2150 2539 2208 illi
2570 2149 2783 2226 placet,
2824 2168 3065 2212 necesse
3106 2158 3193 2213 est
3233 2170 3360 2215 esse

1814 2240 2068 2313 bonum,
2092 2248 2149 2300 et
2176 2247 2399 2317 quanto
2427 2243 2515 2302 illi
2537 2243 2674 2319 plus
2700 2244 2931 2321 aliquid
2954 2247 3169 2322 placet,
3196 2251 3360 2309 tanto

1816 2335 2008 2409 magis
2034 2341 2122 2395 est
2156 2336 2408 2409 bonum,
2438 2353 2512 2396 eo
2550 2337 2719 2413 quod
2746 2338 2914 2397 nullo
2941 2342 3127 2415 possit
3157 2342 3363 2402 seduci

1816 2446 2038 2499 errore,
2067 2446 2202 2488 cum
2246 2431 2467 2503 omnia,
2499 2448 2634 2507 quae
2663 2434 2888 2492 suntin
2914 2422 3179 2507 homine,
3206 2436 3365 2511 legat

1814 2526 2084 2596 patenter
2119 2523 2183 2580 in
2228 2524 2427 2582 corde.
2470 2527 2656 2583 Homo
2704 2526 2862 2584 enim
2892 2528 3121 2601 judicat
3159 2544 3364 2588 secun-

1817 2616 1965 2676 dum
1990 2616 2226 2690 faciem,
2255 2620 2312 2676 et
2337 2617 2476 2676 ideo
2495 2635 2650 2694 soepe
2680 2620 2835 2679 male
2848 2638 2868 2692 ς
2888 2638 2919 2675 α
2935 2624 3085 2680 Deus
3103 2622 3361 2681 autem¹¹

1818 2710 2077 2770 intuetur
2116 2727 2244 2784 oor,
2264 2730 2293 2765 ιι
2336 2714 2393 2769 et
2430 2710 2568 2770 ideo
2609 2728 2843 2788 semper
2887 2715 3062 2774 bene.
3095 2735 3125 2770 α
3151 2716 3363 2791 Nolite,

1817 2803 2012 2879 inquit
2050 2804 2177 2880 ipse
2196 2806 2262 2875 ¹⁸,
2302 2804 2572 2878 jndicare
2610 2806 2936 2866 secundum
2977 2808 3209 2881 faciem,
3257 2808 3366 2868 sed

1819 2902 2046 2956 rectum
2066 2897 2359 2971 judicium
2379 2898 2660 2972 judicate.
2691 2921 2719 2955 n
2746 2904 2906 2988 ‘Ergo
2944 2902 3047 2976 qui
3087 2906 3205 2962 Deo
3232 2904 3364 2979 pla·

1820 2996 1931 3057 cet,
1970 2991 2198 3067 absque
2243 2991 2429 3050 dubio
2471 2993 2668 3051 bonus
2705 2998 2819 3068 est;
2859 2998 2917 3053 et
2950 3000 3112 3055 tanto
3153 2997 3367 3057 melior

1821 3101 2076 3161 semper,
2106 3089 2331 3160 quanto
2352 3085 2437 3144 illi
2457 3088 2648 3162 magis
2672 3087 2885 3162 placet.
2915 3089 3031 3149 Sed
3051 3092 3366 3167 Apostolus
3400 3106 3417 3122 ·

1823 3179 1999 3237 docet
2015 3181 2062 3216 ¹⁸
2089 3179 2258 3254 quod
2292 3200 2320 3235 α
2337 3182 2463 3239 sine
2484 3181 2604 3240 fide
2623 3182 2990 3257 impossibile
3018 3188 3107 3243 est
3130 3184 3365 3260 placere

1824 3275 1963 3332 Deo.
1984 3293 2015 3329 n
2047 3273 2364 3344 Quomodo
2401 3275 2561 3333 enim
2598 3274 2686 3333 illi
2722 3275 2956 3350 placere
2991 3282 3223 3353 posset,
3262 3280 3367 3356 qui

1823 3366 1889 3424 in
1914 3366 2087 3425 illum
2109 3382 2233 3426 non
2260 3368 2570 3427 crederet?
2594 3372 2746 3443 Ergo
2770 3372 2823 3431 si
2844 3370 2933 3429 illi
2959 3371 3370 3432 desideramus

1823 3460 2086 3534 placere,
2107 3461 2291 3519 fldem
2319 3462 2383 3519 in
2409 3461 2580 3521 illum
2605 3462 2950 3523 laboremus
2964 3465 3209 3538 habere,
3229 3468 3373 3544 quia

1827 3557 1884 3612 et
1922 3554 2006 3611 sic
2035 3553 2149 3628 ipsi
2179 3555 2459 3629 Apostolo
2487 3555 2711 3614 dictum
2739 3562 2828 3616 est
2855 3576 2870 3616 ε
2901 3559 3034 3619 Noli
3059 3575 3171 3618 esse
3196 3564 3374 3619 incre-

1827 3647 2011 3718 dulus,
2043 3649 2139 3705 sed
2163 3649 2364 3720 fidelis.
2394 3648 2600 3707 Nullus
2625 3666 2893 3725 unquam
2930 3651 2996 3710 in
3030 3655 3259 3714 mundo
3285 3658 3377 3730 ty-

1825 3756 2050 3799 rannus
2087 3740 2216 3815 fuit,
2252 3741 2348 3800 cui
2396 3758 2602 3802 servus
2653 3744 2875 3821 placuit
2924 3746 3209 3822 infidelis3
3251 3749 3374 3809 imo

1828 3835 2024 3893 omnis
2050 3834 2185 3893 talis
2222 3835 2502 3894 omnibus
2533 3853 2766 3913 semper
2799 3837 2909 3897 fuit
2932 3839 3205 3916 odibilis3
3235 3846 3293 3900 et
3323 3843 3374 3901 si

1827 3929 1911 3987 sic
1943 3930 2004 3987 in
2028 3929 2182 3998 aliis,
2212 3930 2360 4005 quid
2385 3931 2451 3989 in
2473 3934 2590 3991 Deo
2611 3949 2737 3991 esse
2754 3932 2990 3992 credis?
3016 3938 3167 4009 Ergo
3195 3950 3373 3994 omne

1827 4022 2059 4081 malum
2096 4022 2414 4083 detestatur
2441 4029 2500 4084 et
2534 4025 2678 4084 odit.
2712 4030 2862 4101 Ergo
2893 4027 3047 4088 bene
3075 4043 3112 4087 a
3149 4028 3374 4088 Christo

1830 4117 2055 4176 dictum
2082 4121 2170 4177 est
2203 4119 2317 4195 ipsi
2352 4120 2634 4195 Apostolo
2666 4138 2682 4179 ε
2723 4124 2858 4183 Noli
2896 4139 3017 4187 esse¹
3045 4124 3376 4201 incredulus,

1828 4213 1922 4270 sed
1941 4213 2141 4284 fidelis.
2170 4216 2234 4271 ln
2258 4229 2382 4288 quo
2409 4214 2597 4275 verbo
2625 4216 2909 4275 Dominus
2927 4218 3182 4278 maxime
3203 4219 3379 4278 docet

1831 4306 1955 4365 duo
2007 4326 2022 4365 ε
2080 4323 2223 4366 nam
2277 4308 2448 4383 quod
2499 4309 2607 4368 uni
2663 4308 2826 4382 dicit,
2880 4311 3163 4370 omnibus
3213 4313 3374 4375 dicit.

1830 4400 2025 4458 Primo
2075 4417 2218 4475 ergo
2266 4401 2461 4475 docet,
2492 4402 2641 4478 quid
2680 4403 2858 4462 nobis
2895 4405 2970 4462 sit
3003 4403 3374 4480 fugiendum.

1830 4494 2104 4553 Secundo
2162 4499 2419 4569 notatur,
2455 4496 2615 4572 quid
2659 4498 2835 4556 nobis
2885 4498 2961 4557 sit
3012 4500 3377 4575 amplecten-

1833 4586 2000 4646 dum.
2018 4590 2166 4646 Nam
2190 4588 2538 4663 fugiendam
2564 4590 2738 4650 docet
2763 4591 3252 4668 increduiitatem,
3273 4596 3381 4654 sed

1832 4681 2309 4755 amplectendam
2363 4683 2729 4742 fidelitatem.
2783 4684 3045 4744 Primum
3108 4688 3379 4762 negative

1833 4775 2147 4848 praemittit,
2187 4792 2324 4833 oum
2360 4776 2503 4835 dicit
2533 4795 2549 4835 x
2588 4779 2721 4837 Noli
2754 4795 2866 4838 esse
2912 4781 3242 4841 incredulus.
3284 4783 3382 4842 Se-

1834 4868 2103 4926 cundum
2153 4869 2373 4933 scilicet
2438 4870 2788 4932 affirmative
2854 4873 3191 4949 subjungit,
3243 4892 3381 4936 cum

1836 4960 2005 5019 addit
2034 4962 2184 5019 :Sed
2207 4963 2404 5035 fidelis.
2435 4965 2649 5022 Verum
2677 4965 2821 5041 quia
2858 4983 3049 5026 unum
3085 4967 3384 5043 dependet

1836 5070 1913 5113 ex
1939 5054 2127 5114 altero
2155 5074 2171 5114 ε
2204 5056 2348 5131 quia
2376 5056 2483 5131 qui
2510 5057 2768 5117 infidelis
2787 5075 2913 5119 non
2932 5064 3041 5134 est,
3058 5060 3257 5121 fidelis
3274 5078 3385 5139 per

1838 5234 1901 5247 —
1927 5209 1947 5238 ⁸
1970 5207 2107 5259 Psal.
2136 5220 2254 5273 xvi,
2288 5213 2365 5260 15.
2394 5237 2455 5248 -
2480 5211 2504 5248 ⁰
2534 5212 2681 5263 Hunc
2706 5226 2812 5263 non
2839 5213 2997 5266 habet
3030 5214 3154 5269 edit.
3184 5217 3384 5284 Hagen.

1841 5293 1923 5332 an.
1967 5282 2108 5332 1496.
2139 5305 2202 5317 -
2231 5281 2275 5319 ¹⁰
2303 5282 2469 5341 loon„
2505 5295 2571 5347 x,
2598 5285 2678 5333 2⁴1.
2710 5310 2766 5321 —
2798 5286 2840 5320 ¹¹
2872 5285 2892 5336 Ι
2920 5286 3057 5352 Rea„
3087 5298 3176 5341 xvi
3194 5326 3213 5354 ,
3241 5291 3289 5342 7.
3320 5315 3387 5330 —

1841 5354 1882 5388 ¹²
1901 5352 2067 5415 loen„
2094 5362 2194 5416 vu,
2224 5352 2308 5405 24.
2331 5379 2391 5392 -
2426 5352 2465 5389 ¹⁸
2490 5351 2660 5411 Hebr„
2690 5366 2767 5420 ιι,
2794 5358 2845 5406 5.

1907 5441 1975 5505 (a)
2002 5441 2124 5492 coet.
2163 5441 2289 5493 edit.
2322 5443 2455 5493 deest
2484 5442 2726 5495 concidit.
2754 5469 2820 5483 -
2851 5445 2918 5510 (ὁ)
2954 5447 3101 5513 Vulq.
3127 5450 3385 5504 Transivi.
