4059 6317
649 493 769 556 304

647 623 942 703 Domini,
963 644 995 684 ι)
1023 627 1172 703 etc„
1197 624 1313 688 ubi
1336 623 1535 705 hujus
1558 620 1821 704 spiritus
1843 619 2010 686 dona
2031 636 2191 684 enu-

646 735 999 796 merantur.
1047 729 1121 796 In
1154 732 1345 814 virga
1371 729 1682 796 rectitudo
1710 728 1891 810 fidei,
1920 728 1991 791 in
2030 726 2190 793 flore

646 837 815 902 bona
861 839 1162 905 voluntas
1202 837 1626 921 significatur.
1668 836 1943 902 Joannes
1987 834 2189 918 Chry·

647 949 967 1010 sostomus
1012 946 1033 983 ¹
1077 967 1093 1012 :
1132 968 1163 1007 σ
1185 943 1554 1012 'voluntates
1593 945 1782 1009 bonae
1827 943 1918 1009 sic
1960 959 2190 1008 suaves

645 1055 796 1117 sunt
819 1053 989 1135 apud
1028 1052 1232 1117 Deum
1254 1100 1272 1131 ‚
1305 1050 1852 1136 quemadmodum
1889 1050 2186 1115 odoriferi

643 1158 854 1224 flores.
881 1179 913 1219 n
953 1158 1133 1224 Unde
1164 1160 1354 1242 virga
1395 1159 1612 1224 Aaron
1636 1159 1865 1223 florem
1912 1161 1977 1223 et
2013 1157 2185 1221 truc·

642 1269 785 1332 tum
812 1266 1006 1331 simul
1032 1265 1290 1347 habuit,
1329 1265 1484 1350 quia
1512 1266 1581 1330 in
1610 1264 1990 1331 rectitudine
2036 1263 2184 1328 fidei

645 1374 767 1439 flos
788 1374 979 1441 bonae
1004 1374 1347 1442 voluntatis
1373 1392 1504 1438 non
1530 1377 1625 1438 est
1646 1374 1784 1437 sine
1803 1372 2012 1436 fructu
2033 1369 2186 1435 boni

646 1481 875 1565 operis.
904 1482 1081 1547 Sicut
1101 1486 1317 1547 autem
1345 1480 1482 1545 sine
1500 1479 1649 1545 solis
1674 1479 2040 1563 operatione
2066 1476 2185 1542 flos

645 1588 925 1654 fructum
951 1607 1082 1655 non
1110 1592 1319 1672 potest
1345 1587 1697 1671 producere
1723 1633 1742 1666 ‚
1785 1586 1878 1651 sic
1918 1603 2038 1650 nec
2062 1602 2180 1650 vo-

644 1694 860 1761 luntas
901 1695 1039 1760 sine
1084 1694 1325 1779 Spiritu
1358 1702 1574 1759 sancto
1609 1694 1890 1758 fructum
1929 1691 2139 1758 ullum
2163 1738 2182 1770 ‚

649 1802 728 1867 de
772 1821 902 1886 quo
929 1804 954 1839 ²
983 1824 1000 1868 ε
1039 1825 1072 1864 c
1096 1801 1365 1867 Fructus
1400 1805 1615 1866 autem
1659 1800 1934 1884 Spiritus
1980 1798 2183 1863 sancti

644 1912 741 1975 est
767 1909 1071 1991 charitas,
1101 1910 1415 1992 gaudium
1431 1959 1450 1988 ,
1480 1928 1642 1992 pax,
1670 1907 1977 1992 patientia
1994 1954 2018 1987 ,
2048 1905 2186 1970 lon-

646 2018 993 2099 ganimitas
1008 2064 1031 2097 ‚
1059 2017 1309 2082 bonitas
1331 2065 1351 2097 ,
1378 2017 1772 2098 benignitas,
1799 2015 2183 2079 mansuetu-

643 2124 763 2204 do,
793 2124 949 2189 fides
970 2173 987 2203 ‚
1024 2141 1167 2207 spes
1188 2173 1206 2204 ‚
1238 2123 1569 2202 modestia,
1599 2122 2007 2200 continentia,
2039 2138 2184 2185 cas—

644 2232 811 2296 titas.
839 2253 871 2292 »
895 2230 1073 2296 Unde
1097 2232 1260 2296 bene
1286 2231 1365 2295 de
1389 2230 1545 2294 flore
1571 2229 1693 2294 isto
1717 2228 1950 2293 dicitur
1962 2219 1991 2265 '⁸
2022 2250 2039 2293 ε
2072 2230 2182 2294 Re·

643 2340 922 2420 quiescet
944 2353 1133 2422 super
1159 2354 1304 2404 eum
1331 2338 1627 2421 Spiritus
1650 2337 1932 2403 Domini.

723 2445 811 2511 De
828 2449 1055 2529 quarto
1072 2443 1303 2510 effectu
1326 2442 1598 2527 Spiritus
1613 2443 1812 2508 sancti
1832 2443 1900 2507 in
1914 2442 2100 2508 nobis
2120 2446 2145 2483 ⁴
2162 2462 2178 2507 ε

654 2573 688 2613 ι
710 2550 853 2618 Non
896 2555 991 2617 est
1017 2569 1295 2634 regnum
1322 2550 1435 2615 Dei
1468 2569 1646 2630 esca,
1686 2554 1751 2615 et
1789 2554 2018 2633 potus,
2072 2548 2183 2615 sed

640 2659 909 2742 justitia,
938 2663 1003 2724 et
1027 2676 1182 2740 pair,
1207 2660 1274 2723 et
1297 2657 1608 2740 gaudium
1635 2657 1704 2721 in
1732 2656 1974 2741 Spiritu
2002 2675 2183 2721 sanc-

642 2771 733 2832 to.
765 2787 797 2828 n
832 2765 990 2832 Ecce
1015 2766 1225 2850 qualis
1249 2771 1345 2831 est
1371 2766 1644 2849 Spiritus
1669 2769 1926 2832 sanctus
1951 2765 2022 2830 in
2049 2766 2183 2831 ani-

645 2873 876 2939 mabus
900 2874 1241 2939 bonorum.
1266 2872 1427 2951 Quid
1456 2874 1630 2937 enim
1655 2872 1725 2936 in
1748 2891 2012 2957 corpore
2036 2891 2182 2956 ope-

645 2984 825 3046 retur
854 2980 936 3045 ad
965 2980 1493 3062 glorificationem
1521 2984 1805 3044 nostram
1830 2980 2003 3044 idem
2037 2980 2178 3065 Spi-

641 3088 826 3169 ritus,
872 3087 1107 3152 dicitur
1143 3087 1167 3122 ⁸
1218 3107 1235 3150 t
1276 3109 1308 3147 α
1327 3085 1383 3150 Α
1423 3090 1695 3170 quatuor
1737 3087 1943 3153 ventis
1989 3088 2176 3169 veni,

642 3193 904 3278 spiritus
919 3243 941 3273 ,
970 3198 1035 3259 et
1059 3193 1320 3259 insuffla
1340 3212 1533 3277 super
1555 3193 1915 3259 interfectos
1941 3241 1962 3274 ,
1986 3199 2052 3259 et
2075 3213 2180 3259 re-

642 3300 980 3367 viviscant.
1004 3322 1042 3365 »
1063 3301 1118 3366 Α
1135 3304 1414 3385 quatuor
1436 3300 1644 3367 ventis
1670 3299 1888 3365 veniet
1911 3318 2180 3384 corpora

641 3408 946 3475 suscitare
975 3456 993 3490 ,
1042 3408 1107 3474 id
1150 3413 1245 3473 est
1277 3455 1299 3488 ,
1344 3411 1621 3492 quatuor
1666 3408 1921 3473 dotibus
1966 3408 2179 3474 veniet

640 3532 909 3599 corpora
933 3515 1312 3599 glorificare.
1343 3512 1420 3579 In
1443 3515 1567 3578 isto
1595 3515 1825 3580 effectu
1865 3514 2139 3599 Spiritus
2152 3560 2173 3596 ‚

639 3620 850 3703 gloria
891 3624 1306 3705 praemiorum
1330 3669 1347 3700 ‚
1397 3622 1676 3687 maxime
1725 3622 1931 3687 bonus
1975 3625 2072 3687 est
2107 3622 2178 3687 in

639 3730 826 3797 nobis
848 3728 1123 3814 Spiritus
1139 3732 1395 3795 sanctus
1412 3751 1430 3808 ;
1462 3728 1754 3794 Psalmus
1766 3726 1790 3763 ⁶
1812 3751 1829 3796 z
1859 3751 1891 3789 α
1905 3728 2178 3813 Spiritus

639 3841 792 3903 tuus
816 3837 1030 3902 bonus
1052 3836 1320 3902 deducet
1343 3853 1448 3900 me
1473 3836 1543 3900 in
1567 3840 1806 3901 terram
1833 3842 2073 3901 rectam
2095 3884 2115 3917 ,
2136 3858 2166 3898 n

640 3945 878 4011 scilicet
905 3943 1282 4011 viventium.

718 4052 1082 4118 Secundum
1106 4052 1228 4116 bos
1242 4053 1519 4133 quatuor
1535 4050 1797 4116 effectus
1808 4098 1830 4131 ,
1852 4050 1920 4115 in
1936 4050 2174 4135 quibus

636 4159 886 4225 bonitas
907 4162 972 4224 et
1017 4157 1302 4226 suavitas
1331 4156 1604 4241 Spiritus
1630 4158 1831 4222 sancti
1872 4157 2172 4223 manifes-

636 4269 833 4346 tatur,
853 4266 1222 4331 invenimus
1239 4263 1547 4349 Spiritum
1565 4267 1857 4329 sanctum
1876 4262 1945 4329 in
1963 4264 2173 4330 Evan-

639 4374 813 4457 gelio
849 4371 1200 4455 significari
1238 4389 1354 4455 per
1391 4389 1658 4454 aquam,
1695 4389 1812 4454 per
1838 4370 2127 4453 ⁸digitum
2147 4420 2169 4452 ‚

642 4484 1005 4565 perignem
1029 4527 1048 4561 ,
1075 4498 1189 4563 per
1217 4484 1653 4562 unguentum.
1683 4476 1806 4544 Per
1827 4497 2064 4563 aquam
2092 4485 2116 4521 ⁷
2149 4499 2165 4544 τ

645 4612 678 4652 ι
701 4588 998 4656 Flumina
1023 4587 1102 4653 de
1120 4592 1345 4654 ventre
1369 4587 1513 4668 ejus
1537 4587 1738 4652 fluent
1760 4604 1948 4670 aquae
1969 4586 2165 4653 vivae.

635 4698 770 4762 Hoc
795 4699 1013 4761 autem
1039 4693 1202 4758 dixit
1225 4693 1305 4758 de
1330 4690 1572 4775 Spiritu
1589 4740 1612 4773 ,
1642 4714 1673 4753 ι)
1708 4697 1830 4759 etc;
1861 4693 2016 4757 ltem
2051 4711 2167 4778 per

630 4803 915 4886 digitum
960 4802 985 4838 ⁸
1029 4822 1047 4866 ε
1084 4823 1115 4862 α
1140 4798 1209 4864 Si
1247 4800 1317 4864 in
1353 4797 1559 4880 digito
1604 4799 1753 4880 Dei,
1781 4820 1814 4860 n
1847 4804 1967 4866 etc.
2003 4799 2161 4867 Item

628 4912 1008 4997 perignem
1033 4909 1057 4945 ⁹
1087 4927 1106 4973 ε
1142 4930 1174 4971 ι
1197 4905 1424 4990 Ignem
1451 4907 1600 4972 veni
1645 4908 1895 4974 mittere
1917 4956 1937 4986 ‚
1962 4930 1995 4969 ι
2030 4912 2154 4976 etc.

631 5019 791 5087 item
832 5036 948 5103 per
989 5017 1396 5099 unguentum
1425 5016 1472 5056 ¹⁰
1502 5036 1519 5080 ι
1561 5036 1593 5076 ι
1617 5014 1891 5099 Spiritus
1913 5015 2167 5084 Domini

568 5107 585 5122 ⁹
629 5145 823 5212 super
858 5143 961 5190 me
979 5171 1000 5206 ‚
1057 5141 1133 5189 eo
1172 5122 1348 5207 quod
1392 5123 1651 5189 unxerit
1691 5142 1820 5190 me.
1849 5145 1882 5187 ι
1916 5125 2163 5211 Adapta

694 5329 711 5365 ¹
742 5325 1004 5391 (nu-ysoni.
1035 5347 1100 5362 —
1125 5322 1147 5353 ²
1174 5321 1365 5383 Galat..
1402 5335 1455 5386 v,
1481 5325 1643 5375 22-23.
1675 5350 1730 5362 -
1757 5324 1780 5361 ⁸
1800 5326 1923 5389 Ira„
1953 5338 2034 5392 xl,
2063 5331 2161 5380 1-2.

629 5397 654 5436 ⁸
685 5399 842 5463 Rom„
879 5410 989 5461 nv,
1028 5398 1109 5447 17.
1141 5418 1207 5433 —
1245 5395 1268 5432 ⁸
1310 5393 1508 5455 Exacta„
1544 5406 1751 5460 xxxvn,
1789 5398 1836 5447 9.
1872 5423 1936 5435 -
1975 5399 1995 5429 ⁸
2019 5399 2160 5451 Pcat.

626 5481 801 5537 mn,
840 5471 921 5522 ιο.
948 5493 1013 5508 -
1040 5467 1064 5505 ⁷
1096 5467 1260 5531 «team.
1304 5477 1411 5530 vn,
1437 5465 1517 5518 ³9·
1542 5491 1608 5506 -
1639 5466 1664 5504 ⁸
1695 5467 1834 5532 sue„
1869 5480 1954 5534 τι,
1984 5471 2068 5521 2⁰·
2098 5495 2160 5510 —

1745 481 2160 551 SERMONES
2206 481 2307 548 DE
2341 479 2737 549 TEMPORE.

2297 618 2558 701 singula
2585 615 2856 699 singulis
2883 635 2900 679 t
2932 613 3208 698 Spiritus
3253 614 3427 679 enim
3452 616 3714 680 sanctus
3737 611 3831 678 est

2297 744 2467 808 aqua
2508 723 2827 790 mundans
2844 772 2866 803 ‚
2920 740 3035 805 per
3081 719 3343 787 veniam
3385 724 3828 804 peccatorum3

2296 831 2541 914 digitus
2566 830 2856 915 efficiens,
2885 846 3001 913 per
3025 827 3359 893 victoriam
3389 828 3827 906 inimieorum3

2294 938 2468 1021 ignis
2501 937 2867 1018 accendens,
2896 954 3012 1019 per
3027 934 3304 1017 gratiam
3331 933 3690 1014 donorum;
3721 952 3833 999 un-

2295 1051 2618 1129 guentum
2646 1061 3019 1110 consecrans
3033 1089 3055 1121 ‚
3104 1043 3186 1107 ad
3224 1060 3433 1125 regna
3481 1040 3789 1106 eoelorum
3811 1090 3831 1121 ,

2295 1155 2432 1221 sive
2488 1155 2569 1220 ad
2622 1156 2899 1237 gloriam
2954 1152 3372 1236 praemiorum
3422 1173 3438 1216 z
3493 1156 3831 1232 unguntur

2294 1263 2467 1328 enim
2493 1279 2681 1345 reges
2708 1262 2788 1327 ad
2811 1259 3241 1344 regnandum.
3268 1257 3492 1324 Unctio
3512 1276 3681 1339 crgo
3707 1256 3834 1341 Spi-

2293 1370 2454 1435 ritus
2479 1369 2678 1434 sancti
2705 1369 2972 1450 signum
3004 1371 3099 1433 est
3121 1366 3320 1432 futuri
3349 1364 3559 1449 regni.

2691 1509 2700 1522 ’
2835 1545 3127 1617 senno
3172 1546 3291 1615 xl.

2375 1689 2426 1756 0
2466 1706 2663 1774 quam
2694 1689 2891 1759 bonus
2943 1696 3006 1758 et
3059 1691 3284 1758 suavis
3332 1692 3425 1755 est
3446 1735 3467 1767 ,
3525 1687 3833 1766 Domine,

2290 1799 2590 1882 Spiritus
2626 1805 2778 1866 tuus
2815 1800 2895 1865 in
2936 1796 3122 1866 nobis
3156 1798 3236 1858 ¹¹1
3277 1793 3442 1862 Vere
3487 1796 3704 1860 bonus
3746 1796 3840 1859 est

2291 1903 2565 1989 Spiritus
2592 1911 2850 1971 sanctus
2886 1906 2954 1970 in
2996 1904 3201 1970 nobis.
3258 1901 3473 1968 Bonus
3512 1902 3738 1985 utique
3771 1901 3837 1964 in

2288 2018 2693 2096 peccatorum
2719 2013 3096 2079 remissione
3121 2060 3138 2093 ‚
3188 2011 3258 2075 in
3285 2010 3604 2077 virtutum
3642 2008 3836 2073 colla-

2289 2120 2460 2187 tione
2483 2170 2501 2201 ,
2531 2122 2603 2187 in
2630 2139 2935 2186 sensuum
2963 2118 3451 2196 illuminatione,
3487 2118 3557 2181 in
3584 2117 3837 2181 anima-

2289 2243 2438 2293 rum
2462 2229 2835 2296 elevatione.
2869 2227 3084 2293 Primo
3110 2227 3301 2291 modo
3324 2226 3537 2291 bonus
3563 2229 3661 2289 est
3681 2225 3839 2289 inci-

2289 2337 2647 2421 pientibus;
2691 2337 3005 2417 secundo,
3044 2334 3550 2419 proficientibus3
3599 2335 3793 2399 tertio
3816 2383 3836 2415 ‚

2288 2445 2914 2526 consummantibus;
2971 2448 3203 2528 quarto
3223 2492 3241 2524 ‚
3296 2444 3366 2507 in
3445 2442 3836 2526 pervenien-

2286 2550 2484 2617 tibus.

2368 2656 2456 2723 De
2487 2659 2695 2741 primo
2721 2658 2953 2724 dicitur
2979 2657 3085 2723 hic
3112 2678 3129 2723 ε
3164 2657 3214 2722 0
3232 2673 3427 2741 quam
3451 2655 3678 2735 bouus,
3710 2661 3831 2723 etc.

2289 2765 2474 2844 Quod
2517 2769 2732 2831 autem
2773 2764 2943 2831 istud
2983 2767 3064 2832 de
3107 2767 3392 2831 bonitate
3436 2764 3834 2831 remissionis

2288 2873 2656 2956 accipiatur,
2687 2876 2860 2956 patet
2899 2891 2983 2939 ex
3005 2878 3232 2954 textu3
3281 2874 3374 2939 sic
3399 2874 3575 2939 enim
3601 2873 3836 2939 dicitur

2287 2979 2530 3045 ibidem
2544 2981 2589 3016 ¹²
2608 2978 2896 3045 :uParcis
2923 2984 3141 3046 autem
3165 2980 3464 3045 omnibus
3476 3028 3498 3061 ,
3523 2979 3834 3064 quoniam

2287 3091 2401 3152 tua
2427 3092 2612 3167 sunt,
2643 3086 2908 3152 Domine
2930 3136 2947 3166 ‚
2995 3088 3111 3172 qui
3155 3105 3336 3153 amas
3377 3088 3668 3168 animas;
3699 3111 3732 3150 ι
3769 3092 3831 3154 et

2288 3194 2659 3260 immediate
2700 3194 3002 3260 additur:
3041 3193 3092 3260 0
3121 3210 3315 3278 quam
3340 3195 3538 3262 bonus
3581 3203 3646 3263 et
3672 3211 3832 3262 sua-

2285 3303 2389 3369 vis
2405 3350 2423 3382 ‚
2470 3306 2588 3367 etc.
2640 3299 2937 3368 Suavitas
2978 3301 3088 3367 Dei
3139 3301 3373 3385 triplex
3419 3306 3517 3368 est
3526 3350 3551 3383 ,
3597 3301 3835 3368 scilieet

2283 3409 2593 3475 naturalis
2615 3458 2633 3490 ,
2675 3409 3021 3494 spiritualis
3035 3457 3060 3490 ,
3114 3409 3456 3475 aeternalis.
3510 3408 3833 3476 Naturalis

2284 3519 2458 3600 patet
2478 3515 2546 3580 in
2587 3515 2982 3594 inanimatis,
3008 3520 3182 3600 patet
3218 3516 3289 3581 in
3309 3516 3787 3598 vegetabilibus
3809 3563 3828 3595 ,

2285 3626 2455 3706 patet
2481 3624 2694 3705 magis
2737 3624 2808 3688 in
2843 3623 3252 3690 sensibilibus
3267 3671 3289 3704 ,
3330 3627 3503 3708 patet
3542 3624 3830 3690 maxime

2282 3728 2354 3793 in
2383 3729 2871 3796 rationabilibus
2892 3777 2911 3809 ,
2946 3730 3002 3794 si
3035 3731 3181 3815 quis
3212 3729 3556 3811 diligenter
3592 3729 3663 3795 in
3690 3732 3826 3795 sin-

2285 3836 2457 3920 gulis
2482 3837 2965 3920 contempletur.
2995 3836 3120 3902 Sed
3144 3837 3334 3903 multi
3355 3837 3478 3902 ista
3504 3837 3824 3903 suavitate

2282 3961 2416 4009 non
2447 3948 2721 4011 utuntur
2737 3993 2754 4026 ,
2794 3945 2904 4010 sed
2946 3946 3344 4026 abutuntur3
3383 3947 3447 4011 et
3480 3945 3625 4011 ideo
3667 3963 3827 4014 vera

2283 4052 2590 4136 sapientia
2616 4057 2868 4134 carent,
2899 4053 2978 4118 de
3008 4073 3141 4138 qua
3166 4056 3214 4096 ¹⁸
3245 4073 3263 4119 ε
3301 4078 3334 4117 <1
3355 4052 3499 4120 Non
3527 4054 3819 4120 invenie-

2280 4160 2483 4224 turin
2507 4162 2681 4224 terra
2710 4159 2992 4225 suaviter
3018 4160 3401 4227 viventium.
3431 4181 3463 4221 n
3498 4158 3658 4225 Item
3694 4155 3825 4245 spi-

2282 4266 2594 4331 ritualiter
2619 4284 2753 4332 non
2791 4266 2999 4332 solum
3028 4270 3124 4333 est
3163 4267 3234 4332 in
3258 4267 3639 4333 remissione
3674 4285 3826 4351 pec·

2281 4379 2593 4457 catorum,
2622 4376 2733 4457 sed
2757 4376 2951 4440 etiam
2973 4376 3045 4441 in
3071 4377 3374 4442 unctione
3396 4376 3721 4442 donorum
3738 4375 3822 4443 ¹⁸:

2285 4504 2319 4544 ι
2344 4481 2576 4549 Muscae
2603 4484 2947 4549 morientes
2974 4485 3257 4568 perdunt
3282 4485 3665 4551 suavitatem
3705 4501 3823 4549 un·

2282 4592 2508 4671 guenti
2528 4636 2547 4670 ‚
2576 4611 2608 4651 n
2648 4590 2715 4655 id
2739 4593 2874 4671 est,
2911 4591 3139 4674 gratiae
3175 4591 3449 4673 Spiritus
3475 4591 3711 4672 sancti,
3745 4590 3823 4655 de

2279 4715 2409 4781 qua
2441 4697 2850 4779 Augustinus
2882 4698 2928 4738 ¹⁸
2959 4718 2975 4762 ε
3017 4721 3049 4762 ι
3075 4698 3310 4765 Suavis
3359 4715 3466 4778 es,
3506 4696 3818 4776 Domine,

2280 4803 2588 4870 confessio
2615 4803 2940 4886 mvis1est
2964 4804 3082 4869 tibi
3099 4804 3311 4887 gratia
3339 4808 3457 4872 tua
3477 4807 3548 4870 ¹⁸.
3575 4827 3608 4867 ι
3643 4804 3822 4871 Mus-

2279 4932 2372 4978 cae
2430 4912 2715 4980 volantes
2736 4961 2756 4994 ,
2806 4916 3170 4996 pungentes
3191 4959 3211 4995 ,
3263 4914 3393 4979 mel
3438 4918 3777 5000 sequentes
3794 4961 3818 4994 ,

2277 5025 2431 5086 sunt
2454 5021 2794 5105 superflua!
2821 5026 2888 5087 et
2910 5020 3178 5088 curiosae
3200 5021 3641 5105 cogitationes,
3674 5039 3822 5087 ran·

2251 5146 2443 5226 ‚eosae
2481 5128 2848 5196 affectiones
2869 5174 2888 5210 ,
2927 5129 3213 5196 carnales
3258 5128 3729 5197 delectationes.
3768 5127 3819 5196 Ο

2275 5328 2299 5365 ¹
2325 5327 2462 5388 Luc..
2489 5339 2587 5394 ιιι,
2615 5330 2759 5380 19.-
2791 5327 2834 5365 ⁸·
2858 5327 2980 5394 Im„
3006 5338 3115 5394 ut,
3145 5331 3193 5381 1.
3220 5353 3285 5367 -
3307 5329 3352 5366 ¹¹
3375 5328 3522 5395 Sap„
3547 5340 3651 5396 ιιι,
3680 5331 3730 5381 1.
3755 5349 3818 5369 -·

2279 5402 2319 5437 ¹⁸
2345 5401 2495 5467 lbid.,
2521 5412 2597 5465 xl,
2624 5402 2703 5453 m.
2725 5423 2789 5439 -
2810 5401 2852 5438 ²⁸
2876 5398 2985 5461 lob,
3007 5412 3196 5467 xxvm,
3221 5402 3303 5454 13.
3330 5426 3395 5441 -
3417 5401 3456 5439 ¹⁴
3476 5400 3665 5466 Recte„
3686 5413 3742 5467 x,
3765 5406 3813 5452 1.

2280 5499 2337 5512 -
2365 5473 2409 5511 ¹⁸
2434 5474 2566 5539 Aug.
2590 5497 2655 5513 -
2687 5473 2730 5511 ¹⁸
2756 5474 2925 5526 Locus
2955 5475 3244 5541 corruptus.
