<?xml version="1.0" encoding="UTF-8"?>
<!DOCTYPE html PUBLIC "-//W3C//DTD XHTML 1.0 Transitional//EN"
    "http://www.w3.org/TR/xhtml1/DTD/xhtml1-transitional.dtd">
<html xmlns="http://www.w3.org/1999/xhtml" xml:lang="en" lang="en">
 <head>
  <title>
</title>
<meta http-equiv="Content-Type" content="text/html;charset=utf-8" />
  <meta name='ocr-system' content='tesseract 3.04.00' />
  <meta name='ocr-capabilities' content='ocr_page ocr_carea ocr_par ocr_line ocrx_word'/>
</head>
<body>
  <div class='ocr_page' id='page_1' title='image "./srecardinalissb02peltgoog_0340.png"; bbox 0 0 4059 6317; ppageno 0'>
   <div class='ocr_carea' id='block_1_1' title="bbox 626 460 2179 2614">
    <p class='ocr_par' dir='ltr' id='par_1_1' title="bbox 639 460 2176 772">
     <span class='ocr_line' id='line_1_1' title="bbox 643 460 761 522; baseline 0 0"><span class='ocrx_word' id='word_1_1' title='bbox 643 460 761 522; x_wconf 80' lang='lat'><strong>3⁰2</strong></span> 
     </span>
     <span class='ocr_line' id='line_1_2' title="bbox 640 589 2176 681; baseline 0.003 -28"><span class='ocrx_word' id='word_1_2' title='bbox 640 589 1027 657; x_wconf 85' lang='lat' dir='ltr'><strong>tionabiliter</strong></span> <span class='ocrx_word' id='word_1_3' title='bbox 1085 596 1259 678; x_wconf 83' lang='lat' dir='ltr'><strong>quod</strong></span> <span class='ocrx_word' id='word_1_4' title='bbox 1321 596 1711 662; x_wconf 84' lang='lat' dir='ltr'><strong>insufficiens</strong></span> <span class='ocrx_word' id='word_1_5' title='bbox 1766 598 1851 662; x_wconf 90' lang='lat' dir='ltr'><strong>sit</strong></span> <span class='ocrx_word' id='word_1_6' title='bbox 1907 594 2176 681; x_wconf 80' lang='lat' dir='ltr'>quilibet</span> 
     </span>
     <span class='ocr_line' id='line_1_3' title="bbox 639 697 1735 772; baseline 0.007 -12"><span class='ocrx_word' id='word_1_7' title='bbox 639 697 925 772; x_wconf 85' lang='lat' dir='ltr'><strong>mortalis</strong></span> <span class='ocrx_word' id='word_1_8' title='bbox 949 699 1146 766; x_wconf 91' lang='lat' dir='ltr'><strong>homo</strong></span> <span class='ocrx_word' id='word_1_9' title='bbox 1173 703 1256 767; x_wconf 90' lang='lat' dir='ltr'><strong>ad</strong></span> <span class='ocrx_word' id='word_1_10' title='bbox 1280 702 1735 770; x_wconf 83' lang='lat' dir='ltr'><strong>enarrandum.</strong></span> 
     </span>
    </p>

    <p class='ocr_par' dir='ltr' id='par_1_2' title="bbox 626 804 2179 2614">
     <span class='ocr_line' id='line_1_4' title="bbox 717 804 2176 880; baseline 0.004 -10"><span class='ocrx_word' id='word_1_11' title='bbox 717 804 929 874; x_wconf 89' lang='lat' dir='ltr'><strong>Tertio</strong></span> <span class='ocrx_word' id='word_1_12' title='bbox 964 810 1334 877; x_wconf 88' lang='lat' dir='ltr'><strong>babuerunt</strong></span> <span class='ocrx_word' id='word_1_13' title='bbox 1370 812 1718 879; x_wconf 77' lang='lat' dir='ltr'><strong>terribilem</strong></span> <span class='ocrx_word' id='word_1_14' title='bbox 1746 812 2176 880; x_wconf 74' lang='lat' dir='ltr'><strong>resonantiam</strong></span> 
     </span>
     <span class='ocr_line' id='line_1_5' title="bbox 639 914 2173 1004; baseline 0.003 -27"><span class='ocrx_word' id='word_1_15' title='bbox 639 914 1097 981; x_wconf 81' lang='lat' dir='ltr'>miraculorum</span> <span class='ocrx_word' id='word_1_16' title='bbox 1123 922 1188 983; x_wconf 88' lang='lat' dir='ltr'><strong>et</strong></span> <span class='ocrx_word' id='word_1_17' title='bbox 1211 919 1659 1001; x_wconf 79' lang='lat' dir='ltr'>prodigiorum</span> <span class='ocrx_word' id='word_1_18' title='bbox 1685 920 1755 984; x_wconf 90' lang='lat' dir='ltr'><strong>in</strong></span> <span class='ocrx_word' id='word_1_19' title='bbox 1781 919 2173 1004; x_wconf 72' lang='lat' dir='ltr'><strong>operatione,</strong></span> 
     </span>
     <span class='ocr_line' id='line_1_6' title="bbox 638 1020 2172 1105; baseline 0.005 -22"><span class='ocrx_word' id='word_1_20' title='bbox 638 1022 703 1083; x_wconf 90' lang='lat' dir='ltr'><strong>et</strong></span> <span class='ocrx_word' id='word_1_21' title='bbox 725 1020 850 1086; x_wconf 88' lang='lat' dir='ltr'><strong>hoc</strong></span> <span class='ocrx_word' id='word_1_22' title='bbox 867 1022 940 1087; x_wconf 92' lang='lat' dir='ltr'><strong>in</strong></span> <span class='ocrx_word' id='word_1_23' title='bbox 959 1023 1229 1105; x_wconf 89' lang='lat' dir='ltr'><strong>signum</strong></span> <span class='ocrx_word' id='word_1_24' title='bbox 1246 1025 1670 1093; x_wconf 82' lang='lat' dir='ltr'><strong>virtuositatis</strong></span> <span class='ocrx_word' id='word_1_25' title='bbox 1682 1031 1747 1092; x_wconf 92' lang='lat' dir='ltr'><strong>et</strong></span> <span class='ocrx_word' id='word_1_26' title='bbox 1770 1026 2172 1093; x_wconf 70' lang='lat' dir='ltr'><strong>constantim.</strong></span> 
     </span>
     <span class='ocr_line' id='line_1_7' title="bbox 639 1128 2178 1213; baseline 0.004 -19"><span class='ocrx_word' id='word_1_27' title='bbox 639 1128 816 1196; x_wconf 87' lang='lat' dir='ltr'><strong>Unde</strong></span> <span class='ocrx_word' id='word_1_28' title='bbox 841 1132 910 1196; x_wconf 90' lang='lat' dir='ltr'><strong>in</strong></span> <span class='ocrx_word' id='word_1_29' title='bbox 947 1132 1216 1199; x_wconf 77' lang='lat' dir='ltr'>Psalmis</span> <span class='ocrx_word' id='word_1_30' title='bbox 1244 1142 1263 1178; x_wconf 86' lang='lat'><strong>¹</strong></span> <span class='ocrx_word' id='word_1_31' title='bbox 1296 1151 1314 1198; x_wconf 71' lang='grc' dir='ltr'><strong><em>ε</em></strong></span> <span class='ocrx_word' id='word_1_32' title='bbox 1354 1159 1384 1196; x_wconf 76' lang='lat' dir='ltr'><strong>c</strong></span> <span class='ocrx_word' id='word_1_33' title='bbox 1413 1134 1653 1201; x_wconf 91' lang='lat' dir='ltr'><strong>Inclina</strong></span> <span class='ocrx_word' id='word_1_34' title='bbox 1677 1135 1870 1201; x_wconf 83' lang='lat' dir='ltr'><strong>coelos</strong></span> <span class='ocrx_word' id='word_1_35' title='bbox 1895 1140 2042 1201; x_wconf 88' lang='lat' dir='ltr'><strong>tuos</strong></span> <span class='ocrx_word' id='word_1_36' title='bbox 2063 1183 2082 1213; x_wconf 94' lang='lat'><strong><em>,</em></strong></span> <span class='ocrx_word' id='word_1_37' title='bbox 2112 1138 2178 1200; x_wconf 78' lang='lat' dir='ltr'><strong>et</strong></span> 
     </span>
     <span class='ocr_line' id='line_1_8' title="bbox 639 1235 2170 1326; baseline 0.005 -25"><span class='ocrx_word' id='word_1_38' title='bbox 639 1235 944 1304; x_wconf 88' lang='lat' dir='ltr'><strong>descende</strong></span> <span class='ocrx_word' id='word_1_39' title='bbox 992 1263 1008 1304; x_wconf 75' lang='grc' dir='ltr'><strong><em>ε</em></strong></span> <span class='ocrx_word' id='word_1_40' title='bbox 1060 1245 1261 1326; x_wconf 90' lang='lat' dir='ltr'><strong>tange</strong></span> <span class='ocrx_word' id='word_1_41' title='bbox 1304 1247 1554 1309; x_wconf 89' lang='lat' dir='ltr'><strong>montes</strong></span> <span class='ocrx_word' id='word_1_42' title='bbox 1571 1291 1593 1323; x_wconf 87' lang='lat'><em>,</em></span> <span class='ocrx_word' id='word_1_43' title='bbox 1634 1249 1699 1309; x_wconf 89' lang='lat' dir='ltr'><strong>et</strong></span> <span class='ocrx_word' id='word_1_44' title='bbox 1736 1243 2170 1326; x_wconf 84' lang='lat' dir='ltr'><strong>fumigabunt.</strong></span> 
     </span>
     <span class='ocr_line' id='line_1_9' title="bbox 637 1342 2170 1435; baseline 0.003 -28"><span class='ocrx_word' id='word_1_45' title='bbox 637 1342 925 1426; x_wconf 76' lang='lat' dir='ltr'><strong>Fulgura</strong></span> <span class='ocrx_word' id='word_1_46' title='bbox 941 1347 1030 1430; x_wconf 85' lang='lat' dir='ltr'><strong>(a)</strong></span> <span class='ocrx_word' id='word_1_47' title='bbox 1046 1350 1531 1431; x_wconf 87' lang='lat' dir='ltr'><strong>coruscationes,</strong></span> <span class='ocrx_word' id='word_1_48' title='bbox 1542 1354 1608 1416; x_wconf 90' lang='lat' dir='ltr'><strong>et</strong></span> <span class='ocrx_word' id='word_1_49' title='bbox 1631 1350 1961 1435; x_wconf 80' lang='lat' dir='ltr'>dissipabis</span> <span class='ocrx_word' id='word_1_50' title='bbox 1983 1368 2115 1415; x_wconf 90' lang='lat' dir='ltr'><strong>eos.</strong></span> <span class='ocrx_word' id='word_1_51' title='bbox 2138 1370 2170 1410; x_wconf 74' lang='lat' dir='ltr'><strong>s</strong></span> 
     </span>
     <span class='ocr_line' id='line_1_10' title="bbox 638 1451 2179 1540; baseline 0.006 -27"><span class='ocrx_word' id='word_1_52' title='bbox 638 1451 894 1520; x_wconf 80' lang='lat' dir='ltr'><strong>Inclina</strong></span> <span class='ocrx_word' id='word_1_53' title='bbox 922 1455 1106 1522; x_wconf 81' lang='lat' dir='ltr'><strong>coelos</strong></span> <span class='ocrx_word' id='word_1_54' title='bbox 1132 1463 1276 1524; x_wconf 81' lang='lat' dir='ltr'><strong>tuos</strong></span> <span class='ocrx_word' id='word_1_55' title='bbox 1292 1505 1312 1536; x_wconf 91' lang='lat'>‚</span> <span class='ocrx_word' id='word_1_56' title='bbox 1347 1457 1415 1523; x_wconf 92' lang='lat' dir='ltr'><strong>id</strong></span> <span class='ocrx_word' id='word_1_57' title='bbox 1443 1461 1541 1522; x_wconf 91' lang='lat' dir='ltr'><strong>est</strong></span> <span class='ocrx_word' id='word_1_58' title='bbox 1564 1457 2087 1540; x_wconf 86' lang='lat' dir='ltr'><strong>contemplativos</strong></span> <span class='ocrx_word' id='word_1_59' title='bbox 2114 1461 2179 1522; x_wconf 91' lang='lat' dir='ltr'><strong>et</strong></span> 
     </span>
     <span class='ocr_line' id='line_1_11' title="bbox 638 1558 2179 1648; baseline 0.005 -26"><span class='ocrx_word' id='word_1_60' title='bbox 638 1558 922 1626; x_wconf 86' lang='lat' dir='ltr'><strong>coelestes</strong></span> <span class='ocrx_word' id='word_1_61' title='bbox 963 1562 1137 1628; x_wconf 87' lang='lat' dir='ltr'><strong>viros</strong></span> <span class='ocrx_word' id='word_1_62' title='bbox 1156 1612 1175 1643; x_wconf 90' lang='lat'><strong>,</strong></span> <span class='ocrx_word' id='word_1_63' title='bbox 1223 1564 1304 1628; x_wconf 86' lang='lat' dir='ltr'><strong>ad</strong></span> <span class='ocrx_word' id='word_1_64' title='bbox 1357 1563 1649 1630; x_wconf 91' lang='lat' dir='ltr'><strong>homines</strong></span> <span class='ocrx_word' id='word_1_65' title='bbox 1694 1569 1981 1631; x_wconf 86' lang='lat' dir='ltr'><strong>terrenos</strong></span> <span class='ocrx_word' id='word_1_66' title='bbox 1996 1614 2016 1646; x_wconf 89' lang='lat'>,</span> <span class='ocrx_word' id='word_1_67' title='bbox 2062 1583 2179 1648; x_wconf 88' lang='lat' dir='ltr'><strong>per</strong></span> 
     </span>
     <span class='ocr_line' id='line_1_12' title="bbox 636 1667 2178 1756; baseline 0.004 -25"><span class='ocrx_word' id='word_1_68' title='bbox 636 1667 1171 1749; x_wconf 70' lang='lat' dir='ltr'><strong>praedicationem.</strong></span> <span class='ocrx_word' id='word_1_69' title='bbox 1188 1671 1272 1739; x_wconf 81' lang='lat' dir='ltr'><strong>Ec</strong></span> <span class='ocrx_word' id='word_1_70' title='bbox 1289 1670 1591 1740; x_wconf 79' lang='lat' dir='ltr'><strong>descende</strong></span> <span class='ocrx_word' id='word_1_71' title='bbox 1610 1690 1725 1756; x_wconf 88' lang='lat' dir='ltr'><strong>per</strong></span> <span class='ocrx_word' id='word_1_72' title='bbox 1753 1672 2178 1738; x_wconf 88' lang='lat' dir='ltr'><strong>illuminantis</strong></span> 
     </span>
     <span class='ocr_line' id='line_1_13' title="bbox 640 1776 2178 1864; baseline 0.001 -23"><span class='ocrx_word' id='word_1_73' title='bbox 640 1776 868 1856; x_wconf 83' lang='lat' dir='ltr'><strong>gratiae</strong></span> <span class='ocrx_word' id='word_1_74' title='bbox 879 1778 1433 1844; x_wconf 78' lang='lat' dir='ltr'><strong>cohabitationem.</strong></span> <span class='ocrx_word' id='word_1_75' title='bbox 1464 1780 1674 1864; x_wconf 71' lang='lat' dir='ltr'><strong>Tanqe</strong></span> <span class='ocrx_word' id='word_1_76' title='bbox 1701 1784 1972 1858; x_wconf 78' lang='lat' dir='ltr'><strong>montes,</strong></span> <span class='ocrx_word' id='word_1_77' title='bbox 1994 1778 2062 1844; x_wconf 94' lang='lat' dir='ltr'><strong>id</strong></span> <span class='ocrx_word' id='word_1_78' title='bbox 2084 1783 2178 1844; x_wconf 86' lang='lat' dir='ltr'><strong>est</strong></span> 
     </span>
     <span class='ocr_line' id='line_1_14' title="bbox 638 1885 2177 1966; baseline 0.003 -19"><span class='ocrx_word' id='word_1_79' title='bbox 638 1885 968 1966; x_wconf 73' lang='lat' dir='ltr'><strong>superboS‚</strong></span> <span class='ocrx_word' id='word_1_80' title='bbox 997 1885 1366 1952; x_wconf 89' lang='lat' dir='ltr'><strong>incutiendo</strong></span> <span class='ocrx_word' id='word_1_81' title='bbox 1388 1888 1481 1952; x_wconf 89' lang='lat' dir='ltr'><strong>eis</strong></span> <span class='ocrx_word' id='word_1_82' title='bbox 1505 1887 1806 1952; x_wconf 91' lang='lat' dir='ltr'><strong>timorem</strong></span> <span class='ocrx_word' id='word_1_83' title='bbox 1834 1887 2044 1951; x_wconf 81' lang='lat' dir='ltr'><strong>filialis</strong></span> <span class='ocrx_word' id='word_1_84' title='bbox 2071 1905 2177 1951; x_wconf 89' lang='lat' dir='ltr'><strong>re-</strong></span> 
     </span>
     <span class='ocr_line' id='line_1_15' title="bbox 637 1992 2176 2078; baseline 0.001 -21"><span class='ocrx_word' id='word_1_85' title='bbox 637 1992 965 2058; x_wconf 80' lang='lat' dir='ltr'><strong>verentiae.</strong></span> <span class='ocrx_word' id='word_1_86' title='bbox 1012 1993 1109 2061; x_wconf 86' lang='lat' dir='ltr'><strong>Et</strong></span> <span class='ocrx_word' id='word_1_87' title='bbox 1149 1994 1559 2077; x_wconf 73' lang='lat' dir='ltr'><strong>rumiqabunc</strong></span> <span class='ocrx_word' id='word_1_88' title='bbox 1598 2013 1713 2078; x_wconf 86' lang='lat' dir='ltr'><strong>per</strong></span> <span class='ocrx_word' id='word_1_89' title='bbox 1750 1993 2176 2078; x_wconf 81' lang='lat' dir='ltr'><strong>lacrymosam</strong></span> 
     </span>
     <span class='ocr_line' id='line_1_16' title="bbox 637 2100 2175 2196; baseline 0.003 -31"><span class='ocrx_word' id='word_1_90' title='bbox 637 2100 1080 2167; x_wconf 68' lang='lat' dir='ltr'><strong>contritionem</strong></span> <span class='ocrx_word' id='word_1_91' title='bbox 1095 2148 1113 2184; x_wconf 86' lang='lat'>‚</span> <span class='ocrx_word' id='word_1_92' title='bbox 1141 2106 1216 2167; x_wconf 89' lang='lat' dir='ltr'><strong>ut</strong></span> <span class='ocrx_word' id='word_1_93' title='bbox 1241 2103 1696 2196; x_wconf 81' lang='lat' dir='ltr'><strong>excaecationes</strong></span> <span class='ocrx_word' id='word_1_94' title='bbox 1722 2107 1785 2168; x_wconf 89' lang='lat' dir='ltr'><strong>et</strong></span> <span class='ocrx_word' id='word_1_95' title='bbox 1810 2122 2034 2169; x_wconf 90' lang='lat' dir='ltr'><strong>omnes</strong></span> <span class='ocrx_word' id='word_1_96' title='bbox 2062 2123 2175 2169; x_wconf 82' lang='lat' dir='ltr'><strong>va-</strong></span> 
     </span>
     <span class='ocr_line' id='line_1_17' title="bbox 637 2208 2176 2294; baseline 0.006 -22"><span class='ocrx_word' id='word_1_97' title='bbox 637 2225 824 2291; x_wconf 90' lang='lat' dir='ltr'><strong>pores</strong></span> <span class='ocrx_word' id='word_1_98' title='bbox 851 2208 1064 2274; x_wconf 83' lang='lat' dir='ltr'><strong>vitiosi</strong></span> <span class='ocrx_word' id='word_1_99' title='bbox 1091 2210 1489 2292; x_wconf 86' lang='lat' dir='ltr'><strong>auferantur,</strong></span> <span class='ocrx_word' id='word_1_100' title='bbox 1526 2214 1590 2276; x_wconf 89' lang='lat' dir='ltr'><strong>et</strong></span> <span class='ocrx_word' id='word_1_101' title='bbox 1618 2214 1771 2277; x_wconf 86' lang='lat' dir='ltr'><strong>tunc</strong></span> <span class='ocrx_word' id='word_1_102' title='bbox 1796 2210 2062 2294; x_wconf 64' lang='lat' dir='ltr'><strong>fulgura</strong></span> <span class='ocrx_word' id='word_1_103' title='bbox 2086 2211 2176 2294; x_wconf 83' lang='lat' dir='ltr'><strong>(a)</strong></span> 
     </span>
     <span class='ocr_line' id='line_1_18' title="bbox 626 2316 2179 2402; baseline 0 -19"><span class='ocrx_word' id='word_1_104' title='bbox 626 2317 1106 2396; x_wconf 63' lang='lat' dir='ltr'><strong>„coruscationes</strong></span> <span class='ocrx_word' id='word_1_105' title='bbox 1145 2316 1488 2400; x_wconf 88' lang='lat' dir='ltr'><strong>signorum</strong></span> <span class='ocrx_word' id='word_1_106' title='bbox 1529 2324 1594 2383; x_wconf 89' lang='lat' dir='ltr'><strong>et</strong></span> <span class='ocrx_word' id='word_1_107' title='bbox 1620 2318 2069 2402; x_wconf 81' lang='lat' dir='ltr'><strong>prodigiorum</strong></span> <span class='ocrx_word' id='word_1_108' title='bbox 2096 2318 2179 2383; x_wconf 86' lang='lat' dir='ltr'><strong>ad</strong></span> 
     </span>
     <span class='ocr_line' id='line_1_19' title="bbox 636 2423 2171 2508; baseline 0.003 -21"><span class='ocrx_word' id='word_1_109' title='bbox 636 2423 1103 2505; x_wconf 73' lang='lat' dir='ltr'><strong>praedicationis</strong></span> <span class='ocrx_word' id='word_1_110' title='bbox 1144 2425 1540 2508; x_wconf 62' lang='lat' dir='ltr'><strong>evangelicae</strong></span> <span class='ocrx_word' id='word_1_111' title='bbox 1580 2427 2127 2492; x_wconf 87' lang='lat' dir='ltr'><strong>confirmationem</strong></span> <span class='ocrx_word' id='word_1_112' title='bbox 2149 2473 2171 2507; x_wconf 88' lang='lat'><em>,</em></span> 
     </span>
     <span class='ocr_line' id='line_1_20' title="bbox 637 2531 2177 2614; baseline 0.003 -20"><span class='ocrx_word' id='word_1_113' title='bbox 637 2533 713 2594; x_wconf 89' lang='lat' dir='ltr'><strong>ut</strong></span> <span class='ocrx_word' id='word_1_114' title='bbox 738 2548 902 2614; x_wconf 88' lang='lat' dir='ltr'><strong>quos</strong></span> <span class='ocrx_word' id='word_1_115' title='bbox 925 2531 1199 2597; x_wconf 80' lang='lat' dir='ltr'><strong>efficacia</strong></span> <span class='ocrx_word' id='word_1_116' title='bbox 1223 2533 1406 2598; x_wconf 80' lang='lat' dir='ltr'><strong>verbi</strong></span> <span class='ocrx_word' id='word_1_117' title='bbox 1433 2551 1567 2599; x_wconf 91' lang='lat' dir='ltr'><strong>non</strong></span> <span class='ocrx_word' id='word_1_118' title='bbox 1593 2537 1843 2614; x_wconf 87' lang='lat' dir='ltr'><strong>movet,</strong></span> <span class='ocrx_word' id='word_1_119' title='bbox 1864 2532 2177 2598; x_wconf 90' lang='lat' dir='ltr'><strong>miracula</strong></span> 
     </span>
    </p>
   </div>
   <div class='ocr_carea' id='block_1_2' title="bbox 519 2638 2177 2724">
    <p class='ocr_par' dir='ltr' id='par_1_3' title="bbox 519 2638 2177 2724">
     <span class='ocr_line' id='line_1_21' title="bbox 519 2638 2177 2724; baseline 0.003 -23"><span class='ocrx_word' id='word_1_120' title='bbox 519 2675 526 2684; x_wconf 86' lang='lat'><strong>·</strong></span> <span class='ocrx_word' id='word_1_121' title='bbox 638 2638 1037 2716; x_wconf 86' lang='lat' dir='ltr'><strong>confirment,</strong></span> <span class='ocrx_word' id='word_1_122' title='bbox 1063 2645 1128 2705; x_wconf 89' lang='lat' dir='ltr'><strong>et</strong></span> <span class='ocrx_word' id='word_1_123' title='bbox 1148 2657 1312 2722; x_wconf 86' lang='lat' dir='ltr'><strong>quos</strong></span> <span class='ocrx_word' id='word_1_124' title='bbox 1337 2640 1701 2724; x_wconf 64' lang='lat' dir='ltr'><strong>praedicatio</strong></span> <span class='ocrx_word' id='word_1_125' title='bbox 1722 2639 1804 2706; x_wconf 90' lang='lat' dir='ltr'><strong>ad</strong></span> <span class='ocrx_word' id='word_1_126' title='bbox 1826 2641 2021 2706; x_wconf 85' lang='lat' dir='ltr'><strong>fidem</strong></span> <span class='ocrx_word' id='word_1_127' title='bbox 2043 2658 2177 2706; x_wconf 92' lang='lat' dir='ltr'><strong>non</strong></span> 
     </span>
    </p>
   </div>
   <div class='ocr_carea' id='block_1_3' title="bbox 635 2745 2176 3582">
    <p class='ocr_par' dir='ltr' id='par_1_4' title="bbox 637 2745 2176 3150">
     <span class='ocr_line' id='line_1_22' title="bbox 639 2745 2176 2831; baseline 0.002 -22"><span class='ocrx_word' id='word_1_128' title='bbox 639 2749 893 2827; x_wconf 85' lang='lat' dir='ltr'><strong>movet,</strong></span> <span class='ocrx_word' id='word_1_129' title='bbox 923 2745 1147 2811; x_wconf 87' lang='lat' dir='ltr'><strong>saltem</strong></span> <span class='ocrx_word' id='word_1_130' title='bbox 1174 2746 1315 2830; x_wconf 90' lang='lat' dir='ltr'><strong>ipsa</strong></span> <span class='ocrx_word' id='word_1_131' title='bbox 1352 2747 1650 2831; x_wconf 87' lang='lat' dir='ltr'><strong>prodigia</strong></span> <span class='ocrx_word' id='word_1_132' title='bbox 1676 2747 1991 2827; x_wconf 86' lang='lat' dir='ltr'><strong>excitent,</strong></span> <span class='ocrx_word' id='word_1_133' title='bbox 2019 2746 2176 2831; x_wconf 82' lang='lat' dir='ltr'><strong>quia</strong></span> 
     </span>
     <span class='ocr_line' id='line_1_23' title="bbox 637 2835 2173 2939; baseline 0.002 -23"><span class='ocrx_word' id='word_1_134' title='bbox 637 2869 752 2936; x_wconf 74' lang='lat' dir='ltr'><strong>per</strong></span> <span class='ocrx_word' id='word_1_135' title='bbox 774 2852 899 2917; x_wconf 86' lang='lat' dir='ltr'><strong>hoc</strong></span> <span class='ocrx_word' id='word_1_136' title='bbox 924 2835 1254 2936; x_wconf 68' lang='lat' dir='ltr'><strong>dissipabis</strong></span> <span class='ocrx_word' id='word_1_137' title='bbox 1279 2872 1389 2919; x_wconf 76' lang='lat' dir='ltr'><strong>eos</strong></span> <span class='ocrx_word' id='word_1_138' title='bbox 1417 2854 1728 2939; x_wconf 81' lang='lat' dir='ltr'><strong>spirituali</strong></span> <span class='ocrx_word' id='word_1_139' title='bbox 1757 2860 1820 2920; x_wconf 75' lang='lat' dir='ltr'><strong>et</strong></span> <span class='ocrx_word' id='word_1_140' title='bbox 1844 2854 2007 2920; x_wconf 73' lang='lat' dir='ltr'><strong>felici</strong></span> <span class='ocrx_word' id='word_1_141' title='bbox 2038 2856 2173 2921; x_wconf 78' lang='lat' dir='ltr'><strong>dis-</strong></span> 
     </span>
     <span class='ocr_line' id='line_1_24' title="bbox 638 2958 2176 3044; baseline 0.005 -23"><span class='ocrx_word' id='word_1_142' title='bbox 638 2958 946 3041; x_wconf 89' lang='lat' dir='ltr'><strong>sipatione</strong></span> <span class='ocrx_word' id='word_1_143' title='bbox 954 3006 978 3039; x_wconf 89' lang='lat'><em>,</em></span> <span class='ocrx_word' id='word_1_144' title='bbox 1005 2963 1325 3044; x_wconf 82' lang='lat' dir='ltr'><strong>quantum</strong></span> <span class='ocrx_word' id='word_1_145' title='bbox 1349 2960 1431 3025; x_wconf 90' lang='lat' dir='ltr'><strong>ad</strong></span> <span class='ocrx_word' id='word_1_146' title='bbox 1458 2959 1618 3026; x_wconf 88' lang='lat' dir='ltr'><strong>vitia</strong></span> <span class='ocrx_word' id='word_1_147' title='bbox 1641 2965 1706 3026; x_wconf 90' lang='lat' dir='ltr'><strong>et</strong></span> <span class='ocrx_word' id='word_1_148' title='bbox 1729 2968 2013 3044; x_wconf 88' lang='lat' dir='ltr'><strong>peccata,</strong></span> <span class='ocrx_word' id='word_1_149' title='bbox 2045 2981 2176 3028; x_wconf 91' lang='lat' dir='ltr'><strong>non</strong></span> 
     </span>
     <span class='ocr_line' id='line_1_25' title="bbox 637 3065 2172 3150; baseline 0.003 -22"><span class='ocrx_word' id='word_1_150' title='bbox 637 3069 713 3128; x_wconf 90' lang='lat' dir='ltr'><strong>ut</strong></span> <span class='ocrx_word' id='word_1_151' title='bbox 737 3069 1021 3147; x_wconf 89' lang='lat' dir='ltr'><strong>pereant,</strong></span> <span class='ocrx_word' id='word_1_152' title='bbox 1051 3065 1163 3132; x_wconf 92' lang='lat' dir='ltr'><strong>sed</strong></span> <span class='ocrx_word' id='word_1_153' title='bbox 1188 3071 1261 3131; x_wconf 92' lang='lat' dir='ltr'><strong>ut</strong></span> <span class='ocrx_word' id='word_1_154' title='bbox 1288 3067 1487 3132; x_wconf 84' lang='lat' dir='ltr'><strong>vitam</strong></span> <span class='ocrx_word' id='word_1_155' title='bbox 1518 3067 1746 3149; x_wconf 82' lang='lat' dir='ltr'><strong>gratiae</strong></span> <span class='ocrx_word' id='word_1_156' title='bbox 1774 3073 2172 3150; x_wconf 82' lang='lat' dir='ltr'><strong>recuperent.</strong></span> 
     </span>
    </p>

    <p class='ocr_par' dir='ltr' id='par_1_5' title="bbox 635 3171 2176 3582">
     <span class='ocr_line' id='line_1_26' title="bbox 718 3171 2173 3259; baseline 0.003 -22"><span class='ocrx_word' id='word_1_157' title='bbox 718 3171 928 3239; x_wconf 83' lang='lat' dir='ltr'><strong>Tertio</strong></span> <span class='ocrx_word' id='word_1_158' title='bbox 973 3174 1354 3240; x_wconf 82' lang='lat' dir='ltr'><strong>describitur</strong></span> <span class='ocrx_word' id='word_1_159' title='bbox 1411 3193 1693 3259; x_wconf 86' lang='lat' dir='ltr'><strong>praesens</strong></span> <span class='ocrx_word' id='word_1_160' title='bbox 1749 3176 2133 3241; x_wconf 79' lang='lat' dir='ltr'><strong>beneficium</strong></span> <span class='ocrx_word' id='word_1_161' title='bbox 2150 3222 2173 3256; x_wconf 89' lang='lat'>‚</span> 
     </span>
     <span class='ocr_line' id='line_1_27' title="bbox 637 3280 2173 3366; baseline 0.003 -24"><span class='ocrx_word' id='word_1_162' title='bbox 637 3282 956 3361; x_wconf 76' lang='lat' dir='ltr'><strong>quantum</strong></span> <span class='ocrx_word' id='word_1_163' title='bbox 978 3280 1062 3366; x_wconf 78' lang='lat' dir='ltr'><strong>ad</strong></span> <span class='ocrx_word' id='word_1_164' title='bbox 1089 3284 1304 3346; x_wconf 88' lang='lat' dir='ltr'><strong>actum</strong></span> <span class='ocrx_word' id='word_1_165' title='bbox 1330 3282 1784 3348; x_wconf 90' lang='lat' dir='ltr'><strong>intermedium</strong></span> <span class='ocrx_word' id='word_1_166' title='bbox 1801 3329 1819 3360; x_wconf 87' lang='lat'>,</span> <span class='ocrx_word' id='word_1_167' title='bbox 1846 3282 1915 3346; x_wconf 92' lang='lat' dir='ltr'><strong>in</strong></span> <span class='ocrx_word' id='word_1_168' title='bbox 1943 3283 2173 3365; x_wconf 88' lang='lat' dir='ltr'><strong>singu-</strong></span> 
     </span>
     <span class='ocr_line' id='line_1_28' title="bbox 635 3386 2172 3472; baseline 0.004 -21"><span class='ocrx_word' id='word_1_169' title='bbox 635 3386 762 3452; x_wconf 88' lang='lat' dir='ltr'><strong>lari</strong></span> <span class='ocrx_word' id='word_1_170' title='bbox 802 3389 1167 3472; x_wconf 86' lang='lat' dir='ltr'><strong>operatione</strong></span> <span class='ocrx_word' id='word_1_171' title='bbox 1180 3437 1203 3470; x_wconf 93' lang='lat'><em>,</em></span> <span class='ocrx_word' id='word_1_172' title='bbox 1249 3408 1399 3457; x_wconf 90' lang='lat' dir='ltr'><strong>cum</strong></span> <span class='ocrx_word' id='word_1_173' title='bbox 1451 3389 1764 3456; x_wconf 84' lang='lat' dir='ltr'><strong>subinfert</strong></span> <span class='ocrx_word' id='word_1_174' title='bbox 1808 3409 1827 3456; x_wconf 71' lang='grc' dir='ltr'>ι</span> <span class='ocrx_word' id='word_1_175' title='bbox 1878 3389 2172 3459; x_wconf 81' lang='lat' dir='ltr'><strong>Omavit.</strong></span> 
     </span>
     <span class='ocr_line' id='line_1_29' title="bbox 637 3493 2176 3582; baseline 0.003 -23"><span class='ocrx_word' id='word_1_176' title='bbox 637 3493 1035 3561; x_wconf 83' lang='lat' dir='ltr'><strong>Excellenter</strong></span> <span class='ocrx_word' id='word_1_177' title='bbox 1061 3497 1236 3562; x_wconf 89' lang='lat' dir='ltr'><strong>enim</strong></span> <span class='ocrx_word' id='word_1_178' title='bbox 1265 3501 1330 3563; x_wconf 85' lang='lat' dir='ltr'><strong>et</strong></span> <span class='ocrx_word' id='word_1_179' title='bbox 1359 3497 1694 3580; x_wconf 78' lang='lat' dir='ltr'><strong>signanter</strong></span> <span class='ocrx_word' id='word_1_180' title='bbox 1733 3498 1987 3563; x_wconf 85' lang='lat' dir='ltr'><strong>ornavit</strong></span> <span class='ocrx_word' id='word_1_181' title='bbox 2019 3514 2176 3582; x_wconf 87' lang='lat' dir='ltr'><strong>apo-</strong></span> 
     </span>
    </p>
   </div>
   <div class='ocr_carea' id='block_1_4' title="bbox 416 3599 2180 4015">
    <p class='ocr_par' dir='ltr' id='par_1_6' title="bbox 416 3599 2180 4015">
     <span class='ocr_line' id='line_1_30' title="bbox 416 3599 2179 3688; baseline 0.004 -23"><span class='ocrx_word' id='word_1_182' title='bbox 416 3629 610 3686; x_wconf 56' lang='lat' dir='ltr'><strong>Apmou</strong></span> <span class='ocrx_word' id='word_1_183' title='bbox 639 3599 834 3666; x_wconf 89' lang='lat' dir='ltr'><strong>stolos</strong></span> <span class='ocrx_word' id='word_1_184' title='bbox 859 3601 1092 3685; x_wconf 88' lang='lat' dir='ltr'><strong>triplici</strong></span> <span class='ocrx_word' id='word_1_185' title='bbox 1115 3607 1493 3670; x_wconf 87' lang='lat' dir='ltr'><strong>ornamento</strong></span> <span class='ocrx_word' id='word_1_186' title='bbox 1521 3627 1537 3667; x_wconf 91' lang='lat'>:</span> <span class='ocrx_word' id='word_1_187' title='bbox 1570 3605 1815 3688; x_wconf 89' lang='lat' dir='ltr'><strong>primo,</strong></span> <span class='ocrx_word' id='word_1_188' title='bbox 1841 3623 2179 3672; x_wconf 89' lang='lat' dir='ltr'><strong>ornamen-</strong></span> 
     </span>
     <span class='ocr_line' id='line_1_31' title="bbox 424 3692 2175 3798; baseline -0.005 -11"><span class='ocrx_word' id='word_1_189' title='bbox 424 3692 585 3797; x_wconf 47' lang='grc' dir='ltr'><strong>’ξξιξῗί</strong></span> <span class='ocrx_word' id='word_1_190' title='bbox 637 3714 705 3774; x_wconf 91' lang='lat' dir='ltr'><strong>to</strong></span> <span class='ocrx_word' id='word_1_191' title='bbox 744 3711 1128 3794; x_wconf 86' lang='lat' dir='ltr'><strong>copiositatis</strong></span> <span class='ocrx_word' id='word_1_192' title='bbox 1159 3713 1422 3796; x_wconf 78' lang='lat' dir='ltr'><strong>gratiae,</strong></span> <span class='ocrx_word' id='word_1_193' title='bbox 1463 3718 1786 3798; x_wconf 84' lang='lat' dir='ltr'><strong>quantum</strong></span> <span class='ocrx_word' id='word_1_194' title='bbox 1824 3714 1905 3779; x_wconf 90' lang='lat' dir='ltr'><strong>ad</strong></span> <span class='ocrx_word' id='word_1_195' title='bbox 1947 3714 2175 3780; x_wconf 85' lang='lat' dir='ltr'><strong>indefl-</strong></span> 
     </span>
     <span class='ocr_line' id='line_1_32' title="bbox 425 3818 2178 3924; baseline 0.003 -42"><span class='ocrx_word' id='word_1_196' title='bbox 425 3821 585 3924; x_wconf 46' lang='grc' dir='ltr'><strong>ἓξὲξ)</strong></span> <span class='ocrx_word' id='word_1_197' title='bbox 638 3818 936 3884; x_wconf 90' lang='lat' dir='ltr'><strong>cientiam</strong></span> <span class='ocrx_word' id='word_1_198' title='bbox 960 3820 1462 3902; x_wconf 81' lang='lat' dir='ltr'><strong>suffragiorum3</strong></span> <span class='ocrx_word' id='word_1_199' title='bbox 1499 3820 1807 3901; x_wconf 90' lang='lat' dir='ltr'><strong>secundo,</strong></span> <span class='ocrx_word' id='word_1_200' title='bbox 1836 3839 2178 3888; x_wconf 87' lang='lat' dir='ltr'><strong>ornamen-</strong></span> 
     </span>
     <span class='ocr_line' id='line_1_33' title="bbox 570 3910 2180 4015; baseline 0.004 -26"><span class='ocrx_word' id='word_1_201' title='bbox 570 3910 584 3924; x_wconf 78' lang='grc'><strong>’</strong></span> <span class='ocrx_word' id='word_1_202' title='bbox 640 3928 706 3989; x_wconf 89' lang='lat' dir='ltr'><strong>to</strong></span> <span class='ocrx_word' id='word_1_203' title='bbox 734 3926 1060 4009; x_wconf 87' lang='lat' dir='ltr'><strong>dignitatis</strong></span> <span class='ocrx_word' id='word_1_204' title='bbox 1086 3928 1483 4011; x_wconf 81' lang='lat' dir='ltr'><strong>praelaturae‚</strong></span> <span class='ocrx_word' id='word_1_205' title='bbox 1511 3932 1827 4012; x_wconf 85' lang='lat' dir='ltr'><strong>quantum</strong></span> <span class='ocrx_word' id='word_1_206' title='bbox 1854 3930 1934 3995; x_wconf 90' lang='lat' dir='ltr'><strong>ad</strong></span> <span class='ocrx_word' id='word_1_207' title='bbox 1965 3931 2180 4015; x_wconf 85' lang='lat' dir='ltr'><strong>provi-</strong></span> 
     </span>
    </p>
   </div>
   <div class='ocr_carea' id='block_1_5' title="bbox 532 4030 2178 5196">
    <p class='ocr_par' dir='ltr' id='par_1_7' title="bbox 532 4030 2178 5196">
     <span class='ocr_line' id='line_1_34' title="bbox 640 4030 2173 4115; baseline 0.003 -19"><span class='ocrx_word' id='word_1_208' title='bbox 640 4030 922 4098; x_wconf 87' lang='lat' dir='ltr'><strong>dentiam</strong></span> <span class='ocrx_word' id='word_1_209' title='bbox 947 4033 1350 4100; x_wconf 84' lang='lat' dir='ltr'><strong>subditorum</strong></span> <span class='ocrx_word' id='word_1_210' title='bbox 1369 4056 1387 4114; x_wconf 92' lang='lat'>;</span> <span class='ocrx_word' id='word_1_211' title='bbox 1416 4035 1627 4115; x_wconf 83' lang='lat' dir='ltr'><strong>tertie,</strong></span> <span class='ocrx_word' id='word_1_212' title='bbox 1647 4039 2022 4102; x_wconf 87' lang='lat' dir='ltr'><strong>ornamento</strong></span> <span class='ocrx_word' id='word_1_213' title='bbox 2041 4037 2173 4103; x_wconf 91' lang='lat' dir='ltr'><strong>dei-</strong></span> 
     </span>
     <span class='ocr_line' id='line_1_35' title="bbox 640 4138 2173 4225; baseline 0.005 -22"><span class='ocrx_word' id='word_1_214' title='bbox 640 4138 977 4205; x_wconf 83' lang='lat' dir='ltr'><strong>formitatis</strong></span> <span class='ocrx_word' id='word_1_215' title='bbox 1006 4140 1081 4224; x_wconf 86' lang='lat' dir='ltr'><strong>(b)</strong></span> <span class='ocrx_word' id='word_1_216' title='bbox 1112 4140 1339 4222; x_wconf 82' lang='lat' dir='ltr'><strong>gloriae</strong></span> <span class='ocrx_word' id='word_1_217' title='bbox 1354 4188 1373 4223; x_wconf 90' lang='lat'>‚</span> <span class='ocrx_word' id='word_1_218' title='bbox 1402 4144 1719 4225; x_wconf 81' lang='lat' dir='ltr'><strong>quantum</strong></span> <span class='ocrx_word' id='word_1_219' title='bbox 1750 4141 1835 4207; x_wconf 85' lang='lat' dir='ltr'><strong>ad</strong></span> <span class='ocrx_word' id='word_1_220' title='bbox 1856 4143 2173 4212; x_wconf 84' lang='lat' dir='ltr'><strong>excellen-</strong></span> 
     </span>
     <span class='ocr_line' id='line_1_36' title="bbox 639 4246 1263 4332; baseline 0.006 -22"><span class='ocrx_word' id='word_1_221' title='bbox 639 4246 795 4312; x_wconf 81' lang='lat' dir='ltr'><strong>tiam</strong></span> <span class='ocrx_word' id='word_1_222' title='bbox 823 4248 1263 4332; x_wconf 77' lang='lat' dir='ltr'><strong>praemiorum.</strong></span> 
     </span>
     <span class='ocr_line' id='line_1_37' title="bbox 532 4345 2178 4444; baseline 0.004 -23"><span class='ocrx_word' id='word_1_223' title='bbox 532 4345 538 4351; x_wconf 76' lang='grc'>’</span> <span class='ocrx_word' id='word_1_224' title='bbox 721 4355 939 4423; x_wconf 88' lang='lat' dir='ltr'><strong>Primo</strong></span> <span class='ocrx_word' id='word_1_225' title='bbox 964 4356 1218 4422; x_wconf 89' lang='lat' dir='ltr'><strong>ornavit</strong></span> <span class='ocrx_word' id='word_1_226' title='bbox 1242 4374 1351 4422; x_wconf 91' lang='lat' dir='ltr'><strong>eos</strong></span> <span class='ocrx_word' id='word_1_227' title='bbox 1387 4362 1762 4424; x_wconf 86' lang='lat' dir='ltr'><strong>ornamento</strong></span> <span class='ocrx_word' id='word_1_228' title='bbox 1793 4361 2178 4444; x_wconf 84' lang='lat' dir='ltr'><strong>copiositatis</strong></span> 
     </span>
     <span class='ocr_line' id='line_1_38' title="bbox 641 4463 2173 4548; baseline 0.005 -20"><span class='ocrx_word' id='word_1_229' title='bbox 641 4463 870 4545; x_wconf 82' lang='lat' dir='ltr'><strong>gratiae</strong></span> <span class='ocrx_word' id='word_1_230' title='bbox 892 4513 912 4545; x_wconf 86' lang='lat'>,</span> <span class='ocrx_word' id='word_1_231' title='bbox 942 4467 1257 4548; x_wconf 87' lang='lat' dir='ltr'><strong>quantum</strong></span> <span class='ocrx_word' id='word_1_232' title='bbox 1282 4463 1363 4529; x_wconf 90' lang='lat' dir='ltr'><strong>ad</strong></span> <span class='ocrx_word' id='word_1_233' title='bbox 1406 4464 1896 4531; x_wconf 85' lang='lat' dir='ltr'><strong>indeficientiam</strong></span> <span class='ocrx_word' id='word_1_234' title='bbox 1939 4469 2173 4535; x_wconf 79' lang='lat' dir='ltr'><strong>suffra-</strong></span> 
     </span>
     <span class='ocr_line' id='line_1_39' title="bbox 640 4572 2178 4662; baseline 0.005 -25"><span class='ocrx_word' id='word_1_235' title='bbox 640 4572 905 4656; x_wconf 86' lang='lat' dir='ltr'><strong>giorum</strong></span> <span class='ocrx_word' id='word_1_236' title='bbox 923 4593 943 4654; x_wconf 93' lang='lat'>;</span> <span class='ocrx_word' id='word_1_237' title='bbox 968 4573 1169 4639; x_wconf 85' lang='lat' dir='ltr'><strong>unde²</strong></span> <span class='ocrx_word' id='word_1_238' title='bbox 1197 4596 1213 4639; x_wconf 70' lang='grc' dir='ltr'>ε</span> <span class='ocrx_word' id='word_1_239' title='bbox 1240 4573 1547 4640; x_wconf 80' lang='lat' dir='ltr'><strong>«Ornavit</strong></span> <span class='ocrx_word' id='word_1_240' title='bbox 1564 4575 1631 4639; x_wconf 93' lang='lat' dir='ltr'><strong>in</strong></span> <span class='ocrx_word' id='word_1_241' title='bbox 1647 4579 1962 4642; x_wconf 83' lang='lat' dir='ltr'><strong>aeternum</strong></span> <span class='ocrx_word' id='word_1_242' title='bbox 1983 4596 2178 4662; x_wconf 88' lang='lat' dir='ltr'><strong>opera</strong></span> 
     </span>
     <span class='ocr_line' id='line_1_40' title="bbox 640 4677 2172 4766; baseline 0.005 -23"><span class='ocrx_word' id='word_1_243' title='bbox 640 4677 898 4746; x_wconf 90' lang='lat' dir='ltr'><strong>illorum</strong></span> <span class='ocrx_word' id='word_1_244' title='bbox 920 4727 938 4758; x_wconf 86' lang='lat'>‚</span> <span class='ocrx_word' id='word_1_245' title='bbox 968 4698 1089 4746; x_wconf 90' lang='lat' dir='ltr'><strong>nec</strong></span> <span class='ocrx_word' id='word_1_246' title='bbox 1113 4680 1512 4761; x_wconf 88' lang='lat' dir='ltr'><strong>esurierunt,</strong></span> <span class='ocrx_word' id='word_1_247' title='bbox 1541 4699 1660 4746; x_wconf 90' lang='lat' dir='ltr'><strong>nec</strong></span> <span class='ocrx_word' id='word_1_248' title='bbox 1685 4681 2172 4766; x_wconf 87' lang='lat' dir='ltr'><strong>laboraverunt,</strong></span> 
     </span>
     <span class='ocr_line' id='line_1_41' title="bbox 642 4788 2176 4859; baseline 0.005 -7"><span class='ocrx_word' id='word_1_249' title='bbox 642 4790 706 4852; x_wconf 90' lang='lat' dir='ltr'><strong>et</strong></span> <span class='ocrx_word' id='word_1_250' title='bbox 729 4806 862 4853; x_wconf 89' lang='lat' dir='ltr'><strong>non</strong></span> <span class='ocrx_word' id='word_1_251' title='bbox 887 4788 1268 4854; x_wconf 86' lang='lat' dir='ltr'><strong>destiterunt</strong></span> <span class='ocrx_word' id='word_1_252' title='bbox 1290 4807 1329 4854; x_wconf 89' lang='lat' dir='ltr'><strong>a</strong></span> <span class='ocrx_word' id='word_1_253' title='bbox 1346 4789 1480 4855; x_wconf 89' lang='lat' dir='ltr'><strong>suis</strong></span> <span class='ocrx_word' id='word_1_254' title='bbox 1503 4788 1851 4857; x_wconf 88' lang='lat' dir='ltr'><strong>laboribus.</strong></span> <span class='ocrx_word' id='word_1_255' title='bbox 1876 4813 1908 4852; x_wconf 72' lang='lat' dir='ltr'>n</span> <span class='ocrx_word' id='word_1_256' title='bbox 1933 4792 2176 4859; x_wconf 89' lang='lat' dir='ltr'><strong>Dicitur</strong></span> 
     </span>
     <span class='ocr_line' id='line_1_42' title="bbox 639 4895 2175 4981; baseline 0.005 -19"><span class='ocrx_word' id='word_1_257' title='bbox 639 4914 759 4980; x_wconf 86' lang='lat' dir='ltr'><strong>pro</strong></span> <span class='ocrx_word' id='word_1_258' title='bbox 798 4897 977 4961; x_wconf 85' lang='lat' dir='ltr'><strong>tanto</strong></span> <span class='ocrx_word' id='word_1_259' title='bbox 1021 4896 1195 4981; x_wconf 89' lang='lat' dir='ltr'><strong>quod</strong></span> <span class='ocrx_word' id='word_1_260' title='bbox 1250 4895 1418 4961; x_wconf 90' lang='lat' dir='ltr'><strong>Deus</strong></span> <span class='ocrx_word' id='word_1_261' title='bbox 1457 4899 1721 4967; x_wconf 78' lang='lat' dir='ltr'><strong>ornavit</strong></span> <span class='ocrx_word' id='word_1_262' title='bbox 1756 4900 1833 4966; x_wconf 79' lang='lat' dir='ltr'><strong>in</strong></span> <span class='ocrx_word' id='word_1_263' title='bbox 1869 4905 2175 4970; x_wconf 80' lang='lat' dir='ltr'><strong>oetemum</strong></span> 
     </span>
     <span class='ocr_line' id='line_1_43' title="bbox 640 4987 2176 5090; baseline 0.004 -20"><span class='ocrx_word' id='word_1_264' title='bbox 640 5000 864 5085; x_wconf 80' lang='lat' dir='ltr'><strong>opera&#39;</strong></span> <span class='ocrx_word' id='word_1_265' title='bbox 892 5002 1148 5070; x_wconf 78' lang='lat' dir='ltr'><strong>illorum</strong></span> <span class='ocrx_word' id='word_1_266' title='bbox 1169 5051 1188 5084; x_wconf 85' lang='lat'><strong>,</strong></span> <span class='ocrx_word' id='word_1_267' title='bbox 1229 5003 1519 5069; x_wconf 83' lang='lat' dir='ltr'><strong>virtuosa</strong></span> <span class='ocrx_word' id='word_1_268' title='bbox 1560 4987 2010 5088; x_wconf 80' lang='lat' dir='ltr'><strong>&#39;apostolorum</strong></span> <span class='ocrx_word' id='word_1_269' title='bbox 2035 5058 2055 5090; x_wconf 88' lang='lat'>,</span> <span class='ocrx_word' id='word_1_270' title='bbox 2097 5027 2176 5076; x_wconf 90' lang='lat' dir='ltr'><strong>eo</strong></span> 
     </span>
     <span class='ocr_line' id='line_1_44' title="bbox 641 5110 2178 5196; baseline 0.005 -20"><span class='ocrx_word' id='word_1_271' title='bbox 641 5112 813 5196; x_wconf 82' lang='lat' dir='ltr'><strong>quod</strong></span> <span class='ocrx_word' id='word_1_272' title='bbox 834 5110 1297 5177; x_wconf 83' lang='lat' dir='ltr'><strong>indeficientem</strong></span> <span class='ocrx_word' id='word_1_273' title='bbox 1319 5111 1391 5194; x_wconf 82' lang='lat' dir='ltr'><strong>(c)</strong></span> <span class='ocrx_word' id='word_1_274' title='bbox 1423 5114 1488 5177; x_wconf 89' lang='lat' dir='ltr'><strong>et</strong></span> <span class='ocrx_word' id='word_1_275' title='bbox 1508 5113 1879 5180; x_wconf 89' lang='lat' dir='ltr'><strong>continuam</strong></span> <span class='ocrx_word' id='word_1_276' title='bbox 1902 5115 2178 5184; x_wconf 88' lang='lat' dir='ltr'><strong>influen-</strong></span> 
     </span>
    </p>
   </div>
   <div class='ocr_carea' id='block_1_6' title="bbox 638 5277 2176 5419">
    <p class='ocr_par' dir='ltr' id='par_1_8' title="bbox 638 5277 2176 5419">
     <span class='ocr_line' id='line_1_45' title="bbox 702 5277 2176 5352; baseline 0.003 -19"><span class='ocrx_word' id='word_1_277' title='bbox 702 5277 888 5333; x_wconf 74' lang='lat' dir='ltr'><strong>¹Psal.</strong></span> <span class='ocrx_word' id='word_1_278' title='bbox 923 5292 1111 5345; x_wconf 71' lang='lat' dir='ltr'><strong>cnm,</strong></span> <span class='ocrx_word' id='word_1_279' title='bbox 1148 5285 1199 5334; x_wconf 83' lang='grc'><strong>5.</strong></span> <span class='ocrx_word' id='word_1_280' title='bbox 1225 5307 1289 5320; x_wconf 92' lang='grc'>-</span> <span class='ocrx_word' id='word_1_281' title='bbox 1319 5280 1339 5312; x_wconf 87' lang='lat'>²</span> <span class='ocrx_word' id='word_1_282' title='bbox 1364 5281 1548 5348; x_wconf 64' lang='lat' dir='ltr'><strong>Exta,</strong></span> <span class='ocrx_word' id='word_1_283' title='bbox 1583 5294 1702 5349; x_wconf 73' lang='lat' dir='ltr'>xvx,</span> <span class='ocrx_word' id='word_1_284' title='bbox 1736 5286 1814 5335; x_wconf 76' lang='lat'><strong>27.</strong></span> <span class='ocrx_word' id='word_1_285' title='bbox 1844 5309 1904 5323; x_wconf 90' lang='lat'><em>-</em></span> <span class='ocrx_word' id='word_1_286' title='bbox 1944 5284 1967 5320; x_wconf 79' lang='lat'>⁸</span> <span class='ocrx_word' id='word_1_287' title='bbox 1990 5286 2176 5352; x_wconf 68' lang='lat' dir='ltr'><strong>Eccln’„</strong></span> 
     </span>
     <span class='ocr_line' id='line_1_46' title="bbox 638 5353 1533 5419; baseline 0.003 -15"><span class='ocrx_word' id='word_1_288' title='bbox 638 5355 808 5416; x_wconf 76' lang='lat' dir='ltr'><strong>xxxii,</strong></span> <span class='ocrx_word' id='word_1_289' title='bbox 840 5354 889 5417; x_wconf 85' lang='lat'><strong>1,</strong></span> <span class='ocrx_word' id='word_1_290' title='bbox 918 5355 967 5406; x_wconf 86' lang='lat'><strong>3.</strong></span> <span class='ocrx_word' id='word_1_291' title='bbox 994 5378 1058 5392; x_wconf 92' lang='lat'>—</span> <span class='ocrx_word' id='word_1_292' title='bbox 1082 5354 1104 5389; x_wconf 73' lang='lat'><strong>⁴</strong></span> <span class='ocrx_word' id='word_1_293' title='bbox 1133 5353 1283 5419; x_wconf 69' lang='lat' dir='ltr'><strong>ibid„</strong></span> <span class='ocrx_word' id='word_1_294' title='bbox 1309 5365 1431 5419; x_wconf 71' lang='lat' dir='ltr'><strong>nv,</strong></span> <span class='ocrx_word' id='word_1_295' title='bbox 1455 5356 1533 5407; x_wconf 76' lang='lat' dir='ltr'><strong>u.</strong></span> 
     </span>
    </p>
   </div>
   <div class='ocr_carea' id='block_1_7' title="bbox 664 5447 2171 5516">
    <p class='ocr_par' dir='ltr' id='par_1_9' title="bbox 664 5447 2171 5516">
     <span class='ocr_line' id='line_1_47' title="bbox 664 5447 2171 5516; baseline 0.007 -19"><span class='ocrx_word' id='word_1_296' title='bbox 664 5503 672 5511; x_wconf 65' lang='grc'><strong>,</strong></span> <span class='ocrx_word' id='word_1_297' title='bbox 703 5449 772 5514; x_wconf 78' lang='grc' dir='ltr'><strong>(α)</strong></span> <span class='ocrx_word' id='word_1_298' title='bbox 801 5447 926 5499; x_wconf 76' lang='lat' dir='ltr'><strong>Cat.</strong></span> <span class='ocrx_word' id='word_1_299' title='bbox 952 5447 1074 5500; x_wconf 74' lang='lat' dir='ltr'><strong>edit.</strong></span> <span class='ocrx_word' id='word_1_300' title='bbox 1101 5448 1217 5500; x_wconf 84' lang='lat' dir='ltr'><strong>add.</strong></span> <span class='ocrx_word' id='word_1_301' title='bbox 1246 5451 1314 5502; x_wconf 78' lang='lat' dir='ltr'><strong>et.</strong></span> <span class='ocrx_word' id='word_1_302' title='bbox 1332 5475 1397 5496; x_wconf 62' lang='lat' dir='ltr'><strong>v-</strong></span> <span class='ocrx_word' id='word_1_303' title='bbox 1423 5449 1493 5514; x_wconf 73' lang='lat' dir='ltr'><strong>(b)</strong></span> <span class='ocrx_word' id='word_1_304' title='bbox 1515 5449 1640 5502; x_wconf 63' lang='grc' dir='ltr'><strong>σοι.</strong></span> <span class='ocrx_word' id='word_1_305' title='bbox 1666 5451 1789 5516; x_wconf 65' lang='lat' dir='ltr'><strong>edit.</strong></span> <span class='ocrx_word' id='word_1_306' title='bbox 1816 5453 2171 5510; x_wconf 67' lang='lat' dir='ltr'><strong>deformitatis.</strong></span> 
     </span>
    </p>
   </div>
   <div class='ocr_carea' id='block_1_8' title="bbox 1742 455 2735 529">
    <p class='ocr_par' dir='ltr' id='par_1_10' title="bbox 1742 455 2735 529">
     <span class='ocr_line' id='line_1_48' title="bbox 1742 455 2735 529; baseline -0.001 0"><span class='ocrx_word' id='word_1_307' title='bbox 1742 456 2162 529; x_wconf 84' lang='lat' dir='ltr'>SERMONES</span> <span class='ocrx_word' id='word_1_308' title='bbox 2198 455 2300 524; x_wconf 87' lang='lat' dir='ltr'><strong>DE</strong></span> <span class='ocrx_word' id='word_1_309' title='bbox 2339 456 2735 528; x_wconf 81' lang='lat' dir='ltr'><strong>TEMPORE.</strong></span> 
     </span>
    </p>
   </div>
   <div class='ocr_carea' id='block_1_9' title="bbox 2285 592 3839 5387">
    <p class='ocr_par' dir='ltr' id='par_1_11' title="bbox 2286 592 3838 1751">
     <span class='ocr_line' id='line_1_49' title="bbox 2286 592 3831 679; baseline 0.003 -20"><span class='ocrx_word' id='word_1_310' title='bbox 2286 592 2444 659; x_wconf 90' lang='lat' dir='ltr'><strong>tiam</strong></span> <span class='ocrx_word' id='word_1_311' title='bbox 2475 595 2559 679; x_wconf 82' lang='lat' dir='ltr'><strong>(d)</strong></span> <span class='ocrx_word' id='word_1_312' title='bbox 2603 596 2842 664; x_wconf 89' lang='lat' dir='ltr'><strong>habent</strong></span> <span class='ocrx_word' id='word_1_313' title='bbox 2867 596 2938 661; x_wconf 92' lang='lat' dir='ltr'><strong>in</strong></span> <span class='ocrx_word' id='word_1_314' title='bbox 2973 595 3250 663; x_wconf 83' lang='lat' dir='ltr'><strong>Ecclesia</strong></span> <span class='ocrx_word' id='word_1_315' title='bbox 3283 596 3619 678; x_wconf 89' lang='lat' dir='ltr'><strong>militanti,</strong></span> <span class='ocrx_word' id='word_1_316' title='bbox 3663 598 3727 662; x_wconf 88' lang='lat' dir='ltr'><strong>et</strong></span> <span class='ocrx_word' id='word_1_317' title='bbox 3753 595 3831 678; x_wconf 86' lang='lat' dir='ltr'><strong>(e)</strong></span> 
     </span>
     <span class='ocr_line' id='line_1_50' title="bbox 2286 701 3834 786; baseline 0 -20"><span class='ocrx_word' id='word_1_318' title='bbox 2286 705 2547 785; x_wconf 89' lang='lat' dir='ltr'><strong>propter</strong></span> <span class='ocrx_word' id='word_1_319' title='bbox 2561 703 2875 786; x_wconf 80' lang='lat' dir='ltr'><strong>suffragia</strong></span> <span class='ocrx_word' id='word_1_320' title='bbox 2892 703 3296 781; x_wconf 85' lang='lat' dir='ltr'><strong>meritorum,</strong></span> <span class='ocrx_word' id='word_1_321' title='bbox 3320 720 3604 785; x_wconf 89' lang='lat' dir='ltr'><strong>magnus</strong></span> <span class='ocrx_word' id='word_1_322' title='bbox 3620 701 3834 768; x_wconf 91' lang='lat' dir='ltr'><strong>honor</strong></span> 
     </span>
     <span class='ocr_line' id='line_1_51' title="bbox 2288 809 3833 896; baseline 0.001 -24"><span class='ocrx_word' id='word_1_323' title='bbox 2288 812 2352 873; x_wconf 89' lang='lat' dir='ltr'><strong>et</strong></span> <span class='ocrx_word' id='word_1_324' title='bbox 2375 811 2735 877; x_wconf 86' lang='lat' dir='ltr'><strong>reverentia</strong></span> <span class='ocrx_word' id='word_1_325' title='bbox 2766 812 2859 877; x_wconf 88' lang='lat' dir='ltr'><strong>eis</strong></span> <span class='ocrx_word' id='word_1_326' title='bbox 2885 830 2926 877; x_wconf 91' lang='lat' dir='ltr'><strong>a</strong></span> <span class='ocrx_word' id='word_1_327' title='bbox 2967 811 3205 896; x_wconf 89' lang='lat' dir='ltr'><strong>populo</strong></span> <span class='ocrx_word' id='word_1_328' title='bbox 3243 809 3600 876; x_wconf 86' lang='lat' dir='ltr'><strong>Christiano</strong></span> <span class='ocrx_word' id='word_1_329' title='bbox 3646 809 3833 874; x_wconf 80' lang='lat' dir='ltr'><strong>exhi·</strong></span> 
     </span>
     <span class='ocr_line' id='line_1_52' title="bbox 2287 915 3832 1002; baseline 0.001 -23"><span class='ocrx_word' id='word_1_330' title='bbox 2287 915 2515 998; x_wconf 86' lang='lat' dir='ltr'><strong>betur;</strong></span> <span class='ocrx_word' id='word_1_331' title='bbox 2545 935 2660 985; x_wconf 83' lang='lat' dir='ltr'><strong>nec</strong></span> <span class='ocrx_word' id='word_1_332' title='bbox 2683 922 3000 999; x_wconf 79' lang='lat' dir='ltr'><strong>esurient,</strong></span> <span class='ocrx_word' id='word_1_333' title='bbox 3031 937 3107 984; x_wconf 93' lang='lat' dir='ltr'><strong>eo</strong></span> <span class='ocrx_word' id='word_1_334' title='bbox 3135 917 3307 1002; x_wconf 85' lang='lat' dir='ltr'><strong>quod</strong></span> <span class='ocrx_word' id='word_1_335' title='bbox 3345 919 3527 984; x_wconf 84' lang='lat' dir='ltr'><strong>tanta</strong></span> <span class='ocrx_word' id='word_1_336' title='bbox 3553 917 3832 1001; x_wconf 90' lang='lat' dir='ltr'><strong>copiosi-</strong></span> 
     </span>
     <span class='ocr_line' id='line_1_53' title="bbox 2287 1024 3830 1109; baseline 0 -20"><span class='ocrx_word' id='word_1_337' title='bbox 2287 1025 2416 1090; x_wconf 86' lang='lat' dir='ltr'><strong>tate</strong></span> <span class='ocrx_word' id='word_1_338' title='bbox 2446 1026 2676 1107; x_wconf 83' lang='lat' dir='ltr'><strong>gratiae</strong></span> <span class='ocrx_word' id='word_1_339' title='bbox 2702 1027 2967 1091; x_wconf 80' lang='lat' dir='ltr'><strong>fuerunt</strong></span> <span class='ocrx_word' id='word_1_340' title='bbox 3009 1024 3251 1109; x_wconf 90' lang='lat' dir='ltr'><strong>impleti</strong></span> <span class='ocrx_word' id='word_1_341' title='bbox 3272 1072 3292 1104; x_wconf 89' lang='lat'><strong>‚</strong></span> <span class='ocrx_word' id='word_1_342' title='bbox 3335 1028 3409 1089; x_wconf 91' lang='lat' dir='ltr'><strong>ut</strong></span> <span class='ocrx_word' id='word_1_343' title='bbox 3446 1043 3583 1091; x_wconf 92' lang='lat' dir='ltr'><strong>non</strong></span> <span class='ocrx_word' id='word_1_344' title='bbox 3626 1024 3830 1089; x_wconf 88' lang='lat' dir='ltr'><strong>solum</strong></span> 
     </span>
     <span class='ocr_line' id='line_1_54' title="bbox 2289 1131 3835 1213; baseline -0.001 -17"><span class='ocrx_word' id='word_1_345' title='bbox 2289 1149 2398 1196; x_wconf 88' lang='lat' dir='ltr'><strong>eos</strong></span> <span class='ocrx_word' id='word_1_346' title='bbox 2441 1135 2754 1213; x_wconf 85' lang='lat' dir='ltr'><strong>sacraret,</strong></span> <span class='ocrx_word' id='word_1_347' title='bbox 2806 1132 2917 1198; x_wconf 91' lang='lat' dir='ltr'><strong>sed</strong></span> <span class='ocrx_word' id='word_1_348' title='bbox 2959 1131 3151 1198; x_wconf 87' lang='lat' dir='ltr'><strong>etiam</strong></span> <span class='ocrx_word' id='word_1_349' title='bbox 3201 1131 3271 1196; x_wconf 93' lang='lat' dir='ltr'><strong>in</strong></span> <span class='ocrx_word' id='word_1_350' title='bbox 3307 1131 3464 1196; x_wconf 91' lang='lat' dir='ltr'><strong>alios</strong></span> <span class='ocrx_word' id='word_1_351' title='bbox 3508 1131 3835 1198; x_wconf 89' lang='lat' dir='ltr'><strong>redunda-</strong></span> 
     </span>
     <span class='ocr_line' id='line_1_55' title="bbox 2288 1237 3834 1326; baseline 0 -23"><span class='ocrx_word' id='word_1_352' title='bbox 2288 1243 2388 1304; x_wconf 88' lang='lat' dir='ltr'><strong>ret</strong></span> <span class='ocrx_word' id='word_1_353' title='bbox 2415 1240 2518 1323; x_wconf 73' lang='grc' dir='ltr'><strong>(Ῑ).</strong></span> <span class='ocrx_word' id='word_1_354' title='bbox 2549 1239 2629 1306; x_wconf 93' lang='lat' dir='ltr'><strong>Et</strong></span> <span class='ocrx_word' id='word_1_355' title='bbox 2655 1244 2913 1326; x_wconf 88' lang='lat' dir='ltr'><strong>propter</strong></span> <span class='ocrx_word' id='word_1_356' title='bbox 2939 1240 3063 1304; x_wconf 88' lang='lat' dir='ltr'><strong>hoc</strong></span> <span class='ocrx_word' id='word_1_357' title='bbox 3087 1242 3292 1304; x_wconf 89' lang='lat' dir='ltr'><strong>mater</strong></span> <span class='ocrx_word' id='word_1_358' title='bbox 3317 1238 3633 1318; x_wconf 82' lang='lat' dir='ltr'><strong>Ecclesia,</strong></span> <span class='ocrx_word' id='word_1_359' title='bbox 3663 1237 3834 1322; x_wconf 86' lang='lat' dir='ltr'><strong>quod</strong></span> 
     </span>
     <span class='ocr_line' id='line_1_56' title="bbox 2288 1344 3833 1430; baseline 0 -20"><span class='ocrx_word' id='word_1_360' title='bbox 2288 1345 2465 1411; x_wconf 80' lang='lat' dir='ltr'><strong>deest</strong></span> <span class='ocrx_word' id='word_1_361' title='bbox 2497 1347 2650 1412; x_wconf 84' lang='lat' dir='ltr'><strong>filiis</strong></span> <span class='ocrx_word' id='word_1_362' title='bbox 2682 1347 2848 1428; x_wconf 89' lang='lat' dir='ltr'><strong>suis,</strong></span> <span class='ocrx_word' id='word_1_363' title='bbox 2895 1345 3211 1430; x_wconf 84' lang='lat' dir='ltr'><strong>supplebit</strong></span> <span class='ocrx_word' id='word_1_364' title='bbox 3250 1346 3328 1411; x_wconf 92' lang='lat' dir='ltr'><strong>de</strong></span> <span class='ocrx_word' id='word_1_365' title='bbox 3374 1348 3644 1428; x_wconf 88' lang='lat' dir='ltr'><strong>paterno</strong></span> <span class='ocrx_word' id='word_1_366' title='bbox 3684 1344 3833 1410; x_wconf 85' lang='lat' dir='ltr'><strong>the-</strong></span> 
     </span>
     <span class='ocr_line' id='line_1_57' title="bbox 2287 1451 3833 1537; baseline 0 -20"><span class='ocrx_word' id='word_1_367' title='bbox 2287 1471 2479 1519; x_wconf 84' lang='lat' dir='ltr'><strong>sauro</strong></span> <span class='ocrx_word' id='word_1_368' title='bbox 2507 1454 2886 1519; x_wconf 79' lang='lat' dir='ltr'><strong>meritorum</strong></span> <span class='ocrx_word' id='word_1_369' title='bbox 2908 1500 2927 1532; x_wconf 84' lang='lat'>,</span> <span class='ocrx_word' id='word_1_370' title='bbox 2959 1454 3114 1537; x_wconf 89' lang='lat' dir='ltr'><strong>quia</strong></span> <span class='ocrx_word' id='word_1_371' title='bbox 3137 1470 3269 1517; x_wconf 92' lang='lat' dir='ltr'><strong>non</strong></span> <span class='ocrx_word' id='word_1_372' title='bbox 3314 1451 3697 1518; x_wconf 89' lang='lat' dir='ltr'><strong>destiterunt</strong></span> <span class='ocrx_word' id='word_1_373' title='bbox 3719 1470 3833 1536; x_wconf 88' lang='lat' dir='ltr'><strong>pa-</strong></span> 
     </span>
     <span class='ocr_line' id='line_1_58' title="bbox 2288 1559 3838 1644; baseline 0.001 -20"><span class='ocrx_word' id='word_1_374' title='bbox 2288 1562 2416 1625; x_wconf 91' lang='lat' dir='ltr'><strong>tres</strong></span> <span class='ocrx_word' id='word_1_375' title='bbox 2452 1578 2680 1626; x_wconf 90' lang='lat' dir='ltr'><strong>eorum</strong></span> <span class='ocrx_word' id='word_1_376' title='bbox 2703 1608 2724 1641; x_wconf 86' lang='lat'><strong>,</strong></span> <span class='ocrx_word' id='word_1_377' title='bbox 2776 1560 3045 1644; x_wconf 86' lang='lat' dir='ltr'><strong>apostoli</strong></span> <span class='ocrx_word' id='word_1_378' title='bbox 3064 1607 3088 1641; x_wconf 88' lang='lat'><em>,</em></span> <span class='ocrx_word' id='word_1_379' title='bbox 3117 1578 3158 1624; x_wconf 88' lang='lat' dir='ltr'><strong>a</strong></span> <span class='ocrx_word' id='word_1_380' title='bbox 3183 1560 3488 1625; x_wconf 87' lang='lat' dir='ltr'><strong>virtuosis</strong></span> <span class='ocrx_word' id='word_1_381' title='bbox 3534 1559 3838 1644; x_wconf 87' lang='lat' dir='ltr'><strong>operibus</strong></span> 
     </span>
     <span class='ocr_line' id='line_1_59' title="bbox 2288 1667 3776 1751; baseline 0.001 -21"><span class='ocrx_word' id='word_1_382' title='bbox 2288 1667 2424 1732; x_wconf 88' lang='lat' dir='ltr'><strong>suis</strong></span> <span class='ocrx_word' id='word_1_383' title='bbox 2458 1671 2773 1751; x_wconf 87' lang='lat' dir='ltr'><strong>quantum</strong></span> <span class='ocrx_word' id='word_1_384' title='bbox 2800 1669 2881 1734; x_wconf 86' lang='lat' dir='ltr'><strong>ad</strong></span> <span class='ocrx_word' id='word_1_385' title='bbox 2908 1667 3257 1734; x_wconf 82' lang='lat' dir='ltr'><strong>efficaciam</strong></span> <span class='ocrx_word' id='word_1_386' title='bbox 3284 1667 3776 1749; x_wconf 84' lang='lat' dir='ltr'><strong>suffragiorum.</strong></span> 
     </span>
    </p>

    <p class='ocr_par' dir='ltr' id='par_1_12' title="bbox 2286 1775 3839 4547">
     <span class='ocr_line' id='line_1_60' title="bbox 2369 1775 3839 1860; baseline 0.001 -19"><span class='ocrx_word' id='word_1_387' title='bbox 2369 1775 2664 1843; x_wconf 91' lang='lat' dir='ltr'><strong>Secundo</strong></span> <span class='ocrx_word' id='word_1_388' title='bbox 2691 1778 2948 1844; x_wconf 90' lang='lat' dir='ltr'><strong>ornavit</strong></span> <span class='ocrx_word' id='word_1_389' title='bbox 2966 1795 3078 1842; x_wconf 90' lang='lat' dir='ltr'><strong>eos</strong></span> <span class='ocrx_word' id='word_1_390' title='bbox 3098 1782 3478 1844; x_wconf 84' lang='lat' dir='ltr'><strong>ornamento</strong></span> <span class='ocrx_word' id='word_1_391' title='bbox 3504 1777 3839 1860; x_wconf 88' lang='lat' dir='ltr'><strong>dignitatis</strong></span> 
     </span>
     <span class='ocr_line' id='line_1_61' title="bbox 2288 1882 3834 1969; baseline 0.002 -23"><span class='ocrx_word' id='word_1_392' title='bbox 2288 1882 2654 1965; x_wconf 65' lang='lat' dir='ltr'><strong>praelaturae</strong></span> <span class='ocrx_word' id='word_1_393' title='bbox 2669 1933 2685 1965; x_wconf 88' lang='lat'><strong>,</strong></span> <span class='ocrx_word' id='word_1_394' title='bbox 2726 1887 3043 1968; x_wconf 85' lang='lat' dir='ltr'><strong>quantum</strong></span> <span class='ocrx_word' id='word_1_395' title='bbox 3068 1884 3150 1950; x_wconf 89' lang='lat' dir='ltr'><strong>ad</strong></span> <span class='ocrx_word' id='word_1_396' title='bbox 3177 1884 3655 1969; x_wconf 67' lang='lat' dir='ltr'><strong>praesidentiam</strong></span> <span class='ocrx_word' id='word_1_397' title='bbox 3683 1884 3834 1950; x_wconf 90' lang='lat' dir='ltr'><strong>sub-</strong></span> 
     </span>
     <span class='ocr_line' id='line_1_62' title="bbox 2287 1989 3838 2076; baseline 0.001 -22"><span class='ocrx_word' id='word_1_398' title='bbox 2287 1989 2603 2069; x_wconf 88' lang='lat' dir='ltr'><strong>ditorum;</strong></span> <span class='ocrx_word' id='word_1_399' title='bbox 2637 1990 2809 2057; x_wconf 90' lang='lat' dir='ltr'><strong>unde</strong></span> <span class='ocrx_word' id='word_1_400' title='bbox 2834 1990 3172 2075; x_wconf 91' lang='lat' dir='ltr'><strong>impletum</strong></span> <span class='ocrx_word' id='word_1_401' title='bbox 3198 1996 3293 2057; x_wconf 62' lang='lat' dir='ltr'><strong>cst</strong></span> <span class='ocrx_word' id='word_1_402' title='bbox 3318 1992 3390 2058; x_wconf 91' lang='lat' dir='ltr'><strong>in</strong></span> <span class='ocrx_word' id='word_1_403' title='bbox 3421 1992 3708 2076; x_wconf 88' lang='lat' dir='ltr'><strong>quolibet</strong></span> <span class='ocrx_word' id='word_1_404' title='bbox 3745 1992 3838 2056; x_wconf 88' lang='lat' dir='ltr'><strong>is-</strong></span> 
     </span>
     <span class='ocr_line' id='line_1_63' title="bbox 2287 2097 3834 2183; baseline 0.002 -21"><span class='ocrx_word' id='word_1_405' title='bbox 2287 2100 2502 2163; x_wconf 90' lang='lat' dir='ltr'><strong>torum</strong></span> <span class='ocrx_word' id='word_1_406' title='bbox 2552 2097 2712 2163; x_wconf 92' lang='lat' dir='ltr'><strong>illud</strong></span> <span class='ocrx_word' id='word_1_407' title='bbox 2747 2103 2769 2139; x_wconf 83' lang='lat'>⁸</span> <span class='ocrx_word' id='word_1_408' title='bbox 2812 2121 2828 2162; x_wconf 87' lang='lat'>:</span> <span class='ocrx_word' id='word_1_409' title='bbox 2894 2098 3281 2164; x_wconf 80' lang='lat' dir='ltr'><strong>«Rectorem</strong></span> <span class='ocrx_word' id='word_1_410' title='bbox 3335 2103 3400 2164; x_wconf 90' lang='lat' dir='ltr'><strong>te</strong></span> <span class='ocrx_word' id='word_1_411' title='bbox 3439 2103 3834 2183; x_wconf 88' lang='lat' dir='ltr'><strong>posuerunt,</strong></span> 
     </span>
     <span class='ocr_line' id='line_1_64' title="bbox 2287 2204 3838 2290; baseline 0.003 -22"><span class='ocrx_word' id='word_1_412' title='bbox 2287 2204 2421 2270; x_wconf 92' lang='lat' dir='ltr'><strong>noli</strong></span> <span class='ocrx_word' id='word_1_413' title='bbox 2456 2205 2675 2270; x_wconf 82' lang='lat' dir='ltr'><strong>extolli</strong></span> <span class='ocrx_word' id='word_1_414' title='bbox 2714 2227 2730 2269; x_wconf 75' lang='grc' dir='ltr'><strong><em>ε</em></strong></span> <span class='ocrx_word' id='word_1_415' title='bbox 2767 2227 2799 2266; x_wconf 74' lang='lat' dir='ltr'><strong>n</strong></span> <span class='ocrx_word' id='word_1_416' title='bbox 2834 2209 2898 2271; x_wconf 89' lang='lat' dir='ltr'><strong>et</strong></span> <span class='ocrx_word' id='word_1_417' title='bbox 2940 2209 3228 2290; x_wconf 87' lang='lat' dir='ltr'><strong>sequitur</strong></span> <span class='ocrx_word' id='word_1_418' title='bbox 3256 2225 3276 2271; x_wconf 72' lang='grc' dir='ltr'><strong><em>ε</em></strong></span> <span class='ocrx_word' id='word_1_419' title='bbox 3312 2230 3345 2268; x_wconf 72' lang='grc' dir='ltr'><strong><em>α</em></strong></span> <span class='ocrx_word' id='word_1_420' title='bbox 3372 2205 3838 2272; x_wconf 86' lang='lat' dir='ltr'><strong>Ornamentum</strong></span> 
     </span>
     <span class='ocr_line' id='line_1_65' title="bbox 2288 2313 3837 2398; baseline 0.003 -21"><span class='ocrx_word' id='word_1_421' title='bbox 2288 2313 2516 2394; x_wconf 68' lang='lat' dir='ltr'><strong>gratiae</strong></span> <span class='ocrx_word' id='word_1_422' title='bbox 2543 2313 2833 2398; x_wconf 85' lang='lat' dir='ltr'><strong>accipies,</strong></span> <span class='ocrx_word' id='word_1_423' title='bbox 2863 2334 3167 2381; x_wconf 90' lang='lat' dir='ltr'><strong>coronam</strong></span> <span class='ocrx_word' id='word_1_424' title='bbox 3193 2319 3258 2381; x_wconf 88' lang='lat' dir='ltr'><strong>et</strong></span> <span class='ocrx_word' id='word_1_425' title='bbox 3282 2316 3661 2398; x_wconf 88' lang='lat' dir='ltr'><strong>dignitatem</strong></span> <span class='ocrx_word' id='word_1_426' title='bbox 3692 2334 3837 2382; x_wconf 89' lang='lat' dir='ltr'><strong>con—</strong></span> 
     </span>
     <span class='ocr_line' id='line_1_66' title="bbox 2289 2415 3830 2506; baseline 0.002 -22"><span class='ocrx_word' id='word_1_427' title='bbox 2289 2421 2685 2502; x_wconf 89' lang='lat' dir='ltr'><strong>gregationis</strong></span> <span class='ocrx_word' id='word_1_428' title='bbox 2713 2423 3139 2506; x_wconf 80' lang='lat' dir='ltr'><strong>consequeriS.</strong></span> <span class='ocrx_word' id='word_1_429' title='bbox 3161 2444 3192 2484; x_wconf 67' lang='grc' dir='ltr'><strong>ι</strong></span> <span class='ocrx_word' id='word_1_430' title='bbox 3220 2422 3384 2501; x_wconf 89' lang='lat' dir='ltr'><strong>Quia</strong></span> <span class='ocrx_word' id='word_1_431' title='bbox 3403 2415 3674 2506; x_wconf 87' lang='lat' dir='ltr'><strong>apostoli</strong></span> <span class='ocrx_word' id='word_1_432' title='bbox 3698 2440 3830 2487; x_wconf 88' lang='lat' dir='ltr'><strong>non</strong></span> 
     </span>
     <span class='ocr_line' id='line_1_67' title="bbox 2287 2527 3828 2614; baseline 0.003 -23"><span class='ocrx_word' id='word_1_433' title='bbox 2287 2527 2754 2593; x_wconf 83' lang='lat' dir='ltr'><strong>extollebantur</strong></span> <span class='ocrx_word' id='word_1_434' title='bbox 2775 2531 2842 2593; x_wconf 91' lang='lat' dir='ltr'><strong>in</strong></span> <span class='ocrx_word' id='word_1_435' title='bbox 2867 2529 3235 2613; x_wconf 88' lang='lat' dir='ltr'><strong>superbiam</strong></span> <span class='ocrx_word' id='word_1_436' title='bbox 3254 2577 3277 2610; x_wconf 88' lang='lat'>‚</span> <span class='ocrx_word' id='word_1_437' title='bbox 3306 2529 3456 2595; x_wconf 91' lang='lat' dir='ltr'><strong>licet</strong></span> <span class='ocrx_word' id='word_1_438' title='bbox 3480 2533 3697 2596; x_wconf 86' lang='lat' dir='ltr'><strong>essent</strong></span> <span class='ocrx_word' id='word_1_439' title='bbox 3721 2548 3828 2614; x_wconf 79' lang='lat' dir='ltr'><strong>po-</strong></span> 
     </span>
     <span class='ocr_line' id='line_1_68' title="bbox 2288 2632 3830 2722; baseline 0.006 -25"><span class='ocrx_word' id='word_1_440' title='bbox 2288 2632 2394 2698; x_wconf 85' lang='lat' dir='ltr'><strong>siti</strong></span> <span class='ocrx_word' id='word_1_441' title='bbox 2431 2640 2708 2701; x_wconf 89' lang='lat' dir='ltr'><strong>rectores</strong></span> <span class='ocrx_word' id='word_1_442' title='bbox 2756 2637 2952 2703; x_wconf 90' lang='lat' dir='ltr'><strong>totius</strong></span> <span class='ocrx_word' id='word_1_443' title='bbox 2991 2639 3163 2704; x_wconf 90' lang='lat' dir='ltr'><strong>orbis</strong></span> <span class='ocrx_word' id='word_1_444' title='bbox 3205 2657 3245 2704; x_wconf 90' lang='lat' dir='ltr'><strong>a</strong></span> <span class='ocrx_word' id='word_1_445' title='bbox 3291 2637 3534 2722; x_wconf 87' lang='lat' dir='ltr'><strong>Spiritu</strong></span> <span class='ocrx_word' id='word_1_446' title='bbox 3574 2643 3830 2718; x_wconf 88' lang='lat' dir='ltr'><strong>sancto,</strong></span> 
     </span>
     <span class='ocr_line' id='line_1_69' title="bbox 2287 2739 3832 2830; baseline 0.005 -25"><span class='ocrx_word' id='word_1_447' title='bbox 2287 2739 2421 2808; x_wconf 88' lang='lat' dir='ltr'><strong>imo</strong></span> <span class='ocrx_word' id='word_1_448' title='bbox 2446 2743 2718 2826; x_wconf 88' lang='lat' dir='ltr'><strong>quilibet</strong></span> <span class='ocrx_word' id='word_1_449' title='bbox 2741 2762 2967 2810; x_wconf 88' lang='lat' dir='ltr'><strong>eorum</strong></span> <span class='ocrx_word' id='word_1_450' title='bbox 2994 2749 3132 2811; x_wconf 88' lang='lat' dir='ltr'><strong>erat</strong></span> <span class='ocrx_word' id='word_1_451' title='bbox 3163 2747 3345 2830; x_wconf 84' lang='lat' dir='ltr'><strong>quasi</strong></span> <span class='ocrx_word' id='word_1_452' title='bbox 3370 2765 3545 2812; x_wconf 89' lang='lat' dir='ltr'><strong>unus</strong></span> <span class='ocrx_word' id='word_1_453' title='bbox 3571 2765 3656 2812; x_wconf 86' lang='lat' dir='ltr'><strong>ex</strong></span> <span class='ocrx_word' id='word_1_454' title='bbox 3680 2746 3832 2812; x_wconf 87' lang='lat' dir='ltr'><strong>sub-</strong></span> 
     </span>
     <span class='ocr_line' id='line_1_70' title="bbox 2287 2848 3834 2938; baseline 0.007 -25"><span class='ocrx_word' id='word_1_455' title='bbox 2287 2848 2469 2929; x_wconf 90' lang='lat' dir='ltr'><strong>ditis;</strong></span> <span class='ocrx_word' id='word_1_456' title='bbox 2501 2851 2643 2917; x_wconf 88' lang='lat' dir='ltr'><strong>ideo</strong></span> <span class='ocrx_word' id='word_1_457' title='bbox 2688 2857 3070 2934; x_wconf 88' lang='lat' dir='ltr'><strong>acceperuut</strong></span> <span class='ocrx_word' id='word_1_458' title='bbox 3109 2860 3562 2923; x_wconf 79' lang='lat' dir='ltr'><strong>ornamentum</strong></span> <span class='ocrx_word' id='word_1_459' title='bbox 3598 2857 3834 2938; x_wconf 73' lang='lat' dir='ltr'><strong>qratioe</strong></span> 
     </span>
     <span class='ocr_line' id='line_1_71' title="bbox 2290 2958 3830 3044; baseline 0.005 -23"><span class='ocrx_word' id='word_1_460' title='bbox 2290 2961 2552 3038; x_wconf 89' lang='lat' dir='ltr'><strong>gratum</strong></span> <span class='ocrx_word' id='word_1_461' title='bbox 2578 2958 2889 3040; x_wconf 81' lang='lat' dir='ltr'><strong>facientis,</strong></span> <span class='ocrx_word' id='word_1_462' title='bbox 2916 2960 3090 3026; x_wconf 89' lang='lat' dir='ltr'><strong>etad</strong></span> <span class='ocrx_word' id='word_1_463' title='bbox 3113 2979 3339 3028; x_wconf 87' lang='lat' dir='ltr'><strong>eorum</strong></span> <span class='ocrx_word' id='word_1_464' title='bbox 3364 2962 3830 3044; x_wconf 88' lang='lat' dir='ltr'><strong>promotionem</strong></span> 
     </span>
     <span class='ocr_line' id='line_1_72' title="bbox 2289 3064 3829 3154; baseline 0.003 -25"><span class='ocrx_word' id='word_1_465' title='bbox 2289 3067 2351 3129; x_wconf 90' lang='lat' dir='ltr'><strong>et</strong></span> <span class='ocrx_word' id='word_1_466' title='bbox 2378 3064 2649 3130; x_wconf 88' lang='lat' dir='ltr'><strong>salutem</strong></span> <span class='ocrx_word' id='word_1_467' title='bbox 2697 3068 3019 3131; x_wconf 90' lang='lat' dir='ltr'><strong>consecuti</strong></span> <span class='ocrx_word' id='word_1_468' title='bbox 3064 3072 3216 3133; x_wconf 90' lang='lat' dir='ltr'><strong>sunt</strong></span> <span class='ocrx_word' id='word_1_469' title='bbox 3255 3084 3554 3137; x_wconf 81' lang='lat' dir='ltr'><strong>coronam</strong></span> <span class='ocrx_word' id='word_1_470' title='bbox 3596 3070 3829 3154; x_wconf 90' lang='lat' dir='ltr'><strong>princi-</strong></span> 
     </span>
     <span class='ocr_line' id='line_1_73' title="bbox 2286 3171 3832 3260; baseline 0.003 -24"><span class='ocrx_word' id='word_1_471' title='bbox 2286 3175 2473 3255; x_wconf 87' lang='lat' dir='ltr'><strong>patus</strong></span> <span class='ocrx_word' id='word_1_472' title='bbox 2487 3220 2509 3252; x_wconf 91' lang='lat'><em>,</em></span> <span class='ocrx_word' id='word_1_473' title='bbox 2562 3176 2627 3237; x_wconf 87' lang='lat' dir='ltr'><strong>et</strong></span> <span class='ocrx_word' id='word_1_474' title='bbox 2665 3171 3051 3257; x_wconf 62' lang='lat' dir='ltr'><strong>dionitatem</strong></span> <span class='ocrx_word' id='word_1_475' title='bbox 3090 3178 3626 3260; x_wconf 61' lang='lat' dir='ltr'><strong>conquaestionis.</strong></span> <span class='ocrx_word' id='word_1_476' title='bbox 3674 3176 3832 3256; x_wconf 87' lang='lat' dir='ltr'><strong>Quo-</strong></span> 
     </span>
     <span class='ocr_line' id='line_1_74' title="bbox 2286 3280 3826 3370; baseline 0.006 -27"><span class='ocrx_word' id='word_1_477' title='bbox 2286 3296 2438 3344; x_wconf 90' lang='lat' dir='ltr'><strong>rum</strong></span> <span class='ocrx_word' id='word_1_478' title='bbox 2463 3280 2747 3362; x_wconf 90' lang='lat' dir='ltr'><strong>dignitas</strong></span> <span class='ocrx_word' id='word_1_479' title='bbox 2769 3286 2833 3346; x_wconf 87' lang='lat' dir='ltr'><strong>et</strong></span> <span class='ocrx_word' id='word_1_480' title='bbox 2859 3283 3251 3367; x_wconf 89' lang='lat' dir='ltr'><strong>principatus</strong></span> <span class='ocrx_word' id='word_1_481' title='bbox 3266 3285 3725 3370; x_wconf 86' lang='lat' dir='ltr'><strong>pertenderunt</strong></span> <span class='ocrx_word' id='word_1_482' title='bbox 3751 3284 3826 3368; x_wconf 74' lang='lat' dir='ltr'><strong>(ss)</strong></span> 
     </span>
     <span class='ocr_line' id='line_1_75' title="bbox 2286 3386 3830 3476; baseline 0.005 -26"><span class='ocrx_word' id='word_1_483' title='bbox 2286 3386 2368 3451; x_wconf 89' lang='lat' dir='ltr'><strong>ab</strong></span> <span class='ocrx_word' id='word_1_484' title='bbox 2412 3386 2742 3452; x_wconf 78' lang='lat' dir='ltr'><strong>altitudine</strong></span> <span class='ocrx_word' id='word_1_485' title='bbox 2783 3389 2929 3454; x_wconf 88' lang='lat' dir='ltr'><strong>coeli</strong></span> <span class='ocrx_word' id='word_1_486' title='bbox 2971 3408 3180 3475; x_wconf 87' lang='lat' dir='ltr'><strong>usque</strong></span> <span class='ocrx_word' id='word_1_487' title='bbox 3216 3391 3301 3457; x_wconf 87' lang='lat' dir='ltr'><strong>ad</strong></span> <span class='ocrx_word' id='word_1_488' title='bbox 3335 3392 3830 3476; x_wconf 75' lang='lat' dir='ltr'><strong>profunditatem</strong></span> 
     </span>
     <span class='ocr_line' id='line_1_76' title="bbox 2288 3493 3827 3582; baseline 0.005 -25"><span class='ocrx_word' id='word_1_489' title='bbox 2288 3493 2523 3559; x_wconf 80' lang='lat' dir='ltr'><strong>inferni</strong></span> <span class='ocrx_word' id='word_1_490' title='bbox 2556 3513 2574 3559; x_wconf 75' lang='grc' dir='ltr'><strong><em>ε</em></strong></span> <span class='ocrx_word' id='word_1_491' title='bbox 2617 3494 2856 3562; x_wconf 88' lang='lat' dir='ltr'><strong>habent</strong></span> <span class='ocrx_word' id='word_1_492' title='bbox 2905 3496 2983 3580; x_wconf 75' lang='lat' dir='ltr'><strong>(h)</strong></span> <span class='ocrx_word' id='word_1_493' title='bbox 3031 3499 3207 3563; x_wconf 91' lang='lat' dir='ltr'><strong>enim</strong></span> <span class='ocrx_word' id='word_1_494' title='bbox 3249 3502 3628 3582; x_wconf 83' lang='lat' dir='ltr'><strong>potestatem</strong></span> <span class='ocrx_word' id='word_1_495' title='bbox 3654 3499 3827 3565; x_wconf 86' lang='lat' dir='ltr'><strong>clau-</strong></span> 
     </span>
     <span class='ocr_line' id='line_1_77' title="bbox 2289 3600 3831 3689; baseline 0.005 -23"><span class='ocrx_word' id='word_1_496' title='bbox 2289 3600 2478 3666; x_wconf 88' lang='lat' dir='ltr'><strong>dendi</strong></span> <span class='ocrx_word' id='word_1_497' title='bbox 2507 3601 2740 3667; x_wconf 89' lang='lat' dir='ltr'><strong>coelum</strong></span> <span class='ocrx_word' id='word_1_498' title='bbox 2764 3650 2784 3683; x_wconf 89' lang='lat'>,</span> <span class='ocrx_word' id='word_1_499' title='bbox 2807 3607 2873 3668; x_wconf 91' lang='lat' dir='ltr'><strong>et</strong></span> <span class='ocrx_word' id='word_1_500' title='bbox 2897 3604 3145 3686; x_wconf 88' lang='lat' dir='ltr'><strong>ligandi</strong></span> <span class='ocrx_word' id='word_1_501' title='bbox 3169 3608 3360 3689; x_wconf 85' lang='lat' dir='ltr'><strong>atque</strong></span> <span class='ocrx_word' id='word_1_502' title='bbox 3386 3606 3676 3673; x_wconf 85' lang='lat' dir='ltr'><strong>solvendi</strong></span> <span class='ocrx_word' id='word_1_503' title='bbox 3701 3607 3831 3672; x_wconf 84' lang='lat' dir='ltr'><strong>ani-</strong></span> 
     </span>
     <span class='ocr_line' id='line_1_78' title="bbox 2289 3709 3832 3799; baseline 0.004 -25"><span class='ocrx_word' id='word_1_504' title='bbox 2289 3727 2426 3775; x_wconf 90' lang='lat' dir='ltr'><strong>mas</strong></span> <span class='ocrx_word' id='word_1_505' title='bbox 2454 3709 2796 3776; x_wconf 90' lang='lat' dir='ltr'><strong>hominum</strong></span> <span class='ocrx_word' id='word_1_506' title='bbox 2811 3757 2833 3790; x_wconf 91' lang='lat'><em>,</em></span> <span class='ocrx_word' id='word_1_507' title='bbox 2864 3710 3146 3777; x_wconf 87' lang='lat' dir='ltr'><strong>calcandi</strong></span> <span class='ocrx_word' id='word_1_508' title='bbox 3184 3729 3378 3798; x_wconf 87' lang='lat' dir='ltr'><strong>super</strong></span> <span class='ocrx_word' id='word_1_509' title='bbox 3421 3718 3747 3799; x_wconf 82' lang='lat' dir='ltr'><strong>serpentes</strong></span> <span class='ocrx_word' id='word_1_510' title='bbox 3771 3718 3832 3780; x_wconf 88' lang='lat' dir='ltr'><strong>et</strong></span> 
     </span>
     <span class='ocr_line' id='line_1_79' title="bbox 2288 3817 3832 3905; baseline 0.005 -25"><span class='ocrx_word' id='word_1_511' title='bbox 2288 3817 2653 3900; x_wconf 87' lang='lat' dir='ltr'><strong>scorpiones</strong></span> <span class='ocrx_word' id='word_1_512' title='bbox 2673 3865 2693 3897; x_wconf 89' lang='lat'>‚</span> <span class='ocrx_word' id='word_1_513' title='bbox 2732 3822 2797 3884; x_wconf 91' lang='lat' dir='ltr'><strong>et</strong></span> <span class='ocrx_word' id='word_1_514' title='bbox 2820 3819 3212 3902; x_wconf 90' lang='lat' dir='ltr'><strong>reprimendi</strong></span> <span class='ocrx_word' id='word_1_515' title='bbox 3238 3821 3506 3905; x_wconf 87' lang='lat' dir='ltr'><strong>spiritus</strong></span> <span class='ocrx_word' id='word_1_516' title='bbox 3554 3822 3832 3888; x_wconf 89' lang='lat' dir='ltr'><strong>immun-</strong></span> 
     </span>
     <span class='ocr_line' id='line_1_80' title="bbox 2287 3924 3831 4013; baseline 0.005 -23"><span class='ocrx_word' id='word_1_517' title='bbox 2287 3924 2443 3991; x_wconf 85' lang='lat' dir='ltr'><strong>dos:</strong></span> <span class='ocrx_word' id='word_1_518' title='bbox 2475 3927 2627 4010; x_wconf 84' lang='lat' dir='ltr'><strong>quia</strong></span> <span class='ocrx_word' id='word_1_519' title='bbox 2652 3944 2880 3992; x_wconf 90' lang='lat' dir='ltr'><strong>eorum</strong></span> <span class='ocrx_word' id='word_1_520' title='bbox 2905 3927 3154 4010; x_wconf 68' lang='lat' dir='ltr'><strong>linguae</strong></span> <span class='ocrx_word' id='word_1_521' title='bbox 3197 3930 3426 4013; x_wconf 86' lang='lat' dir='ltr'><strong>(quasi</strong></span> <span class='ocrx_word' id='word_1_522' title='bbox 3453 3929 3669 3997; x_wconf 82' lang='lat' dir='ltr'><strong>claves</strong></span> <span class='ocrx_word' id='word_1_523' title='bbox 3702 3950 3831 3997; x_wconf 88' lang='lat' dir='ltr'><strong>coe-</strong></span> 
     </span>
     <span class='ocr_line' id='line_1_81' title="bbox 2288 4030 3825 4121; baseline 0.007 -24"><span class='ocrx_word' id='word_1_524' title='bbox 2288 4030 2499 4115; x_wconf 84' lang='lat' dir='ltr'><strong>lestes)</strong></span> <span class='ocrx_word' id='word_1_525' title='bbox 2547 4036 2778 4115; x_wconf 86' lang='lat' dir='ltr'><strong>januas</strong></span> <span class='ocrx_word' id='word_1_526' title='bbox 2821 4034 2966 4100; x_wconf 89' lang='lat' dir='ltr'><strong>coeli</strong></span> <span class='ocrx_word' id='word_1_527' title='bbox 3007 4035 3355 4117; x_wconf 87' lang='lat' dir='ltr'><strong>claudunt,</strong></span> <span class='ocrx_word' id='word_1_528' title='bbox 3403 4041 3468 4103; x_wconf 90' lang='lat' dir='ltr'><strong>et</strong></span> <span class='ocrx_word' id='word_1_529' title='bbox 3506 4045 3825 4121; x_wconf 87' lang='lat' dir='ltr'><strong>reserant,</strong></span> 
     </span>
     <span class='ocr_line' id='line_1_82' title="bbox 2289 4143 3828 4225; baseline 0.007 -21"><span class='ocrx_word' id='word_1_530' title='bbox 2289 4143 2354 4205; x_wconf 89' lang='lat' dir='ltr'><strong>et</strong></span> <span class='ocrx_word' id='word_1_531' title='bbox 2387 4158 2616 4205; x_wconf 90' lang='lat' dir='ltr'><strong>eorum</strong></span> <span class='ocrx_word' id='word_1_532' title='bbox 2658 4145 2976 4225; x_wconf 71' lang='lat' dir='ltr'><strong>praecepto</strong></span> <span class='ocrx_word' id='word_1_533' title='bbox 3019 4144 3315 4211; x_wconf 90' lang='lat' dir='ltr'><strong>subditur</strong></span> <span class='ocrx_word' id='word_1_534' title='bbox 3354 4145 3529 4212; x_wconf 88' lang='lat' dir='ltr'><strong>salus</strong></span> <span class='ocrx_word' id='word_1_535' title='bbox 3575 4152 3640 4213; x_wconf 89' lang='lat' dir='ltr'><strong>et</strong></span> <span class='ocrx_word' id='word_1_536' title='bbox 3683 4147 3828 4214; x_wconf 86' lang='lat' dir='ltr'><strong>lan-</strong></span> 
     </span>
     <span class='ocr_line' id='line_1_83' title="bbox 2292 4248 3825 4338; baseline 0.007 -26"><span class='ocrx_word' id='word_1_537' title='bbox 2292 4264 2465 4329; x_wconf 92' lang='lat' dir='ltr'><strong>guor</strong></span> <span class='ocrx_word' id='word_1_538' title='bbox 2496 4248 2792 4314; x_wconf 91' lang='lat' dir='ltr'><strong>omnium</strong></span> <span class='ocrx_word' id='word_1_539' title='bbox 2813 4298 2833 4328; x_wconf 90' lang='lat'><strong>,</strong></span> <span class='ocrx_word' id='word_1_540' title='bbox 2883 4253 2950 4315; x_wconf 90' lang='lat' dir='ltr'><strong>et</strong></span> <span class='ocrx_word' id='word_1_541' title='bbox 2991 4251 3186 4317; x_wconf 87' lang='lat' dir='ltr'><strong>etiam</strong></span> <span class='ocrx_word' id='word_1_542' title='bbox 3229 4253 3354 4336; x_wconf 92' lang='lat' dir='ltr'><strong>ipsi</strong></span> <span class='ocrx_word' id='word_1_543' title='bbox 3400 4254 3666 4338; x_wconf 89' lang='lat' dir='ltr'><strong>spiritus</strong></span> <span class='ocrx_word' id='word_1_544' title='bbox 3703 4256 3825 4320; x_wconf 91' lang='lat' dir='ltr'><strong>im-</strong></span> 
     </span>
     <span class='ocr_line' id='line_1_84' title="bbox 2291 4354 3824 4449; baseline 0.009 -30"><span class='ocrx_word' id='word_1_545' title='bbox 2291 4354 2512 4421; x_wconf 88' lang='lat' dir='ltr'><strong>mundi</strong></span> <span class='ocrx_word' id='word_1_546' title='bbox 2539 4378 2555 4421; x_wconf 88' lang='lat'><strong>:</strong></span> <span class='ocrx_word' id='word_1_547' title='bbox 2583 4357 2757 4440; x_wconf 83' lang='lat' dir='ltr'><strong>quod</strong></span> <span class='ocrx_word' id='word_1_548' title='bbox 2784 4362 2879 4423; x_wconf 87' lang='lat' dir='ltr'><strong>est</strong></span> <span class='ocrx_word' id='word_1_549' title='bbox 2904 4358 3218 4426; x_wconf 91' lang='lat' dir='ltr'><strong>indicium</strong></span> <span class='ocrx_word' id='word_1_550' title='bbox 3256 4363 3563 4430; x_wconf 84' lang='lat' dir='ltr'><strong>maximae</strong></span> <span class='ocrx_word' id='word_1_551' title='bbox 3613 4368 3824 4449; x_wconf 87' lang='lat' dir='ltr'><strong>potes·</strong></span> 
     </span>
     <span class='ocr_line' id='line_1_85' title="bbox 2288 4463 2905 4547; baseline 0.005 -19"><span class='ocrx_word' id='word_1_552' title='bbox 2288 4463 2436 4529; x_wconf 88' lang='lat' dir='ltr'><strong>tatis</strong></span> <span class='ocrx_word' id='word_1_553' title='bbox 2460 4467 2525 4529; x_wconf 90' lang='lat' dir='ltr'><strong>et</strong></span> <span class='ocrx_word' id='word_1_554' title='bbox 2549 4464 2609 4529; x_wconf 90' lang='lat' dir='ltr'><strong>di</strong></span> <span class='ocrx_word' id='word_1_555' title='bbox 2616 4464 2905 4547; x_wconf 89' lang='lat' dir='ltr'><strong>gnitatis.</strong></span> 
     </span>
    </p>

    <p class='ocr_par' dir='ltr' id='par_1_13' title="bbox 2285 4572 3831 5387">
     <span class='ocr_line' id='line_1_86' title="bbox 2367 4572 3830 4650; baseline 0.008 -12"><span class='ocrx_word' id='word_1_556' title='bbox 2367 4572 2578 4640; x_wconf 91' lang='lat' dir='ltr'><strong>Tertio</strong></span> <span class='ocrx_word' id='word_1_557' title='bbox 2604 4574 2861 4641; x_wconf 88' lang='lat' dir='ltr'><strong>ornavit</strong></span> <span class='ocrx_word' id='word_1_558' title='bbox 2885 4593 2995 4641; x_wconf 90' lang='lat' dir='ltr'><strong>eos</strong></span> <span class='ocrx_word' id='word_1_559' title='bbox 3020 4582 3396 4645; x_wconf 89' lang='lat' dir='ltr'><strong>ornamento</strong></span> <span class='ocrx_word' id='word_1_560' title='bbox 3435 4579 3830 4650; x_wconf 75' lang='lat' dir='ltr'><strong>deiformita-</strong></span> 
     </span>
     <span class='ocr_line' id='line_1_87' title="bbox 2288 4667 3829 4772; baseline 0.009 -23"><span class='ocrx_word' id='word_1_561' title='bbox 2288 4683 2374 4749; x_wconf 86' lang='lat' dir='ltr'><strong>tis</strong></span> <span class='ocrx_word' id='word_1_562' title='bbox 2421 4685 2493 4769; x_wconf 82' lang='lat' dir='ltr'><strong>(b)</strong></span> <span class='ocrx_word' id='word_1_563' title='bbox 2534 4667 2776 4768; x_wconf 78' lang='lat' dir='ltr'><strong>gloriae&#39;</strong></span> <span class='ocrx_word' id='word_1_564' title='bbox 2805 4686 2884 4769; x_wconf 67' lang='grc' dir='ltr'><strong>(ι)</strong></span> <span class='ocrx_word' id='word_1_565' title='bbox 2912 4691 3231 4772; x_wconf 76' lang='lat' dir='ltr'><strong>quantum</strong></span> <span class='ocrx_word' id='word_1_566' title='bbox 3270 4690 3353 4756; x_wconf 73' lang='lat' dir='ltr'><strong>aa</strong></span> <span class='ocrx_word' id='word_1_567' title='bbox 3391 4694 3829 4762; x_wconf 70' lang='lat' dir='ltr'><strong>excellentiam</strong></span> 
     </span>
     <span class='ocr_line' id='line_1_88' title="bbox 2288 4780 3831 4879; baseline 0.006 -22"><span class='ocrx_word' id='word_1_568' title='bbox 2288 4793 2702 4876; x_wconf 68' lang='lat' dir='ltr'><strong>praemiorum</strong></span> <span class='ocrx_word' id='word_1_569' title='bbox 2718 4817 2737 4875; x_wconf 89' lang='lat'>;</span> <span class='ocrx_word' id='word_1_570' title='bbox 2759 4798 2824 4860; x_wconf 89' lang='lat' dir='ltr'><strong>et</strong></span> <span class='ocrx_word' id='word_1_571' title='bbox 2834 4780 3095 4879; x_wconf 80' lang='lat' dir='ltr'><strong>propter</strong></span> <span class='ocrx_word' id='word_1_572' title='bbox 3111 4796 3236 4863; x_wconf 90' lang='lat' dir='ltr'><strong>hoc</strong></span> <span class='ocrx_word' id='word_1_573' title='bbox 3253 4800 3554 4866; x_wconf 83' lang='lat' dir='ltr'><strong>convenit</strong></span> <span class='ocrx_word' id='word_1_574' title='bbox 3571 4801 3831 4868; x_wconf 82' lang='lat' dir='ltr'><strong>cuilibet</strong></span> 
     </span>
     <span class='ocr_line' id='line_1_89' title="bbox 2288 4900 3823 4992; baseline 0.007 -28"><span class='ocrx_word' id='word_1_575' title='bbox 2288 4916 2515 4965; x_wconf 89' lang='lat' dir='ltr'><strong>eorum</strong></span> <span class='ocrx_word' id='word_1_576' title='bbox 2540 4900 2700 4966; x_wconf 89' lang='lat' dir='ltr'><strong>illud</strong></span> <span class='ocrx_word' id='word_1_577' title='bbox 2718 4905 2741 4941; x_wconf 75' lang='lat'>⁸</span> <span class='ocrx_word' id='word_1_578' title='bbox 2764 4923 2781 4967; x_wconf 72' lang='grc' dir='ltr'>ε</span> <span class='ocrx_word' id='word_1_579' title='bbox 2803 4924 2836 4963; x_wconf 76' lang='grc' dir='ltr'><strong>«ι</strong></span> <span class='ocrx_word' id='word_1_580' title='bbox 2855 4901 3100 4969; x_wconf 88' lang='lat' dir='ltr'><strong>Corona</strong></span> <span class='ocrx_word' id='word_1_581' title='bbox 3118 4921 3318 4972; x_wconf 84' lang='lat' dir='ltr'><strong>aurea</strong></span> <span class='ocrx_word' id='word_1_582' title='bbox 3331 4923 3527 4990; x_wconf 88' lang='lat' dir='ltr'><strong>super</strong></span> <span class='ocrx_word' id='word_1_583' title='bbox 3545 4912 3738 4992; x_wconf 86' lang='lat' dir='ltr'><strong>caput</strong></span> <span class='ocrx_word' id='word_1_584' title='bbox 3752 4908 3823 4991; x_wconf 70' lang='grc' dir='ltr'><strong>(ἢ</strong></span> 
     </span>
     <span class='ocr_line' id='line_1_90' title="bbox 2287 5009 3827 5100; baseline 0.006 -28"><span class='ocrx_word' id='word_1_585' title='bbox 2287 5010 2453 5091; x_wconf 84' lang='lat' dir='ltr'><strong>ejus,</strong></span> <span class='ocrx_word' id='word_1_586' title='bbox 2479 5026 2781 5093; x_wconf 85' lang='lat' dir='ltr'><strong>expressa</strong></span> <span class='ocrx_word' id='word_1_587' title='bbox 2805 5009 2998 5093; x_wconf 90' lang='lat' dir='ltr'><strong>signo</strong></span> <span class='ocrx_word' id='word_1_588' title='bbox 3015 5012 3384 5093; x_wconf 77' lang='lat' dir='ltr'><strong>sanctitatis,</strong></span> <span class='ocrx_word' id='word_1_589' title='bbox 3410 5013 3642 5096; x_wconf 81' lang='lat' dir='ltr'><strong>gloriae</strong></span> <span class='ocrx_word' id='word_1_590' title='bbox 3663 5020 3731 5081; x_wconf 90' lang='lat' dir='ltr'><strong>et</strong></span> <span class='ocrx_word' id='word_1_591' title='bbox 3751 5016 3827 5100; x_wconf 60' lang='lat' dir='ltr'><strong>(ki</strong></span> 
     </span>
     <span class='ocr_line' id='line_1_91' title="bbox 2287 5169 3825 5255; baseline 0.005 -35"><span class='ocrx_word' id='word_1_592' title='bbox 2287 5193 2351 5209; x_wconf 85' lang='lat'>-</span> <span class='ocrx_word' id='word_1_593' title='bbox 2388 5169 2454 5234; x_wconf 83' lang='lat' dir='ltr'><strong>(c)</strong></span> <span class='ocrx_word' id='word_1_594' title='bbox 2486 5170 2612 5221; x_wconf 77' lang='lat' dir='ltr'><strong>Item</strong></span> <span class='ocrx_word' id='word_1_595' title='bbox 2637 5170 3055 5255; x_wconf 79' lang='lat' dir='ltr'><strong>indeficientiam.</strong></span> <span class='ocrx_word' id='word_1_596' title='bbox 3089 5172 3163 5236; x_wconf 79' lang='lat' dir='ltr'><strong>(d)</strong></span> <span class='ocrx_word' id='word_1_597' title='bbox 3191 5173 3314 5228; x_wconf 74' lang='lat' dir='ltr'><strong>Coel.</strong></span> <span class='ocrx_word' id='word_1_598' title='bbox 3349 5174 3471 5226; x_wconf 70' lang='lat' dir='ltr'><strong>edit.</strong></span> <span class='ocrx_word' id='word_1_599' title='bbox 3500 5175 3623 5230; x_wconf 78' lang='lat' dir='ltr'><strong>cdd.</strong></span> <span class='ocrx_word' id='word_1_600' title='bbox 3653 5190 3825 5243; x_wconf 85' lang='lat' dir='ltr'><strong>quam.</strong></span> 
     </span>
     <span class='ocr_line' id='line_1_92' title="bbox 2285 5241 3826 5387; baseline 0.006 -23"><span class='ocrx_word' id='word_1_601' title='bbox 2285 5241 2753 5366; x_wconf 51' lang='lat' dir='ltr'><strong>gdffgd‘sssoegffj}</strong></span> <span class='ocrx_word' id='word_1_602' title='bbox 2779 5244 3475 5382; x_wconf 42' lang='grc' dir='ltr'><strong>ὅῗτιῖνιιὶ-ᾎὲρωῗιῖἓῆἶῖ</strong></span> <span class='ocrx_word' id='word_1_603' title='bbox 3492 5254 3826 5387; x_wconf 47' lang='lat' dir='ltr'><strong>We}</strong></span> 
     </span>
    </p>
   </div>
   <div class='ocr_carea' id='block_1_10' title="bbox 2285 5383 3822 5526">
    <p class='ocr_par' dir='ltr' id='par_1_14' title="bbox 2285 5383 3822 5526">
     <span class='ocr_line' id='line_1_93' title="bbox 2285 5383 3822 5457; baseline 0.005 -21"><span class='ocrx_word' id='word_1_604' title='bbox 2285 5383 2458 5438; x_wconf 82' lang='lat' dir='ltr'><strong>habet.</strong></span> <span class='ocrx_word' id='word_1_605' title='bbox 2485 5412 2547 5425; x_wconf 93' lang='lat'><strong>—</strong></span> <span class='ocrx_word' id='word_1_606' title='bbox 2584 5388 2641 5450; x_wconf 77' lang='lat' dir='ltr'><strong>(i)</strong></span> <span class='ocrx_word' id='word_1_607' title='bbox 2681 5388 2807 5438; x_wconf 75' lang='lat' dir='ltr'><strong>Item</strong></span> <span class='ocrx_word' id='word_1_608' title='bbox 2844 5386 3174 5443; x_wconf 66' lang='lat' dir='ltr'><strong>tortitudinis.</strong></span> <span class='ocrx_word' id='word_1_609' title='bbox 3200 5415 3264 5430; x_wconf 88' lang='lat'>-</span> <span class='ocrx_word' id='word_1_610' title='bbox 3300 5391 3367 5455; x_wconf 74' lang='lat' dir='ltr'><strong>(j)</strong></span> <span class='ocrx_word' id='word_1_611' title='bbox 3415 5390 3564 5457; x_wconf 72' lang='lat' dir='ltr'><strong>Vulq.</strong></span> <span class='ocrx_word' id='word_1_612' title='bbox 3600 5392 3822 5448; x_wconf 59' lang='lat' dir='ltr'><strong>minam.</strong></span> 
     </span>
     <span class='ocr_line' id='line_1_94' title="bbox 2287 5454 2803 5526; baseline 0.01 -21"><span class='ocrx_word' id='word_1_613' title='bbox 2287 5477 2350 5495; x_wconf 82' lang='lat'>-</span> <span class='ocrx_word' id='word_1_614' title='bbox 2373 5454 2445 5524; x_wconf 75' lang='lat' dir='ltr'><strong>(k)</strong></span> <span class='ocrx_word' id='word_1_615' title='bbox 2472 5458 2594 5511; x_wconf 79' lang='lat' dir='ltr'><strong>Item</strong></span> <span class='ocrx_word' id='word_1_616' title='bbox 2620 5457 2803 5526; x_wconf 83' lang='lat' dir='ltr'><strong>gloria.</strong></span> 
     </span>
    </p>
   </div>
  </div>
 </body>
</html>
