4059 6317
965 419 1344 488 DOMINICA
1383 415 1466 486 lx
1510 416 1706 485 POST
1741 415 2323 490 PENTECOSTEN.
2368 419 2609 489 SERM.
2651 419 2758 487 IV.

261 554 392 623 boli
427 555 952 640 coangustabitur
978 555 1050 622 in
1078 557 1307 634 morte,
1334 555 1592 638 quando
1618 571 1806 637 spon-

262 683 374 730 sus
392 663 679 730 Christus
698 662 1103 748 superveniet
1130 681 1278 728 cum
1306 662 1522 744 gladio
1540 662 1802 726 damna-

261 769 456 836 tionis
493 774 774 837 aeternae.
822 795 853 833 c
875 771 1380 851 coangustatum
1426 772 1523 834 est
1572 770 1746 834 enim
1784 770 1804 806 ¹

261 881 556 955 stratum,
585 879 676 941 ita
702 883 775 942 ut
799 879 956 943 alter
982 878 1248 954 decidat,
1279 880 1342 943 et
1368 877 1634 959 pallium
1667 878 1810 942 bre-

261 1002 342 1050 ve
372 988 719 1066 utrumque
760 985 1009 1066 operire
1054 1004 1186 1049 non
1230 988 1455 1068 potest.
1484 1006 1515 1046 11
1556 984 1801 1050 Interii-

261 1092 475 1156 neatis
507 1114 523 1156 ε
564 1115 595 1152 α
622 1091 762 1156 Non
792 1093 994 1175 capiet
1016 1111 1120 1158 me
1145 1096 1210 1157 et
1234 1092 1619 1170 adulterum,
1649 1092 1810 1157 scili-

263 1203 361 1262 cet
387 1185 732 1263 diabolum.
755 1200 826 1258 »¹
853 1198 1053 1264 Nemo
1077 1203 1283 1283 potest
1310 1200 1561 1264 duobus
1589 1200 1798 1264 Domi-

263 1306 388 1385 nis,
433 1328 465 1366 6
519 1312 638 1370 etc.
683 1304 966 1372 Stratum
1014 1310 1110 1371 est
1143 1325 1274 1386 cor,
1306 1307 1572 1390 pallium
1599 1324 1800 1371 amor.

265 1410 354 1476 De
383 1412 564 1478 tertio
589 1412 822 1478 dicitur
849 1403 973 1477 hoc
1001 1432 1020 1477 ε
1056 1414 1575 1496 coanqustabunc
1602 1420 1662 1482 te
1681 1432 1804 1480 un-

266 1517 483 1601 dique,
517 1520 670 1602 quia
704 1520 931 1584 subtus
974 1525 1038 1584 et
1073 1539 1289 1604 supra,
1320 1511 1496 1586 intus
1521 1524 1586 1586 et
1630 1525 1805 1588 exte-

265 1626 423 1691 rius,
453 1625 477 1661 ⁸
507 1625 801 1692 «Omnes
827 1631 1261 1710 persecutores
1287 1631 1426 1711 ejus
1451 1629 1807 1712 apprehen-

266 1733 500 1799 derunt
532 1753 674 1799 eam
703 1736 873 1800 inter
902 1737 1258 1818 angustias.
1290 1758 1321 1797 6
1359 1736 1707 1819 Gregorius
1734 1739 1757 1775 ⁸
1788 1760 1804 1804 ε

276 1865 307 1904 α
329 1842 594 1925 Maligni
632 1844 894 1926 spiritus
930 1844 1213 1928 undique
1247 1845 1529 1910 animam
1564 1864 1805 1927 angus-

267 1956 435 2032 tant,
465 1952 721 2036 quando
746 1954 805 2017 ei
833 1971 965 2018 non
994 1953 1204 2019 solum
1228 1954 1459 2037 operiS,
1490 1957 1720 2019 verum
1747 1959 1811 2019 et

266 2058 625 2146 locutionis,
648 2059 841 2124 etiam
865 2060 1132 2143 insuper
1152 2061 1556 2141 cogitationis
1580 2061 1811 2144 iniqui·-

269 2169 429 2230 tates
453 2165 785 2248 replicant.
812 2188 844 2226 6
1269 2203 1274 2212 -

349 2272 652 2357 Sequitur
693 2295 708 2337 :
761 2275 844 2341 Et
884 2273 976 2341 ad
1011 2278 1244 2341 terram
1275 2279 1671 2357 prosternent
1700 2279 1759 2342 te
1792 2296 1809 2340 ι

269 2381 352 2447 ad
385 2386 622 2446 terram
655 2384 890 2463 utique
925 2382 1004 2446 de
1039 2400 1168 2463 qua
1204 2388 1226 2424 ⁸
1259 2404 1275 2447 t
1323 2406 1355 2445 α
1391 2382 1653 2450 Terram
1689 2384 1815 2449 mi-

270 2490 477 2568 seriae,
509 2510 541 2548 6
571 2493 689 2553 etc.
722 2488 1159 2554 Prosternitur
1191 2493 1406 2554 autem
1442 2491 1638 2556 homo
1673 2509 1818 2555 cor·

270 2598 593 2680 poraliter‚
621 2597 1058 2680 spiritualiter,
1081 2596 1566 2662 universaliter:
1598 2616 1817 2683 corpo-

271 2704 567 2768 raliters
539 2703 828 2786 sepulcro
853 2727 890 2783 γ
936 2704 1346 2786 spiritualiter
1397 2704 1466 2768 in
1522 2704 1811 2785 insern03

270 2810 756 2875 universaliter
738 2830 806 2874 1n
826 2811 1095 2892 jndicio.
1138 2814 1227 2876 De
1252 2811 1461 2894 primo
1477 2811 1543 2847 ⁸·
1529 2810 1619 2873 ,6
1645 2809 1819 2887 Quo-

271 2936 422 2982 rum
447 2917 755 2982 cadavera
779 2918 1139 3000 prostrata
1124 2937 1191 2982 111
1215 2918 1486 2982 deserto,
1516 2939 1546 2977 6
1580 2915 1819 2998 Grego-

272 3024 410 3089 rius
434 3024 456 3060 ‘¹
491 3046 507 3088 ε
547 3047 578 3085 c
609 3024 844 3088 Anima
876 3043 993 3107 pro
1034 3029 1218 3090 reatu
1253 3023 1656 3106 cogitationis
1679 3042 1820 3089 suae

273 3131 621 3196 adterram
647 3132 1090 3211 consternitur,
1121 3132 1277 3196 dum
1306 3150 1478 3210 carc,
1506 3149 1702 3214 quam
1728 3132 1820 3195 vi-

274 3245 406 3304 tam
432 3259 618 3305 suam
645 3239 928 3320 credidit,
957 3241 1164 3306 redire
1205 3240 1286 3305 ad
1331 3239 1661 3323 pulverem
1702 3258 1819 3304 ur·-

275 3354 490 3429 getur.
517 3370 548 3408 n
587 3348 674 3413 De
701 3348 980 3414 secundo
1006 3349 1236 3413 dicitur
1260 3348 1364 3412 hic
1395 3369 1410 3412 :
1445 3347 1552 3414 Ad
1584 3355 1820 3415 terram

274 3461 672 3536 prosternent
700 3461 781 3522 te.
815 3455 996 3536 Ecce,
1035 3456 1255 3535 homo,
1281 3454 1454 3535 elige
1480 3456 1648 3537 quod
1673 3455 1816 3519 vis:

277 3563 382 3628 vel
408 3565 730 3629 daemones
756 3567 1159 3647 prosternent
1201 3571 1264 3629 te
1302 3564 1372 3627 in
1407 3563 1678 3642 inferno,
1715 3562 1819 3628 vel

279 3675 350 3737 tu
377 3690 490 3736 eos
512 3677 873 3756 prosternes
899 3672 967 3736 in
995 3670 1237 3737 mundo
1252 3692 1271 3751 ;
1304 3671 1583 3736 maxime
1602 3674 1820 3736 autem

277 3757 637 3862 prosternes
666 3798 776 3845 eos
801 3798 915 3862 per
939 3780 1315 3858 orationem,
1347 3782 1409 3844 et
1430 3778 1668 3844 bonam
1691 3795 1824 3843 ma·

280 3904 404 3951 nus
443 3888 896 3968 operationem.
944 3886 1138 3951 Manu
1180 3885 1442 3968 quictem
1487 3890 1818 3966 pugnant3

281 3993 388 4058 sed
429 3993 631 4059 Deum
676 3994 974 4059 cordibus
1008 3999 1260 4058 orantes
1294 3997 1776 4075 prostraverunt
1798 3997 1823 4034 ⁸

279 4100 546 4181 triginta
571 4101 854 4183 quinque
881 4100 1100 4166 millia.
1132 4099 1218 4164 De
1246 4101 1434 4163 tertio
1482 4098 1504 4133 ⁹
1548 4118 1564 4162 ε
1607 4120 1638 4158 α
1670 4097 1820 4163 Pro·

281 4210 479 4270 strata
503 4213 600 4270 est
621 4207 699 4289 (a)
730 4205 1053 4274 Philistaea
1072 4207 1302 4286 omnia,
1323 4227 1358 4268 6
1379 4206 1445 4270 id
1461 4210 1580 4282 ost,
1599 4221 1824 4270 omnes

282 4309 618 4393 philistaei,
646 4313 711 4378 id
739 4318 833 4377 est
859 4313 1357 4395 malignantium
1390 4311 1682 4392 ecclesia,
1718 4311 1824 4379 vel

281 4417 549 4504 quilibet
576 4423 885 4502 peccator,
912 4419 1026 4503 qui
1053 4425 1199 4486 ante
1215 4419 1533 4502 ,iudicium
1556 4418 1823 4484 damna-

281 4524 472 4590 tionis
504 4527 924 4609 prosternitur
958 4533 1204 4592 tantum
1241 4528 1310 4591 in
1347 4527 1585 4604 anima,
1615 4526 1824 4590 sedin

275 4632 517 4713 jndicio
537 4635 961 4716 prosternitur
991 4634 1069 4717 (b)
1095 4636 1335 4713 omnis,
1361 4633 1425 4697 id
1452 4639 1545 4698 est
1571 4634 1826 4698 univer-

283 4739 520 4818 saliter,
559 4759 791 4825 corpus
833 4745 898 4806 et
947 4742 1188 4820 anima,
1244 4758 1465 4806 sensus
1510 4746 1575 4803 et
1605 4739 1826 4804 omnia

283 4847 575 4916 membra
602 4870 620 4915 :
656 4854 810 4913 tunc
835 4854 1266 4932 prosternetur
1283 4848 1350 4912 in
1369 4847 1692 4929 gehenna,
1713 4845 1826 4928 qui

286 4972 460 5020 nunc
498 4961 854 5039 prostratus
887 4962 983 5023 est
1023 4959 1095 5022 in
1135 4957 1342 5039 culpa.
1373 4959 1421 4997 ¹⁰
1468 4977 1500 5016 α
1527 4953 1684 5020 Vide
1711 4953 1827 5019 ubi

286 5079 419 5128 non
448 5062 519 5147 (c)
553 5068 863 5147 prostrata
886 5065 993 5130 sis.
1021 5086 1055 5126 6

293 5248 298 5252 ,
346 5188 365 5223 ¹
387 5189 506 5249 lsa„
528 5202 713 5250 xxvut,
742 5194 820 5242 20.
853 5218 911 5229 -
942 5192 961 5221 ²
985 5190 1191 5254 March„
1218 5202 1289 5255 vi,
1315 5193 1392 5241 24.
1421 5216 1484 5227 —
1510 5188 1534 5224 ⁸
1557 5188 1756 5247 Thr-en„
1787 5198 1825 5250 1,

288 5260 336 5309 3.
365 5285 430 5298 ——
454 5262 477 5297 ⁴
507 5265 680 5328 Greg„
712 5265 768 5313 in
793 5265 1007 5329 Evauq„
1032 5263 1177 5316 bom.
1204 5275 1386 5322 xxxix,
1417 5275 1470 5311 n.
1501 5263 1549 5311 t.
1576 5285 1641 5297 —
1664 5261 1685 5294 ⁸
1714 5257 1828 5322 Ιοὸ,

291 5345 344 5392 x,
381 5335 456 5384 12.
495 5358 557 5372 -
595 5339 615 5367 ⁸
643 5334 820 5395 Helm,
851 5347 938 5399 111,
981 5336 1054 5386 ss.
1083 5360 1144 5372 —
1170 5335 1185 5364 ⁷
1215 5335 1388 5398 Greg„
1414 5331 1502 5383 ubi
1529 5345 1644 5396 sup.
1674 5342 1825 5393 prox.

291 5426 355 5442 —-
379 5403 400 5438 ⁸
429 5407 466 5456 ΙΙ
499 5405 684 5471 Maeli„
715 5419 803 5472 κν,
833 5411 913 5458 27.
940 5434 1003 5445 —-
1028 5408 1047 5438 ⁸
1075 5408 1195 5470 Ira„
1224 5418 1332 5471 xus,
1361 5406 1439 5456 31.
1466 5432 1530 5443 -—
1553 5405 1593 5440 ¹⁰
1621 5404 1826 5463 lenm,

2420 625 2709 698 SERMO
2753 625 2850 698 IV
2882 636 2949 695 ¹¹.

1993 772 2227 839 Domus
2269 788 2429 851 mea,
2468 772 2696 840 domus
2734 771 3051 840 0161101116
3088 768 3421 837 vocabitur
3429 784 3460 848 ;

1914 893 2025 944 vos
2078 885 2297 947 autem
2351 880 2600 959 fecistis
2639 879 2822 945 illam
2856 879 3220 960 speluncam
3254 876 3461 944 latro·

1914 986 2145 1051 numfl.
2162 986 2467 1051 Dominus
2481 991 2692 1051 noster
2705 1004 2996 1056 summus
3013 985 3305 1050 Pontifex
3320 983 3465 1048 uni-

1917 1092 2179 1156 versalis
2216 1093 2532 1174 Ecclesiae,
2582 1093 2808 1158 videns
2851 1093 3161 1160 hodierna
3199 1093 3303 1158 die
3343 1091 3457 1155 do-

1917 1217 2098 1263 mum
2149 1201 2453 1265 orationis
2508 1200 2649 1264 fleri
2698 1200 2912 1265 forum
2970 1197 3421 1281 negotiationis
3436 1244 3457 1276 ,

1916 1306 2193 1388 quodam
2242 1306 2431 1372 debili
2479 1307 2736 1388 flagello
2757 1356 2777 1384 ,
2822 1307 3038 1389 ejectis
3088 1305 3465 1370 miraculose

1916 1413 2421 1495 negotiatoribus
2451 1412 2531 1477 de
2548 1413 2807 1495 temple,
2829 1412 2990 1478 dure
3008 1413 3236 1495 arguit
3250 1429 3360 1482 eos
3385 1412 3464 1477 de

1919 1519 2250 1599 maleficio,
2299 1536 2448 1584 cum
2489 1518 2705 1585 subdit
2745 1520 2813 1583 in
2859 1521 3055 1585 verbo
3093 1520 3460 1603 proposito:

1919 1626 2157 1694 Domtae
2193 1642 2358 1705 mea,
2389 1625 2616 1693 domus
2647 1628 2963 1695 orationis
2996 1627 3347 1695 vocabitur.
3391 1626 3466 1692 ln

1918 1751 2049 1816 quo
2073 1733 2332 1817 quidem
2360 1734 2578 1813 verbo,
2600 1734 2809 1816 primo
2826 1738 3086 1799 notatur
3099 1734 3469 1817 appropria·

1918 1841 2007 1905 tio
2036 1840 2301 1905 dominii
2324 1860 2342 1919 ;
2373 1839 2654 1905 secundo
2681 1840 2948 1906 intentio
2979 1839 3307 1919 sacriflcii3
3333 1844 3468 1906 ter-

1911 1947 2033 2048 tio,
2063 1948 2408 2031 increpatio
2434 1946 2751 2012 maleficii.
2779 1945 3074 2014 Primum
3096 1952 3191 2013 est
3208 1948 3471 2014 honoris

1919 2060 1984 2120 et
2023 2056 2564 2137 magmsscentiae3
2607 2055 2957 2121 secundum
2998 2061 3096 2121 est
3128 2056 3368 2122 amoris
3402 2060 3473 2122 et

1920 2162 2382 2228 benevolentiae
2405 2185 2423 2241 ;
2450 2163 2712 2227 tertium
2740 2169 2837 2228 est
2864 2163 3124 2246 pudoris
3151 2168 3214 2229 et
3241 2164 3468 2246 displi-

1921 2269 2170 2334 centiae.
2199 2270 2647 2354 Appropriatio
2676 2271 2970 2351 dominii,
3003 2271 3177 2356 quod
3214 2276 3310 2336 est
3346 2273 3470 2338 ho-

1921 2379 2097 2442 noris
2122 2382 2189 2443 et
2213 2380 2736 2460 magnificentiae,
2774 2383 3053 2461 notatur,
3094 2398 3245 2445 cum
3272 2379 3467 2446 dicit:

1925 2485 2167 2552 Domus
2217 2503 2381 2554 mea.
2439 2485 2712 2551 Intentio
2762 2487 3086 2565 sacrificii,
3140 2487 3314 2570 quod
3374 2492 3475 2552 est

1923 2595 2161 2660 amoris
2202 2600 2267 2660 et
2295 2596 2754 2664 benevolentiae
2769 2643 2791 2675 ‚
2823 2600 3102 2677 notatur,
3134 2615 3284 2662 cum
3322 2598 3472 2664 sub-

1922 2701 2013 2766 dit
2047 2722 2063 2766 :
2101 2703 2333 2768 Domus
2359 2702 2680 2769 orationis
2710 2701 3060 2769 vocabitur.
3107 2702 3233 2767 Ista
3265 2703 3473 2770 inten-

1922 2808 2098 2876 tione
2132 2810 2205 2874 flt
2229 2808 2512 2889 ecclesia,
2544 2815 2619 2875 ut
2642 2810 2968 2875 sacrificiis
2995 2810 3159 2875 Deus
3192 2810 3470 2877 honore-

1923 2918 2035 2978 tur
2059 2915 2127 2980 in
2155 2934 2250 2980 ea.
2285 2915 2637 3000 increpatio
2659 2916 2959 2982 maleficii
2975 2921 3039 2982 et
3059 2917 3471 3001 displicentiae

1923 3024 2204 3101 notatur,
2236 3041 2385 3087 cum
2416 3023 2730 3090 subinfert
2761 3046 2778 3089 z
2820 3024 2945 3091 Vos
2972 3031 3187 3093 autem
3222 3027 3472 3106 fecistis

1891 3136 1898 3144 ·
1924 3129 2109 3195 illam
2133 3129 2499 3212 speluncam
2526 3132 2873 3199 latronum.

2006 3236 2227 3302 Primo
2254 3255 2414 3319 ergo
2430 3239 2501 3302 in
2519 3239 2719 3303 verbo
2738 3240 3063 3322 proposito
3085 3244 3343 3306 notatur
3359 3259 3473 3324 ap·

1925 3344 2272 3427 propriatio
2302 3346 2592 3423 dominii,
2622 3365 2774 3412 cum
2811 3348 2963 3411 dicit
2993 3369 3008 3412 ε
3040 3350 3279 3415 Domus
3302 3365 3467 3416 mea.

1926 3450 2229 3517 Vendicat
2253 3455 2317 3516 et
2355 3454 2720 3536 appropriat
2745 3453 2868 3517 sibi
2903 3455 3264 3520 dominium
3302 3457 3472 3521 Deus

1926 3557 1996 3621 in
2036 3555 2330 3634 ecclesia,
2378 3576 2454 3623 eo
2493 3561 2665 3642 quod
2709 3561 2780 3625 in
2827 3579 2906 3626 ea
2940 3562 3134 3627 habet
3176 3581 3473 3629 exercere

1925 3668 2057 3728 tres
2080 3667 2260 3728 actus
2284 3665 2736 3747 hierarchicos,
2764 3668 2888 3733 sibi
2911 3669 3029 3734 soli
3048 3676 3359 3754 tanquam
3374 3674 3469 3736 et-

1926 3769 2163 3835 flcienti
2192 3773 2673 3854 convenientes,
2704 3780 2770 3839 et
2808 3776 2969 3841 nulli
3009 3778 3138 3842 alii.
3171 3778 3346 3844 Unde
3382 3779 3473 3843 si-

1926 3882 2038 3941 cut
2063 3878 2225 3941 Deus
2254 3877 2440 3944 Pater
2466 3879 2659 3944 habet
2675 3881 2745 3945 in
2770 3882 3086 3964 superiori
3111 3885 3474 3951 hierarchia

1925 3983 2306 4067 angelorum
2352 4004 2636 4068 purgare
2655 4035 2673 4066 ,
2723 3988 3119 4071 illuminare,
3169 3997 3234 4057 et
3271 3995 3467 4076 perfl-

1926 4111 2071 4158 cere
2092 4114 2110 4171 ;
2136 4093 2227 4157 sic
2250 4093 2393 4175 ejus
2419 4093 2639 4172 Filius,
2664 4096 2808 4174 licet
2831 4097 3106 4164 indivisa
3128 4099 3256 4164 sint
3275 4118 3470 4184 opera

1926 4199 2272 4280 Trinitatis,
2322 4202 2393 4265 in
2434 4203 2720 4268 inferiori
2768 4203 3129 4271 hierarchia
3182 4208 3468 4275 fidelium
3544 4202 3553 4212 ”

1926 4307 2123 4373 habet
2145 4309 2284 4373 haec
2313 4310 2435 4372 tria
2472 4309 2699 4389 facere,
2730 4310 2880 4375 licet
2914 4312 3098 4378 aliter
3122 4315 3471 4399 accipiatur

1922 4431 2199 4498 purqare
2223 4416 2362 4496 1116,
2394 4421 2458 4480 et
2484 4416 2596 4480 ibi.
2629 4415 2806 4482 Unde
2843 4424 3100 4501 propter
3131 4421 3271 4487 haec
3308 4423 3465 4505 tria,

1926 4539 2075 4605 quae
2114 4522 2305 4587 habet
2343 4522 2481 4587 tieri
2519 4522 2592 4586 in
2633 4521 2918 4602 ecclesia,
2951 4527 3322 4609 appropriat
3347 4530 3469 4594 61111

1927 4630 2320 4709 domimum,
2361 4633 2427 4696 et
2466 4629 2618 4695 dicit
2642 4631 2723 4695 de
2750 4649 2861 4711 ea,
2906 4634 3079 4715 quod
3108 4639 3204 4700 est
3242 4635 3471 4703 donna

1929 4752 2071 4804 mea
2088 4756 2111 4798 .·
2129 4737 2340 4820 primo
2364 4736 2519 4820 quia
2542 4741 2637 4802 est
2662 4736 2844 4802 locus
2870 4738 3301 4806 desiderabilis
3322 4761 3471 4826 pro-

1929 4844 2272 4926 pitiationis
2288 4892 2306 4925 ,
2361 4845 2703 4928 purgantis
2751 4845 3050 4912 affectum
3093 4868 3134 4912 a
3175 4851 3471 4918 sordibus

1929 4951 2202 5033 peecati;
2229 4952 2509 5016 secundo
2538 4956 2636 5018 est
2658 4952 2838 5020 locus
2854 4954 3151 5021 salutans
3167 4958 3473 5025 eruditio-

1929 5059 2056 5139 nis,
2086 5059 2541 5141 illuminantis,
2570 5065 2635 5126 et
2670 5061 3006 5144 dirigentis
3046 5064 3129 5128 ab
3157 5084 3373 5133 errore
3399 5068 3473 5134 in

1931 5177 2114 5311 ξιιὶὲε
2117 5176 2252 5312 :¹¹¹
2275 5176 2424 5300 {leuno
2458 5189 2567 5228 non
2590 5176 2749 5229 habet
2779 5177 2901 5229 edit.
2930 5179 3090 5232 Paris.
3123 5194 3207 5232 611.
3241 5187 3472 5238 ¹521.—

1995 5329 2061 5393 (a)
2099 5329 2223 5380 Goet.
2262 5329 2383 5379 edit.
2422 5328 2790 5381 prostratione.
2817 5355 2882 5369 -
2912 5330 2980 5396 (ὁ)
3026 5332 3143 5400 ιη.
3184 5340 3473 5401 proeteme.

1933 5401 2122 5450 tur.—
2057 5401 2212 5465 —(e)
2244 5400 2370 5453 Goet.
2397 5400 2524 5452 edit.
2549 5414 2689 5451 nunc
2714 5400 2820 5452 ubi.
