4059 6317
969 436 1354 505 DOMINICA
1396 438 1479 504 111
1523 438 1723 508 POST
1762 437 2345 511 PENTECOSTEN.
2389 441 2653 511 SERMO
2693 444 2797 512 IV.

288 567 454 636 liari.
504 570 684 638 Unde
738 570 1097 639 Bernardus
1118 622 1138 652 ,
1186 589 1381 659 super
1426 576 1693 644 Cantica
1735 578 1757 614 ¹
1809 598 1826 642 ι

296 701 329 741 ι
372 677 704 757 Quomodo
745 697 930 746 mens
971 699 1116 746 mea
1160 699 1294 747 non
1344 683 1726 749 humiliatur
1761 685 1830 750 in

286 786 411 852 hac
435 805 593 852 vera
623 787 701 870 (α)
733 788 1100 870 cognitione
1127 789 1250 869 sui,
1275 809 1426 855 cum
1449 809 1516 856 se
1540 809 1831 875 percepe-

285 894 372 960 rit
393 894 480 977 (b)
505 899 834 960 oneratam
855 896 1144 978 peccatis,
1173 897 1341 963 mole
1363 898 1565 982 hujus
1589 903 1832 965 morta-

285 1001 370 1067 li's
394 1002 683 1085 corporis
703 1006 1151 1085 aggravatam,
1172 1006 1440 1069 terrenis
1458 1007 1629 1071 curis
1656 1007 1831 1072 intri-

287 1116 501 1179 catam
522 1161 540 1194 ‚
570 1114 921 1179 carnalium
947 1114 1411 1182 desideriorum
1446 1118 1600 1183 faece
1629 1119 1829 1184 infec-

287 1226 422 1287 tam
444 1272 464 1303 ,
500 1241 769 1304 caecam,
801 1241 1070 1290 curvam
1090 1272 1109 1303 ,
1155 1229 1219 1289 et
1244 1225 1615 1291 infirmam?
1642 1248 1674 1287 n
1710 1226 1832 1292 Sed

286 1334 461 1396 certe
498 1330 885 1414 quicumque
922 1335 1183 1416 propter
1218 1352 1695 1419 quamcumque
1719 1355 1830 1400 ex-

287 1437 647 1502 cellentiam
663 1485 684 1518 ,
720 1439 858 1504 sive
892 1439 1326 1521 nobilitatem,
1369 1440 1526 1507 dum
1564 1443 1833 1507 conflte-

287 1548 421 1624 tur,
450 1562 581 1609 non
608 1545 749 1610 vult
770 1547 1124 1628 humiliari,
1155 1551 1220 1614 et
1244 1548 1471 1632 subjici
1498 1549 1829 1629 sacerdoti,

288 1655 514 1717 caveat
545 1652 667 1716 sibi
696 1670 787 1735 ⁴ne
812 1653 973 1718 forte
1011 1653 1297 1720 imitetur
1323 1655 1650 1721 diabolum
1667 1705 1685 1737 ,
1718 1658 1834 1741 qui

290 1777 445 1825 cum
473 1760 673 1825 semel
700 1761 949 1826 veniret
974 1761 1054 1826 ad
1081 1762 1490 1844 sacerdotem,
1512 1769 1576 1829 et
1602 1764 1836 1829 diceret

68 1884 261 1928 axen-
289 1867 350 1932 ei
380 1867 552 1950 quod
580 1866 772 1933 vellet
796 1868 1081 1933 confiteri
1101 1914 1118 1948 ‚
1157 1887 1287 1934 non
1315 1873 1575 1934 tantum
1611 1871 1732 1936 fuit
1758 1873 1832 1953 (c)

11 1945 173 2001 prm

286 1977 628 2039 contentus
671 1974 892 2040 sedere
934 1975 1016 2040 ad
1062 1975 1231 2041 latus
1270 1977 1611 2042 sacerdotis
1629 2026 1646 2058 ‚
1702 1979 1835 2044 imo

287 2081 505 2166 posuit
528 2098 596 2146 88
617 2099 813 2165 supra
836 2085 1030 2166 caput
1055 2084 1235 2164 ejus:
1265 2100 1658 2165 cognoscens
1679 2103 1836 2151 vero

286 2189 602 2269 sacerdos,
632 2188 879 2272 Spiritu
903 2193 1122 2253 sancto
1150 2188 1492 2271 revelante,
1523 2192 1677 2276 quia
1693 2193 1831 2259 dia·

285 2298 476 2364 bolus
515 2301 715 2377 esset,
745 2296 837 2361 811
863 2295 923 2361 81
954 2317 969 2359 z
1014 2319 1045 2358 11
1071 2296 1303 2362 Totum
1333 2298 1676 2364 aediflcium
1700 2303 1833 2365 tuae

284 2404 696 2472 confessionis
721 2405 930 2470 1111881
958 2404 1215 2483 8188811,
1246 2405 1400 2488 quia
1427 2407 1564 2470 8188
1595 2407 1833 2474 funda-

284 2518 506 2581 mento
538 2511 919 2579 humilitatis
956 2512 1282 2596 incipitur.
1313 2535 1346 2574 1>
1389 2513 1624 2580 Videns
1660 2517 1833 2582 enim

284 2621 578 2687 diabolus
612 2638 749 2686 8888
775 2638 842 2684 88
881 2618 1418 2702 comprehensum
1445 2640 1486 2685 8
1512 2625 1834 2691 sacerdote

284 2730 357 2794 in
390 2729 627 2794 astutia
660 2746 798 2794 suae
818 2727 1060 2793 fallacis
1082 2728 1486 2811 deceptionis,
1516 2730 1724 2814 inquit
1753 2733 1834 2797 ad

286 2836 676 2902 sacerdotem
708 2854 727 2900 t
768 2858 802 2897 11
824 2835 904 2902 Ε1
930 2836 988 2900 81
1012 2854 1349 2918 nunquam
1378 2842 1836 2902 consecuturus

285 2961 436 3008 sum
476 2942 948 3025 indulgentiam
969 2992 986 3023 ‚
1016 2947 1233 3007 tamen
1269 2960 1311 3006 8
1349 2961 1452 3008 188
1495 2962 1833 3026 nunquam

284 3069 407 3117 888
435 3051 633 3116 verbo
648 3098 674 3131 ,
703 3068 822 3115 nec
846 3049 1011 3115 facto
1050 3049 1406 3115 doctrinam
1450 3049 1835 3116 humilitatis

284 3161 591 3241 addiscas,
611 3160 979 3244 (1818818188
992 3162 1056 3224 et
1069 3160 1387 3243 superbus
1399 3177 1544 3224 sum
1564 3160 1775 3226 corde.
1793 3183 1825 3221 n

284 3268 418 3335 Nec
440 3261 653 3334 recolo
678 3285 782 3333 me
807 3266 1042 3349 legisse
1066 3267 1326 3350 propria
1345 3267 1464 3332 ista
1481 3268 1700 3350 verba,
1724 3270 1833 3334 sed

284 3377 525 3443 horum
549 3375 899 3441 verborum
926 3376 1329 3439 sententiam.

368 3484 660 3551 Secundo
694 3483 881 3549 debet
915 3482 1286 3566 poenitentia
1311 3501 1448 3548 esse
1475 3484 1834 3568 lacrymosa

282 3612 371 3661 ex
434 3591 669 3658 doloris
731 3591 1139 3659 vehementia
1156 3639 1177 3671 ,
1235 3594 1456 3656 contra
1508 3592 1830 3658 carnalem

279 3701 611 3769 lasciviam
652 3700 988 3784 proprium
1033 3700 1394 3783 subjectum
1448 3701 1831 3767 deordinan·

279 3816 415 3878 tem
429 3810 542 3892 (d).
564 3808 745 3875 Unde
757 3810 781 3846 ¹
806 3830 820 3874 :
848 3831 880 3870 e
892 3809 1049 3887 Quae
1066 3809 1240 3873 enim
1265 3809 1614 3876 secundum
1629 3809 1832 3875 Deum

278 3919 533 3986 tristitia
558 3921 677 3999 est,
693 3917 1132 4001 poenitentiam
1151 3919 1222 3983 in
1239 3919 1509 3984 salutem
1536 3918 1831 3982 stabilem

278 4030 603 4109 operatur.
634 4046 667 4085 1>
699 4023 998 4105 Quilibet,
1027 4043 1177 4089 cum
1204 4028 1442 4108 cogitat
1469 4030 1727 4109 propter
1757 4026 1825 4108 (e)

279 4133 486 4200 Deum
519 4131 881 4210 offendisse,
909 4130 1071 4197 81188
1106 4132 1291 4197 debet
1326 4132 1551 4198 intime
1592 4133 1830 4214 dolere,

276 4246 348 4308 et
372 4241 537 4307 dure
562 4239 832 4304 interius
857 4238 1254 4322 colaphizare
1280 4238 1349 4303 in
1373 4239 1582 4320 corde,
1603 4244 1837 4322 811118-

274 4351 545 4431 rumpat
596 4347 667 4412 in
708 4345 1030 4429 lacrymas
1082 4347 1366 4412 exterius
1415 4365 1433 4410 ι
1486 4346 1639 4429 quia
1688 4345 1835 4410 talis

276 4453 543 4519 tristitia
591 4458 896 4536 operatur
947 4454 1383 4537 poenitentiam
1436 4455 1507 4518 in
1560 4455 1833 4520 salutem

276 4560 573 4625 stabilem
615 4581 635 4626 2
681 4578 760 4626 88
805 4560 979 4644 quod
1017 4560 1166 4626 inde
1208 4579 1535 4626 meremur
1575 4561 1831 4627 veniam

279 4668 579 4734 omnium
614 4671 1023 4752 peccatorum
1039 4717 1058 4748 ,
1103 4669 1338 4752 quibus
1381 4670 1834 4749 obligabamur

279 4776 365 4843 ad
390 4779 701 4842 aeternam
739 4794 1021 4859 poenam.
1062 4774 1241 4842 Unde
1293 4776 1703 4860 Augustinus
1740 4782 1763 4818 ⁸
1811 4800 1826 4842 :

290 4906 323 4945 11
364 4882 683 4947 Ascendet
729 4883 997 4966 quilibet
1039 4885 1381 4950 adversum
1433 4903 1503 4950 88
1544 4885 1832 4951 1111111881

280 4992 517 5058 mentis
538 5010 677 5058 suae
700 5012 717 5057 ι
740 4993 1082 5058 8888111881
1099 5011 1168 5057 88
1185 4995 1333 5057 8818
1350 4993 1577 5058 faciem
1599 5012 1785 5061 suam
1810 5016 1827 5060 2

282 5104 541 5168 accuset
570 5099 913 5166 constituto
935 5099 1176 5183 judicio
1192 5099 1262 5164 in
1280 5100 1466 5167 corde
1487 5119 1638 5181 suo;
1666 5102 1834 5168 adsit

260 5353 267 5360 .
348 5298 366 5334 ¹
397 5299 573 5360 Rern„
602 5296 657 5347 in
689 5295 860 5357 Cant„
890 5309 1044 5348 881111.
1082 5307 1270 5360 xxxvi,
1309 5310 1362 5350 n.
1393 5300 1443 5348 5.
1470 5323 1535 5337 —
1569 5299 1595 5335 ¹
1618 5301 1660 5352 11
1692 5299 1827 5367 Cor„

284 5380 380 5431 vu,
410 5370 488 5419 ¹⁰.
516 5393 581 5407 —
606 5367 627 5398 ⁸
651 5368 803 5434 Aug„
831 5381 987 5419 serm.
1010 5377 1132 5431 xm,
1159 5367 1226 5418 81.
1254 5367 1317 5421 de
1346 5369 1528 5434 Temp.,
1557 5382 1666 5437 xlv,
1691 5386 1745 5423 n.
1775 5374 1826 5436 ’1,

285 5439 459 5510 quoad
484 5452 712 5494 sensum.
735 5466 795 5481 -
816 5439 835 5472 ⁴
863 5440 1003 5506 Luc„
1033 5451 1119 5508 ιιι,
1146 5442 1196 5493 8.
1218 5466 1282 5482 -·
1307 5442 1331 5481 ⁸
1351 5441 1537 5509 Eccle„
1564 5456 1635 5496 vn
1655 5480 1671 5510 ‚
1696 5446 1745 5498 2.

3363 447 3484 509 343

1940 578 2297 643 accusatrix
2324 577 2659 660 cogitatio,
2688 578 2866 645 testis
2902 579 3284 645 conscientia
3299 626 3317 657 ‚
3342 596 3483 644 car-

1941 686 2118 751 nifex
2141 686 2369 765 timor3
2399 686 2544 750 inde
2573 685 2833 769 quidem
2859 685 3129 767 sanguis
3155 704 3305 750 cum
3326 704 3485 750 con-

1946 793 2213 858 fessione
2238 793 2533 876 profluat,
2563 793 2714 875 quia
2733 793 2786 856 81
2813 794 3230 877 8881881111888
3242 792 3486 877 judica·

1942 919 2112 982 mus,
2144 919 2275 967 non
2295 901 2748 984 judicabimur.
2779 921 2812 960 11

2023 1007 2234 1073 Τ81118
2261 1009 2629 1092 poenitentia
2662 1008 2849 1073 debet
2894 1025 3032 1073 8888
3073 1007 3487 1074 satisfactoria

1942 1134 2027 1181 ex
2053 1115 2653 1200 recompensationis
2678 1115 3055 1195 festinantia,
3086 1120 3307 1181 contra
3342 1134 3484 1181 cor-
3621 1153 3636 1161 -

1942 1222 2176 1288 dialem
2219 1221 2731 1287 malevolentiam
2770 1220 3148 1305 proximum
3186 1221 3488 1288 damnifi-

1943 1335 2192 1396 cantem
2213 1353 2231 1411 ;
2263 1331 2435 1396 unde
2460 1330 2483 1367 ⁸
2513 1352 2529 1395 ε
2569 1353 2600 1392 α
2626 1329 2839 1394 Facite
2863 1347 3023 1411 ergo
3049 1329 3284 1413 dignos
3308 1331 3487 1395 fruc-

1943 1443 2048 1504 tus
2075 1438 2485 1522 poenitentiae.
2530 1458 2562 1498 1
2609 1436 2721 1502 1118
2757 1435 2931 1502 enim
2970 1436 3205 1519 dignos
3240 1437 3488 1502 fructus

1944 1545 2333 1628 poenitentiae
2344 1544 2513 1625 facit,
2533 1544 2646 1628 qui
2657 1525 2895 1627 quanto
2908 1544 3211 1626 graviora
3221 1543 3484 1621 damna,
3524 1553 3530 1558 ’

1944 1653 2084 1719 sive
2117 1653 2486 1737 corporalia,
2516 1653 2651 1718 sive
2691 1652 3063 1736 spiritualia,
3094 1651 3311 1717 intulit
3336 1670 3487 1735 pro-

1943 1761 2125 1826 ximo
2147 1809 2165 1842 ,
2234 1765 2411 1826 tanto
2471 1763 2782 1844 majorem
2831 1762 3487 1845 recompensationem

1944 1886 2143 1951 quam
2170 1867 2356 1933 citius
2382 1859 2588 1951 potest
2612 1867 2948 1933 restituere
2973 1869 3247 1948 festinat,
3276 1874 3350 1934 ut
3375 1870 3492 1935 ubi

1944 1975 2294 2041 abundavit
2315 1977 2616 2041 delictum
2644 1975 2906 2040 invidiae
2932 1979 2995 2040 81
3023 1974 3488 2043 malevolentias

1945 2084 2275 2150 inferendo
2304 2084 2639 2163 damnum,
2663 2083 2752 2148 ibi
2777 2084 3251 2167 superabundet
3280 2085 3493 2166 gratia

1943 2192 2408 2258 benevolentiae
2434 2196 2499 2257 81
2517 2192 2896 2270 concordiae,
2920 2192 3309 2257 restituendo
3328 2193 3497 2259 abla-

1944 2306 2089 2365 tum
2120 2322 2135 2364 z
2171 2301 2329 2383 quia
2373 2318 2710 2384 nunquam
2749 2298 3166 2364 remittuntur
3200 2304 3455 2383 peccata
3475 2350 3493 2382 ,

1949 2410 2072 2474 nisi
2102 2411 2521 2474 restituantur
2546 2407 2756 2473 ablata
2789 2424 3091 2491 quaeque,
3123 2410 3188 2472 et
3215 2410 3499 2475 maxime

1941 2518 2158 2599 famae,
2189 2534 2266 2581 eo
2293 2516 2464 2599 quod
2493 2515 2515 2552 ⁸
2552 2538 2583 2577 11
2607 2514 2835 2579 melius
2855 2516 2954 2579 est
2985 2531 3225 2579 nomen
3251 2514 3496 2581 bonum

1944 2645 2142 2710 quam
2187 2628 2528 2708 unguenta
2581 2624 2858 2707 pretiosa
2909 2626 3126 2688 terrae.
3169 2642 3202 2681 1>
3255 2621 3327 2686 Si
3377 2623 3502 2688 hoc

1944 2734 2323 2816 ponderaret
2375 2733 2643 2818 quilibet
2690 2731 3006 2795 1181188181·
3024 2777 3042 2807 ,
3111 2729 3226 2813 qui
3282 2730 3503 2794 omnia

1937 2840 2185 2924 judicat
2210 2844 2273 2904 et
2300 2859 2341 2904 a
2365 2840 2622 2905 nemine
2651 2839 2795 2904 vult
2812 2838 3115 2922 judicari,
3147 2836 3299 2921 quia
3328 2855 3502 2903 nun-

1944 2966 2141 3032 quam
2166 2949 2505 3014 dimittitur
2529 2950 2862 3030 peccatum
2896 2946 3127 3029 culpae,
3167 2946 3289 3010 nisi
3318 2946 3502 3013 resti-

1944 3063 2166 3123 tuatur
2189 3058 2472 3122 ablatum
2496 3057 2711 3133 famae,
2731 3056 2994 3121 forsitan
3010 3055 3276 3120 fratrem
3304 3074 3499 3123 suum

1943 3180 2076 3227 non
2102 3161 2316 3227 crucifi
2325 3164 2506 3243 geret
2536 3159 2948 3243 faIsoJudicio
2975 3158 3286 3241 malignas
3314 3159 3497 3242 cogi·

1941 3270 2196 3335 tationis
2222 3269 2291 3333 in
2328 3268 2515 3333 corde
2531 3316 2551 3347 ,
2582 3270 2647 3332 81
2690 3283 2992 3351 perverso
3027 3265 3269 3348 Judicio
3301 3284 3499 3331 vene-

1940 3395 2099 3443 noso
2143 3375 2548 3442 detractionis
2590 3375 2663 3438 in
2704 3391 2839 3438 ore.
2884 3371 3251 3455 Aliquando
3303 3374 3500 3438 frater

1941 3503 2122 3563 8888,
2154 3502 2350 3568 118881
2373 3482 2638 3548 damnat
2653 3479 2993 3559 detractor,
3018 3482 3115 3544 est
3134 3479 3320 3544 valde
3342 3480 3495 3545 cha·

1940 3613 2054 3658 rus
2077 3593 2203 3657 Deo
2241 3591 2511 3655 interius
2535 3606 2651 3671 per
2678 3586 2959 3669 gratiam
2978 3633 2997 3663 ‚
3033 3585 3313 3652 multum
3339 3606 3498 3653 con-

1937 3700 2166 3766 formis
2210 3699 2458 3764 Christo
2504 3714 2620 3780 per
2661 3694 2906 3760 bonam
2952 3694 3348 3760 voluntatem
3370 3743 3389 3776 ,
3435 3699 3501 3761 et

1939 3809 2093 3874 satis
2120 3807 2519 3891 propinquus
2560 3800 2925 3868 coelestibus
2966 3817 3083 3882 per
3118 3801 3498 3866 meritorum

1939 3916 2423 3985 abundantiam.

2019 4024 2231 4090 Tertio
2259 4024 2524 4087 notatur
2551 4020 2781 4086 laetitia
2823 4035 3121 4102 supernae
3170 4017 3447 4094 civitatis
3468 4067 3492 4099 ,

1940 4152 2090 4198 cum
2148 4131 2540 4196 subinfertur
2601 4150 2617 4192 z

1938 4347 2293 4433 peccatoris
2319 4343 2626 4424 hominis,
2660 4345 2922 4427 propter
2947 4342 3258 4406 rationem
3285 4341 3492 4425 tripli·

1938 4562 2340 4628 latitudinem
2361 4582 2379 4639 ;
2414 4558 2690 4624 secundo
2717 4560 2981 4640 propter
3006 4555 3284 4638 angelici
3309 4573 3497 4621 casus

1941 4670 2474 4736 restaurationem
2495 4689 2511 4747 ;
2544 4666 2731 4731 tertio
2774 4668 3036 4749 propter
3081 4661 3330 4745 praemii
3375 4681 3494 4728 ac-

1943 4779 2136 4845 tualis
2165 4775 2775 4859 augmentationem.

2022 4885 2243 4952 Primo
2275 4883 2564 4966 gaudent
2589 4881 2810 4964 angeli
2834 4880 2915 4946 de
2931 4878 3133 4945 salute
3144 4879 3494 4962 peccatoris

1940 4998 2203 5079 propter
2227 4990 2687 5060 benevolentiae
2711 4987 3038 5053 charitatis
3063 4985 3489 5053 latitudinem.

1941 5101 2236 5168 Latitudo
2260 5099 2434 5165 enim
2463 5096 2788 5162 charitatis
2827 5095 3005 5174 facit,
3036 5093 3210 5178 quod
3235 5097 3489 5160 tantum

2003 5300 2073 5367 (α)
2101 5299 2226 5353 Coee.
2257 5298 2379 5350 edit.
2406 5309 2560 5347 vana.
2577 5320 2642 5334 —
2666 5292 2740 5360 (ὁ)
2771 5293 2899 5345 Item
2923 5290 3159 5357 percipit.
3180 5317 3244 5331 —
3273 5292 3335 5359 (c)
3367 5293 3492 5344 Item

1935 5372 2105 5424 fuerit.
2143 5396 2205 5410 -
2247 5369 2322 5439 (d)
2357 5371 2479 5424 Item
2519 5364 2889 5422 deordinatam.
2929 5389 2992 5406 -··
3037 5364 3105 5432 (e)
3144 5362 3261 5431 Leq.
3298 5376 3355 5415 88
3396 5376 3491 5431 per

1936 5446 2222 5513 peccatum.
3465 5482 3474 5490 .

2688 4125 3018 4193 Gaudium
3074 4130 3171 4193 est
3219 4125 3492 4208 angelis.
3578 4136 3739 4193 Ansou

1941 4242 2234 4307 Gaudent
2259 4246 2323 4303 et
2346 4237 2654 4302 laetantnr
2681 4233 2942 4318 superni
2970 4232 3143 4297 cives
3171 4232 3249 4297 de
3292 4231 3496 4299 salute
3521 4210 3738 4367 3323}ss

1939 4474 2080 4523 cem
2113 4473 2131 4518 ε
2162 4454 2373 4538 primo
2401 4455 2662 4536 propter
2687 4448 3150 4515 benevolentias
3170 4447 3498 4513 charitatis
3523 4386 3712 4491 am
