4059 6317
778 488 859 551 ⁴6
1872 475 2292 551 SERMONES
2329 477 2436 549 DE
2475 474 2873 551 TEMPORE.

775 620 1050 686 duorum
1064 621 1611 698 testamentorum,
1628 619 2121 701 pertransibunt
2131 634 2319 702 aquoe

773 728 1211 793 doctrinarum
1237 731 1300 791 et
1323 725 1751 791 consiliorum.
1790 725 2225 810 hieronymus
2246 728 2265 764 ¹
2293 747 2310 790 ε

778 858 814 896 α
841 833 909 901 Si
942 834 1098 916 quid
1134 833 1356 899 dixero
1391 833 1564 916 quod
1602 852 1736 900 non
1781 833 1999 918 aliquo
2036 834 2313 899 duorum

773 945 1299 1007 testamentorum
1328 941 1713 1024 probavero,
1744 960 1878 1007 non
1903 942 2065 1007 mihi
2091 942 2315 1006 creda-

774 1052 904 1113 tur.
924 1070 956 1108 n
975 1047 1060 1112 De
1077 1047 1200 1113 boc
1234 1054 1446 1113 monte
1471 1049 1635 1132 lapis
1659 1050 2075 1128 abscinditur,
2106 1067 2313 1132 quan-

773 1155 856 1220 do
894 1154 1182 1220 Christus
1219 1155 1299 1220 de
1339 1155 1685 1240 Scripturis
1725 1156 2104 1222 ostenditur.
2152 1156 2315 1220 Item

771 1280 965 1327 mons
989 1268 1085 1327 est
1100 1262 1300 1328 MarIa
1323 1267 1582 1348 propter
1603 1263 2044 1329 excellentiam
2069 1264 2318 1328 merito·

772 1375 976 1435 rum²t
994 1371 1044 1436 Α
1047 1370 1921 1455 ppamitdemontePhai-an:
1939 1370 2190 1436 Pharan
2204 1370 2311 1454 (a),

772 1478 941 1561 quod
961 1478 1412 1561 inoerpretatur
1428 1479 1730 1562 matter.
1747 1477 1910 1544 Vere
1923 1478 2096 1543 enim
2107 1477 2318 1560 frugi-

773 1584 910 1649 fera
945 1584 1069 1650 fuit
1090 1584 1323 1664 Maria,
1355 1604 1505 1669 quae
1540 1603 1821 1668 granum
1848 1585 2155 1650 frumenti
2178 1589 2312 1650 tam

772 1692 1121 1774 pretiosum
1129 1690 1460 1758 tulit.Vere
1466 1693 1795 1774 frugifera,
1809 1692 1888 1757 de
1895 1711 2027 1776 qua
2033 1690 2313 1757 universi

772 1799 956 1882 quasi
984 1800 1241 1881 frugem
1288 1798 1623 1881 colligunt.
1668 1798 2035 1864 Bernardus
2057 1797 2081 1835 ⁸
2115 1820 2131 1863 ε
2172 1821 2203 1861 ι
2228 1797 2316 1862 De

770 1906 1167 1989 plenitudine
1210 1906 1427 1971 Mariae
1456 1905 1776 1990 accipiunt
1810 1905 2097 1971 universi
2128 1927 2145 1970 :
2177 1923 2316 1988 pec-

771 2016 946 2078 cator
970 2013 1262 2093 veniam,
1288 2015 1505 2096 justus
1538 2013 1818 2094 gratiam
1836 2061 1858 2093 ,
1903 2013 2177 2095 angelus
2199 2012 2311 2078 lae-

771 2119 1014 2200 titiam,
1045 2123 1177 2184 tota
1206 2119 1478 2185 Trinitas
1513 2120 1821 2202 gloriam,
1866 2118 2009 2186 Filii
2044 2137 2315 2203 persona

771 2227 982 2291 carnis
1006 2228 1312 2293 humanae
1338 2226 1779 2292 substantiam.
1813 2248 1845 2287 υ

850 2332 938 2399 De
975 2334 1161 2399 tertio
1194 2339 1343 2399 nota
1360 2381 1377 2411 ‚
1423 2333 1596 2417 quod
1644 2337 1742 2398 est
1778 2333 2009 2416 triplex
2058 2351 2309 2413 manus,

770 2458 902 2524 qua
928 2458 1061 2505 non
1084 2441 1473 2507 abscinditur
1498 2439 1806 2506 Christus.
1844 2439 1953 2505 Est
1981 2441 2155 2506 enim
2184 2460 2316 2507 ma-

768 2567 893 2616 nus
918 2550 1251 2635 amplexus
1274 2550 1600 2616 maritalis.
1632 2550 1745 2616 Vae
1770 2550 1853 2629 ei,
1884 2551 1996 2635 qui
2023 2550 2190 2617 banc
2203 2571 2316 2618 ex-

768 2658 972 2723 tendit
1012 2657 1178 2723 male
1223 2657 1550 2723 sentiendo
1571 2657 1653 2723 ad
1679 2657 1969 2723 Mariam.
2000 2657 2164 2724 Nam
2190 2658 2314 2725 Oza

768 2783 1106 2849 percussus
1144 2766 1267 2832 fuit
1308 2766 1371 2846 ⁸,
1423 2766 1574 2850 quia
1618 2767 1902 2832 extendit
1938 2784 2206 2831 manum
2232 2767 2314 2832 ad

768 2891 1005 2939 arcam.
1051 2872 1210 2939 Item
1253 2877 1351 2937 est
1382 2891 1614 2938 manus
1638 2877 1854 2938 reatus
1878 2873 2214 2955 originalis
2237 2876 2262 2912 ⁸
2291 2895 2308 2938 ε

769 2981 864 3047 De
909 2997 1108 3048 mam
1159 2982 1384 3049 mortis
1422 2978 1693 3047 liberabo
1726 2996 1850 3047 eos.
1896 2980 2054 3046 Item
2081 3000 2313 3048 manus

768 3089 1153 3171 operationis
1187 3086 1523 3167 naturalis,
1561 3104 1692 3170 qua
1716 3087 2147 3153 habitaculum
2172 3091 2314 3155 ani-

770 3211 929 3274 mae,
979 3213 1210 3279 corpus
1252 3195 1655 3274 humanum,
1686 3193 1757 3258 in
1798 3198 1985 3260 utero
2021 3201 2311 3262 materno

768 3302 1122 3368 successive
1172 3304 1485 3369 formatur
1505 3349 1523 3380 ,
1579 3302 1742 3367 sicut
1796 3301 2087 3368 videmus
2138 3304 2313 3387 quod

769 3408 1091 3474 materiale
1124 3409 1560 3475 babitaculum
1607 3410 1988 3492 quandoque
2027 3428 2143 3493 per
2177 3411 2312 3495 plu·

766 3534 869 3581 res
921 3517 1051 3581 dies
1101 3517 1465 3584 aedificatur.
1522 3515 1756 3582 Sancta
1804 3535 1963 3582 vero
2024 3518 2312 3584 Christus

766 3624 1079 3703 membra,
1118 3623 1189 3687 in
1227 3624 1464 3707 quibus
1503 3623 1669 3688 Deus
1719 3641 1835 3707 per
1874 3625 2307 3692 innocentiam

765 3728 1030 3802 habitat.
1075 3730 1145 3794 in
1183 3729 1322 3813 ipsa
1363 3730 1787 3813 conceptionis
1812 3731 1997 3812 hora,
2022 3734 2308 3799 animam

763 3836 1000 3902 scilicet
1041 3842 1108 3902 et
1155 3856 1406 3921 corpuS,
1458 3839 1732 3922 perfecta
1783 3839 2012 3906 babuit
2069 3862 2086 3906 ε
2137 3843 2306 3926 quod

763 3947 930 4008 certe
954 3961 1189 4009 manns
1215 3949 1460 4010 naturae
1478 3946 1693 4011 subito
1719 3948 1918 4012 lacere
1931 3967 2063 4015 non
2075 3951 2303 4033 potuit.

763 4050 1106 4134 Gregorius
1127 4052 1187 4114 ⁸:
1229 4073 1261 4112 α
1286 4051 1533 4134 Angelo
1572 4054 1928 4135 nuntiante,
1958 4060 2022 4120 et
2065 4056 2307 4141 Spiritu

760 4162 977 4223 sancto
1021 4157 1426 4239 adveniente,
1469 4177 1622 4223 mox
1662 4158 1942 4226 Verbum
1984 4164 2053 4227 in
2096 4168 2302 4244 utero,

761 4282 917 4330 mox
941 4266 1138 4329 intrat
1159 4270 1416 4331 uterum
1441 4264 1724 4331 Verbum
1749 4285 1920 4333 caro.
1950 4291 1981 4328 n

837 4371 926 4437 De
962 4376 1189 4455 quarto
1215 4375 1388 4450 nota,
1425 4372 1598 4455 quod
1624 4385 1716 4438 est
1746 4375 1985 4440 utilitas
2010 4379 2305 4444 nativita-

758 4479 838 4543 tis
863 4478 1089 4543 Christi
1118 4480 1188 4542 in
1230 4479 1657 4561 credentibus,
1699 4481 1870 4563 quod
1898 4486 2197 4568 staulam,
2237 4488 2304 4552 id

757 4594 851 4654 est
877 4605 1163 4652 amorem
1190 4587 1416 4652 mundi
1450 4591 1516 4652 et
1552 4588 1930 4669 vanitatem,
1963 4592 2300 4659 destruxit.

756 4692 909 4760 Haec
950 4698 1158 4758 statua
1198 4712 1276 4758 ex
1318 4695 1585 4759 materia
1610 4696 2039 4779 pretiossima,
2068 4700 2303 4766 scilicet

756 4817 917 4867 auro
944 4804 1010 4865 et
1034 4805 1338 4882 argentm
1369 4802 1521 4867 item
1556 4821 1639 4868 ex
1664 4804 2037 4886 fortissima,
2066 4807 2302 4873 scilicet

756 4921 884 4971 aere
903 4911 967 4972 et
988 4906 1195 4988 fert-03
1226 4907 1378 4972 item
1405 4926 1489 4973 ex
1516 4910 1780 4975 materia
1808 4912 2145 4991 vilissima,
2175 4914 2297 4979 sci·-

754 5012 900 5078 licet
940 5014 1075 5080 luto
1107 5018 1374 5080 constat.
1406 5015 1482 5080 In
1503 5018 1733 5100 primo,
1764 5020 2069 5100 avaritia3
2100 5020 2170 5085 in
2194 5040 2294 5087 se-

756 5121 986 5202 cundo,
1011 5139 1248 5205 pompa
1280 5122 1384 5187 vel
1423 5125 1751 5206 superbia;
1784 5126 1856 5192 in
1881 5128 2068 5192 tertio
2094 5127 2298 5193 luxu-

819 5247 833 5275 ·
864 5245 1074 5296 Hieron.
1098 5273 1157 5285 —
1183 5247 1203 5278 ²
1228 5248 1394 5310 Dent„
1424 5258 1612 5314 xxxin,
1638 5252 1687 5302 2.
1715 5275 1777 5288 —
1800 5251 1822 5286 ⁸
1856 5252 2031 5316 Bet-n„
2058 5266 2212 5303 serm.
2241 5255 2297 5304 in

756 5314 901 5368 Dom.
929 5316 1067 5381 infra
1093 5319 1260 5370 Octav-
1294 5318 1525 5385 Assump.
1555 5322 1754 5384 Μανία,
1786 5336 1840 5375 n.
1872 5327 1918 5374 2.
1946 5351 2001 5362 -
2033 5324 2055 5359 ⁸
2080 5326 2117 5375 ll
2152 5325 2292 5390 Ray..

755 5397 828 5449 vt,
846 5389 895 5437 7.
916 5412 979 5427 —
995 5390 1018 5424 ⁸
1039 5389 1167 5455 Oce„
1195 5402 1312 5456 1111,
1337 5392 1414 5442 14.
1433 5416 1498 5429 —
1523 5394 1542 5424 ⁸
1565 5394 1741 5460 Greg„
1763 5394 1970 5456 Mor-al„
1990 5397 2080 5448 lib.
2105 5398 2296 5462 xvlll,

756 5471 803 5510 c.
832 5470 997 5525 xxvn,
1021 5461 1192 5527 a1.1.u,
1218 5465 1433 5514 n.85.—
1451 5464 1468 5494 ²
1484 5463 1503 5513 Ι
1519 5465 1683 5528 Joan„
1695 5477 1757 5531 11,
1779 5469 1920 5518 ¹6.--
1946 5468 2110 5521 want.
2140 5479 2295 5529 xvm,

2423 619 2522 683 ria
2559 619 2900 701 figuratur.
2936 618 3010 684 In
3050 618 3155 685 bis
3179 619 3465 688 consistit
3500 621 3743 688 vanitas
3773 637 3935 691 mnn-

2424 726 2534 792 di⁷
2565 748 2582 791 z
2615 728 2808 793 Omne
2848 726 3022 810 quod
3061 731 3156 795 ωε
3197 731 3275 796 in
3315 728 3594 810 mundo,
3638 734 3750 796 etc.
3781 731 3936 798 Hanc

2421 853 2581 917 ergo
2621 839 2899 900 statuam
2943 836 3104 919 lapis
3144 835 3455 901 abscissus
3474 884 3499 917 ,
3543 855 3701 920 puer
3744 845 3933 920 natus,

2420 942 2729 1023 percussit
2769 945 2836 1006 et
2880 941 3212 1007 destruxit.
3254 942 3395 1009 Non
3419 941 3628 1010 solum
3658 947 3933 1028 pert-,nsit

2420 1064 2536 1129 per
2560 1047 2838 1128 gratiam
2862 1051 2928 1112 et
2955 1049 3282 1127 meritum,
3309 1054 3374 1115 et
3399 1068 3514 1133 per
3533 1068 3815 1134 poenam3
3838 1053 3935 1118 sed

2420 1153 2613 1219 etiam
2664 1173 2782 1238 per
2837 1155 3205 1239 exemplum
3261 1162 3325 1222 et
3372 1158 3741 1223 doctrinam
3793 1157 3938 1224 Nam

2420 1263 2731 1344 parvulus
2767 1266 2957 1327 natus
3000 1265 3272 1346 percutit
3315 1269 3380 1330 et
3433 1266 3693 1331 damnat
3737 1285 3936 1350 super-

2420 1366 2627 1447 biam;
2661 1386 2911 1450 egenus
2943 1374 3133 1434 natus
3175 1372 3449 1453 percutit
3483 1373 3851 1453 avaritiam3
3875 1375 3945 1440 de

2422 1474 2678 1557 virgine
2700 1479 2891 1541 natus
2915 1478 3186 1560 percutit
3217 1478 3566 1545 luxuriam.

2973 1733 3263 1806 SERMO
3305 1736 3419 1806 111.

2500 1912 2558 1977 A
2587 1926 2833 1979 summo
2851 1913 3003 1980 coelc
3030 1915 3304 1998 equ-essin
3327 1913 3465 1998 eius
3485 1913 3532 1979 ⁸.
3562 1914 3742 1980 Sicut
3769 1931 3943 1998 supra

2419 2018 2662 2085 dictum
2716 2025 2814 2085 est
2841 2025 2889 2101 ⁹,
2930 2020 3127 2087 Filius
3166 2022 3276 2087 Dei
3314 2040 3428 2106 per
3463 2022 3944 2087 incarnationem

2418 2143 2717 2208 egressus
2763 2131 2860 2193 est
2902 2128 2982 2193 ad
3017 2128 3530 2209 clarificandum,
3566 2129 3647 2193 ad
3687 2129 3943 2210 irrigan-

2419 2233 2602 2311 dum,
2629 2234 2711 2300 ad
2736 2236 3191 2318 reparandum,
3212 2235 3834 2321 adexpugnandum.
3857 2233 3949 2300 Se-

2419 2343 2701 2408 cundum
2730 2344 2852 2408 ista
2875 2345 3179 2426 quatuor,
3205 2359 3505 2425 egressus
3543 2345 3641 2408 est
3668 2343 3830 2408 sicut
3864 2341 3948 2407 sol

2418 2449 2499 2515 de
2522 2450 2788 2528 oriente,
2814 2450 2980 2516 sicut
3005 2450 3246 2519 fluvius
3273 2451 3353 2517 dc
3383 2451 3576 2531 fonte,
3611 2451 3784 2516 sicut
3805 2451 3947 2534 lapis

2419 2556 2499 2622 de
2527 2561 2766 2638 monte,
2794 2558 2967 2625 sicut
2992 2559 3092 2624 leo
3116 2558 3196 2624 de
3226 2563 3432 2624 antro.

2499 2663 2720 2744 Quoad
2761 2666 3040 2749 primam
3066 2684 3350 2745 causam,
3402 2683 3702 2749 egressus
3758 2669 3849 2731 est
3887 2669 3950 2730 ut

2421 2767 2517 2834 sol
2546 2769 2593 2805 ¹⁰
2624 2790 2641 2833 ε
2679 2768 2785 2836 Sol
2810 2784 3100 2853 equ-essue
3119 2775 3219 2837 est
3245 2784 3436 2853 super
3471 2774 3732 2849 terram,
3759 2774 3820 2836 et
3845 2768 3950 2835 Lot

2419 2876 2747 2957 inam-essue
2778 2882 2873 2943 est
2904 2877 3121 2960 δωρον.
3147 2873 3414 2956 Legitur
3439 2875 3529 2939 ibi
3554 2875 3736 2958 quod
3760 2874 3952 2940 Domi-

2418 3000 2547 3048 nus
2572 2982 2888 3049 subvertit
2911 2983 3071 3064 igne
3094 2986 3161 3047 ct
3183 2981 3492 3065 sulphure
3513 2985 3795 3065 quatuor
3819 2980 3954 3046 civi-

2419 3093 2602 3156 tates.
2636 3088 2707 3154 ln
2734 3089 2957 3173 quinta
2976 3106 3153 3169 vero,
3179 3105 3329 3171 quae
3343 3092 3441 3153 est
3453 3087 3684 3171 Segor,
3708 3103 3954 3170 egresso

2345 3176 2358 3186 ”
2419 3197 2573 3276 sole,
2604 3196 2886 3263 salvatus
2909 3200 3008 3261 est
3027 3195 3164 3261 Lot.
3189 3194 3485 3273 Quatnor
3501 3195 3793 3262 civitates
3817 3213 3957 3278 qua·

2417 3303 2565 3364 tuor
2586 3303 2735 3365 sunt
2759 3299 3208 3365 damnatorum
3233 3297 3654 3378 diversitates,
3681 3297 3955 3364 videlicet

2418 3406 2853 3491 Peg-anorum,
2885 3405 2920 3472 J
2924 3406 3254 3472 udaeorum
3271 3451 3289 3483 ,
3325 3404 3810 3484 Haercticorum,
3836 3422 3955 3469 ma-

2415 3513 2628 3580 lorum
2668 3514 3195 3581 Christianorum.
3241 3512 3327 3578 Hi
3365 3515 3521 3594 igne
3556 3516 3623 3577 et
3656 3512 3952 3597 sulphure

2416 3621 2806 3687 aeternaliter
2813 3621 3170 3706 puniuntur
3183 3620 3251 3684 ¹¹:
3262 3619 3514 3702 lauisse
3530 3618 3820 3701 sulpeum
3840 3622 3947 3682 etc.

2415 3728 2648 3807 Quinta
2691 3728 2912 3792 civitas
2968 3727 3211 3808 Segor,
3265 3724 3538 3791 Ecclesia
3585 3727 3947 3808 iustorum:

2411 3830 2620 3915 Segor
2653 3833 2829 3898 enim
2869 3832 3319 3915 interpretatur
3360 3831 3676 3913 parvum
3703 3829 3809 3896 vel
3849 3846 3948 3898 oa·

2414 3938 2572 4005 lens.
2621 3938 2745 4017 Qui
2768 3939 2942 4004 enim
2967 3938 3038 4003 in
3066 3937 3339 4005 Ecclesia
3371 3938 3610 4006 salvari
3643 3937 3812 4019 vult,
3843 3937 3950 4004 de-

2414 4046 2522 4111 bet
2544 4064 2681 4111 esse
2707 4047 3015 4130 parvulus
3041 4064 3156 4129 per
3176 4044 3630 4125 bumilitatem,
3660 4049 3726 4111 et
3752 4045 3951 4111 calens

2414 4171 2529 4236 per
2552 4153 2946 4234 charitatem,
2975 4153 3133 4237 quia
3169 4150 3450 4217 Christus
3476 4152 3790 4228 amabilis.
3819 4151 3953 4216 Ber-

2411 4261 2714 4327 nardusss
2747 4283 2765 4326 ε
2797 4282 2830 4323 ι
2857 4260 2994 4328 Nou
3017 4259 3302 4326 hocloco
3328 4258 3714 4342 predicatur
3739 4257 3951 4324 Domi-

2411 4385 2537 4433 nus
2559 4382 2833 4451 maqmcs
2858 4372 2919 4435 et
2942 4365 3558 4447 talamaniam
3581 4365 3695 4433 sed
3721 4383 3950 4450 parvu—

2411 4477 2516 4545 lus
2567 4477 2874 4543 Dominus
2910 4481 2975 4542 et
3012 4476 3325 4542 amabilis.
3371 4497 3405 4537 ι
3454 4475 3566 4544 Sol
3610 4479 3833 4544 autem
3866 4477 3955 4540 est

2409 4586 2699 4653 Christus
2723 4586 2768 4623 ¹⁸
2800 4607 2816 4651 ε
2851 4585 3111 4653 orietur
3136 4585 3315 4653 vobis
3347 4585 3720 4654 amantibus
3738 4599 3950 4652 nomen

2411 4710 2618 4761 mmm
2641 4694 2736 4762 sol
2752 4693 3056 4777 justitioe.
3093 4690 3246 4758 Sole
3270 4710 3429 4775 ergo
3456 4711 3741 4775 egresso,
3772 4692 3840 4758 id
3865 4695 3954 4757 est

2410 4802 2658 4868 Christo
2706 4807 2857 4868 nato
2889 4802 2959 4865 in
2989 4800 3341 4881 mundum,
3389 4800 3795 4868 illuminante
3847 4816 3952 4882 pm·

2409 4909 2925 4976 clarificationem
2968 4907 3314 4976 divinitatis
3332 4956 3351 4989 ‚
3399 4908 3794 4991 quicumque
3843 4905 3950 4971 Se·

2409 5037 2554 5101 gor,
2588 5017 2655 5083 id
2680 5020 2799 5097 est,
2845 5015 3190 5082 Ecclesiam
3216 5033 3333 5099 per
3362 5015 3556 5082 fldem
3583 5019 3647 5081 et
3666 5030 3952 5081 amorem

2409 5235 2458 5285 7.
2481 5260 2543 5274 -·
2580 5235 2600 5264 ’
2629 5231 2745 5286 vid.
2784 5245 2922 5296 sup„
2951 5243 3108 5282 serm.
3137 5241 3187 5294 1,
3223 5244 3342 5297 pag.
3370 5234 3463 5285 44.
3490 5259 3553 5274 -
3584 5234 3627 5270 ¹0
3658 5232 3810 5295 Gen..
3846 5242 3949 5296 xlx,

2403 5308 2487 5358 23.
2508 5329 2571 5343 --
2600 5306 2638 5340 ¹¹
2666 5302 2807 5356 psal.
2837 5314 2893 5364 x,
2922 5304 2970 5352 7.
2991 5329 3046 5338 —
3077 5302 3118 5337 ¹²
3143 5304 3323 5367 Bern„
3352 5305 3407 5356 in
3442 5303 3551 5370 Viq.
3577 5303 3757 5356 Natio.
3788 5305 3950 5366 Dom..

2405 5389 2561 5429 serm.
2589 5387 2662 5440 v1,
2689 5388 2746 5425 n.
2772 5376 2822 5426 Ἰ.
2846 5398 2909 5412 -
2938 5372 2984 5410 ²⁸
3013 5371 3222 5441 Halae„
3251 5385 3325 5440 iv,
3358 5378 3412 5426 2.

2472 5467 2541 5532 (a)
2561 5466 2685 5519 eat.
2700 5463 2821 5517 edit.
2849 5477 2945 5515 mm
2965 5467 3124 5529 repet.
3153 5464 3372 5521 Pharan.
