4059 6317
714 504 836 566 108

711 652 861 700 cum
886 634 1090 700 servis
1113 633 1248 700 suis
1273 634 1586 701 rationem
1623 631 1907 717 ponenti.
1939 632 2156 699 Primo
2181 632 2249 696 in

711 740 1027 806 creatione
1067 741 1348 806 hominis
1369 789 1387 821 ‚
1433 740 1764 824 productio
1813 740 1895 823 (a)
1948 739 2250 823 potentiae

712 849 982 915 tenentis
1009 849 1319 914 rationem
1349 849 1644 933 principii
1670 848 1964 927 effectivi,
1995 849 2247 913 assimi-

709 957 879 1023 latur
926 957 1172 1022 bomini
1225 957 1566 1022 seminanti
1615 958 1859 1022 bonum
1904 974 2127 1021 semen
2179 957 2251 1020 in

707 1082 873 1147 agro
899 1082 1038 1130 suo.
1079 1063 1254 1129 Unde
1278 1064 1557 1131 dicitur:
1589 1064 1811 1130 Simile
1845 1068 1939 1130 est
1982 1079 2251 1146 reanum

707 1154 1007 1239 coelorum
1032 1170 1321 1252 homini,
1353 1174 1469 1254 qui
1507 1172 1855 1239 seminavit
1881 1172 2111 1238 bonum
2144 1187 2251 1238 se·-

708 1295 850 1347 men
903 1281 978 1347 in
1033 1296 1189 1363 aare
1236 1296 1352 1348 suo
1370 1303 1396 1347 .·
1439 1297 1583 1347 cam
1637 1285 1842 1348 autem
1897 1279 2253 1347 dormirent

707 1387 990 1456 homines
1003 1435 1022 1466 ‚
1054 1389 1234 1455 venit
1275 1389 1586 1456 inimicus
1628 1388 1810 1456 homo
1823 1437 1841 1469 ‚
1872 1392 1932 1455 et
1958 1403 2248 1470 superse·

710 1496 990 1563 minavit
1033 1496 1380 1563 zizaniam
1424 1495 1522 1578 (b).
1567 1496 1874 1562 Dominus
1908 1496 2251 1563 seminavit

706 1619 917 1671 semen
954 1604 1182 1671 bonum
1200 1652 1218 1683 ,
1250 1603 1484 1668 scilicet
1530 1603 1846 1668 machinae
1875 1603 2244 1677 mundialia,

705 1712 961 1796 quando
986 1712 1317 1779 hominem
1360 1711 1505 1777 fecit
1544 1711 1623 1777 ad
1669 1712 2025 1793 imaginem
2051 1714 2115 1775 et
2140 1710 2244 1790 ⁸si-

705 1821 1131 1887 militudinem
1176 1836 1402 1897 suam;
1455 1819 1565 1884 sed
1591 1819 1902 1885 inimicus
1934 1816 2114 1885 homo
2136 1866 2154 1895 ‚
2181 1817 2247 1883 id

704 1931 800 1994 est
826 1928 1139 2007 diabolus,
1167 1943 1310 1994 cum
1337 1926 1688 1994 dormirent
1727 1926 2010 1993 homines
2030 1973 2050 2004 ‚
2079 1923 2248 1990 scili-

705 2039 802 2101 eet
850 2035 1049 2100 Adam
1105 2038 1168 2100 et
1214 2033 1348 2101 Eva
1398 2033 1809 2116 negligenter
1860 2035 2133 2115 agerent
2176 2032 2245 2097 in

704 2142 992 2208 custodia
1035 2141 1483 2208 mandatorum
1519 2141 1672 2221 Dei,
1702 2141 2249 2223 superseminavit

673 2251 1047 2319 ’zizaniam
1093 2250 1215 2333 (b),
1252 2249 1318 2314 id
1362 2254 1498 2331 est,
1537 2241 1695 2315 vitia
1735 2252 1801 2315 ct
1837 2253 2124 2333 peccata,
2163 2267 2245 2313 ex

703 2357 942 2442 quibus
983 2360 1338 2422 nascuntur
1368 2356 1486 2421 mii
1513 2356 1663 2421 irae:
1695 2360 1758 2421 et
1785 2356 1909 2421 ista
1932 2355 2245 2439 expositio

703 2469 799 2531 est
833 2482 915 2531 ex
957 2464 1170 2530 verbis
1213 2463 1489 2529 Domini.
1538 2462 1716 2528 Unde
1755 2463 1990 2528 ibidem
2040 2462 2248 2545 sequi-

703 2578 818 2640 tur
833 2579 851 2615 ¹
879 2595 895 2637 :
924 2571 1027 2638 Ad
1046 2589 1191 2640 eum
1217 2575 1612 2639 accesserunt
1633 2568 1945 2653 discipuli
1970 2569 2110 2651 ejus
2137 2568 2247 2635 di-

702 2686 912 2749 centes
928 2699 951 2746 .-
990 2679 1296 2747 Edissere
1324 2680 1510 2752 nobis
1546 2677 1911 2761 parabolam
1938 2677 2241 2744 zizanio-

702 2804 846 2855 rum
890 2788 1059 2871 aori.
1095 2787 1218 2861 Qui
1260 2785 1682 2870 respondens,
1714 2787 1864 2853 ait:
1899 2785 2022 2859 Qui
2045 2785 2245 2851 semi-

702 2896 892 2962 navit
917 2894 1147 2961 bonam
1162 2909 1393 2973 semen,
1415 2892 1625 2959 Filius
1645 2892 1926 2959 hmninis
1945 2896 2059 2958 est.
2076 2891 2243 2973 Acer

701 3002 808 3068 ille
833 3007 923 3068 est
949 3000 1254 3067 mundus.
1286 3002 1530 3067 Bonam
1542 3013 1689 3066 vero
1707 3015 1916 3066 semen
1940 3001 2095 3065 sunt
2112 2998 2245 3078 filii

703 3109 910 3192 reqni.
943 3108 1220 3175 Zizania
1247 3112 1399 3174 sunt
1430 3106 1560 3189 filii
1585 3121 1857 3189 nequam
1873 3124 1899 3167 .-
1933 3105 2243 3172 inimicus

701 3222 918 3284 autem
943 3216 1060 3299 qui
1080 3216 1359 3282 seminat
1385 3229 1461 3280 ea
1489 3213 1587 3296 (c),
1615 3218 1706 3279 est
1745 3211 2059 3280 diabolus.

779 3321 1070 3388 Secundo
1122 3320 1504 3403 gubernatio
1570 3319 1854 3401 regentis
1906 3320 2241 3402 sapientiae

700 3430 1057 3495 inducentis
1079 3429 1392 3494 rationem
1419 3427 1612 3492 medii
1647 3425 1958 3506 directivi,
1985 3426 2241 3490 assimi-

700 3537 872 3603 latur
896 3535 1330 3620 patrifamilias
1356 3534 1677 3618 operarios
1703 3534 1772 3598 in
1797 3534 2056 3598 vineam
2084 3550 2236 3598 con-

699 3644 977 3710 ducenti.
1008 3642 1185 3708 Unde
1228 3642 1461 3708 dicitur
1479 3649 1536 3704 ¹:
1585 3641 1804 3708 Simile
1845 3646 1936 3708 est
1974 3657 2240 3724 reanum

697 3752 986 3820 coelorum
1038 3750 1285 3817 ltontini
1324 3746 1796 3831 patrifamilias
1822 3794 1843 3828 ,
1895 3750 2010 3830 qui
2075 3748 2242 3814 exiit

691 3862 903 3943 primo
924 3874 1110 3925 mane
1134 3855 1480 3926 conducere
1507 3857 1833 3938 operarios
1859 3857 1935 3922 in
1977 3856 2233 3921 vineam

694 3983 904 4034 suam.
933 3964 1084 4030 Haec
1127 3963 1426 4048 parabola
1450 3963 1932 4048 comprehendit
1955 3980 2238 4044 regnum

697 4070 807 4135 Dei
832 4088 873 4134 a
915 4067 1226 4153 principio
1253 4084 1459 4150 usque
1488 4066 1570 4131 ad
1614 4067 1838 4131 finem.
1869 4063 2051 4129 Unde
2085 4064 2240 4129 dici-

695 4184 803 4245 tur
856 4180 1141 4263 quinque
1191 4177 1437 4243 vicibus
1482 4177 1804 4260 operarios
1859 4175 1927 4239 in
1980 4174 2236 4240 vineam

695 4305 879 4351 suam
907 4284 1307 4364 conduxisse,
1338 4283 1573 4348 scilicet
1598 4300 1807 4363 mane,
1837 4282 1998 4346 hora
2023 4280 2234 4359 tertia,

694 4397 898 4474 sexta,
925 4410 1117 4474 nona,
1148 4395 1212 4456 et
1239 4390 1597 4457 undecima.
1628 4389 1844 4454 Primo
1871 4406 2031 4471 ergo
2062 4387 2238 4452 misit

693 4501 1037 4586 operarios,
1057 4499 1313 4582 quando
1331 4497 1502 4563 dedit
1526 4496 1738 4578 legem
1760 4501 2044 4573 naturae;
2075 4495 2237 4559 bora

692 4611 879 4677 tertia
897 4659 914 4690 ,
945 4607 1203 4692 quando
1244 4605 1415 4669 dedit
1454 4605 1670 4686 legem
1711 4602 2045 4685 scriptam,
2075 4601 2236 4666 bora

692 4722 892 4795 sexta,
920 4713 1178 4799 quando
1206 4712 1383 4777 misit
1409 4711 1750 4794 prophetes
1771 4710 1853 4776 ad
1878 4709 2235 4774 docendum

690 4825 1036 4911 populum3
1085 4824 1249 4888 hora
1273 4839 1445 4887 nona
1464 4869 1481 4900 ‚
1512 4819 1770 4902 quando
1818 4817 1989 4883 dedit
2017 4818 2236 4899 legem

691 4952 927 5000 novam
950 4980 968 5012 ,
999 4931 1256 4997 mittens
1300 4915 1615 5013 apostolos
1661 4926 2007 5011 praedicare
2054 4924 2237 4992 omni

692 5044 1028 5119 creaturae3
1099 5039 1262 5104 hora
1328 5036 1696 5115 undecima,
1767 5035 2025 5119 quando
2095 5037 2236 5117 post

696 5146 1011 5232 apostolos
1047 5146 1224 5210 misit
1261 5143 1704 5229 praedicatores
1730 5146 1795 5206 et
1820 5142 2106 5206 doctores
2124 5186 2140 5218 ,
2170 5143 2236 5204 et

692 5272 824 5321 non
847 5254 1117 5321 cessabit
1142 5253 1394 5318 mittere
1412 5268 1617 5335 usque
1637 5250 1706 5316 in
1729 5250 1950 5315 finem.

754 5416 773 5451 ¹
796 5414 1002 5480 uana,
1030 5426 1147 5479 xm,
1166 5399 1246 5465 ae:
1269 5438 1329 5453 -
1347 5413 1366 5445 ²
1396 5412 1546 5473 mic„
1573 5427 1661 5477 n,
1690 5417 1735 5464 ι.
1763 5438 1826 5450 -
1854 5410 1877 5446 ⁸
1903 5408 2232 5471 1bid.,xvm,

685 5488 765 5542 23.
795 5513 857 5525 -
883 5487 903 5519 ⁴
925 5484 1068 5538 Psal.
1093 5498 1201 5551 m,
1230 5487 1308 5538 13.
1336 5509 1398 5524 —
1424 5484 1447 5524 ⁸
1468 5482 1580 5548 Job,
1608 5496 1703 5547 ιι,
1732 5485 1812 5537 15.

1810 479 2232 564 sunuel-iss
2274 498 2375 564 Da
2415 499 2810 567 TEMPORE.

2438 633 2671 716 Tertio,
2696 637 3161 703 consummatio
3188 637 3638 706 misericordiae
3663 645 3728 705 et
3742 643 3885 724 J'us-

2357 743 2540 823 titiae,
2568 743 2857 809 habentis
2885 744 3195 811 rationem
3220 745 3435 811 ultimi
3461 747 3880 831 complemen-

2357 850 2407 914 ti
2424 897 2442 929 ‚
2471 851 2856 917 assimilatur
2898 853 3149 918 homini
3174 854 3321 936 regi
3344 871 3496 918 cum
3525 855 3728 920 servis
3759 857 3888 919 suis

2358 959 2665 1024 rationem
2695 961 2975 1043 ponenti.
3007 960 3184 1026 Unde
3212 961 3440 1026 dicitur
3456 962 3514 1026 ⁸:
3547 962 3882 1030 Assimila-

2359 1070 2497 1133 tum
2530 1072 2624 1136 est
2667 1084 2934 1152 reanum
2959 1068 3253 1136 calorum
3293 1069 3543 1137 homini
3566 1072 3709 1153 reqi
3724 1117 3748 1150 ‚
3775 1072 3888 1153 qui

2357 1174 2561 1241 voluit
2591 1174 2913 1242 rationem
2944 1190 3177 1258 ponere
3201 1192 3348 1242 eum
3391 1177 3597 1243 servis
3623 1179 3787 1243 sais.
3818 1176 3887 1241 ln

2356 1279 2467 1345 illa
2492 1283 2665 1346 enim
2692 1283 2993 1366 parabola
3017 1284 3498 1348 commendatur
3523 1282 3760 1349 divinae
3780 1286 3889 1349 mi-

2357 1390 2713 1455 sericordiae
2734 1389 2803 1455 in
2829 1390 3191 1455 dimissione
3220 1390 3431 1470 debiti,
3460 1394 3524 1456 et
3550 1409 3715 1475 opus
3739 1391 3890 1458 divi-

2355 1515 2460 1562 nae
2498 1498 2766 1582 justitiae
2811 1498 2879 1563 in
2921 1498 3326 1564 damnatione
3369 1499 3537 1564 servi
3588 1516 3885 1582 nequam.

2357 1604 2535 1671 Unde
2561 1604 2706 1670 licet
2743 1605 3062 1670 universae
3091 1605 3214 1671 viae
3250 1605 3502 1671 Domini
3544 1606 3889 1673 misericor-

2356 1713 2461 1777 dia
2486 1715 2552 1777 et
2595 1713 2859 1793 veritas,
2890 1712 3212 1796 potissime
3247 1717 3463 1779 tamen
3487 1714 3559 1779 in
3584 1732 3889 1780 consum-

2357 1819 2637 1884 matione
2689 1820 2993 1886 relucebit
3037 1820 3468 1886 misericordia
3509 1822 3579 1886 in
3624 1823 3890 1888 retribu-

2353 1925 2523 1992 tione
2550 1926 2868 1993 bonorum
2886 1975 2904 2006 ‚
2932 1930 2997 1993 et
3022 1928 3276 2012 justitia
3300 1929 3369 1993 in
3394 1928 3726 2012 punitione
3750 1947 3892 1995 ma-

2352 2032 2587 2098 lorum.
2609 2032 2687 2099 Et
2710 2039 2967 2119 propter
2983 2035 3108 2101 hoc
3127 2036 3433 2119 propheta
3458 2035 3658 2102 David
3672 2036 3820 2103 dicit
3834 2037 3884 2102 ⁸:

2361 2139 2545 2206 «Duo
2572 2140 2710 2207 haec
2749 2143 2987 2223 audivi,
3009 2164 3040 2204 n
3088 2143 3323 2208 scilicet
3366 2143 3883 2225 misericordiam,

2352 2251 2416 2312 et
2427 2248 2766 2332 justitiam,
2792 2272 2822 2312 α
2841 2251 2994 2333 quia
3009 2253 3083 2315 tu
3094 2251 3317 2317 reddes
3338 2250 3687 2334 unicuique
3705 2254 3890 2334 juxta

2352 2371 2544 2438 opera
2572 2373 2710 2421 sua.
2732 2379 2764 2418 ι)
2786 2356 2946 2422 Nam
2973 2358 3159 2423 bonis
3180 2357 3564 2423 habentibus
3590 2358 3888 2423 meritum

2350 2458 2601 2539 gratiae,
2625 2458 2846 2525 divina
2869 2460 3307 2526 misericordia
3328 2460 3538 2526 reddit
3552 2461 3887 2543 praemium

2354 2563 2617 2646 gloriae3
2682 2570 2745 2631 et
2809 2566 2994 2630 malis
3060 2568 3442 2633 habentibus
3510 2567 3886 2633 demeritum

2352 2670 2578 2753 culpae,
2608 2672 2825 2739 divina
2851 2674 3099 2755 iustitia
3125 2675 3344 2739 reddet
3367 2675 3751 2758 supplicium
3781 2693 3887 2757 ge-

2349 2777 2602 2843 bennae.

2433 2884 2774 2968 Sequitur:
2826 2888 2909 2952 In
2953 2903 3108 2971 aare
3158 2902 3298 2954 suo.
3353 2887 3473 2953 Hic
3509 2887 3887 2971 exprimitur

2350 2993 2583 3057 creatio
2627 2994 2908 3058 bominis
2935 2999 3247 3078 quantum
3290 2996 3369 3061 ad
3398 2996 3762 3078 subjectum
3797 3014 3886 3060 re-

2346 3100 2670 3183 ceptivum
2712 3101 2782 3164 in
2833 3102 2975 3182 agri
3025 3102 3489 3185 designatione.
3531 3102 3713 3169 Unde
3730 3152 3750 3184 ‚
3797 3121 3881 3168 se-

2349 3207 2630 3272 cundum
2659 3208 2930 3274 verbum
2958 3209 3235 3290 Domini,
3267 3229 3383 3293 per
3407 3228 3649 3292 agrum
3678 3211 3746 3274 in
3769 3209 3885 3274 hoc

2345 3313 2487 3378 loco
2512 3313 2898 3396 intelligitur
2924 3317 3236 3395 mundus,
3265 3317 3334 3380 in
3356 3335 3485 3401 quo
3511 3318 3638 3383 fuit
3663 3319 3883 3382 forma·

2345 3428 2450 3485 tus
2475 3425 2789 3505 quantum
2830 3423 2911 3487 ad
2949 3440 3181 3505 corpus
3206 3424 3286 3489 de
3311 3424 3501 3504 limo,
3539 3433 3607 3490 et
3642 3430 3882 3490 creatus

2346 3535 2665 3613 quantum
2701 3530 2783 3595 ad
2823 3531 3105 3596 animam
3133 3530 3212 3595 de
3255 3530 3481 3596 nihilo.
3514 3531 3883 3604 {Invenimus
3938 3544 4059 3601 ιιςιῑιι

2345 3636 2413 3700 in
2463 3653 2641 3701 sacra
2684 3636 3014 3720 Scriptura
3055 3638 3227 3720 quod
3270 3638 3395 3702 tria
3443 3638 3589 3721 agri
3631 3638 3882 3704 nomine
3915 3608 4059 3715 ff*

2346 3753 2712 3810 censentur:
2737 3745 3029 3811 videlicet
3040 3745 3338 3811 machina
3363 3748 3725 3830 mundialiS,
3747 3765 3884 3813 con-

2345 3852 2607 3917 scientia
2655 3852 2980 3931 mentalis,
3018 3855 3084 3917 et
3128 3855 3333 3936 patria
3376 3855 3672 3920 coelestis.
3718 3855 3884 3921 Unde

2346 3964 2440 4025 est
2471 3960 2676 4043 primo
2704 3979 2864 4043 ager
2889 3961 3233 4027 mundialis
3273 3964 3628 4045 macbinae3
3659 3983 3882 4029 secun-

2344 4067 2448 4148 do,
2479 4066 2768 4132 mentalis
2795 4067 3196 4134 conscientiae
3225 4091 3243 4148 ;
3283 4074 3348 4134 et
3372 4071 3561 4136 tertio
3577 4119 3595 4150 ‚
3626 4071 3882 4137 coelestis

2343 4175 2587 4257 patriae.
2639 4175 2816 4257 Ager
2862 4175 3206 4240 mundialis
3246 4177 3561 4244 machinae
3620 4186 3715 4246 est
3750 4198 3883 4245 con·

2346 4282 2723 4347 temnendus
2781 4286 3039 4366 propter
3090 4284 3483 4350 occasionem
3537 4289 3773 4354 erroris
3823 4291 3882 4351 et

2344 4390 2548 4469 devii3
2597 4407 2757 4471 ager
2802 4390 3098 4453 mentalis
3130 4391 3535 4458 eonscientiae
3577 4399 3673 4461 est
3712 4412 3881 4461 exco-

2345 4492 2569 4558 lendus
2614 4495 2872 4576 propter
2921 4489 3384 4577 susceptionem
3430 4497 3695 4562 seminis
3737 4498 3873 4575 Dei;

2345 4600 2456 4665 sed
2505 4617 2667 4681 ager
2716 4599 2987 4664 coelestis
3033 4599 3258 4692 patriae
3306 4606 3401 4665 est
3442 4602 3879 4670 desiderandus

2344 4710 2602 4791 propter
2653 4706 2916 4802 odorem
2958 4707 3094 4772 sive
3135 4706 3677 4791 pulchritudinem
3714 4711 3878 4777 floris

2342 4813 2569 4879 divini.

2425 4921 2642 4985 Primo
2670 4936 2829 5002 ager
2869 4919 3214 4986 mundialis
3254 4923 3569 4990 machinae
3607 4929 3701 4989 est
3734 4941 3873 4989 con·

2342 5028 2722 5093 temnendus
2773 5030 3033 5110 propter
3087 5029 3480 5094 occasionem
3532 5029 3764 5094 erroris
3817 5031 3875 5091 et

2343 5134 2536 5201 devii.
2584 5134 2761 5199 Unde
2801 5134 3034 5200 dicitur
3052 5134 3114 5199 ⁸:
3154 5157 3185 5196 α
3204 5133 3368 5201 Huic
3403 5136 3656 5219 (scilicet
3688 5134 3872 5200 Bebe-

2412 5335 2486 5398 (α)
2519 5334 2640 5386 Goeae.
2675 5332 2799 5384 edii.
2838 5334 3011 5386 Ptimo
3048 5334 3239 5386 creatio
3276 5333 3500 5386 bominis
3535 5330 3866 5399 producentis.

2343 5405 2525 5530 aaz)
2568 5404 2717 5471 Vulg.
2761 5406 2979 5457 zizania.
3029 5433 3092 5445 —
3131 5404 3197 5472 (c)
3243 5406 3367 5458 caet.
3414 5406 3539 5460 edit.
3578 5407 3630 5456 ei
3670 5405 3756 5471 qui
3798 5413 3867 5452 se·
