4059 6317
750 481 832 545 78
1841 471 2257 542 SEREOOE
2296 473 2399 541 DE
2434 473 2828 547 'rmum-3.

750 611 1194 678 tribulationes
1217 611 1284 674 ei
1317 606 1772 673 mrimdines
1809 608 2037 674 habuit
2062 610 2129 673 in
2156 610 2277 674 hoc

749 719 994 786 mundo
1021 717 1100 784 de
1123 715 1314 796 filim
1343 731 1684 799 possumus
1708 718 1925 779 tamen
1963 715 2175 781 dicere
2198 716 2281 780 ad

748 843 1031 912 prnsus
1056 823 1230 908 quod
1258 821 1572 905 triplicem
1591 819 1817 885 habuit
1840 820 2147 886 dolorem.
2168 822 2283 887 Do-

747 933 870 998 luit
889 933 1062 998 enim
1086 930 1295 1015 primo
1320 927 1390 991 in
1414 926 1755 992 aniissione
1775 927 1984 993 filialis
2009 947 2281 1012 praesen-

749 1041 896 1121 tiae;
928 1039 1229 1118 secundo,
1247 1038 1314 1102 in
1335 1037 1576 1102 visione
1592 1036 1900 1120 passionis
1917 1038 2273 1117 dominicae3

747 1149 956 1228 tertio,
986 1147 1058 1212 in
1071 1144 1506 1229 compassione
1528 1145 2274 1228 ohcaeoeuonisjudaicoe.

745 1253 967 1322 Primo
991 1253 1218 1320 habuit
1259 1251 1540 1317 dolorem
1577 1250 1650 1315 in
1688 1251 2024 1316 amissione
2069 1251 2279 1316 filialis

749 1361 1123 1446 praesentiae.
1153 1359 1334 1425 Unde
1355 1358 1423 1422 in
1459 1357 1713 1423 Psalmo
1737 1359 1803 1423 ¹:
1842 1380 1876 1418 α
1912 1356 2278 1423 Secundum

745 1467 1220 1534 multitudinem
1281 1465 1572 1531 dolorum
1627 1481 1922 1528 meorum
1974 1463 2045 1527 in
2090 1464 2277 1529 corde

746 1595 915 1659 meo,
959 1575 1414 1643 consolationes
1453 1577 1584 1639 tuse
1621 1572 2102 1638 laetiflcaverunt
2133 1572 2272 1636 ani-

746 1701 921 1750 mam
977 1700 1211 1748 meam.
1265 1702 1298 1742 ι
1363 1679 1576 1747 Potest
1619 1697 1756 1744 esse
1808 1679 2083 1745 verbum
2142 1677 2274 1743 Ma-

745 1791 862 1858 tris
910 1789 1199 1873 Virginis
1251 1787 1634 1872 alloquentis
1687 1786 1986 1852 dilectum
2042 1785 2276 1851 Filium

742 1915 958 1978 suum,
989 1901 1329 1981 postquam
1368 1913 1517 1961 eum
1547 1893 1813 1973 invenit,
1842 1893 2028 1977 quasi
2058 1893 2268 1959 dicat·
2252 1942 2269 1956 .

743 2004 1111 2074 Secundum
1146 2001 1627 2072 multitudinem
1669 2000 1955 2069 dolorum
1997 2015 2275 2068 nicom

740 2131 904 2197 quos
918 2111 1116 2178 habui
1140 2110 1218 2177 de
1235 2110 1570 2177 amissione
1596 2115 1726 2176 tuae
1752 2107 2093 2191 corporalis
2112 2126 2274 2191 prse-

742 2221 986 2301 sentiae,
1009 2217 1462 2288 comolauones
1481 2223 1607 2286 tuae
1627 2217 2116 2299 testificaverunt
2132 2215 2274 2283 ani-

741 2433 863 2499 bus
883 2432 1222 2499 irradiatae.
1254 2430 1416 2510 Quid
1438 2430 1809 2514 jucundius,
1830 2448 2026 2514 quam
2053 2428 2271 2495 videre

738 2541 1072 2608 hominem
1099 2537 1377 2606 bominis
1402 2538 1789 2604 conditorem
1803 2539 1836 2602 7
1879 2537 2272 2604 Delectabilis

740 2650 818 2718 ad
848 2649 1227 2728 videndum,
1260 2646 1476 2713 suavis
1502 2646 1582 2712 ad
1621 2646 2022 2729 habendum,
2071 2646 2272 2712 dulcis

737 2758 818 2824 ad
845 2756 1322 2842 perti-nendum,
1353 2754 1488 2839 ipse
1521 2772 1634 2838 per
1672 2771 1740 2819 se
1778 2753 2003 2837 placet,
2049 2771 2163 2836 per
2202 2771 2270 2817 se

738 2865 972 2932 sufficit
999 2866 1078 2931 aa
1106 2863 1469 2949 premium.
1500 2843 1789 2928 Samso
1832 2861 2033 2927 doluit
2074 2861 2142 2926 in
2184 2861 2271 2926 vi-

737 2971 913 3037 sione
949 2969 1257 3054 passionis
1297 2968 1664 3047 dominicae3
1710 2967 1880 3033 unde
1923 2966 2156 3031 dicitur
2192 2970 2215 3006 ⁸
2244 2985 2262 3029 ε

747 3100 776 3140 α
806 3077 1146 3158 Attendite,
1174 3081 1237 3143 et
1267 3076 1493 3157 videte,
1528 3076 1582 3140 si
1608 3079 1703 3141 est
1747 3074 1926 3140 dolor
1965 3074 2128 3139 sicut
2161 3073 2265 3139 do-

739 3184 838 3250 lor
861 3201 1064 3248 meus.
1095 3205 1127 3245 n
1182 3182 1538 3250 Audiamus
1571 3180 1859 3264 Virginis
1890 3179 2105 3246 Matris
2143 3180 2267 3245 Ma-

734 3291 851 3358 riae
902 3289 1374 3358 lamentabilem
1428 3308 1648 3356 vocem
1673 3338 1696 3370 ,
1754 3294 1819 3355 et
1867 3288 2266 3354 attendamus

734 3403 873 3485 ejus
911 3401 1353 3467 vehementem
1394 3400 1707 3477 dolorem;
1759 3401 1820 3463 et
1863 3396 2261 3476 videbimus,

735 3507 885 3591 quia
913 3525 1044 3572 non
1074 3511 1167 3573 est
1192 3506 1371 3572 dolor
1394 3506 1560 3572 sicut
1585 3504 1763 3570 dolor
1792 3523 1971 3583 suus,
2002 3508 2265 3586 excepto

733 3620 946 3684 dolore
973 3617 1135 3698 Filii,
1174 3618 1252 3683 ad
1295 3620 1483 3700 cujus
1517 3616 1842 3702 exemplar
1880 3616 2060 3680 dolor
2107 3633 2265 3680 suus

731 3727 1137 3793 assimilatur.
1170 3724 1330 3790 Mira
1372 3723 1543 3790 enim
1585 3729 1649 3789 et
1691 3722 2039 3788 incredibili
2082 3741 2262 3788 com-

731 3836 1023 3920 passione
1052 3836 1403 3915 tenebatur,
1446 3837 1638 3917 atque
1672 3830 2097 3915 inexplicabili
2128 3849 2265 3896 ser-

733 3959 942 4009 mone.
995 3943 1249 4009 Dolores
1287 3958 1595 4025 namque,
1645 3938 1870 4022 plagas
1916 3943 1978 4003 et
2027 3955 2262 4022 oppro-

733 4049 875 4114 bria
892 4048 1035 4115 Filii
1059 4049 1127 4114 in
1150 4069 1218 4116 se
1241 4054 1633 4133 retorquens,
1651 4046 1720 4111 in
1738 4064 1920 4111 suam
1940 4046 2264 4130 propriam

733 4173 1065 4240 personam
1087 4155 1456 4240 recipiebat,
1502 4155 1771 4222 sentiens
1817 4153 1931 4221 Ιιοο
1945 4201 1966 4233 ,
2007 4151 2181 4235 quod
2203 4158 2263 4220 et

732 4265 807 4332 in
830 4263 1080 4332 Christo
1104 4263 1272 4331 lesu.
1307 4261 1376 4327 ln
1404 4262 1618 4327 auimo
1646 4261 1821 4325 enim
1863 4260 1953 4324 illi
1993 4259 2262 4342 martyri

730 4375 1117 4456 commartyr
1172 4369 1453 4448 astabat,
1520 4369 1854 4433 vulnerato
1917 4366 2262 4431 convulne-

732 4485 889 4560 rata,
921 4479 1226 4546 crucifixo
1248 4476 1691 4554 concrucifixa‚
1715 4474 1993 4557 gladiato
2008 4475 2262 4557 congla-

728 4588 919 4654 diata.
991 4587 1149 4654 Nam
1219 4603 1404 4654 suam
1471 4586 1682 4668 ipsius
1757 4583 2044 4650 animam
2109 4599 2259 4665 per-

731 4697 1043 4766 transivit
1092 4695 1352 4779 alodius
1373 4694 1397 4730 ⁸
1444 4690 1752 4777 passionis
1801 4689 2051 4756 Christi.
2111 4689 2259 4754 Pal-

727 4806 894 4872 lebat
947 4805 1119 4871 enim
1173 4804 1360 4869 decor
1427 4798 1757 4866 munditiae
1785 4848 1802 4880 ,
1862 4801 1925 4863 et
1982 4798 2259 4864 naturali

727 4912 1198 4998 pulchritudine
1246 4907 1601 4974 tabescebat
1629 4929 1647 4986 3
1696 4911 1760 4971 et
1802 4905 1935 4989 ipse
1979 4905 2257 4971 tabesce-

725 5025 864 5104 bat,
911 5021 1064 5108 quia
1107 5018 1252 5084 talis
1303 5017 1373 5082 in
1413 5015 1554 5100 ipsa
1603 5013 1922 5079 relucebat
1970 5014 2252 5096 effigieS‚

724 5130 928 5216 qualis
999 5129 1081 5193 ab
1144 5126 1391 5210 objecto
1456 5139 1717 5207 corpore
1747 5168 1769 5201 ,
1845 5118 2079 5185 scilicet
2140 5119 2256 5184 filii

1369 5325 1391 5360 ι
1421 5321 1614 5384 rim„
1643 5334 1682 5386 1,
1710 5323 1787 5372 η.
1815 5347 1876 5359 -
1905 5316 1928 5351 ⁸
1952 5316 2164 5382 Philip..
2192 5329 2253 5382 n,

788 5331 800 5359 ⁸
835 5327 967 5380 M.
995 5339 1143 5392 xciii,
1175 5327 1252 5378 19.
1280 5350 1343 5363 -
1848 5393 1902 5441 n
2060 5388 2081 5421 ι
2114 5389 2234 5440 Ρωι

722 5403 770 5453 s.
809 5425 872 5440 —
915 5399 934 5432 ⁴
971 5401 1105 5458 Luc..
1149 5409 1224 5461 ιι,
1265 5399 1343 5450 38.
1384 5422 1445 5435 -—
1485 5396 1508 5431 ⁸
1547 5393 1686 5458 Gal„
1722 5404 1800 5452 vi,

725 5485 907 5532 uviu,
935 5475 1012 5524 Ἡ.

2381 1260 2500 1337 sto,
2530 1275 2861 1342 nunquam
2888 1263 3268 1347 deponimus
3292 1276 3582 1354 ornatus,
3608 1295 3883 1345 memores

2384 1359 2615 1426 Chi-isti
2640 1366 2816 1430 nudi.
2848 1365 3002 1445 Quis
3022 1371 3183 1437 mihi
3200 1374 3377 1440 dabit
3394 1379 3745 1460 nigrescere
3758 1404 3882 1451 cuni

2383 1465 2650 1547 Christo,
2679 1477 2743 1536 et
2765 1472 3103 1555 pallescere
3127 1498 3280 1545 cum
3308 1482 3511 1550 Maria
3534 1495 3727 1556 matre
3741 1494 3879 1575 ejus,

2381 1580 2446 1639 et
2488 1576 2857 1644 erubescere
2888 1585 2954 1645 et
2990 1582 3261 1652 deficere
3298 1608 3339 1653 a
3393 1596 3790 1717 memetipso,
3824 1603 3887 1721 ut

2378 1899 2771 1978 praecessisse
2790 1903 2949 1968 etin
2975 1904 3222 1972 Christo
3248 1928 3514 1994 sponso,
3571 1918 3722 2000 quia
3755 1937 3889 2002 pro-

2376 2005 2537 2070 fecto
2562 2008 2724 2072 nihil
2749 2010 3093 2092 gloriosius
3117 2016 3239 2082 sibi
3265 2023 3468 2103 putet,
3502 2043 3700 2106 quam
3725 2026 3889 2092 Chri-

2379 2112 2460 2177 sti
2484 2119 2739 2196 portare
2761 2120 3198 2202 opprobrium.
3231 2123 3412 2192 Unde
3438 2147 3574 2194 vox
3598 2131 3703 2196 illa
3728 2135 3892 2199 exul-

2378 2222 2631 2288 tationis
2678 2231 2743 2290 et
2788 2227 3013 2294 salutis
3055 2230 3135 2296 ⁸:
3186 2256 3218 2296 a
3256 2233 3411 2300 Mihi
3457 2238 3625 2304 absit
3662 2242 3892 2323 gloriari

2228 2322 2274 2370 ‘-
2377 2328 2500 2394 nisi
2528 2331 2595 2395 in
2621 2350 2808 2398 cruce
2849 2335 3107 2404 Domini
3144 2341 3349 2406 nostri
3393 2342 3551 2410 Jesu
3595 2346 3885 2414 Christi.»

2376 2434 2586 2502 Tertio
2628 2440 2829 2506 doluit
2873 2442 2943 2507 in
2996 2449 3432 2529 compassione
3476 2453 3896 2522 obcaecationis
4034 2417 4035 2420 Ἴ

2376 2542 2684 2626 Iudaicae3
2726 2549 2899 2616 unde
2929 2552 3001 2616 in
3034 2552 3285 2622 Psalmo
3309 2557 3334 2592 ⁰
3374 2581 3391 2623 ε

2376 3195 2696 3270 mentum,
2755 3197 2819 3258 et
2865 3194 3309 3279 vilipendendo
3358 3202 3521 3269 illud
3566 3208 3903 3275 saluberri-

2376 3313 2555 3361 mum
2635 3300 3166 3369 medicamentum
3245 3310 3556 3390 passionis
3639 3315 3901 3398 Christi,

2372 3404 2758 3486 antidotum,
2796 3427 2927 3491 quo
2965 3411 3330 3480 salvabatur
3367 3418 3676 3488 infirmus
3708 3442 3903 3508 popu-

2372 3510 2472 3575 lus
2497 3512 2845 3594 humanus,
2892 3521 2965 3581 ut
2993 3519 3318 3587 videretur
3355 3525 3415 3588 ei
3459 3526 3699 3595 addere
3738 3531 3907 3597 dolo-

2372 3637 2508 3682 rem
2548 3639 2739 3703 super
2782 3623 3064 3690 dolorem
3106 3628 3454 3696 vulnerum
3497 3638 3902 3719 mentalium,

2372 3744 2566 3809 quem
2616 3728 2867 3810 gladius
2905 3734 3214 3814 passionis
3259 3735 3488 3804 Christi
3532 3743 3657 3807 filii
3702 3747 3801 3810 sui
3845 3748 3907 3810 in

2372 3853 2491 3900 sua
2516 3836 2732 3902 anima
2758 3849 3173 3923 expresserat.
3220 3841 3365 3910 Non
3406 3850 3585 3915 enim
3630 3853 3749 3918 iroe
3793 3854 3905 3918 sti-

2372 3944 2550 4008 mulo
2590 3944 2838 4026 furens,
2866 3965 2982 4012 nec
3023 3950 3149 4013 odii
3180 3951 3421 4018 facibus
3450 3956 3523 4038 (c)
3550 3962 3904 4040 exardens3

2372 4050 2477 4115 sed
2502 4058 2914 4119 mansuetum
2940 4056 3232 4122 animum
3260 4077 3376 4142 per
3400 4070 3909 4150 compassionem

2371 4161 2890 4241 exasperantibus
2915 4164 3255 4247 praebebat,
3283 4185 3415 4233 nou
3439 4172 3656 4240 vicem
3680 4195 3910 4261 repen·

2371 4264 2519 4331 dere
2546 4269 2856 4350 cogitans,
2899 4270 3010 4336 sed
3049 4274 3255 4337 tantas
3297 4274 3568 4359 injurias
3600 4283 3779 4350 ultro
3814 4286 3908 4350 in-

2370 4372 2669 4455 dulgens.
2702 4375 3026 4459 Singulari
3067 4381 3244 4445 enim
3282 4389 3747 4470 compositione
3784 4394 3914 4459 Ma-

2369 4479 2468 4544 ria
2494 4499 2751 4547 omnem
2792 4486 3258 4567 malignitatem
3292 4509 3519 4557 eorum
3560 4516 3879 4582 superans
3892 4549 3910 4582 ‚

2368 4585 2457 4670 inj
2469 4588 2672 4653 uriam
2700 4590 3105 4675 obliviscenS‚
3137 4598 3348 4680 potius
3382 4618 3615 4668 eorum
3644 4625 3915 4693 compa-

2369 4693 2645 4760 tiebatur
2665 4697 2951 4779 insanias,
2974 4703 3248 4769 totaliter
3259 4707 3589 4775 cohaerens
3607 4732 3914 4798 supernae

2368 4800 2705 4883 dulcedini,
2736 4823 2884 4888 quae
2909 4826 2978 4872 se
3001 4813 3199 4875 totam
3225 4811 3335 4877 illo
3362 4819 3655 4900 tempore
3679 4823 3918 4889 diffun-

2368 4907 2556 4974 debat
2578 4929 2768 4996 super
2794 4919 3172 4996 peccatores.

2446 5014 2659 5083 Tertio
2698 5018 3042 5087 introducit
3076 5024 3567 5096 sollicitudinem
3611 5035 3918 5106 discreta

2369 5122 2791 5209 inquisitionis
2814 5130 2883 5195 in
2907 5149 3120 5215 opere,
3147 5154 3298 5201 cum
3323 5138 3474 5205 dicit
3502 5162 3518 5207 :
3556 5144 3916 5221 Quoereba-

2364 5248 2506 5299 mus
2529 5239 2609 5302 te.
2642 5233 2836 5303 Valde
2862 5240 3038 5304 enim
3066 5240 3189 5307 fuit
3213 5243 3478 5312 sollicita
3501 5247 3699 5317 beata
3714 5256 3917 5339 Virgo

2364 5339 2431 5404 in
2456 5341 2859 5426 inquirendo,
2901 5345 3047 5413 licet
3069 5367 3202 5415 non
3228 5351 3420 5419 fuerit
3445 5358 3801 5443 negligam
3844 5364 3915 5429 in

2424 5468 2491 5531 (a)
2522 5469 2643 5521 Coet.
2673 5470 2793 5521 edii.
2821 5473 3001 5537 qualis.
3025 5499 3085 5512 —
3114 5475 3183 5541 (ὁ)
3209 5477 3459 5545 indulget.
3483 5507 3544 5520 -
3563 5486 3635 5548 (c)
3666 5488 3911 5542 fastibus.
