4059 6317
425 2678 566 2722 Bxem
576 2700 586 2711 ·

370 2739 513 2795 plum.

615 460 733 526 590

612 593 943 653 madefacta
969 636 989 666 ,
1044 592 1150 651 sed
1215 593 1372 651 sicca
1403 632 1423 662 ,
1474 593 1621 668 quia
1672 602 1859 668 opera
1904 594 2107 651 noem
2135 635 2156 664 ,

613 688 834 763 quibus
885 687 1138 745 nutritur
1192 685 1291 744 hio
1342 686 1498 760 ignis
1516 728 1535 759 ,
1585 700 1709 745 non
1763 686 1984 745 debent
2031 701 2156 744 esse

614 780 893 851 carnalia,
920 780 1015 839 vel
1040 778 1247 850 fluida,
1274 780 1383 838 sed
1410 781 1488 838 ab
1522 780 1688 838 omni
1714 779 1875 838 malo
1903 780 2156 837 humore

613 875 855 945 siccata,
904 876 972 931 ut
1014 874 1098 931 sic
1141 873 1257 932 sint
1302 874 1424 932 veri
1469 874 1623 947 ignis
1664 873 1961 932 nutritiva.
2000 871 2159 931 Sicut

613 969 771 1027 enim
799 984 976 1026 omne
1016 968 1239 1026 animal
1274 968 1446 1043 perit,
1494 968 1608 1027 nisi
1647 967 2004 1043 competenti
2042 966 2156 1023 sibi

609 1062 837 1137 pabulo
879 1062 1189 1133 nutriatur,
1224 1062 1323 1120 vel
1363 1061 1414 1118 si
1448 1062 1617 1121 cibus
1656 1076 2011 1133 venenosus,
2059 1059 2156 1117 vel

612 1156 716 1225 sui¹
750 1155 923 1213 saluti
968 1155 1318 1226 contrarius,
1357 1155 1446 1213 illi
1482 1155 1673 1226 detur,
1715 1155 1800 1213 sic
1838 1152 2158 1228 spiritualis

612 1250 767 1323 ignis
791 1251 918 1308 sine
947 1248 1290 1325 operatione
1318 1250 1483 1308 bona
1510 1249 1780 1321 moritur,
1808 1248 1874 1306 id
1901 1251 2009 1320 est,
2029 1249 2077 1304 si
2102 1247 2159 1304 ei

611 1344 782 1402 nulla
807 1344 973 1402 bona
1009 1360 1194 1418 opera
1228 1346 1628 1418 apponantur.
1668 1346 1763 1401 Est
1796 1341 1974 1415 igitur
2013 1340 2158 1399 viris

613 1438 1017 1514 spiritualibus
1046 1438 1162 1496 hoc
1191 1437 1330 1510 igne
1358 1437 1701 1495 ardentibus
1739 1434 1968 1495 fortiter
2010 1449 2158 1509 ope-

613 1533 891 1604 randum,
909 1532 1074 1606 quia,
1089 1531 1237 1589 sicut
1255 1531 1398 1588 dicit
1418 1529 1733 1603 Gregorius
1754 1529 1796 1600 ¹,
1826 1548 1854 1583 a
1874 1542 2045 1586 amor
2059 1527 2157 1585 Dei

613 1641 738 1685 non
764 1629 852 1684 est
878 1625 1101 1684 otiosus
1134 1644 1147 1682 :
1178 1628 1458 1700 operatur
1485 1624 1644 1681 enim
1671 1636 1918 1696 magna,
1961 1620 2012 1679 si
2036 1625 2155 1693 est3

612 1722 662 1779 si
688 1724 888 1779 autem
913 1717 1149 1794 operari
1179 1718 1393 1791 renuit,
1423 1734 1593 1776 amor
1621 1730 1744 1775 non
1771 1719 1876 1775 est.
1907 1737 1935 1770 υ
1968 1715 2159 1774 Arbor

614 1833 748 1892 quae
773 1816 996 1875 fructus
1029 1830 1153 1873 non
1191 1813 1305 1873 fert
1348 1830 1421 1872 eo
1454 1819 1750 1889 tempore,
1790 1828 1912 1886 quo
1954 1812 2153 1884 debet,

614 1911 690 1969 de
717 1911 848 1985 ipsa
870 1909 1274 1967 testimonium
1293 1907 1564 1982 perhibe,
1584 1906 1747 1982 quod
1769 1905 2023 1965 naturali
2043 1905 2157 1963 sibi

612 2004 816 2062 debito
846 2006 1025 2075 caret,
1065 2007 1122 2061 et
1163 2002 1302 2059 ideo
1347 2004 1435 2060 est
1477 2001 1660 2075 digna
1702 2000 1924 2059 succidi
1964 2001 2024 2057 et
2066 2014 2158 2057 ar-

614 2097 815 2156 denda
840 2097 1082 2170 ignibus
1111 2094 1262 2155 tradi
1293 2114 1309 2153 x
1341 2095 1487 2170 quia
1513 2095 1717 2165 homo,
1748 2092 1852 2168 qui
1873 2108 2035 2150 nunc
2060 2107 2153 2149 re·

612 2191 742 2248 nuit
768 2191 1023 2265 operari,
1044 2195 1263 2250 aeterno
1289 2192 1425 2264 post
1448 2191 1700 2247 mortem
1723 2186 2048 2245 tradendus
2070 2189 2158 2243 est

612 2284 735 2357 igni
748 2303 766 2357 ;
812 2284 875 2342 in
914 2299 1058 2359 quo,
1103 2289 1419 2359 postquam
1460 2281 1678 2339 steterit
1718 2296 1825 2355 per
1867 2285 1954 2338 tot
1991 2279 2155 2338 mille

612 2376 802 2436 millia
845 2393 1141 2436 annorum
1161 2420 1179 2448 ,
1233 2380 1383 2452 quot
1425 2363 1684 2436 arenuloe
1722 2376 1978 2433 marium
2019 2390 2154 2433 om-

612 2472 809 2541 nium,
848 2472 1045 2531 adhuc
1084 2475 1315 2530 tantum
1357 2472 1443 2530 ibi
1483 2476 1635 2530 stare
1677 2470 1957 2541 habebit,
2007 2469 2158 2528 sicut

612 2566 858 2641 quando
883 2567 1142 2641 incoepit,
1171 2566 1310 2625 etin
1337 2565 1635 2651 infinitum
1657 2565 1868 2637 magis.

681 2664 921 2733 Quarto,
967 2661 1046 2720 ad
1083 2660 1592 2720 conservationem
1618 2658 1939 2736 spiritualis
1979 2657 2154 2731 ignis,

608 2755 927 2828 requiritur
963 2770 1106 2813 vera
1149 2755 1481 2813 humiliatio
1527 2755 1759 2813 mentis.
1803 2753 1962 2811 Sicut
1996 2752 2154 2808 euim

611 2848 931 2906 materialis
955 2849 1107 2922 ignis
1134 2849 1250 2907 cito
1273 2848 1651 2921 extinguitur,
1678 2846 1966 2905 nisibeno
1995 2846 2156 2903 cine-

609 2942 777 2999 ribus
804 2942 1199 3016 cooperiatur,
1235 2943 1319 2998 sic
1346 2941 1665 3016 spiritualis
1691 2941 1806 2999 cito
1834 2939 2152 3010 evanescit,

607 3035 722 3092 nisi
765 3035 958 3092 cinere
1009 3050 1164 3093 veroe
1203 3035 1546 3093 humilitatis
1597 3033 1772 3091 fuerit
1812 3036 2152 3107 coopertae.

609 3129 841 3202 Species
867 3127 1027 3187 enim
1055 3134 1220 3186 terroe
1251 3127 1428 3186 valde
1464 3130 1602 3184 sunt
1630 3126 1995 3196 redolentes3
2026 3126 2155 3199 sed,

610 3221 723 3279 nisi
750 3221 963 3280 clauses
989 3225 1318 3292 teneantur,
1354 3237 1431 3278 ne
1466 3220 1756 3293 respirare
1791 3221 2040 3294 possint,
2071 3218 2153 3276 ci·

609 3316 831 3373 tissime
858 3319 1237 3373 evanescunt.
1279 3315 1370 3372 Sic
1399 3316 1457 3372 et
1483 3313 1688 3371 vinum
1726 3314 1851 3371 sine
1880 3313 2155 3371 clausura

611 3408 944 3478 dimissum,
976 3408 1323 3483 respirando
1353 3408 1419 3465 fit
1448 3424 1690 3479 vanum,
1720 3412 1776 3464 et
1808 3407 2054 3465 vertitur
2092 3406 2155 3463 in

610 3506 858 3561 acetum.
891 3505 1106 3559 Verum
1145 3502 1270 3559 haec
1315 3501 1520 3560 omnia
1566 3500 1671 3558 diu
1705 3502 2150 3573 conservantur,

610 3598 657 3654 si
686 3596 839 3654 bene
869 3594 1069 3654 clausa
1101 3598 1428 3654 teneantur.
1476 3598 1539 3654 ln
1569 3596 1744 3653 veteri
1784 3596 1944 3652 enim
1968 3593 2102 3666 lege
2132 3594 2158 3630 ²

612 3684 790 3749 omne
816 3706 922 3748 vas
951 3689 1336 3764 reputabatur
1379 3688 1779 3758 immundum,
1823 3687 1990 3762 quod
2034 3703 2156 3745 non

609 3783 872 3842 habebat
913 3781 1284 3856 operculum.
1326 3784 1605 3840 Mercator
1645 3781 1881 3855 sapiens
1919 3780 2156 3837 thesau-

610 3894 772 3948 rum,
799 3893 980 3951 quem
1008 3876 1264 3934 maxime
1288 3875 1501 3949 diligit,
1529 3892 1651 3934 non
1684 3875 1746 3932 in
1774 3873 2017 3949 publico
2042 3890 2156 3949 po-

609 3973 716 4046 nit,
747 3973 876 4042 sed,
904 3971 1195 4045 quantum
1223 3974 1437 4045 potest,
1467 3968 1812 4028 abscondit:
1836 3969 1975 4027 vina
1994 3970 2157 4027 enim

611 4066 965 4125 clauduntur
990 4065 1050 4121 in
1082 4063 1280 4134 doliis,
1308 4064 1601 4121 frumenta
1618 4064 1678 4120 in
1697 4063 1945 4135 horreis,
1973 4077 2159 4137 poma

611 4160 674 4218 in
700 4159 919 4217 cistulis
934 4177 951 4230 3
974 4157 1080 4215 sed
1108 4172 1322 4214 aurum
1347 4157 1407 4214 in
1427 4156 1673 4226 scriniis,
1703 4154 1798 4213 vel
1823 4156 1938 4214 sub
1963 4156 2153 4215 terris.

612 4257 779 4324 Nam,
809 4252 960 4310 sicut
1001 4250 1143 4308 dicit
1186 4249 1398 4308 beatus
1443 4249 1758 4322 Gregorius
1775 4250 1818 4322 ⁸,
1852 4268 1881 4305 α
1924 4249 2157 4324 deproe-

613 4347 743 4406 dari
787 4345 1112 4416 desiderat,
1159 4342 1265 4417 qui
1304 4342 1645 4401 thesaurum
1674 4343 1914 4418 publice
1956 4343 2017 4400 iu
2059 4344 2159 4401 via

610 4444 825 4517 portat.
869 4461 899 4495 n
934 4443 1086 4512 Ergo
1115 4436 1489 4495 manifestum
1524 4442 1631 4509 est,
1653 4437 1820 4511 quod
1845 4436 1926 4495 ad
1952 4438 2158 4510 ignem

611 4534 976 4610 spiritualem
1003 4531 1384 4603 servandum,
1414 4534 1473 4588 et
1499 4531 2025 4604 augmentandum,
2053 4548 2158 4589 va-

609 4629 690 4687 let
727 4627 1053 4702 plurimum
1090 4625 1202 4683 sub
1231 4625 1424 4683 cinere
1450 4624 1795 4682 humilitatis
1819 4629 2019 4683 tenere
2048 4625 2157 4683 ab·

610 4738 908 4781 sconsum.
952 4722 1074 4778 Boc
1100 4720 1258 4777 enim
1296 4719 1471 4777 valde
1516 4719 1816 4791 eleganter
1858 4717 2156 4792 signatum

612 4816 787 4875 estin
813 4815 1142 4872 Hachaboeis
1165 4814 1208 4886 ¹0,
1234 4812 1338 4870 ubi
1378 4813 1461 4870 sic
1486 4811 1699 4870 dicitur
1729 4830 1744 4870 ε
1791 4813 1958 4887 quod
1987 4831 2018 4867 ι
2058 4828 2154 4870 sa-

612 4910 883 4969 cerdotes
916 4911 1226 4982 acceptum
1254 4907 1455 4980 ignem
1488 4904 1564 4963 de
1592 4904 1761 4964 altari
1785 4905 2014 4964 occulte
2041 4905 2151 4964 ab·

612 5005 973 5064 sconderunt
1012 5000 1075 5059 in
1115 4994 1294 5073 valle,
1338 4999 1443 5057 ubi
1483 5003 1608 5057 erat
1644 5001 1856 5073 puteus
1898 4998 2071 5057 altus,
2117 5019 2147 5055 n

613 5098 716 5157 ille
732 5112 999 5156 amorem
1012 5110 1191 5153 suum
1203 5094 1267 5152 in
1278 5092 1457 5164 valle,
1472 5093 1597 5150 sive
1623 5093 1685 5150 in
1711 5092 1831 5151 alto
1847 5097 2029 5168 puteo
2051 5092 2154 5151 ab·

673 5248 690 5281 ¹
714 5247 886 5310 Greg.,
916 5246 971 5294 in
996 5244 1192 5309 Evanq.
1218 5244 1360 5295 hom.
1388 5255 1512 5305 xxx,
1544 5255 1600 5293 n.
1627 5243 1676 5292 2.
1703 5268 1758 5279 -
1786 5242 1811 5277 ¹
1835 5240 2009 5304 Num„
2041 5252 2150 5307 xix,

609 5319 693 5368 15.
716 5340 779 5355 -
799 5317 820 5348 ⁸
842 5319 1019 5381 Greg„
1041 5317 1097 5366 in
1117 5317 1330 5382 Evanq„
1352 5315 1495 5366 hom.
1523 5326 1599 5369 ιι.
1623 5327 1678 5366 ιι.
1702 5317 1752 5365 ¹.
1772 5338 1832 5352 —
1853 5314 1877 5348 δ
1900 5313 1941 5364 ΙΙ
1963 5313 2153 5378 Maeli„

615 5400 663 5452 1,
711 5391 791 5439 19.
824 5389 933 5435 —-⁸
971 5387 1119 5451 ibid„
1157 5391 1237 5439 2⁰.
1270 5412 1331 5427 -·
1367 5389 1388 5422 ⁸
1418 5387 1622 5450 Sunius,
1658 5384 1740 5438 die
1782 5398 1860 5438 ιη
1899 5389 2051 5450 Aug„
2086 5400 2151 5438 ex

1632 450 2047 525 SERMONES
2086 452 2189 522 DE
2230 450 2582 522 SANCTIS.
2626 448 2780 521 XLI.

2262 591 2515 663 scondit,
2542 591 2645 667 qui
2664 605 2825 660 eum,
2854 588 3143 664 quantum
3158 588 3376 664 potest,
3395 586 3592 664 operit
3614 582 3798 646 cinere
3870 618 3892 641 .

2262 684 2623 744 humilitatis.
2664 683 2825 742 Unde
2844 683 3107 742 notabile
3124 687 3231 754 est,
3258 683 3430 758 quod
3458 682 3671 740 dicitur
3694 683 3799 740 ibi-

2263 780 2401 838 dem
2444 780 2497 852 ⁸,
2544 780 2710 855 quod
2746 784 2955 855 postea
2980 820 2995 850 ,
3041 778 3411 852 requirentes
3453 775 3798 834 absconsum

2261 874 2483 947 ignem,
2500 890 2625 932 non
2644 875 2844 947 ignem
2873 875 3235 944 exurentem,
3275 870 3374 929 vel
3392 870 3793 941 devorantem,

2263 967 2370 1025 sed
2399 968 2751 1025 invenerunt
2776 982 2997 1040 aquam
3034 981 3293 1023 crassam
3338 963 3798 1039 impinguatam,

2263 1080 2396 1138 quse
2422 1064 2486 1122 in
2524 1064 2728 1138 ignem
2764 1079 3048 1135 magnum
3094 1062 3372 1133 excrevit,
3421 1066 3481 1119 et
3516 1074 3695 1117 omne
3720 1075 3801 1116 sa-

2264 1157 2551 1215 crificium
2572 1158 2966 1231 consumpsit:
2984 1156 3127 1231 quia
3143 1171 3313 1213 amor
3336 1154 3565 1213 celatus
3584 1153 3801 1222 crescit,

2263 1253 2323 1309 et
2358 1256 2585 1309 tantum
2624 1250 3005 1309 subtilissima
3045 1249 3242 1309 cordis
3286 1248 3585 1317 incendit,
3621 1252 3687 1304 nt
3710 1246 3803 1304 flat

2262 1348 2382 1403 Deo
2410 1345 2470 1402 iu
2498 1345 2852 1402 sacrificium
2878 1343 3093 1401 laudis.
3137 1347 3344 1401 Beatus
3381 1357 3527 1414 ergo
3555 1343 3800 1398 Lauren-

2262 1438 2376 1496 tius
2404 1424 2691 1510 amorem,
2724 1452 2846 1512 quo
2872 1442 3028 1496 totus
3051 1437 3322 1506 ardebat,
3348 1440 3407 1493 et
3432 1450 3655 1509 opera,
3683 1434 3804 1508 qni-

2263 1532 2378 1590 bus
2404 1533 2608 1605 ignem
2634 1531 2896 1600 nutrivit,
2924 1546 3158 1605 semper
3184 1530 3410 1604 optima
3436 1527 3802 1599 meditando,

2262 1640 2496 1699 semper
2544 1626 2770 1700 optima
2814 1623 3251 1700 colloquendo,
3298 1638 3537 1697 semper
3589 1622 3805 1696 optima

2263 1719 2590 1793 operando,
2621 1721 2679 1776 et
2712 1734 2948 1793 semper
2983 1717 3126 1775 vilia
3166 1717 3242 1775 de
3276 1732 3340 1774 se
3386 1714 3718 1786 sentiendo,
3747 1715 3803 1772 in

2261 1829 2325 1870 se
2354 1811 2771 1886 perfectissime
2812 1811 3043 1870 habuit.
3090 1814 3333 1884 Propter
3372 1810 3543 1884 quod
3581 1809 3646 1866 in
3682 1813 3802 1867 tan-

2262 1908 2390 1963 tum
2418 1922 2590 1964 amor
2611 1907 2739 1978 eJus
2761 1907 3022 1964 excrevit
3037 1905 3102 1963 in
3124 1904 3327 1976 corde,
3350 1906 3418 1962 ut
3440 1903 3545 1961 vix
3574 1904 3805 1961 sentiret

2262 1999 2487 2073 ignem,
2516 1999 2621 2073 qui
2649 1999 2905 2058 exterius
2943 1999 3195 2058 ardebat
3234 1999 3296 2055 in
3331 2013 3609 2073 corpore.
3652 1997 3805 2054 Unde

2262 2098 2321 2151 et
2368 2093 2603 2151 dicebat
2641 2093 2814 2151 Decio
2853 2091 2877 2126 ⁸
2926 2113 2941 2147 :
2976 2114 3006 2146 α
3035 2094 3282 2164 ⁴assasti,
3333 2091 3535 2164 miser,
3583 2106 3656 2148 ex
3694 2106 3807 2147 una

2264 2191 2428 2261 parte
2460 2205 2474 2243 ε
2507 2203 2655 2262 gyra
2694 2187 2909 2259 aliam,
2950 2190 3009 2244 et
3050 2186 3372 2245 manduca.
3409 2204 3439 2239 ι
3472 2187 3595 2243 Boc
3636 2184 3805 2242 etiam

2262 2280 2399 2355 igne
2427 2287 2581 2339 totus
2610 2296 2916 2351 accensus,
2945 2280 3245 2338 clamabat
3267 2282 3402 2355 post
3424 2278 3673 2337 beatum
3690 2279 3806 2336 Six-

2261 2378 2389 2433 tum
2438 2378 2660 2449 Papam
2714 2394 2732 2431 ε
2784 2393 2813 2428 α
2865 2376 2994 2444 Quo
3038 2373 3415 2449 progrederis
3462 2371 3596 2430 sine
3646 2371 3804 2441 filio,

2260 2470 2473 2544 pater?
2500 2490 2528 2521 1·
2562 2473 2671 2526 etc.
2705 2487 2736 2522 α
2773 2468 2949 2538 Quid,
2974 2489 3004 2522 ι
3040 2467 3251 2542 inquit,
3290 2486 3318 2520 ι
3354 2468 3416 2524 in
3461 2481 3563 2524 me
3605 2464 3804 2539 displi-

2263 2564 2385 2621 cuit
2409 2562 2743 2637 paternitati
2781 2570 2894 2620 tuoe
2911 2565 2941 2619 ἵ
2984 2562 3280 2637 Numquid
3327 2561 3691 2634 degenerem
3714 2574 3807 2616 me

2264 2660 2568 2734 probasti?
2587 2659 2884 2733 Experire,
2909 2680 2939 2713 ι
2969 2663 3080 2716 etc.
3111 2657 3214 2716 Cui
3242 2657 3608 2730 Episcopus:
3636 2676 3665 2707 a
3683 2656 3805 2711 Non

2264 2769 2377 2827 ego
2406 2759 2460 2812 te
2491 2754 2722 2821 desero,
2748 2751 2857 2823 fili,
2874 2751 2981 2809 sed
3009 2750 3239 2824 maiora
3254 2750 3362 2807 tibi
3385 2749 3680 2807 debentur
3700 2763 3803 2822 pro

2263 2847 2384 2906 fide
2412 2848 2620 2905 Christi
2648 2845 2991 2905 certamina.
3037 2848 3154 2903 Nos
3193 2844 3363 2918 quasi
3392 2859 3590 2915 senes,
3634 2865 3661 2895 n
3699 2846 3799 2900 etc.

2264 2946 2414 3015 Lege
2434 2942 2742 3017 utriusque
2786 2941 2980 2999 Sancti
3017 2940 3347 3010 historiam,
3395 2944 3453 2998 et
3495 2940 3803 3014 diligenter

2264 3050 2365 3094 eas
2389 3034 2666 3111 proedica.
2702 3038 3000 3109 Rogemus
3028 3049 3194 3107 ergo,
3223 3038 3329 3091 etc.

2378 3232 2477 3309 DE
2524 3231 2589 3306 S.
2638 3229 3240 3306 BARTHOLOMAEO
3284 3229 3697 3306 APOSTOLO.

2733 3387 2992 3449 SERMO
3036 3386 3347 3449 PRIMUS.

2336 3505 2547 3577 Amice,
2589 3506 2812 3563 ascende
2842 3508 3091 3578 superias
3137 3506 3180 3562 ⁷.
3211 3506 3387 3562 Docet
3422 3502 3647 3561 Tullius
3680 3503 3724 3575 ⁸,
3749 3506 3802 3561 et

2264 3599 2527 3656 Valerius
2553 3599 2835 3658 Maximus
2860 3600 2905 3669 ⁹,
2948 3598 3115 3673 quod
3156 3596 3412 3655 amicitia
3454 3595 3798 3671 propinqui·

2267 3692 2367 3750 tati
2392 3692 2717 3768 praefertur,
2746 3709 2818 3750 eo
2847 3691 3015 3766 quod
3050 3707 3124 3749 ex
3149 3690 3591 3765 propinquitate
3616 3706 3799 3748 remo-

2265 3785 2389 3843 veri
2435 3801 2606 3844 amor
2651 3789 2862 3862 potest,
2910 3784 3017 3843 sed
3057 3801 3132 3843 ex
3176 3784 3434 3843 amicitia
3476 3800 3798 3860 nunquam.

2265 3876 2432 3954 Soep‘e
2460 3879 2617 3937 enim
2644 3879 3018 3954 propinquus
3053 3877 3182 3936 odit
3220 3879 3654 3953 propinquum,
3698 3875 3799 3933 sed

2263 3988 2575 4046 nunquam
2636 3972 2863 4031 amicus
2931 3972 3210 4031 amicum.
3290 3972 3455 4031 Unde
3506 3970 3804 4030 concludit

2263 4066 2504 4137 Tullius,
2532 4064 2700 4140 quod
2722 4065 3003 4124 omnibus
3040 4065 3219 4123 rebus
3244 4065 3524 4124 humanis
3548 4070 3637 4123 est
3662 4064 3802 4123 auii-

2266 4161 2401 4220 citia
2427 4160 2847 4236 praeponenda.
2881 4162 3025 4220 Dicit
3049 4178 3291 4237 quoqne
3324 4161 3615 4234 Valerius,
3643 4159 3801 4236 quod

2266 4255 2535 4313 amicitias
2561 4255 2793 4313 bonum
2834 4271 2960 4313 non
3002 4262 3090 4315 est
3133 4272 3169 4314 a
3212 4271 3600 4330 quocumque
3639 4254 3800 4313 facile

2265 4348 2711 4422 assumendum,
2740 4349 2846 4407 sed
2871 4349 3056 4408 semel
3083 4354 3453 4424 assumptum
3492 4362 3799 4424 nunquam

2265 4446 2352 4499 est
2379 4441 2826 4517 deponendum,
2864 4444 3036 4518 quia,
3081 4443 3185 4517 qui
3222 4443 3409 4502 semel
3452 4442 3521 4500 fit
3561 4443 3799 4509 amicus,

2266 4539 2351 4592 est
2378 4536 2541 4593 omni
2571 4540 2833 4610 tempore
2871 4536 3231 4611 diligendus.
3263 4541 3358 4596 Est
3398 4536 3579 4611 igitur
3625 4536 3799 4595 homo

2264 4629 2462 4703 primo
2506 4629 2874 4704 probandus,
2914 4636 3237 4707 antequam
3280 4631 3355 4689 sit
3387 4631 3453 4687 in
3488 4631 3801 4689 amicitiam

2264 4721 2655 4779 assumendus
2680 4741 2700 4780 ε
2731 4726 2788 4780 et
2809 4740 2946 4781 cum
2965 4740 3089 4782 non
3114 4725 3189 4781 sit
3212 4724 3566 4798 probandus
3592 4724 3656 4781 in
3675 4739 3801 4798 pro-

2264 4815 2472 4889 speris,
2492 4816 2841 4891 probandus
2858 4821 2944 4875 est
2960 4818 3023 4875 in
3049 4816 3334 4875 adversis.
3355 4818 3627 4875 Amicum
3646 4818 3798 4875 enim

2263 4924 2328 4967 se
2356 4911 2630 4983 ostendit,
2659 4910 2851 4985 quiin
2879 4911 3145 4969 adversis
3171 4912 3433 4969 amicum
3473 4927 3601 4970 non
3637 4911 3798 4970 dese-

2262 5004 2357 5061 rit.
2385 5003 2550 5062 Unde
2592 5004 2804 5062 dicim
2836 5004 2882 5040 ¹⁰
2909 5022 2926 5061 ε
2960 5022 2990 5059 α
3017 5006 3074 5063 si
3102 5004 3375 5080 possides
3406 5005 3697 5078 amicum,
3740 5005 3797 5062 in

2263 5097 2583 5156 tentatione
2614 5096 2853 5172 posside
2888 5096 3082 5169 illum,
3125 5101 3183 5156 et
3217 5113 3342 5157 non
3379 5097 3553 5157 facile
3600 5098 3798 5159 credas

2266 5246 2323 5295 B.
2360 5247 2509 5297 Petro
2544 5244 2784 5311 Chrysei.
2812 5268 2875 5284 —·
2913 5247 2944 5293 ².
2976 5246 3114 5309 Luc„
3152 5258 3257 5305 xiv.
3300 5250 3376 5299 to.
3413 5270 3478 5285 --
3512 5246 3538 5282 ⁸
3576 5247 3701 5309 Cic„
3730 5244 3792 5294 de

2263 5314 2801 5453 ςωείὲσίῖιῖνῖχίῑετ.
2835 5317 2993 5382 Nax„
3020 5316 3111 5369 tib.
3150 5319 3235 5383 tv,
3260 5331 3310 5369 e.
3340 5330 3435 5382 vu,
3461 5317 3516 5369 iu
3543 5320 3704 5384 princ.
3730 5343 3786 5357 --
