4059 6317
1017 485 1398 556 DOMINICA
1439 483 1494 549 11
1537 479 1735 549 POST
1777 480 2364 550 PENTECOSTEN.
2409 482 2672 552 SERMO
2715 486 2764 552 Ι.

287 619 649 689 excederet.⁸
665 644 698 685 s
727 623 823 689 Ita
847 641 1023 691 nunc
1048 624 1323 690 verbum
1352 621 1465 688 Dei
1483 621 1626 686 sine
1655 637 1835 685 men-

285 749 441 796 sura
465 731 684 813 datur3
727 733 838 798 sed
872 733 1233 798 timendum
1262 734 1391 812 est,
1425 730 1594 815 quod
1628 730 1836 794 fames

286 840 645 923 aegyptiaca
691 845 1025 925 sequatur,
1085 840 1367 907 maxime
1419 841 1488 904 in
1546 844 1837 922 tempore

284 946 687 1013 Antichristi.

364 1053 453 1118 De
476 1057 657 1119 sexto
680 1055 749 1119 in
774 1056 1075 1139 praesenti
1118 1054 1470 1138 Evangelio
1515 1076 1532 1118 ε
1568 1054 1832 1120 Mensu-

284 1178 427 1229 ram
458 1162 720 1242 bonam,
761 1167 882 1228 etc.
930 1165 1175 1231 Bonam
1214 1164 1437 1247 utique
1484 1163 1555 1226 in
1599 1161 1834 1227 animae

283 1269 613 1350 fruitione,
639 1274 704 1335 et
728 1272 1077 1353 consertam
1114 1272 1184 1336 in
1206 1272 1490 1354 eorporis
1519 1270 1836 1353 glorifica-

284 1379 528 1443 tionem
545 1425 564 1457 ,
595 1382 660 1444 et
692 1381 1085 1463 ooaqitatam
1114 1381 1185 1444 in
1219 1382 1589 1445 sanctorum
1632 1378 1833 1444 socie-

286 1489 438 1564 tate,
465 1489 529 1550 et
554 1486 1101 1571 supereffluentem
1134 1487 1204 1552 in
1230 1487 1618 1570 gaudiorum
1644 1491 1835 1552 aeter-

286 1593 507 1658 nitate.
540 1593 702 1659 Nota
738 1594 910 1678 quod
946 1594 1098 1660 dicit
1122 1597 1198 1662 in
1227 1597 1446 1663 sinum
1488 1599 1764 1662 vestrum
1808 1614 1831 1655 .-

286 1701 341 1765 si
387 1703 566 1767 enim
610 1702 854 1769 bonum
898 1722 1075 1769 nunc
1118 1721 1453 1769 mensuras
1497 1704 1567 1769 in
1615 1702 1831 1767 sinum

283 1808 603 1890 proximi,
632 1810 1114 1875 mensurabitur
1156 1811 1228 1875 in
1265 1811 1485 1876 sinum
1530 1815 1717 1876 tuum
1764 1810 1833 1875 in

281 1916 467 1982 coelo.
498 1917 564 1982 Si
591 1922 807 1983 autem
832 1935 1167 1984 mensuras
1191 1919 1262 1984 in
1287 1919 1503 1984 sinum
1547 1919 1831 2002 proximi

281 2025 381 2089 tui
407 2025 650 2090 malum
679 2026 749 2090 in
776 2026 1050 2106 mundo,
1081 2027 1559 2092 mensurabitur
1584 2027 1832 2092 malum

280 2131 354 2197 in
377 2132 592 2197 sinum
618 2138 807 2198 tuum
836 2134 906 2199 in
941 2135 1212 2200 inferno.
1261 2142 1281 2178 ¹
1326 2158 1357 2198 α
1408 2135 1485 2199 In
1525 2153 1832 2200 mensura

279 2243 501 2302 contra
529 2257 921 2323 mensuram,
953 2260 1105 2308 cum
1132 2242 1377 2325 abjecta
1401 2242 1630 2322 fuerit,
1653 2241 1830 2324 jndi-

280 2343 456 2409 oebis
484 2345 566 2428 (α)
599 2363 766 2410 eam.
803 2368 834 2409 ι

400 2579 778 2657 DOMINIGA
823 2581 878 2656 11
922 2581 1108 2657 POST
1151 2581 1710 2666 PENTEGOSTEN.

683 2750 974 2822 SERMO
1016 2751 1345 2823 PRIMUS
1378 2764 1425 2821 ².

360 2884 563 2952 Homo
601 2885 872 2967 quidam
909 2887 1071 2969 fecit
1107 2903 1354 2955 coenom
1391 2903 1730 2971 magnam,
1771 2894 1833 2955 et

276 2997 539 3063 vocavit
560 2996 794 3065 multos
820 2998 864 3063 ⁸,
888 2996 1023 3063 Sub
1052 2999 1371 3064 velamine
1399 2999 1670 3066 istorum
1689 3017 1830 3065 ver·

277 3102 514 3169 borum
543 3105 920 3188 mysticatur
944 3107 1028 3190 (b)
1046 3155 1064 3188 ‚
1095 3112 1160 3171 et
1186 3107 1537 3174 involvitur
1562 3108 1831 3174 coelestis

275 3210 490 3292 gloria
515 3230 713 3294 quam
741 3211 1047 3278 Dominus
1085 3214 1299 3279 electis
1326 3216 1459 3280 suis
1504 3216 1573 3279 in
1603 3216 1826 3282 mundi

274 3320 409 3383 fine
433 3320 762 3385 exhibebit
791 3343 807 3386 ε
836 3319 1009 3386 unde
1042 3339 1243 3387 coenae
1266 3321 1545 3403 refectio,
1566 3341 1714 3408 quae
1732 3327 1828 3389 est

276 3425 347 3489 in
372 3426 503 3490 flne
529 3427 677 3506 diei,
701 3426 1079 3510 appellatur.
1097 3427 1593 3495 commendatur
1610 3435 1826 3496 autem

275 3534 586 3600 Dominus
611 3538 830 3601 noster
857 3555 896 3601 a
922 3537 1129 3603 tribus
1154 3537 1224 3602 in
1250 3540 1574 3622 proposito
1601 3540 1820 3621 verbo,

273 3661 424 3726 quae
453 3644 801 3728 quamlibet
832 3664 1082 3711 coenam
1125 3647 1399 3713 reddunt
1444 3648 1824 3733 completam

272 3756 338 3817 et
360 3755 701 3837 perfectam
738 3776 755 3819 2
786 3758 851 3821 et
891 3757 1105 3839 primo
1141 3756 1223 3820 ab
1268 3757 1643 3822 excellentia
1685 3758 1823 3821 sin-

273 3861 522 3943 gularis
589 3861 947 3943 dignitatis3
1015 3863 1293 3929 secundo
1352 3866 1435 3930 ab
1496 3866 1827 3931 affluentia

274 3968 661 4035 abundantis
687 3971 1101 4054 copiositatis;
1129 3973 1320 4038 tertio
1363 3992 1404 4038 a
1430 3974 1822 4040 benevolen-

274 4076 367 4141 tia
392 4077 721 4143 invitantis
746 4078 1142 4145 curialitatis.
1189 4080 1409 4147 Primo
1452 4100 1611 4165 ergo
1639 4101 1823 4148 com-

274 4184 619 4249 mendatur
642 4204 683 4250 a
707 4184 1151 4268 singularitate
1195 4189 1585 4255 excellentiae
1634 4195 1699 4256 et
1724 4192 1819 4256 di-

271 4291 563 4373 gnitatis,
594 4310 745 4357 cum
768 4292 956 4358 dicit:
998 4296 1202 4362 Homo
1240 4296 1534 4379 quidam.
1577 4297 1650 4363 In
1682 4299 1820 4363 sin-

273 4398 492 4480 gulari
518 4399 752 4466 dicitur
776 4401 956 4470 homo
981 4401 1275 4485 quidam,
1303 4403 1610 4485 Christus,
1633 4424 1823 4489 prop·

270 4508 372 4569 ter
392 4505 982 4591 incomparabilem,
1010 4512 1074 4573 et
1103 4509 1521 4575 excellentem
1546 4511 1730 4592 digni
1738 4515 1823 4576 ta-

267 4618 426 4679 tem.
482 4613 772 4681 Secundo
816 4617 1300 4683 commendatur
1349 4637 1390 4682 a
1445 4618 1820 4684 liberalitate

267 4720 1104 4806 affluentiaeetcopiositatis‚
1117 4743 1266 4789 cum
1277 4725 1537 4790 subdit:
1568 4726 1821 4794 Coenam

267 4843 597 4910 maanam.
636 4826 849 4893 Tertio
875 4832 1356 4897 commendatur
1381 4852 1422 4897 a
1463 4834 1822 4901 curialitate

266 4933 733 5001 benevolentiae
773 4938 837 5000 et
861 4936 1184 5002 eharitatis
1207 4985 1227 5017 ,
1257 4957 1408 5004 cum
1454 4940 1769 5006 subinfert
1799 4962 1815 5005 ε

267 5040 355 5107 Et
384 5043 639 5109 vocavit
674 5042 928 5110 multos.
974 5042 1305 5127 Benignus
1349 5050 1414 5111 et
1460 5047 1823 5112 misericors

267 5147 441 5213 Deus
464 5149 673 5214 noluit
697 5167 835 5215 esse
871 5150 1044 5216 solus
1063 5151 1134 5217 in
1166 5169 1347 5219 ooena
1372 5153 1599 5236 gloriae
1631 5176 1646 5218 ε
1688 5154 1822 5220 imo

271 5257 522 5322 ratione
548 5275 686 5323 suae
708 5257 1081 5325 curialitatis
1110 5261 1345 5327 multos
1369 5261 1693 5329 invitavit.

349 5365 511 5431 Dicit
537 5366 711 5431 enim
736 5367 975 5435 :Homo
1002 5367 1310 5449 quddam3
1342 5371 1457 5436 ubi
1486 5389 1816 5436 commen-

380 5491 501 5555 lsa„
538 5502 714 5560 nvn,
749 5494 797 5545 8.
825 5517 886 5531 -
921 5493 945 5527 ¹
977 5493 1124 5544 Hunc
1157 5507 1265 5547 non
1303 5495 1458 5548 habet
1490 5498 1612 5552 edit.
1654 5496 1815 5550 Paris.

3366 495 3486 559 329

1940 618 2130 695 datur
2160 619 2446 688 Christus
2471 622 2555 686 ab
2590 622 2961 690 excellentia
2998 624 3347 708 singulam
3385 627 3483 694 di-

1941 728 2228 810 gnitatis,
2258 748 2407 813 quae
2433 734 2640 814 potest
2665 733 3059 799 manifestari
3105 735 3335 818 triplici
3378 754 3486 800 ra-

1939 834 2114 901 tione
2143 857 2159 900 :
2197 837 2405 920 primo
2431 839 2681 904 ratione
2723 858 2860 906 suae
2889 842 3184 924 puritatis
3207 846 3273 906 et
3296 844 3481 908 inno-

1939 943 2189 1023 centiae,
2222 944 2292 1009 in
2317 945 2659 1012 evitatione
2695 949 2990 1014 omnium
3037 953 3477 1032 peccatorum3

1939 1050 2216 1115 secundo
2241 1052 2488 1117 ratione
2524 1055 2967 1137 profunditatis
3008 1057 3333 1141 sapientia»
3356 1106 3376 1134 ‚
3413 1059 3481 1121 in

1938 1157 2328 1224 revelatione
2380 1160 2751 1227 divinorum
2808 1163 3232 1243 occultorum;
3291 1164 3482 1230 tertio

1937 1265 2187 1331 ratione
2211 1267 2629 1334 virtuositatis
2654 1271 2955 1354 potentias
2972 1321 2991 1352 ,
3019 1273 3093 1338 in
3117 1272 3483 1356 operatione

1939 1373 2295 1440 multorum
2321 1376 2808 1444 miraculorum.

2020 1480 2238 1548 Primo
2268 1483 2555 1550 Christus
2579 1486 2995 1569 singulariter
3019 1491 3084 1554 et
3101 1488 3482 1556 excellenter

1939 1589 2169 1655 dicitur
2194 1590 2409 1671 homo,
2457 1597 2718 1676 propter
2758 1594 3101 1676 puritatem
3148 1596 3484 1678 originalis

1939 1698 2317 1764 innocentiae
2332 1747 2352 1779 ,
2386 1699 2455 1764 in
2491 1701 2831 1766 evitatione
2871 1702 3165 1768 omnium
3192 1710 3483 1787 peccato-

1938 1825 2120 1884 rum;
2151 1806 2324 1873 unde
2346 1807 2370 1844 ⁸
2408 1829 2425 1872 ε
2466 1830 2497 1870 α
2525 1807 2782 1873 Nullam
2815 1828 3076 1875 causam
3106 1812 3365 1879 invenio
3408 1813 3486 1878 in

1938 1916 2059 1980 isto
2084 1915 2367 1995 homine,
2397 1915 2466 1980 in
2491 1916 2727 2000 quibus
2757 1935 2910 1982 eum
2955 1920 3284 1984 accusatis.
3315 1943 3346 1981 n
3381 1921 3482 1986 Ad

1937 2022 2213 2088 litteram
2240 2022 2420 2088 nulla
2446 2042 2638 2088 causa
2664 2025 2901 2107 peccati
2938 2025 3385 2094 inveniebatur
3411 2030 3486 2094 in

1940 2130 2211 2210 Christo,
2241 2131 2310 2196 in
2334 2131 2568 2215 quibus
2592 2133 2973 2199 accusabant
3011 2153 3167 2201 eum
3207 2135 3412 2203 Judaei
3460 2159 3477 2203 ε

1938 2257 2093 2303 nam
2120 2239 2354 2322 ipsein
2380 2241 2650 2322 peccatis
2676 2259 2810 2306 non
2834 2246 3000 2322 erat,
3030 2243 3185 2327 quia
3227 2263 3358 2310 non
3401 2246 3482 2310 de

1940 2345 2111 2410 virili
2140 2346 2405 2427 semine,
2436 2348 2546 2412 sed
2574 2348 2652 2412 de
2679 2347 2925 2432 Spiritu
2950 2354 3168 2416 sancto
3212 2369 3478 2437 concep-

1938 2454 2045 2516 tus
2070 2452 2216 2533 ruit,
2244 2457 2309 2518 et
2330 2453 2473 2520 ideo
2497 2459 2825 2538 peccatum
2843 2457 3161 2539 originale
3179 2476 3309 2524 non
3336 2478 3486 2527 con-

1938 2562 2171 2640 traxit3
2202 2577 2318 2626 nec
2344 2561 2539 2627 etiam
2563 2567 2891 2646 peccatum
2918 2565 3164 2630 actuale
3181 2614 3204 2646 ‚
3235 2570 3299 2631 et
3324 2567 3482 2650 quia

1938 2686 2021 2733 ex
2067 2672 2248 2753 parte
2273 2670 2505 2735 mentis
2547 2671 2916 2737 omnimoda
2954 2672 3078 2738 fuit
3103 2673 3389 2756 puritas,
3417 2679 3481 2739 et

1937 2793 2019 2841 ex
2047 2781 2228 2859 parte
2252 2778 2464 2841 carnis
2488 2778 2670 2843 nulla
2688 2778 2952 2845 rebellio
2982 2800 2999 2844 z
3024 2798 3278 2863 semper
3303 2782 3480 2846 enim

1935 2882 2046 2948 illa
2070 2884 2470 2950 sanctissima
2506 2903 2654 2950 caro
2679 2887 3068 2970 sequebatur
3109 2887 3296 2953 illum
3321 2889 3474 2954 bea-

1934 2995 2077 3057 tum
2126 2992 2424 3076 spiritum
2448 3042 2467 3073 ,
2515 3011 2635 3059 nec
2679 3013 2970 3080 unquam
3014 2997 3095 3062 ad
3147 3000 3478 3080 peccatum

1935 3100 2375 3183 pertrahebat,
2414 3106 2479 3166 et
2522 3102 2787 3186 spiritus
2833 3104 3042 3169 carnis
3085 3105 3476 3172 necessitati-

1935 3210 2082 3287 bus,
2112 3226 2196 3274 ne
2218 3208 2681 3291 succumberet,
2711 3211 3288 3278 condescendebat:
3316 3217 3382 3278 et
3391 3231 3475 3278 ex

1934 3319 2060 3384 hoe
2085 3318 2252 3382 mira
2293 3316 2632 3383 harmonia
2668 3321 2732 3383 et
2771 3319 3106 3386 concordia
3147 3320 3357 3385 carnis
3393 3320 3476 3386 ad

1934 3427 2232 3511 spiritum
2259 3426 2632 3493 resultabat.
2661 3429 2740 3492 Et
2783 3432 3042 3512 propter
3078 3428 3203 3493 hoc
3240 3447 3473 3495 verum

1932 3533 2059 3600 fuit
2084 3533 2245 3600 illud
2265 3536 2289 3571 ⁸
2320 3552 2339 3599 z
2379 3558 2411 3598 α
2430 3532 2593 3600 Vere
2611 3538 2830 3617 justus
2858 3539 2994 3601 erat
3019 3537 3217 3602 homo
3263 3538 3403 3603 iste.
3431 3561 3464 3599 a

2015 3640 2309 3707 Secundo
2340 3642 2719 3708 excellenter
2757 3647 2821 3708 et
2864 3643 3281 3726 singulariter
3316 3646 3470 3712 dici·

1936 3753 2044 3814 tur
2067 3749 2249 3816 homo
2274 3749 2559 3816 Christus
2576 3798 2594 3830 ‚
2626 3755 2887 3834 propter
2935 3751 3473 3835 perspicacitatem

1933 3856 2180 3923 veracis
2203 3856 2679 3939 intelligentiae‚
2713 3858 2783 3922 in
2807 3857 3194 3925 revelatione
3220 3860 3471 3927 divino-

1932 3982 2086 4030 rum
2109 3966 2533 4031 occultorum.
2564 3965 2744 4033 Unde
2769 3966 3047 4033 redth
3070 3985 3328 4034 causam
3358 3970 3478 4034 mi-

1932 4072 2120 4138 nistri
2161 4073 2568 4157 pontificibus
2612 4078 2676 4138 et
2727 4074 3060 4157 pharisaeis
3099 4094 3303 4159 quare
3345 4095 3476 4143 non

1932 4185 2238 4263 ceperunt
2261 4179 2507 4260 lesum,
2541 4158 2697 4263 quia
2723 4187 2747 4223 ⁸
2778 4203 2812 4243 c
2836 4198 3169 4264 nunquam
3192 4182 3285 4246 sic
3304 4182 3477 4249 locu-

1931 4291 2039 4353 tus
2066 4293 2159 4354 est
2185 4288 2410 4368 homo,
2431 4289 2598 4354 sicut
2612 4289 3023 4373 hicloquitur
3041 4292 3258 4356 bomo.
3278 4311 3310 4350 n
3332 4289 3474 4357 Non

1932 4397 2107 4462 enim
2122 4396 2523 4480 loquebatur,
2543 4398 2711 4463 sicut
2719 4398 2932 4463 caeteri
2945 4398 3258 4477 homines,
3275 4399 3476 4466 verba

1932 4505 2205 4584 curiosa,
2227 4522 2373 4588 quae
2393 4506 2712 4572 excedunt
2735 4506 3131 4586 rationalem,
3145 4523 3266 4571 nec
3277 4507 3477 4588 verba

1930 4612 2258 4695 superflua
2285 4615 2349 4676 et
2373 4630 2643 4678 onerosa
2658 4660 2677 4693 ‚
2708 4630 2857 4696 qnae
2887 4613 3201 4679 suffocant
3240 4630 3475 4679 concu-

1932 4719 2311 4804 piscibilem,
2341 4738 2458 4785 nec
2481 4720 2680 4786 verba
2704 4721 3117 4796 contentiosa,
3147 4736 3296 4803 quse
3322 4738 3479 4786 con-

1903 4828 2196 4892 ·turbant
2219 4826 2601 4892 irascibilem
2618 4874 2643 4907 ,
2675 4844 2796 4892 nee
2837 4826 3192 4910 perniciosa
3236 4826 3433 4892 verba
3452 4874 3471 4907 ‚

1930 4952 2080 5018 quae
2107 4938 2480 5018 pervertunt
2504 4938 2715 5000 totum
2741 4933 3109 5012 hominem;
3139 4934 3251 4999 sed
3276 4936 3478 5003 verba

1930 5042 2202 5108 humilia
2230 5043 2311 5108 ad
2349 5043 2844 5109 destructionem
2887 5041 3204 5126 superbias
3223 5090 3246 5122 ,
3275 5044 3478 5109 verba

1930 5150 2115 5216 utilia
2140 5150 2220 5216 ad
2247 5153 2674 5233 augmentum
2719 5150 2967 5233 gloriae.
3009 5150 3117 5216 Sic
3158 5150 3332 5216 enim
3376 5152 3472 5218 lo·

1929 5337 2016 5374 an.
2052 5325 2192 5374 1521.
2224 5348 2287 5360 -
2326 5321 2349 5356 ⁸
2384 5322 2521 5378 Luc„
2557 5333 2665 5385 xlv,
2696 5325 2776 5373 16.
2804 5348 2864 5359 —
2896 5323 2919 5358 δ
2944 5324 3083 5388 Luc„
3107 5335 3275 5389 xxm,
3307 5328 3384 5376 14.
3415 5351 3476 5365 —

1929 5397 1953 5432 ⁸
1976 5396 2113 5455 Luc„
2142 5407 2305 5459 xxm,
2335 5397 2412 5446 49.
2441 5420 2504 5432 —
2529 5394 2551 5429 ⁸
2575 5394 2740 5456 loon..
2772 5405 2873 5459 vu,
2905 5397 2983 5446 46.

1996 5495 2065 5561 (α)
2098 5495 2223 5548 coet.
2250 5493 2375 5546 edit.
2399 5492 2665 5563 judicabit.
2692 5518 2753 5532 —
2782 5492 2849 5560 (ὁ)
2882 5496 3006 5547 Item
3038 5495 3348 5556 mixticatur.
