4059 6317
703 467 840 534 '398

720 600 995 682 gloriam
1009 605 1314 667 aeternam
1334 624 1352 683 ;
1370 603 1624 668 sinister
1639 620 1820 683 vero,
1837 607 2164 686 respectus
2180 601 2263 666 ad

717 708 1084 788 gehennam
1110 710 1131 748 ¹
1151 727 1168 771 z
1192 732 1225 771 «t
1242 708 1422 775 Oculi
1447 709 1750 794 sapientis
1776 708 1843 772 in
1865 709 2068 792 capite
2084 710 2257 791 eJus;

716 810 950 876 stultus
984 811 1054 876 in
1094 812 1706 878 tenebris-ambulat.
1740 833 1772 874 ιο
1803 812 2072 877 Oculum
2098 812 2258 876 sini-

716 922 922 986 strum
968 919 1158 985 multi
1199 922 1474 1001 habent;
1531 922 1869 987 dexterum
1922 939 2096 1000 vero,
2142 919 2261 984 soli

715 1027 1057 1111 sapientes.
1088 1030 1198 1096 Ille
1227 1049 1378 1098 vero
1398 1031 1672 1114 sapiens,
1704 1033 1889 1114 cujus
1912 1030 2168 1094 animus
2191 1028 2262 1092 in

716 1135 986 1217 Christo,
1029 1140 1215 1222 cujus
1266 1140 1533 1205 interior
1580 1138 1803 1203 oculus
1855 1137 2130 1219 erigitur
2181 1134 2263 1200 ad

715 1261 992 1309 summa.
1024 1244 1211 1312 Hunc
1241 1246 1530 1311 diabolus
1569 1247 1757 1322 emit,
1787 1243 2041 1328 quando
2069 1243 2261 1307 homo

715 1367 926 1434 neque
957 1370 1235 1435 pomam,
1279 1372 1488 1437 neque
1535 1353 1810 1436 gloriam
1847 1350 2126 1435 respicit,
2158 1349 2263 1414 vel

715 1458 920 1524 timet.
960 1457 1157 1525 Pedes
1192 1460 1539 1525 affectuum
1575 1462 1725 1524 tunc
1754 1460 1961 1527 vincit
1994 1475 2146 1522 cum
2172 1456 2257 1539 (a)

715 1564 995 1646 vinculo,
1016 1567 1275 1649 quando
1293 1586 1518 1632 sensus
1534 1567 1612 1632 ad
1634 1566 2023 1651 peccandum
2041 1564 2257 1630 trahit.

719 1671 942 1738 Postea
967 1674 1043 1740 in
1069 1674 1458 1757 Babylonem
1485 1673 1784 1754 adducit,
1815 1674 1970 1738 dum
1997 1673 2064 1737 in
2093 1671 2259 1736 mul-

715 1779 1008 1853 titudine,
1042 1781 1146 1846 vel
1172 1781 1552 1847 enormitate
1587 1785 1994 1866 peccatorum
2009 1825 2033 1858 ,
2061 1779 2265 1844 homi-

714 1905 863 1951 nem
907 1887 1235 1954 confundit
1267 1911 1282 1953 :
1324 1888 1610 1973 Babylon
1636 1890 1810 1954 enim
1837 1889 2130 1968 confusio
2157 1888 2257 1953 in-

718 1999 1117 2079 terpretatur.
1141 1997 1367 2063 Postea
1383 1998 1453 2063 in
1469 1999 1702 2063 inferni
1715 2013 2024 2065 carcerem
2042 1996 2255 2061 mittit.

713 2100 838 2180 Qui
864 2102 1006 2168 haec
1031 2105 1287 2170 vincula
1313 2107 1452 2172 vult
1469 2105 1763 2185 evadere,
1783 2103 1971 2170 debet
1994 2104 2262 2169 virtutes

713 2208 948 2292 loseph
985 2211 1245 2292 habere,
1278 2213 1356 2277 de
1381 2231 1514 2297 quo
1540 2215 1565 2251 ²
1596 2235 1612 2278 ε
1652 2235 1683 2274 α
1710 2212 1782 2277 ln
1811 2212 2085 2277 vinculis
2126 2229 2260 2277 non

715 2317 1103 2402 derelinquit
1130 2338 1283 2386 eum
1313 2342 1330 2386 :
1363 2341 1395 2382 ιο
1439 2320 1507 2385 in
1538 2320 1666 2385 illis
1707 2320 1931 2403 utique
1962 2318 2258 2398 vinculis,

713 2425 795 2493 de
829 2429 1066 2512 quibus
1112 2429 1404 2495 Psalmus
1444 2435 1468 2471 ⁸
1510 2451 1526 2495 z
1579 2453 1611 2492 α
1641 2428 2156 2494 Humiliaverunt
2192 2426 2262 2491 in

715 2536 1126 2619 compedibus
1150 2536 1342 2620 pedes
1365 2539 1423 2620 ej
1431 2553 1531 2617 us,
1556 2557 1588 2598 ιι
1614 2542 1732 2602 etc.

795 2642 881 2709 De
920 2645 1197 2710 secundo
1224 2646 1246 2680 ⁶
1283 2667 1299 2709 t
1334 2666 1366 2706 α
1390 2644 1541 2710 Post
1585 2649 1649 2709 te
1686 2643 1916 2711 vinctis
1963 2642 2263 2706 manibus

715 2753 1011 2833 pergent,
1027 2753 1558 2832 etteadorabunt,
1584 2756 1647 2817 et
1668 2750 2201 2835 deprecabuntur.
2222 2769 2254 2810 n

714 2856 978 2924 Vincula
995 2878 1310 2925 manuum
1333 2865 1484 2925 sunt
1504 2864 1756 2943 peccata
1771 2876 2063 2942 operum.
2084 2856 2261 2923 Certe

714 2966 797 3030 ad
823 2967 1177 3048 patibulum
1204 2966 1648 3052 itur,·quando
1695 2984 1928 3031 manus
1970 2965 2132 3030 furis
2179 2966 2260 3031 ad

715 3080 977 3155 tergum
1008 3074 1311 3141 vincitur.
1355 3072 1404 3139 Ο
1448 3077 1691 3158 quanta
1723 3073 2025 3137 instantia
2050 3076 2114 3136 et
2140 3090 2257 3153 ge-

715 3181 882 3246 mitu
905 3186 1058 3245 tunc
1083 3182 1188 3246 fur
1214 3181 1470 3247 liberari
1505 3182 1697 3264 petiti
1750 3181 1798 3246 Ο
1841 3187 2081 3262 quanta
2109 3197 2256 3261 pro-

717 3289 947 3354 mittit!
980 3288 1083 3355 Sic
1109 3288 1309 3354 miser
1329 3289 1549 3368 homo,
1578 3287 1692 3371 qui
1721 3286 1948 3352 vinctis
1972 3304 2088 3369 per
2111 3305 2256 3370 pec—

716 3399 931 3461 catum
958 3397 1255 3462 manibus
1281 3396 1360 3461 ad
1385 3396 1744 3480 patibulum
1786 3394 2018 3460 inferni
2053 3394 2256 3459 trahi-

713 3510 842 3586 tur,
872 3505 1116 3570 instare
1138 3504 1324 3570 debet
1359 3503 1780 3584 orationihuS,
1820 3505 1895 3568 ut
1928 3503 2256 3569 liberetur.

716 3613 739 3677 1
746 3614 862 3678 deo
886 3614 1048 3678 bene
1074 3613 1329 3693 dicitur,
1358 3610 1529 3695 quod
1557 3611 1793 3678 vinctis
1822 3610 2124 3678 manibus
2154 3610 2262 3678 de·

710 3719 1160 3803 precabuntur.
1194 3719 1429 3784 Vinctis
1465 3718 1638 3782 enim
1680 3719 2017 3784 miseretur
2044 3717 2256 3784 Domi-

711 3846 856 3918 nus»,
875 3832 937 3894 et
954 3845 1063 3892 eos
1081 3827 1352 3892 libenter
1370 3827 1652 3891 exaudit.
1677 3826 1970 3892 Psalmus
1995 3826 2017 3863 ⁸
2047 3849 2062 3891 z
2091 3850 2119 3888 «
2140 3826 2261 3892 Ex-

712 3935 961 4001 audivit
1003 3951 1313 4018 pauperes
1359 3932 1692 4013 Dominus,
1736 3940 1799 3999 et
1839 3934 2084 4000 vinctos
2112 3952 2260 3998 suos

713 4061 844 4108 non
887 4041 1195 4125 despexit.
1225 4062 1256 4100 υ
1308 4039 1470 4119 lmo,
1517 4040 1690 4123 quod
1717 4040 1862 4123 plus
1905 4045 2022 4121 est,
2051 4040 2260 4106 Domi·-

713 4169 864 4229 nuS,
893 4155 968 4215 ut
994 4169 1224 4214 manus
1250 4153 1500 4214 nostras
1542 4166 1582 4211 a
1625 4147 1899 4214 vinculis
1936 4147 2255 4228 liberaret,

712 4276 945 4322 manus
970 4276 1120 4322 suas
1147 4255 1377 4320 vinciri
1402 4256 1549 4320 fecit
1584 4255 1652 4319 in
1695 4272 1907 4332 cruce,
1945 4254 2077 4320 imo
2111 4259 2259 4321 ante

712 4383 968 4430 crucem
997 4365 1247 4428 vinctus
1274 4362 1414 4426 fuit.
1434 4368 1457 4404 ⁸
1484 4360 1830 4428 «Vinctum
1848 4363 2259 4428 adduxerunt

711 4492 887 4551 eum,
945 4478 1008 4537 et
1051 4471 1448 4536 tradiderunt
1497 4469 1722 4534 Pontio
1776 4468 2000 4552 Pilato,
2049 4493 2081 4531 ι
2133 4476 2253 4536 etc.

711 4578 1077 4645 Bernardus
1102 4579 1124 4614 '¹
1158 4599 1174 4643 :
1215 4600 1246 4639 α
1273 4573 1455 4656 Vide,
1501 4575 1719 4655 homo,
1772 4593 1900 4657 quo
1935 4593 2156 4641 amore
2192 4581 2256 4642 te

710 4687 932 4753 dilexit
972 4686 1158 4762 Deus,
1186 4688 1260 4750 ut
1291 4683 1558 4765 vestigia
1592 4684 1732 4765 ejus
1776 4683 2046 4747 imiteris
2075 4700 2094 4746 t
2135 4702 2254 4767 pro

710 4801 776 4861 te
799 4796 1042 4878 ligatus
1066 4798 1182 4872 est,
1213 4796 1287 4858 ut
1310 4810 1352 4856 a
1377 4790 1650 4856 vinculis
1686 4795 2091 4872 peccatorum
2125 4790 2251 4855 sol-

714 4902 976 4967 vereris.
996 4922 1027 4961 »
1051 4900 1208 4965 Ecce
1229 4914 1428 4981 quam
1449 4899 1672 4979 potens
1689 4896 1810 4961 fuit
1826 4914 2060 4962 manus
2073 4898 2251 4964 Chri·

707 5010 813 5083 sti,
843 5008 955 5091 qui
982 5007 1204 5071 vinctu
1228 5021 1547 5069 manuum
1572 5022 1834 5068 suarum
1863 5007 2083 5070 nostra
2108 5007 2247 5072 vin-

711 5115 855 5182 cula
899 5114 1093 5184 solvit
1116 5111 1186 5176 ⁸:
1221 5133 1254 5172 ι
1282 5108 1597 5176 Dissoluta
1631 5115 1784 5175 sunt
1816 5111 2079 5177 vincula
2111 5132 2252 5178 ma-

773 5311 790 5348 ¹
821 5311 1004 5375 Eccle„
1032 5323 1100 5374 11,
1129 5313 1208 5360 14.
1236 5334 1299 5346 —
1322 5309 1344 5342 ²
1370 5308 1512 5372 Sap„
1540 5318 1595 5368 x,
1627 5310 1701 5357 14.
1727 5332 1788 5344 -
1816 5306 1837 5341 ⁸
1865 5306 2006 5361 Psal.
2038 5320 2143 5374 ew,
2171 5312 2252 5363 18.

711 5407 773 5421 —-
798 5387 817 5414 ⁴
840 5384 962 5447 Im„
989 5393 1111 5443 nv,
1137 5383 1217 5432 ¹4.
1244 5407 1307 5419 -
1334 5381 1357 5415 ⁸
1383 5380 1522 5431 Psal.
1557 5389 1757 5440 uvm,
1786 5380 1865 5432 34.
1894 5406 1958 5419 —
1992 5382 2015 5417 ⁸
2045 5383 2251 5446 March„

712 5463 881 5519 xxvn,
911 5460 961 5507 2.
987 5481 1052 5494 -
1077 5456 1096 5486 ⁷
1124 5454 1278 5506 Bem.
1308 5478 1366 5492 --
1395 5450 1418 5487 ⁸
1444 5452 1590 5517 Gen„
1617 5463 1762 5517 xm,
1793 5454 1876 5505 24.
1903 5477 1967 5493 -
1992 5454 2015 5490 ⁹
2042 5453 2249 5520 Halm,

1812 463 1908 533 SE
1923 463 2239 533 RMONES
2281 461 2382 531 DE
2422 461 2820 531 TEMPORE.

2371 618 2579 665 nuum
2604 605 2669 665 et
2695 599 3105 667 brachiorum
3122 601 3287 684 ejus,
3310 618 3422 684 per
3443 614 3678 665 manus
3699 603 3909 684 poten-

2371 707 2454 770 tis
2499 706 2716 772 Jacob.
2756 731 2788 768 n
2834 708 2949 772 His
3005 708 3279 774 vinculis
3334 708 3625 773 diabolus
3686 726 3911 773 manus

2371 820 2773 896 peccatorum
2818 818 3012 895 tenet,
3061 833 3146 881 ne
3183 815 3264 881 ad
3304 815 3547 881 bonum
3585 833 3776 898 opus,
3818 815 3913 881 vel

2373 938 2681 1004 pauperes
2707 922 3159 1001 extendantur3
3191 926 3257 986 et
3281 921 3424 987 ideo
3452 922 3732 987 vinculis
3752 926 3913 988 exte-

2372 1026 2510 1091 rius
2534 1027 2910 1110 ligabuntur
2934 1029 2957 1065 ⁹
2990 1051 3006 1093 τ
3030 1053 3063 1092 ι
3090 1028 3331 1111 Ligatis
3345 1029 3649 1094 manibus
3662 1034 3726 1095 et
3744 1030 3913 1112 pedi·

2371 1134 2494 1198 bus
2512 1137 2567 1217 ej
2575 1154 2673 1214 us,
2692 1136 2920 1200 mittite
2936 1155 3087 1202 eum
3103 1138 3173 1201 in
3189 1138 3481 1202 tenebras
3495 1137 3864 1202 exteriores.
3877 1159 3906 1196 ι

2451 1240 2541 1306 De
2566 1242 2755 1307 tertio
2778 1243 2866 1306 ¹⁰:
2901 1265 2932 1304 α
2960 1242 3150 1309 Solve
3174 1243 3433 1308 vincula
3462 1242 3609 1309 colli
3638 1243 3758 1323 tui,
3788 1243 3914 1308 fflia

2374 1348 2559 1431 Sion,
2597 1370 2629 1408 ι
2672 1350 2737 1415 id
2776 1353 2895 1430 est,
2941 1350 3245 1434 quaelibet
3286 1350 3635 1415 christiana
3678 1350 3910 1430 anima,

2372 1473 2518 1539 quae
2542 1475 2658 1539 per
2692 1461 3022 1540 peccatum
3048 1476 3118 1522 es
3141 1457 3388 1540 captiva
3420 1457 3679 1523 diaboli.
3710 1456 3912 1534 Quod-

2368 1582 2651 1647 cumque
2703 1569 2920 1629 autem
2965 1569 3318 1647 peccatum,
3368 1565 3507 1630 sive
3550 1565 3911 1649 pejerando,

2371 1670 2509 1735 sive
2535 1670 2943 1748 detrahendm
2985 1677 3050 1736 et
3085 1672 3454 1756 hujusmodi
3498 1691 3612 1756 per
3652 1673 3912 1739 locutio·

2371 1795 2547 1858 nem,
2578 1795 2693 1862 per
2720 1778 2958 1844 collum
2986 1781 3235 1850 transit.
3268 1780 3475 1846 Homo
3508 1782 3785 1847 bestiam
3808 1800 3916 1866 per

2372 1883 2704 1950 vinculum
2721 1885 2865 1951 colli
2884 1885 3128 1951 domat:
3148 1887 3241 1951 sic
3252 1887 3542 1954 diabolus
3554 1888 3912 1967 hominem3

2370 1991 2482 2056 sed
2500 1990 2711 2057 soluto
2726 2011 2842 2076 per
2860 1992 2968 2058 Dei
2989 1994 3264 2075 gratiam
3292 1994 3438 2060 colli
3465 1995 3745 2077 vinculo,
3775 1997 3917 2060 libe-

2370 2102 2551 2163 ratur
2572 2118 2613 2163 a
2637 2100 2891 2166 diabolo
2917 2101 3177 2168 domino
3204 2119 3348 2169 suo.
3386 2102 3566 2170 Unde
3590 2105 3634 2141 ¹²
3668 2127 3732 2169 :u
3756 2104 3917 2169 Gon-

2373 2207 2574 2270 teram
2613 2209 2852 2289 jugum
2895 2211 3038 2291 ejus
3075 2209 3155 2274 de
3194 2209 3355 2276 collo
3396 2213 3535 2290 tuo,
3573 2214 3640 2276 et
3666 2210 3918 2276 vincula

2371 2313 2513 2394 ejus
2562 2314 2984 2399 disrumpam,
3030 2321 3097 2382 et
3139 2334 3269 2383 non
3311 2316 3819 2383 dominabuntur
3863 2318 3918 2383 ei

2370 2420 2646 2503 amplius
2682 2422 2898 2490 alieni.
2937 2443 2969 2484 n
3001 2423 3213 2519 Aliqui
3252 2425 3597 2505 daemones,
3629 2426 3785 2491 dum
3804 2428 3916 2509 jn-

2371 2534 2585 2594 menta
2597 2548 2734 2610 sua,
2753 2530 2817 2595 id
2836 2534 2954 2610 est,
2977 2536 3335 2614 peccatores
3355 2535 3650 2600 amittere
3665 2534 3913 2614 timent,

2370 2635 2543 2717 ipsos
2569 2637 2755 2702 vanis
2780 2638 3114 2705 timoribus
3135 2644 3199 2704 et
3222 2659 3337 2723 spe
3362 2641 3431 2706 in
3455 2640 3730 2707 vinculis
3755 2642 3918 2706 reti-

2369 2747 2546 2810 nent.
2576 2742 2926 2827 Gregorius
2953 2747 2999 2782 ¹¹
3030 2769 3046 2811 :
3084 2769 3117 2810 α
3157 2747 3392 2813 Multos
3429 2767 3601 2832 saepe
3636 2749 3916 2815 vidimus

2370 2851 2571 2917 vitam
2608 2854 2868 2937 quidem
2914 2860 3149 2923 sanctae
3202 2859 3699 2925 conversationis
3733 2877 3917 2944 appe-

2370 2963 2544 3039 tere;
2590 2960 2703 3026 sed
2742 2981 2826 3028 ne
2860 2963 3026 3028 hanc
3064 2965 3370 3049 consequi
3407 2965 3683 3047 valeant,
3728 2968 3915 3032 modo

2368 3066 2684 3134 irruentes
2719 3070 2789 3134 in
2831 3089 2899 3136 se
2944 3090 3152 3152 casus,
3189 3074 3381 3141 modo
3408 3075 3676 3140 adversa
3702 3075 3914 3141 futura

2366 3175 2732 3258 formidant,
2755 3179 2872 3261 qui
2895 3179 3136 3246 incerta
3163 3181 3332 3247 mala
3352 3182 3506 3247 dum
3537 3183 3723 3266 quasi
3742 3184 3913 3248 cauti

2367 3284 2709 3366 aspiciunt,
2762 3284 2830 3350 in
2878 3293 3280 3371 peccatorum
3328 3307 3599 3355 suorum
3640 3290 3915 3358 vinculis

2366 3391 2606 3456 incauti
2640 3392 3020 3459 retinentur.
3066 3418 3099 3457 a
3149 3395 3294 3476 Sed,
3324 3396 3489 3462 heul
3522 3414 3655 3462 non
3685 3398 3915 3463 sufficit

2367 3499 2640 3580 diabolo,
2669 3501 2843 3583 quod
2883 3501 3118 3568 collum
3147 3505 3513 3587 peccatoris,
3545 3523 3664 3570 seu
3693 3523 3915 3588 pecca-

2367 3608 2539 3672 tricis
2552 3608 2787 3674 animae
2809 3610 3065 3677 vinculo
3078 3612 3317 3695 peccati
3329 3612 3913 3696 constringat,quin

2367 3715 2560 3781 etiam
2587 3717 2822 3782 collum
2847 3720 2990 3801 eJus
3020 3718 3408 3800 gravissimo
3450 3720 3909 3801 obstinationis,

2369 3823 2473 3889 vel
2524 3824 2801 3889 scandali
2842 3825 3051 3909 lapide
3097 3825 3430 3909 deprimat.
3465 3827 3510 3870 ¹⁸
3561 3849 3595 3888 α
3644 3826 3750 3893 Vae
3794 3828 3907 3906 illi,

2366 3949 2481 4014 per
2505 3949 2701 4014 quem
2727 3932 3096 4000 scandalum
3121 3935 3405 3998 venerit!
3438 3934 3657 3999 utilius
3686 3934 3778 3999 illi
3800 3953 3906 3999 es-

2367 4042 2485 4118 set,
2515 4038 2571 4103 si
2596 4037 2759 4122 lapis
2780 4039 3038 4105 molaris
3069 4039 3437 4123 imponatur
3472 4040 3640 4106 circa
3672 4042 3910 4107 collum

2364 4148 2423 4228 ej
2434 4164 2531 4225 us,
2562 4167 2593 4207 n
2628 4151 2746 4212 etc.

2446 4251 2535 4317 De
2562 4259 2792 4334 quarto
2816 4253 3047 4318 dicitur
3073 4254 3179 4318 hic
3204 4273 3222 4318 ε
3256 4253 3543 4321 Solutum
3566 4258 3659 4322 est
3682 4258 3909 4324 vincu-

2364 4358 2498 4425 lum
2525 4359 2764 4444 linqmc
2793 4360 2955 4444 ejus,
2986 4365 3103 4426 etc.
3132 4360 3398 4438 Quando
3424 4363 3597 4426 enim
3623 4364 3910 4430 diabolus

2363 4467 2622 4534 vinculo
2649 4474 3005 4551 peccatores
3040 4469 3467 4534 vinculaverit
3496 4470 3762 4554 pedibus
3798 4491 3910 4556 per

2364 4574 2609 4641 malum
2656 4593 3063 4655 consensum,
3128 4578 3432 4643 manibus
3487 4596 3602 4661 per
3663 4581 3907 4646 malum

2360 4686 2598 4763 actum,
2630 4681 2791 4747 collo
2817 4701 2934 4766 per
2954 4683 3197 4749 malum
3222 4685 3521 4762 verbum,
3541 4691 3697 4750 tunc
3712 4688 3904 4753 etiam

2358 4789 2659 4873 linguam
2684 4791 2849 4874 ligat
2871 4810 2984 4874 per
3003 4792 3430 4874 periculosum
3449 4792 3799 4876 silentium,
3822 4813 3904 4861 ne

2361 4900 2557 4963 miser
2600 4899 2795 4963 homo
2834 4916 2950 4981 per
2987 4899 3449 4966 confessionem
3488 4902 3747 4968 vincula
3782 4922 3903 4969 sua

2356 5009 2638 5090 rumpat.
2668 5005 2748 5070 Et
2772 5006 3076 5082 breviter,
3107 5006 3316 5070 omnis
3342 5007 3678 5076 difficultas
3698 5012 3896 5076 confl-

2356 5113 2553 5193 tendi,
2600 5113 2847 5193 orandi,
2882 5112 3206 5193 laudandi,
3251 5117 3315 5179 et
3358 5113 3543 5180 utilia
3576 5116 3896 5200 loquendi,

2358 5243 2499 5293 ιω,
2532 5232 2613 5282 13.
2646 5255 2710 5268 -
2755 5230 2800 5265 ¹⁰
2828 5230 2948 5283 Ιεα..
2990 5240 3097 5293 ιιι,
3125 5231 3173 5281 2.
3202 5253 3264 5268 —
3301 5231 3335 5266 ¹¹
3362 5230 3564 5291 lev-em„
3598 5241 3733 5296 xxx,
3757 5234 3805 5282 8.
3834 5257 3899 5272 -

2357 5303 2397 5338 ¹²
2423 5303 2580 5367 Greg.
2610 5327 2672 5339 -—
2697 5301 2740 5338 ¹⁸
2765 5299 2970 5362 Manli„
3002 5310 3162 5364 xvnn,
3188 5302 3237 5353 7.

2418 5383 2486 5446 (a)
2528 5381 2656 5434 Goet.
2698 5380 2821 5435 edit.
2858 5381 3006 5434 timet
3033 5381 3195 5446 pedes
3231 5379 3522 5440 affectuum.
3559 5383 3699 5438 runc
3738 5381 3897 5434 vincit

2358 5466 2496 5504 eum.
