4059 6317
1032 452 1410 523 DOMINICA
1449 453 1530 523 VI
1572 455 1770 525 POST
1811 456 2386 532 PENTECOSTEN.
2430 464 2695 532 SERMO
2737 463 2789 531 1.

311 591 396 657 ad
421 588 802 656 memoriam
828 589 1100 656 miseriae
1121 594 1359 657 nostrae
1378 597 1782 674 revocantur,
1813 603 1845 655 ἰ

310 698 490 782 quia,
516 703 594 763 ut
618 698 919 763 sen-ibitur
941 699 986 779 ¹,
1026 720 1057 759 ι
1082 699 1537 766 misericordiae
1577 700 1854 782 Domini,

309 806 625 979 ffinnon
651 822 876 872 sumus
897 806 1281 890 consumpti.
1313 828 1344 867 ι
1377 807 1467 874 De
1504 809 1632 874 hoc
1657 809 1855 874 habes

413 1144 792 1223 DOMINICA
833 1144 915 1221 VI
957 1145 1147 1221 POST
1188 1146 1747 1230 PENTEGOSTEN.

703 1317 997 1390 SERMO
1040 1319 1367 1390 PRIMUS
1399 1327 1446 1389 ⁸.

394 1456 551 1521 cum
575 1454 762 1522 turba
787 1455 990 1522 multa
1013 1461 1172 1523 esset
1198 1471 1342 1521 cum
1369 1456 1515 1522 Jesu
1533 1503 1554 1534 ,
1590 1470 1706 1522 nec
1733 1454 1850 1520 ha·

305 1565 525 1631 cerm
544 1562 714 1646 quod
737 1562 1225 1640 manducarent,
1250 1564 1613 1629 convocatis
1641 1562 1849 1628 disci·

298 1672 482 1755 pulis
507 1673 672 1749 suis,
699 1672 800 1738 ait
822 1670 960 1738 illis
984 1690 1007 1735 .-
1022 1672 1326 1737 Misereor
1351 1685 1544 1754 super
1570 1668 1846 1748 turbam,

302 1781 469 1863 quia
493 1779 787 1860 eccejam
813 1778 1032 1846 triduo
1058 1781 1384 1846 staetinm
1421 1793 1519 1844 me
1556 1777 1601 1840 ⁸.
1633 1777 1849 1841 Domi·

302 1905 433 1952 nus
455 1890 695 1966 noster,
725 1888 911 1969 cnjus
940 1886 1186 1951 viscera
1229 1885 1419 1968 plena
1462 1886 1614 1948 sunt
1655 1883 1851 1947 mise·

303 1997 603 2063 ricordiae
627 2001 694 2062 et
717 1996 987 2080 pietatis,
1013 1995 1237 2061 videns
1260 1994 1573 2060 hodierna
1598 1992 1699 2057 die
1717 1997 1852 2056 tur-

308 2104 457 2168 bam
487 2121 622 2186 prae
654 2106 795 2185 ejus
828 2120 1048 2167 amore
1089 2102 1546 2183 longanimiter
1575 2099 1706 2182 pati
1736 2117 1853 2182 pe-

303 2212 592 2290 nuriam,
621 2211 925 2292 dignatus
961 2212 1058 2274 est
1101 2227 1244 2273 eam
1286 2207 1489 2289 gratis
1532 2211 1663 2271 tam
1707 2206 1849 2271 cibo

304 2318 648 2401 corporali,
676 2335 874 2401 quam
902 2316 1215 2401 spirituali
1251 2315 1502 2379 satiare.
1532 2312 1656 2379 Sed
1698 2313 1851 2397 quia

305 2426 474 2492 nulli
499 2424 942 2491 condescendit
967 2424 1188 2490 divina
1222 2421 1655 2487 misericordia
1677 2469 1698 2501 ,
1724 2420 1849 2485 nisi

304 2534 491 2618 prius
512 2551 631 2617 pro
656 2534 800 2616 ejus
824 2550 1044 2597 amore
1057 2532 1334 2613 patiatur
1355 2528 1847 2594 amaritudinem

305 2642 596 2726 penuriae
623 2644 688 2705 et
711 2639 1124 2723 poenitentiae,
1154 2643 1219 2703 et
1244 2640 1314 2703 in
1338 2657 1416 2703 ea
1439 2637 1672 2702 habeat
1703 2637 1847 2702 lon-

303 2749 750 2832 ganimitatem
777 2746 1270 2831 perseverantiae
1285 2794 1307 2826 ,
1353 2745 1495 2810 ideo
1537 2744 1608 2807 in
1645 2744 1846 2809 verbo

301 2857 631 2943 proposito
654 2857 866 2940 primo
892 2859 1154 2920 notatur
1179 2848 1521 2918 necessitas
1548 2852 1842 2934 indigen-

296 2967 412 3033 tiae
435 2965 862 3050 provocantis»,
895 2964 1172 3030 secundo
1197 2961 1569 3045 benignitas
1604 2961 1844 3044 patien-

300 3075 412 3140 tiae
436 3072 904 3151 subvenientis,
931 3072 1122 3137 tertio
1145 3070 1598 3153 longanimitas
1625 3086 1837 3153 perse-

296 3182 608 3247 verantiae
620 3181 1043 3264 impetrantis
1065 3179 1244 3245 Unde
1256 3179 1620 3260 benignum
1639 3177 1842 3243 Deum

295 3289 587 3354 humana
609 3287 966 3370 indigentia
990 3288 1293 3370 provocat
1327 3285 1406 3350 ad
1447 3285 1837 3368 compatien-

293 3397 480 3476 dum,
507 3394 978 3479 perseverantia
1005 3394 1083 3458 ad
1104 3392 1618 3457 subveniendum
1643 3391 1841 3475 impe-

291 3506 446 3581 trat,
476 3506 542 3567 et
563 3501 785 3568 divina
826 3500 1273 3582 compatientia
1311 3499 1626 3565 defectum
1670 3499 1835 3564 rele-

293 3615 429 3678 vat.
461 3611 679 3676 Primo
706 3626 864 3690 ergo
886 3610 1226 3673 necessitas
1259 3607 1636 3689 indigentiae
1683 3625 1835 3690 pro-

290 3720 581 3785 vocantis
626 3720 884 3782 notatur
904 3764 922 3796 ,
973 3732 1122 3780 cum
1170 3714 1323 3780 dicit
1369 3732 1387 3778 t
1441 3713 1597 3780 Cum
1647 3715 1838 3783 turba

289 3826 504 3893 multa
548 3828 706 3891 esset
747 3837 895 3888 cum
934 3822 1086 3888 Iesu
1100 3870 1118 3902 ,
1163 3837 1279 3888 nec
1322 3820 1620 3890 haberent
1662 3822 1837 3905 quod

287 3932 779 4001 manducarent.
826 3929 1116 3995 Secundo
1169 3931 1427 3994 notatur
1470 3929 1834 4012 benignitas

287 4039 760 4124 compatientiae
786 4037 1243 4116 subvenientis,
1270 4055 1417 4101 cum
1447 4036 1601 4102 dicit
1632 4060 1648 4102 ι
1681 4038 1834 4105 Con-

287 4149 537 4218 vocatis
564 4145 913 4227 discipulis
942 4146 1085 4211 suz's
1103 4192 1127 4223 ,
1170 4146 1272 4212 ait
1311 4143 1449 4211 illis
1483 4145 1831 4212 :Misereor

287 4271 487 4340 super
512 4253 784 4321 nubam.
815 4250 1030 4316 Tertio
1072 4254 1331 4315 notatur
1373 4251 1831 4334 longanimitas

283 4360 776 4448 perseverantiae
788 4358 1207 4441 impetrantis,
1228 4376 1376 4423 cum
1395 4359 1786 4425 subinfertur
1805 4379 1824 4426 ε

288 4474 460 4548 ontio
480 4486 614 4537 ecce
627 4469 771 4553 :iam
796 4467 1014 4536 mduo
1039 4468 1365 4535 &astinem
1385 4484 1505 4534 me.

371 4579 589 4645 Primo
614 4581 872 4643 notatur
911 4576 980 4639 in
1008 4575 1207 4641 verbo
1250 4576 1572 4659 proposito
1616 4577 1827 4643 turbae

285 4688 576 4753 maxima
610 4683 985 4766 indigentia,
1016 4700 1166 4747 cum
1200 4682 1350 4748 dicit
1387 4705 1403 4748 ε
1442 4683 1602 4751 Cum
1638 4686 1829 4754 turba

284 4795 493 4862 multa
537 4795 699 4860 esset
747 4806 894 4857 cum
932 4790 1121 4869 Jesu,
1167 4805 1279 4857 nec
1320 4790 1624 4860 haberent
1657 4793 1829 4875 quod

279 4902 772 4972 manducarent.
820 4897 1103 4964 Habebat
1149 4916 1432 4983 namque
1472 4900 1597 4966 ista
1640 4903 1828 4969 turba

277 5010 413 5077 indi
421 5008 709 5093 gentiam
754 5005 1072 5089 triplicem
1115 5006 1620 5074 manducationis
1642 5058 1663 5090 ,
1711 5028 1825 5075 ra-

279 5119 461 5183 tione
485 5117 678 5198 cujus
701 5114 984 5180 exterior
1006 5116 1074 5178 et
1097 5112 1364 5178 interior
1387 5115 1586 5181 homo
1611 5118 1826 5201 oppri-

281 5225 584 5292 mebatur
612 5244 629 5287 :
660 5239 815 5288 nam
849 5220 1058 5304 primo
1098 5219 1430 5303 indigebat
1473 5224 1820 5291 manduca-

347 5388 368 5421 *
391 5384 592 5448 Taren„
617 5393 700 5446 ιιι,
723 5384 883 5433 22.-
909 5383 933 5416 ⁸
952 5379 1201 5433 videlicet
1225 5383 1374 5435 Dom.
1399 5384 1488 5447 vi,
1511 5388 1629 5450 post
1653 5388 1824 5454 Pent,

284 5470 445 5511 serm.
475 5467 559 5508 ιιι.
581 5481 643 5495 -
681 5454 704 5490 ⁸
733 5455 882 5506 Hunc
906 5465 1014 5506 non
1038 5451 1195 5506 habet
1220 5453 1343 5508 edit.
1376 5454 1534 5508 Paris.
1564 5470 1649 5508 an.
1682 5462 1824 5517 152¹.

3381 469 3501 536 359

1962 597 2134 664 tione
2160 600 2500 684 corporalis
2524 599 3019 683 sustentationis,
3040 601 3287 667 defectu
3313 604 3501 687 cujus

1963 705 2238 772 habebat
2287 708 2673 773 debilitatem
2726 708 3162 791 impotentiae3
3220 710 3500 776 secundo

1961 812 2294 896 indigebat
2328 815 2812 880 manducatione
2851 814 3147 880 salutaris
3195 817 3499 882 eruditio-

1962 921 2088 1001 nis,
2121 921 2368 987 defectu
2394 923 2579 1005 cujus
2608 920 2882 986 habebat
2917 923 3264 988 caecitatem
3303 924 3496 1005 igno-

1962 1028 2217 1107 rantiae;
2249 1029 2434 1094 tertio
2476 1028 2810 1110 indigebat
2857 1029 3344 1095 manducatione
3390 1045 3499 1095 sa-

1963 1133 2363 1197 cramentalis
2389 1134 2765 1214 refectionis,
2795 1134 3041 1200 defectu
3067 1137 3255 1218 cujus
3297 1137 3493 1202 habe·

1961 1240 2073 1305 hat
2093 1242 2481 1324 tepiditatem
2507 1243 2815 1324 ignaviae.

2043 1347 2264 1415 Primo
2290 1350 2614 1434 indigebat
2636 1352 2758 1417 ista
2791 1352 2981 1416 turba
3010 1353 3496 1421 manducatione

1960 1456 2304 1539 corporalis
2328 1458 2803 1523 sustentationis
2823 1506 2842 1538 ,
2873 1460 3056 1541 cujus
3081 1459 3325 1525 defectu
3373 1462 3493 1526 ha-

1959 1562 2150 1626 bebat
2196 1563 2585 1628 debilitatem
2646 1564 3030 1647 impotentiae
3043 1553 3083 1643 ;⁸
3123 1566 3297 1631 unde
3339 1566 3498 1632 dici-

1959 1672 2067 1733 tur
2088 1670 2146 1732 ⁸:
2190 1692 2220 1730 α
2249 1669 2501 1734 Utinam
2528 1670 2769 1735 mortui
2796 1688 3078 1736 essemus
3093 1690 3209 1754 per
3227 1690 3495 1740 manum

1959 1776 2210 1842 Domini
2254 1777 2325 1840 in
2362 1781 2534 1841 terra
2576 1776 2876 1861 AEgypti,
2925 1795 3075 1843 cum
3119 1779 3497 1846 sedebamus

1958 1903 2151 1968 super
2172 1885 2327 1950 ollas
2339 1885 2657 1963 carnium,
2680 1889 2741 1950 et
2756 1886 3244 1952 comedebamus
3266 1906 3497 1969 panem

1956 1991 2024 2056 in
2052 1992 2414 2057 saturitate!
2448 1991 2574 2057 Cur
2599 1992 2907 2058 induxisti
2933 2011 3051 2058 nos
3073 1994 3144 2058 in
3170 1995 3496 2060 desertum

1955 2101 2131 2167 istud
2150 2150 2173 2182 ,
2225 2105 2300 2166 ut
2346 2103 2663 2168 occideres
2709 2120 2969 2168 omnem
3017 2091 3497 2169 multitudinem

1956 2209 2160 2274 fame?
2193 2231 2224 2269 n
2255 2209 2415 2286 Quia
2438 2209 2675 2289 nullus,
2708 2213 3020 2291 quantum
3048 2213 3145 2274 est
3190 2211 3268 2275 de
3312 2212 3496 2277 solito

1956 2334 2151 2382 cursu
2183 2320 2450 2398 naturae,
2481 2320 2688 2400 potest
2712 2318 2824 2383 diu
2850 2319 2920 2381 in
2945 2318 3068 2382 hac
3090 2317 3226 2383 vita
3251 2318 3493 2383 subsis-

1954 2427 2091 2488 tere
2109 2472 2132 2504 ,
2160 2424 2285 2488 nisi
2331 2428 2726 2489 sustentetur
2765 2424 2908 2488 cibo
2952 2424 3265 2508 corporali
3283 2473 3305 2504 ,
3353 2425 3496 2490 ideo

1953 2532 2070 2596 filii
2098 2532 2289 2597 Israel
2315 2549 2447 2596 non
2472 2531 2867 2596 attendentes
2894 2530 3004 2596 Dei
3029 2534 3404 2614 potestatem
3432 2537 3494 2598 et

1953 2639 2416 2721 benignitatem
2434 2685 2457 2718 ,
2506 2639 2614 2704 sed
2664 2640 2876 2722 potius
2915 2643 3139 2705 eorum
3178 2639 3495 2721 fragilita-

1955 2750 2083 2811 tem
2101 2795 2117 2828 ,
2150 2746 2468 2812 alimoniis
2507 2751 2795 2811 carentes
2816 2794 2837 2826 ,
2887 2745 2966 2810 de
3006 2745 3141 2811 vita
3181 2745 3493 2830 corporali

1954 2854 2371 2937 desperabant
2399 2871 2417 2918 ε
2447 2872 2724 2936 quorum
2751 2857 2900 2919 vota
2925 2853 3283 2918 misericors
3325 2853 3492 2919 Deus

1951 2962 2300 3027 exaudiens
2320 3011 2338 3040 ,
2368 2960 2515 3025 licet
2551 2978 2682 3024 non
2729 2963 2940 3024 essent
2976 2959 3194 3040 digni,
3246 2960 3493 3024 ratione

1950 3086 2177 3134 eorum
2202 3068 2594 3147 diffidentiae,
2625 3066 2799 3131 misit
2824 3067 2918 3130 eis
2945 3062 3181 3130 cibaria
3202 3066 3272 3130 in
3290 3066 3491 3132 abun·

1950 3180 2186 3261 dantia,
2215 3180 2452 3262 quibus
2488 3197 2714 3243 eorum
2750 3195 3018 3261 corpora
3061 3181 3491 3243 sustentaren-

1948 3296 2078 3357 tur.
2110 3287 2347 3353 Eodem
2376 3285 2921 3368 modobenignus
2946 3284 3112 3350 Deus
3153 3285 3342 3351 hodie
3384 3304 3485 3351 sa·

1946 3394 2134 3460 tiavit
2158 3395 2417 3459 turbam
2442 3393 2619 3457 illam
2661 3392 2935 3457 debilem
2979 3396 3042 3457 et
3085 3392 3441 3458 famelicam
3458 3440 3482 3474 ,

1946 3521 2030 3567 ne
2070 3502 2141 3566 in
2190 3502 2295 3566 via
2344 3501 2703 3565 deficerent.
2753 3499 2932 3565 Unde
2974 3500 3205 3565 dicitur
3249 3500 3318 3564 in
3364 3501 3488 3566 ho-

1944 3610 2166 3675 dierno
2193 3607 2542 3691 Evangelio
2573 3626 2592 3673 τ
2623 3606 3183 3676 Manducaverunt
3209 3612 3269 3676 et
3311 3613 3484 3676 satu-

1944 3721 2317 3890 ναξθῗιΐιὲο
2326 3821 2659 3903 indigebat
2670 3820 2780 3884 illa
2790 3820 2984 3885 turba
2995 3821 3482 3889 manducatione

1942 3931 2236 3998 salutaris
2258 3928 2629 3995 eruditionis
2648 3975 2667 4006 ‚
2697 3930 2884 4011 cujus
2921 3928 3166 3993 defectu
3210 3929 3482 3996 babebat

1942 4042 2288 4107 caecitatem
2316 4037 2724 4121 ignorantias.
2753 4035 2832 4101 Et
2855 4036 2933 4101 de
2959 4036 3082 4101 hoc
3106 4036 3256 4102 dicit
3274 4037 3481 4103 Chris-

1940 4160 2049 4215 tus
2074 4147 2399 4230 discipulis
2428 4145 2562 4209 suis
2588 4144 2612 4179 ⁸
2644 4166 2659 4209 ε
2701 4165 2732 4204 α
2767 4142 2895 4209 Vos
2936 4143 3080 4208 date
3127 4144 3253 4208 illis
3293 4163 3479 4209 man·

1940 4257 2194 4321 ducare.
2224 4277 2256 4314 n
2291 4253 2389 4319 Ad
2416 4253 2702 4317 doctores
2726 4250 2861 4315 sive
2891 4251 3330 4334 praedicatores
3371 4252 3477 4316 di-

1939 4363 2022 4428 cit
2051 4361 2360 4441 Christus,
2408 4363 2483 4425 ut
2506 4359 2878 4440 ignorantes
2903 4362 2966 4422 et
3008 4357 3359 4423 esurientes
3383 4360 3475 4424 ci-

1936 4470 2099 4536 bum
2125 4468 2443 4534 ooelaetem
2467 4464 2757 4530 reficiant
2783 4482 2949 4547 pane
2991 4464 3140 4530 vitae
3183 4469 3246 4529 et
3289 4466 3475 4531 intel·

1935 4579 2161 4657 lectus,
2192 4578 2258 4641 et
2282 4576 2502 4659 potent
2526 4589 2696 4655 aqua
2736 4571 2815 4655 (a)
2865 4572 3194 4655 sapientiae
3234 4574 3472 4640 saluta-

1935 4686 2051 4766 ris,
2080 4681 2446 4750 deducendo
2471 4696 2695 4744 eorum
2734 4678 3084 4761 appetitum
3132 4680 3213 4744 ad
3257 4682 3472 4747 suavi-

1934 4797 2132 4860 tatem
2176 4790 2301 4856 cibi
2344 4787 2692 4872 spiritualis
2732 4809 2748 4850 :
2794 4787 2945 4869 quia
2987 4790 3344 4870 peccatores
3362 4839 3380 4871 ,
3412 4793 3477 4855 ct

1933 4900 2229 4967 homines
2280 4896 2494 4963 idiotae
2544 4895 2832 4960 conversi
2888 4895 2960 4960 in
3001 4898 3298 4979 praesenti
3340 4899 3477 4967 vita

1936 5009 2262 5087 deficiunt,
2288 5005 2343 5070 si
2369 5005 2441 5069 in
2466 5021 2583 5068 sua
2598 5003 2978 5069 conscientia
3004 5006 3142 5070 sine
3169 5005 3472 5075 doctrinae

1933 5116 2169 5201 pabulo
2199 5113 2624 5180 dimittantur.
2676 5108 2855 5175 Unde
2898 5110 2922 5147 '¹
2977 5133 3010 5173 α
3051 5129 3184 5177 non
3225 5113 3295 5177 in
3337 5114 3474 5182 solo

1936 5314 1997 5327 ..
2023 5289 2046 5323 ι
2072 5287 2254 5350 Marc„
2296 5294 2421 5345 vm,
2464 5282 2514 5330 2.
2540 5305 2602 5318 —
2642 5279 2664 5314 ⁸
2702 5278 2877 5339 Exod„
2920 5291 3045 5346 xv1‚
3071 5283 3120 5334 3.
3148 5309 3213 5321 -
3246 5284 3266 5315 ⁸
3292 5285 3472 5358 Marc„

1937 5373 2006 5423 γι,
2039 5360 2121 5411 3Ἱ.
2148 5382 2211 5394 -
2239 5356 2257 5387 ⁷
2290 5351 2492 5414 Maian,
2519 5361 2592 5414 lv,
2620 5350 2668 5401 4.

2001 5460 2072 5531 (a)
2099 5457 2223 5513 Gaet.
2250 5451 2376 5506 edit.
2406 5461 2610 5521 aquam.
