4059 6317
805 452 887 514 08
1902 441 2314 511 SERMONES
2354 441 2456 508 DE
2495 440 2888 508 TEMPORE.

804 581 943 646 sisti
969 582 1038 645 in
1055 580 1270 664 aliquo
1293 583 1535 664 septem
1560 581 1835 647 dierum.
1870 580 2129 662 Septem
2153 578 2330 644 enim

802 688 1027 754 diebus
1048 707 1241 756 omne
1267 692 1522 773 tempus
1545 689 1849 755 volvitur.
1892 687 2186 754 Iordanis
2214 704 2335 750 au·

801 798 929 860 tem
955 795 1275 877 significat
1293 796 1686 879 baptismum
1701 843 1723 875 ,
1749 796 1905 880 quia
1934 796 2005 860 in
2029 813 2106 860 eo
2132 794 2333 876 bapti-

800 905 978 966 zatus
1003 904 1100 966 est
1143 901 1447 967 Dominus
1489 922 1602 986 per
1648 903 2086 985 poenitentiam
2114 923 2129 965 :
2162 900 2332 984 quod

797 1008 1250 1092 interpretatur
1284 1011 1469 1077 rivus
1485 1010 1741 1091 judicii
1766 1011 1810 1073 ¹.
1841 1009 1910 1075 Si
1938 1010 2110 1075 enim
2136 1008 2331 1073 homo

795 1116 1104 1198 judicium
1121 1117 1412 1183 divinum
1435 1117 1730 1183 futurum
1751 1117 2121 1196 attenderet,
2151 1116 2331 1181 rivus

796 1224 1187 1290 contritionis
1209 1231 1272 1290 et
1286 1225 1716 1310 lacrymarum
1754 1228 1825 1291 in
1846 1244 1924 1291 eo
1955 1225 2324 1308 proflueret.

793 1332 819 1369 ²
854 1354 885 1392 (1
906 1330 1167 1398 levabit
1199 1351 1467 1400 manum
1505 1352 1687 1399 suam
1732 1352 1924 1418 super
1957 1333 2230 1398 fluvium
2258 1330 2330 1394 in

794 1439 1163 1505 fortitudine
1187 1442 1447 1524 spiritus
1473 1443 1605 1521 sui,
1640 1446 1705 1506 et
1731 1440 2038 1523 percutiet
2078 1458 2229 1504 eum
2257 1438 2326 1502 in

792 1549 1037 1629 septem
1050 1548 1226 1612 rivis.
1244 1570 1274 1609 u
1295 1548 1566 1614 Flumen
1587 1548 1977 1614 contritionis
1996 1548 2064 1611 in
2083 1551 2325 1629 septem

791 1653 966 1719 rivos
978 1656 1409 1738 lacrymarum
1426 1657 1752 1736 dividitur,
1773 1658 1928 1722 dum
1946 1675 2064 1738 pro
2083 1663 2322 1738 septem

790 1761 963 1828 vitiis
988 1761 1291 1847 lacrymae
1315 1764 1673 1831 funduntur
1702 1787 1719 1828 ε
1750 1770 1814 1830 et
1835 1766 1927 1829 sic
1959 1768 2200 1847 septem
2226 1763 2322 1827 ri·-

789 1870 927 1950 vis,
957 1876 1023 1936 et
1046 1877 1287 1956 septem
1331 1875 1706 1955 lotionibus,
1748 1878 1814 1939 et
1853 1875 2123 1956 septimo
2170 1873 2270 1937 die
2297 1921 2314 1951 ‚

787 1977 852 2042 id
877 1979 1068 2043 estin
1096 1982 1357 2047 sabbato
1373 2031 1391 2062 ‚
1435 1985 1609 2047 totus
1634 1983 1829 2047 homo
1855 1985 2138 2046 sanatur.
2178 1979 2319 2044 Non

787 2090 883 2151 est
910 2092 1129 2152 autem
1151 2092 1326 2154 totus
1347 2091 1540 2155 homo
1566 2094 1862 2169 sanaturi,
1892 2089 1947 2152 si
1973 2088 2184 2153 adhuc
2208 2088 2321 2152 ha-

785 2193 895 2257 het
910 2197 1125 2260 oculos
1140 2196 1421 2278 leprosos
1447 2214 1564 2278 per
1582 2195 2152 2278 concupiscentiam
2178 2213 2321 2260 ocu-

783 2299 1033 2380 lorum;
1063 2303 1168 2367 vel
1192 2304 1526 2384 linguam,
1573 2323 1689 2387 per
1737 2305 2064 2369 mendacia
2103 2307 2167 2368 et
2207 2304 2315 2367 de-

781 2409 1150 2488 tractionem
1176 2415 1240 2474 et
1257 2428 1511 2490 manus,
1543 2429 1657 2495 per
1684 2411 1852 2475 mala
1868 2430 2085 2493 opera.
2108 2410 2316 2475 Simul

780 2514 952 2579 enim
995 2519 1178 2581 sanat
1218 2515 1526 2582 Dominus
1572 2517 1809 2582 omnia.
1861 2516 2195 2582 Psalmista
2230 2524 2254 2558 ⁸
2292 2540 2308 2581 z

787 2642 820 2682 ι
845 2619 967 2698 Qui
1010 2626 1192 2687 sanat
1218 2641 1441 2688 omnes
1486 2625 1885 2690 infirmitates
1923 2630 2090 2690 tuas.
2123 2647 2153 2685 11
2185 2626 2315 2691 Au-

779 2727 1080 2809 gustinus
1105 2731 1128 2766 ⁸
1157 2753 1174 2795 ε
1216 2730 1589 2814 «Numquid
1617 2733 1924 2798 Dominus
1952 2734 2190 2817 aliquid
2215 2753 2311 2799 sa-

776 2836 993 2917 navit,
1025 2839 1198 2921 qued
1226 2839 1307 2921 (α)
1336 2839 1599 2903 0111111110
1640 2858 1769 2904 11011
1806 2840 2146 2905 liberavit?
2188 2841 2310 2907 To-

775 2948 916 3009 tum
939 2947 1114 3011 enim
1134 2946 1458 3011 hominem
1483 2948 1729 3011 sanavit
1749 2948 1819 3012 in
1841 2949 2104 3013 sabbato
2120 2998 2136 3029 ‚
2162 2949 2314 3032 quia

776 3069 1005 3134 corpus
1030 3054 1112 3117 ab
1151 3054 1520 3119 infirmitate
1539 3102 1561 3133 ,
1603 3059 1666 3119 et
1694 3055 1977 3119 animam
2023 3057 2104 3120 ab
2133 3058 2310 3122 omni

775 3159 1152 3241 contagione
1180 3179 1197 3224 :
1240 3160 1527 3225 indicans
1565 3162 1976 3243 poenitentem
2020 3170 2310 3245 oportere

774 3264 966 3330 simul
989 3266 1202 3332 dolere
1227 3268 1309 3332 ab
1341 3267 1415 3350 (b)
1444 3269 1620 3332 omni
1647 3269 1935 3333 crimine.
1977 3292 2008 3329 a

851 3371 939 3437 De
981 3375 1299 3440 secundo⁸
1331 3396 1347 3438 :
1388 3397 1420 3436 α
1446 3375 1701 3457 Frange
1726 3376 2030 3439 esurienti
2076 3397 2309 3461 panem

771 3483 955 3544 tuum
972 3530 990 3559 ‚
1012 3485 1074 3545 et
1096 3500 1360 3564 egenos,
1375 3501 1706 3564 vagosque
1734 3482 1927 3547 induc
1949 3484 2022 3547 in
2040 3483 2305 3550 domum

771 3589 971 3650 tuam.
1005 3587 1167 3652 Cum
1203 3589 1436 3653 videris
1465 3589 1709 3653 nudum
1737 3638 1754 3668 ‚
1801 3589 1978 3670 operi
2018 3608 2202 3669 eum3
2246 3599 2308 3657 et

771 3711 1026 3757 carnem
1054 3698 1256 3767 tuam,
1287 3713 1370 3759 ue
1399 3694 1786 3777 despexeris.
1823 3694 1999 3761 Tunc
2015 3704 2308 3781 erumpet

770 3802 952 3883 quaei
979 3822 1168 3869 mane
1193 3804 1412 3869 lumen
1449 3808 1676 3881 tuum,
1706 3807 1770 3867 et
1796 3803 2028 3868 sanitas
2072 3809 2185 3869 tua
2212 3808 2304 3870 ci-

769 3908 900 3972 tius
924 3909 1188 3976 orietur.
1206 3931 1239 3970 1>
1266 3910 1423 3978 Eece
1463 3928 1576 3992 per
1618 3928 1811 3993 opera
1856 3911 2303 3979 misericordiae

768 4013 954 4082 eitius
973 4015 1295 4082 obtinetur
1327 4018 1561 4082 sanitas
1595 4017 1854 4082 animae.
1884 4016 2046 4083 Vere
2071 4020 2296 4101 citius;

768 4120 1140 4188 Ambrosius
1165 4120 1231 4186 ⁸:
1273 4145 1304 4184 α
1328 4124 1535 4189 Nescit
1562 4123 1741 4188 tarda
1778 4124 2113 4190 molimina
2153 4127 2299 4210 Spi-

769 4227 929 4298 ritus
954 4229 1154 4294 sancfi
1183 4230 1412 4310 grafia.
1428 4251 1459 4289 n
1485 4228 1744 4312 Hystica
1773 4235 1989 4295 autem
2017 4235 2302 4300 esuriens

769 4336 834 4397 et
857 4351 1127 4415 egenuS‚
1157 4340 1222 4400 et
1245 4355 1456 4417 vagus
1481 4340 1546 4401 et
1571 4336 1783 4401 nudus
1803 4383 1820 4416 ‚
1854 4341 1951 4401 est
1980 4338 2295 4406 Christum

769 4441 1071 4508 Esuriens
1090 4442 1312 4525 utique
1339 4448 1463 4523 est,
1495 4443 1608 4526 qui
1636 4444 1725 4506 ait
1747 4443 1770 4480 ⁷
1805 4464 1820 4505 :
1861 4465 1893 4504 11
1914 4442 2205 4528 Esurivi‚
2236 4455 2298 4514 et

768 4546 993 4616 dedisti
1013 4549 1085 4631 (c)
1109 4549 1270 4614 mihi
1289 4551 1696 4616 manducare.
1716 4570 1745 4608 n
1773 4547 1931 4614 Item
1947 4555 2141 4633 egeni
2167 4556 2300 4621 fue-

767 4658 922 4720 runt
944 4654 1247 4737 apostoli,
1276 4659 1341 4721 et
1375 4662 1629 4724 sanctus
1653 4655 1702 4720 F
1702 4655 2057 4737 ranciscus,
2098 4665 2163 4726 et
2188 4664 2297 4727 alii

768 4761 967 4826 sancti
997 4766 1020 4801 ⁸
1052 4782 1068 4825 :
1099 4786 1131 4824 α
1155 4761 1462 4844 Egentes,
1494 4762 1832 4843 angustiati
1855 4810 1873 4840 ,
1901 4785 1932 4824 n
1962 4769 2111 4847 etc„
2139 4787 2298 4852 quos

767 4868 835 4932 in
862 4866 1128 4934 domum
1167 4870 1399 4940 mentis
1425 4874 1657 4934 nostrae
1696 4868 2058 4937 inducimus
2080 4923 2101 4954 ‚
2138 4878 2294 4943 dum

822 4993 842 5027 ¹
870 4991 950 5042 Ab
975 4991 1123 5044 hebr.
1152 4991 1283 5056 ἸΨ,
1309 4993 1390 5046 ior
1409 5031 1428 5057 ,
1472 4994 1635 5059 flium,
1667 4999 1723 5046 et
1751 4998 1862 5070 ζὴ,
1895 4998 2002 5061 11111,
2026 5000 2293 5064 judicium.

762 5088 822 5100 —-
850 5062 869 5093 ²
897 5064 1014 5120 Iso..
1052 5076 1134 5127 xi,
1177 5069 1252 5116 15.
1284 5091 1345 5103 -
1373 5065 1394 5098 ³
1427 5064 1564 5115 Psal.
1603 5078 1704 5130 cn,
1741 5072 1789 5119 3.
1821 5098 1884 5108 —
1918 5073 1935 5101 ⁴
1975 5074 2084 5122 imo
2116 5077 2296 5128 auctor

763 5132 877 5183 libri
902 5135 963 5183 de
997 5149 1098 5186 ver.
1133 5138 1182 5184 et
1207 5136 1330 5199 fals.
1364 5136 1557 5197 Poenit„
1601 5150 1648 5186 c.
1687 5149 1767 5202 lx,
1814 5155 1869 5192 n.
1908 5144 1985 5192 24.
2019 5172 2074 5180 —
2118 5145 2140 5180 ⁸
2173 5146 2292 5209 Isa.,

763 5214 922 5268 Lvm,
955 5207 1058 5257 7-8.
1087 5232 1152 5243 -—
1187 5208 1207 5237 ⁶
1244 5206 1499 5270 Ambros„
1536 5209 1590 5257 in
1625 5209 1758 5272 Luc„
1795 5211 1886 5264 lib.
1924 5215 1996 5277 ΙΙ,
2034 5229 2085 5264 11.
2121 5219 2197 5268 19.
2230 5244 2292 5255 -·

761 5275 783 5309 '¹
808 5277 1013 5339 Barth„
1052 5289 1173 5342 xxv,
1207 5281 1289 5329 35.
1319 5303 1376 5316 -
1418 5278 1441 5314 ⁸
1477 5279 1642 5340 Hebr„
1685 5293 1770 5347 111,
1820 5286 1899 5335 37.
1938 5311 2002 5323 --
2035 5287 2055 5316 ⁹
2088 5288 2288 5350 matth„

763 5355 876 5407 vm,
908 5349 988 5396 20.
1011 5374 1074 5384 —
1104 5351 1142 5384 ⁸⁰
1164 5350 1368 5413 Mami„
1398 5361 1528 5414 xxti,
1559 5354 1632 5401 12.
1663 5380 1717 5387 -
1749 5354 1786 5388 ¹¹
1819 5354 2021 5418 Malae,
2053 5368 2122 5418 ιν,
2152 5361 2203 5405 2.
2229 5383 2289 5394 ——

761 5416 805 5451 ¹¹
831 5416 941 5478 1ωο
966 5425 1144 5474 mutor
1165 5421 1283 5472 libri
1301 5421 1364 5474 ά
1383 5423 1523 5486 δρᾶν.
1545 5428 1593 5472 et
1617 5425 1808 5486 Am,
1837 5440 1885 5477 e.
1912 5439 2055 5478 v1.·-
2079 5427 2123 5464 ¹⁸
2142 5428 2284 5493 Sap..

2443 593 2668 642 eorum
2685 577 2887 642 vitam
2912 577 3081 642 intra
3106 593 3223 642 nos
3247 579 3704 650 consideramus
3724 589 3777 651 et
3795 587 3911 652 imi·

2442 685 2675 746 tamur.
2708 681 2911 764 Super
2937 700 3160 748 omnes
3187 688 3402 752 autem
3424 687 3764 769 judicamus
3785 711 3910 775 ege-

2442 809 2601 854 num
2629 793 2693 854 et
2718 808 2961 871 vagum
2987 839 3005 870 ‚
3053 790 3235 855 illum
3274 793 3388 874 qui
3431 798 3808 879 conqueritur
3836 806 3857 841 ¹
3895 824 3911 866 τ

2450 920 2481 957 α
2504 896 2737 980 Vulpes
2782 899 2996 964 foveas
3051 899 3321 978 habent,
3375 905 3439 965 et
3493 903 3762 970 volucres
3800 908 3915 973 coeli

2439 1006 2648 1084 nidos;
2696 1006 2895 1071 Filius
2923 1009 3141 1071 autem
3184 1006 3464 1074 hominis
3489 1028 3616 1074 non
3641 1011 3809 1077 habet
3826 1013 3919 1078 ubi

2439 1117 2629 1198 caput
2655 1131 2850 1178 suum
2869 1112 3148 1178 reclinet.
3169 1135 3200 1173 n
3234 1114 3393 1178 Item
3425 1116 3633 1181 nudus
3656 1119 3763 1183 fuit
3780 1119 3921 1186 Chri·

2438 1224 2574 1286 stus
2599 1223 2667 1285 in
2693 1240 2879 1286 cruce
2896 1270 2915 1301 ‚
2958 1223 3075 1303 qui
3108 1226 3282 1288 veste
3314 1224 3638 1290 charitatis
3676 1228 3924 1309 operien-

2436 1328 2556 1393 dus
2583 1333 2697 1393 est.
2729 1327 2853 1394 Sed
2880 1331 3197 1411 quomodo
3223 1350 3374 1396 eum
3400 1331 3482 1414 (d)
3508 1336 3677 1397 veste
3694 1334 3922 1415 operies,

2440 1436 2495 1501 si
2517 1442 2758 1501 vestem
2780 1456 2909 1501 non
2938 1439 3176 1503 habes?
3195 1438 3282 1500 ¹⁰«
3300 1439 3440 1506 Non
3465 1441 3704 1507 habens
3724 1445 3927 1508 vestem

2435 1542 2807 1625 nuptialem.
2836 1566 2867 1603 n
2924 1543 2992 1608 Si
3037 1545 3159 1610 hoc
3204 1546 3426 1612 feceris
3448 1597 3467 1627 ‚
3514 1554 3793 1633 erumpet
3832 1551 3929 1614 tibi

2432 1648 2653 1715 lumen
2696 1651 2923 1732 gratia}
2943 1700 2965 1731 ,
3009 1656 3072 1716 et
3115 1653 3407 1719 celeriter
3449 1657 3689 1721 orietur
3728 1658 3929 1722 sanitas

2433 1757 2686 1821 animae.
2721 1757 2854 1823 Hoc
2880 1760 3101 1843 utique
3126 1760 3360 1826 dicitur
3381 1764 3424 1798 ¹¹
3457 1780 3475 1825 2
3510 1785 3542 1824 11
3574 1763 3811 1828 Orietur
3831 1782 3932 1830 vo-

2429 1869 2529 1934 bis
2554 1870 2927 1935 timentibus
2972 1889 3205 1935 nomen
3235 1891 3454 1937 meum
3478 1921 3499 1952 ,
3541 1874 3637 1938 sol
3656 1874 3929 1955 justitiae,

2429 1981 2493 2041 et
2535 1978 2768 2042 sanitas
2810 1978 2879 2041 in
2909 1978 3135 2060 pennis
3186 1981 3349 2060 eJus.
3373 2001 3405 2039 1>
3446 1979 3521 2044 ln
3569 1980 3700 2045 sole
3742 1981 3937 2046 lumen

2429 2084 2737 2164 veritatis,
2771 2087 2841 2148 in
2870 2086 3093 2167 pennis
3130 2085 3415 2150 celeritas
3466 2087 3755 2152 sanitatis
3775 2086 3933 2150 inve-

2426 2191 2624 2255 nitur.
2656 2190 2819 2269 Quid
2852 2194 3133 2271 mirum,
3177 2193 3233 2257 si
3280 2199 3463 2259 sanat
3509 2197 3813 2275 celeriter,
3842 2195 3939 2277 qui

2425 2304 2606 2361 sanat
2624 2304 2757 2363 tam
2784 2298 3089 2364 libenter?
3115 2302 3521 2381 Augustinus
3546 2305 3627 2367 ¹²:
3659 2301 3940 2367 «Tardius

2424 2405 2680 2469 videtur
2704 2405 2765 2470 ei
2794 2406 3052 2471 veniam
3078 2406 3229 2471 dare
3249 2455 3269 2487 ‚
3299 2427 3498 2491 quam
3524 2410 3833 2493 peccatori
3856 2426 3942 2472 ao-

2423 2511 2653 2594 cipere.
2707 2512 2810 2577 Sic
2849 2514 3021 2578 enim
3048 2515 3303 2580 festinat
3352 2535 3394 2580 a
3433 2522 3757 2583 tormento
3803 2534 3939 2582 con·

2423 2623 2701 2706 scientiae
2722 2641 2941 2688 rerum
2969 2624 3294 2690 absolvere
3313 2674 3330 2705 ,
3361 2627 3548 2708 quasi
3576 2627 3787 2710 ipsum
3811 2625 3943 2708 plus

2422 2730 2663 2799 cruciet
2688 2732 3038 2813 compassio
3066 2732 3282 2797 miseri
3297 2781 3318 2811 ‚
3361 2751 3561 2816 quam
3592 2735 3807 2818 ipsum
3830 2732 3946 2797 mi·-

2421 2854 2638 2902 serum
2665 2840 3016 2920 compassio
3042 2840 3163 2904 sui.
3201 2862 3231 2901 n

2502 2941 2587 3008 De
2616 2945 2799 3009 tertio
2830 2946 3059 3012 dicitur
3090 2947 3197 3011 hic
3229 2970 3243 3012 ε
3282 2948 3559 3016 Tantum
3586 2950 3701 3017 dic
3737 2948 3909 3017 verbo
3928 2996 3944 3027 ‚

2419 3054 2479 3115 et
2517 3051 2877 3118 sanabitur.
2919 3051 3059 3118 Non
3092 3059 3343 3137 oportet
3365 3059 3466 3136 te,
3518 3057 3830 3136 Domine,
3877 3055 3950 3120 ad

2418 3155 2693 3223 Montem
2709 3157 3129 3226 Pessulanum
3147 3163 3397 3228 mittere
3415 3183 3534 3249 pro
3556 3166 3893 3231 medicina.
3912 3166 3953 3204 ¹³

2421 3284 2451 3322 ι
2470 3261 2688 3347 Neque
2712 3266 2936 3347 herba,
2957 3287 3166 3351 neque
3191 3270 3521 3354 malagma
3546 3272 3806 3338 sanavit
3821 3289 3949 3350 eos3

2416 3371 2527 3436 sed
2569 3376 2760 3453 tuus,
2810 3374 3109 3455 Domine,
3159 3395 3370 3444 sermo
3394 3425 3416 3455 ,
3459 3380 3579 3462 qui
3613 3384 3801 3446 sanat
3824 3395 3957 3442 om·-

2415 3478 2546 3543 nia.
2575 3501 2607 3540 n
2640 3480 2720 3545 Et
2750 3481 2890 3546 ideo
2933 3483 3042 3549 dic
3087 3485 3303 3564 verbo,
3329 3490 3451 3549 etc.
3499 3486 3955 3552 Psalmista¹⁸2

2424 3608 2455 3645 α
2482 3585 2651 3650 Misit
2679 3590 2951 3653 verbum
2987 3607 3216 3670 suum,
3248 3612 3279 3651 n
3309 3597 3427 3656 etc.
3468 3592 3775 3659 Verbum
3808 3607 3958 3672 ergo

2413 3692 2525 3757 Dei
2553 3695 2863 3759 medicina
2884 3701 2981 3760 est
3005 3698 3262 3777 animae‚
3289 3717 3488 3781 quam
3509 3701 3706 3765 stulti
3722 3699 3962 3765 infirmi

2412 3799 2793 3881 abhorrent,
2832 3802 3174 3868 hominum
3203 3805 3597 3872 sustinentes
3627 3808 3923 3891 linguam
3940 3854 3957 3885 ‚

2411 3907 2524 3988 qui
2550 3908 2764 3990 potius
2790 3927 2942 3974 cum
2969 3909 3206 3976 Lazaro
3234 3911 3278 3947 ¹⁸
3296 3911 3610 3979 deberent
3648 3917 3966 3980 sustinere

2409 4013 2705 4095 linguam
2750 4034 2981 4080 canum
3002 4065 3020 4094 ,
3067 4017 3134 4082 id
3180 4023 3276 4082 est
3297 4065 3315 4094 ‚
3365 4018 3741 4086 doctorum.
3793 4021 3967 4088 Psal-

2409 4120 2598 4186 mista
2642 4124 2685 4161 ⁸⁸
2728 4142 2747 4188 ε
2795 4147 2827 4183 a
2856 4123 3110 4206 Lingua
3159 4144 3393 4191 canum
3418 4131 3740 4211 tuorum,
3784 4151 3819 4190 »
3851 4134 3963 4195 etc.

2410 4226 2556 4293 Ideo
2586 4230 2801 4295 sanari
2833 4249 2961 4296 non
2989 4236 3193 4315 potest
3219 4232 3262 4269 ¹⁷
3290 4251 3311 4296 ε
3348 4257 3380 4295 α
3406 4232 3582 4313 Vim,
3616 4237 3745 4322 qui
3768 4237 3968 4304 corri-

2408 4337 2689 4419 pientem
2716 4339 2879 4404 dura
2911 4341 3161 4405 cervice
3182 4344 3555 4424 contemnit,
3584 4346 3973 4440 repentinus

2409 4446 2466 4510 ei
2496 4447 2902 4527 superveniet
2926 4448 3254 4528 interitus,
3283 4454 3347 4514 et
3372 4467 3524 4515 eum
3554 4454 3818 4519 sanitas
3844 4470 3975 4518 non

2408 4561 2731 4636 sequetur.
2765 4553 2946 4620 Sicut
2972 4556 3136 4621 Deus
3162 4557 3426 4623 faciliter
3450 4565 3646 4624 sanat
3689 4580 3814 4644 per
3849 4561 3975 4626 lin-

2406 4679 2608 4741 guam
2634 4680 2895 4742 canum,
2923 4664 2988 4727 id
3015 4669 3112 4728 est
3138 4665 3507 4745 doctorum3
3535 4668 3637 4733 ita
3666 4668 3973 4735 diabolus

2407 4768 2701 4834 vulnerat
2752 4788 2866 4852 per
2914 4770 3213 4852 linguam
3262 4773 3718 4855 serpentinam
3752 4824 3773 4856 ‚
3836 4776 3979 4839 sive

2406 4894 2876 4958 perversorum.
2903 4876 3234 4944 Psalmista
3259 4879 3307 4916 ¹⁸
3337 4901 3353 4941 ε
3391 4902 3424 4940 α
3453 4880 3823 4949 Acuerunt
3850 4884 3977 4948 1111-

2409 5002 2591 5063 guas,
2615 5005 2645 5044 s
2681 4987 2799 5048 etc.
2832 4985 2877 5023 ¹⁹
2907 5004 2939 5044 α
2964 4983 3047 5048 Ut
3073 4985 3308 5067 sagitta
3332 4986 3559 5068 lingua
3586 5006 3875 5057 eorum.
3902 5011 3935 5052 t

2403 5137 2526 5187 xvi,
2564 5130 2640 5178 12.
2667 5151 2729 5168 «-
2768 5129 2814 5164 ¹⁸
2852 5128 2990 5179 Psat.
3030 5139 3144 5192 cvi,
3176 5132 3255 5180 20.
3290 5153 3354 5167 —-
3386 5131 3431 5167 ¹⁸
3460 5130 3603 5192 Luc..
3644 5146 3781 5200 xvr,
3811 5139 3895 5186 21.

2407 5199 2446 5231 ⁸⁰
2477 5197 2615 5248 Psal.
2660 5209 2831 5262 van,
2876 5202 2955 5252 24.
2994 5226 3057 5237 —
3094 5201 3129 5234 ¹⁷
3167 5201 3340 5264 Pron„
3380 5212 3533 5266 xxix,
3576 5210 3631 5255 ¹.
3666 5231 3731 5243 —-
3771 5207 3810 5239 ²⁸
3842 5206 3984 5260 Pul.

2401 5280 2612 5332 cxxxix,
2641 5271 2688 5319 4.
2719 5295 2780 5308 -
2812 5270 2847 5301 ⁸⁹
2873 5271 3079 5330 Jerem..
3105 5283 3180 5338 1¹,
3209 5274 3257 5322 8.

2463 5360 2536 5421 (a)
2564 5358 2647 5409 Al.
2680 5360 2971 5424 Numquam
3004 5361 3288 5425 aliquem...
3318 5376 3488 5427 quem.
3522 5389 3587 5404 -ν-
3638 5366 3719 5432 (ὁ)
3756 5368 3855 5421 ΔΙ.
3897 5369 3983 5421 de.

2401 5456 2456 5468 -
2489 5431 2549 5494 (c)
2584 5431 2723 5495 γῆς.
2749 5431 2983 5483 dedistis.
3009 5460 3073 5472 —
3101 5434 3183 5497 td)
3208 5435 3336 5486 Coet.
3362 5434 3485 5484 edit.
3508 5448 3667 5490 eum.
