4059 6317
943 472 1319 543 DOMINIGA
1360 472 1442 540 ΙΝ
1483 471 2114 542 SEPTUAGESIMA.
2159 469 2421 544 SERMO
2465 478 2541 544 11.
2614 553 2623 570 Ι

176 635 386 685 maces
408 612 708 681 deliciosa
735 611 824 677 ad
873 609 1216 676 fruendum
1239 656 1256 687 ,
1295 612 1552 693 propter
1594 610 1690 674 af-

177 724 471 790 fluentiam
493 719 873 787 dulcedinis.
898 716 1186 782 Secundo
1205 715 1445 780 vocatis
1459 716 1538 780 ad
1559 733 1692 781 rec-

175 832 481 897 titudinem
514 826 820 911 justitiae,
870 842 1021 889 cum
1060 823 1341 906 operatio
1382 822 1573 888 fuerit
1618 823 1687 889 in

175 935 668 1020 multiplicatione
698 931 1011 998 ferventis
1046 929 1312 1014 justitiae
1325 978 1347 1009 ‚
1389 929 1689 996 reddetur

172 1062 384 1109 merces
401 1042 658 1124 copiosa
674 1042 755 1105 ad
768 1039 1105 1106 ditandum
1124 1043 1185 1101 et
1205 1037 1679 1117 honorandum,

169 1155 400 1237 propter
442 1148 885 1215 excellentiam
942 1145 1427 1227 magnitudinis.
1474 1145 1686 1212 Tertio

170 1259 380 1324 vocatis
405 1256 488 1321 ad
514 1254 965 1338 perfectionem
990 1252 1141 1319 vitae
1157 1301 1179 1332 ‚
1219 1271 1368 1317 cum
1404 1254 1687 1336 operatio

167 1363 431 1430 fueritin
470 1361 989 1445 promulgatione
1031 1360 1193 1442 legis
1218 1360 1454 1425 divinae
1470 1408 1491 1440 ,
1535 1361 1683 1426 red-

168 1473 584 1537 deturmerces
600 1469 884 1553 speciosa
902 1468 983 1533 ad
999 1469 1401 1550 intuendum,
1423 1471 1687 1552 propter

167 1580 598 1662 refulgentiam
616 1576 1134 1661 pulchritudinis.
1160 1576 1238 1640 Et
1260 1577 1351 1641 sic
1372 1576 1499 1641 ista
1524 1595 1687 1642 mer-

166 1706 257 1752 ces
278 1693 369 1753 est
394 1686 702 1770 perfecta,
730 1688 799 1749 et
823 1683 1004 1749 nulla
1035 1683 1159 1748 alia
1178 1731 1195 1762 ,
1235 1702 1312 1749 eo
1337 1683 1511 1768 quod
1537 1702 1687 1767 per-

166 1795 305 1859 fecte
329 1793 615 1860 dulcorat
651 1794 924 1874 gustum
945 1839 965 1870 ,
995 1790 1268 1873 perfecte
1293 1790 1449 1856 ditat
1474 1795 1538 1855 et
1563 1791 1686 1855 ho·-

165 1908 334 1966 norat
354 1900 686 1984 proprium
713 1900 1075 1983 subjectum
1092 1944 1112 1976 ‚
1155 1903 1220 1964 et
1259 1899 1528 1983 perfecte
1568 1899 1684 1965 de-

169 2008 337 2074 lectat
357 2009 596 2074 visum.

235 2115 446 2180 Primo
483 2115 593 2179 illa
634 2131 881 2179 merces
918 2113 1037 2178 erit
1083 2112 1377 2178 deliciosa
1416 2112 1497 2178 ad
1541 2131 1684 2197 per-

169 2220 484 2286 fruendum
538 2224 799 2304 propter
848 2219 1240 2286 affluentiam
1284 2219 1637 2286 dulcedinis
1659 2243 1678 2301 ;

169 2328 317 2394 unde
335 2328 567 2392 dicitnr
591 2329 659 2392 in
689 2328 948 2393 Psalmo
974 2328 993 2363 ¹
1023 2349 1039 2393 ε
1080 2350 1110 2388 α
1135 2328 1293 2393 Cum
1321 2327 1563 2393 dederit
1592 2328 1684 2393 di-

168 2435 322 2500 lectis
346 2436 480 2501 suis
504 2453 805 2500 somnum
824 2482 847 2514 ‚
876 2453 1017 2499 ecce
1040 2434 1375 2500 haereditas
1402 2436 1676 2516 Domini,

171 2543 270 2606 filii
295 2561 532 2607 merces
554 2590 571 2621 ,
628 2542 881 2607 fructus
906 2542 1166 2607 ventris.
1196 2565 1228 2603 1)
1256 2541 1540 2607 Christus
1588 2547 1683 2607 est

172 2648 387 2713 tructus
414 2647 579 2713 uteri
599 2648 973 2729 virginalis,
1003 2650 1185 2713 datus
1208 2648 1278 2712 in
1307 2654 1682 2732 perpetuam

176 2754 579 2820 haereditatem
604 2759 665 2819 et
681 2755 1041 2820 mercedem
1060 2755 1421 2820 deliciosam
1439 2757 1683 2823 dilectis

178 2860 298 2925 filiis
322 2861 424 2927 Dei
448 2866 593 2946 post
616 2862 811 2926 istam
842 2862 1059 2928 vitam.
1082 2863 1208 2929 Ista
1225 2883 1468 2930 merces
1497 2868 1682 2931 satiat

177 2971 486 3052 appetitum
518 2971 759 3036 animae
776 3019 793 3049 ,
826 2971 980 3053 quia
1014 2971 1236 3037 intime
1261 2975 1324 3037 et
1349 2990 1465 3055 per
1503 2973 1680 3037 exis-

180 3079 402 3143 ienuam
418 3079 500 3162 (a)
521 3081 581 3145 ei
593 3080 914 3157 illabitur3
931 3079 1194 3144 delectat
1213 3081 1409 3146 etiam
1431 3083 1680 3148 ratione

181 3187 596 3251 convenientiae
622 3234 644 3265 ‚
692 3186 852 3268 quia
906 3185 1231 3252 delectatio
1293 3192 1389 3252 est
1439 3207 1678 3254 conve-

181 3294 375 3358 nientis
399 3312 550 3359 cum
575 3293 982 3359 convenienti
1008 3295 1369 3378 conjunctio
1385 3342 1408 3374 ,
1445 3301 1510 3361 et
1533 3296 1681 3360 ani-

182 3418 268 3465 ma
288 3402 436 3467 nulli
467 3402 703 3467 melius
733 3402 1033 3466 convenit
1070 3420 1263 3485 quam
1292 3403 1422 3483 illi,
1453 3405 1533 3470 ad
1562 3424 1681 3470 cu-

178 3508 266 3587 1113
285 3508 628 3591 imaginem
658 3511 722 3573 et
748 3507 1230 3574 similitudinem
1254 3510 1525 3576 formata
1557 3515 1673 3577 est.

245 3616 507 3685 Secundo
533 3619 658 3683 ista
684 3636 928 3683 merces
953 3619 1072 3683 erit
1089 3620 1339 3703 copiosa
1367 3621 1446 3684 ad
1473 3622 1682 3687 ditan-

185 3721 307 3789 dum
354 3731 609 3810 propter
661 3726 1103 3791 excellentiam
1155 3728 1620 3809 magnitudinis
1651 3749 1669 3810 ;

185 3831 319 3897 unde
339 3834 567 3899 dicitur
592 3836 617 3871 ¹
648 3856 664 3900 ε
704 3858 737 3896 α
758 3833 1036 3898 Gaudete
1072 3836 1137 3899 et
1174 3836 1456 3900 exultate
1473 3885 1495 3915 ,
1524 3838 1677 3919 quia

185 3942 608 4003 memma-a
627 3936 883 4020 copiosa
900 3941 996 4001 est
1015 3938 1085 4001 in
1094 3937 1286 4002 coelis.
1302 3960 1334 3999 n
1368 3938 1672 4019 Gaudete,

188 4035 387 4123 inquit,
414 4044 686 4110 interius
713 4044 783 4109 in
809 4044 1027 4108 anima
1046 4092 1065 4123 ‚
1093 4049 1152 4111 et
1189 4044 1469 4113 exultate
1494 4051 1673 4110 exte-

187 4145 290 4210 n'us
311 4149 372 4212 in
402 4152 604 4216 verbo
635 4154 698 4215 et
735 4151 900 4215 facto
932 4172 948 4214 ε
979 4149 1200 4216 nullus
1236 4151 1318 4215 sit
1356 4151 1532 4217 locus
1571 4153 1672 4217 in-

192 4257 546 4332 gratitudinis
561 4258 668 4326 vel
692 4259 942 4324 timoris
957 4307 979 4338 ,
1010 4261 1168 4342 quia
1191 4275 1426 4326 merces
1457 4265 1675 4328 vestra

192 4363 398 4442 eopiosa
419 4367 612 4434 estin
639 4364 835 4432 coelis.
868 4364 1105 4432 Dicitur
1132 4365 1254 4430 ista
1280 4384 1522 4432 merces
1561 4383 1672 4436 co-

192 4467 366 4550 viosa,
418 4475 567 4556 quia
610 4471 816 4556 replet
861 4476 1056 4536 totam
1107 4472 1389 4537 animam
1427 4474 1671 4540 ratione

193 4579 711 4662 suaesuffleientiae,
741 4584 805 4645 et
819 4580 981 4664 *quia
1008 4579 1254 4644 excedit
1278 4598 1463 4645 suam
1492 4599 1674 4665 capa-

192 4675 396 4747 citatem
415 4688 661 4752 ratione
683 4687 1014 4754 infinitatis
1036 4689 1101 4751 et
1131 4686 1537 4753 abundantiae
1557 4737 1576 4767 ‚
1609 4694 1674 4754 et

193 4782 393 4870 meptio
416 4793 613 4876 ipsius
639 4793 954 4859 mercedis
997 4797 1264 4860 evacuat
1290 4813 1552 4859 omnem
1580 4797 1673 4861 ti-

195 4904 412 4961 morem.
457 4898 602 4966 ldeo
645 4901 881 4966 dicitur
922 4901 1199 4966 Abrahae
1223 4901 1293 4965 ⁸:
1332 4924 1364 4963 α
1404 4900 1548 4967 Noli
1587 4902 1670 4968 ti-

199 5011 368 5081 mere,
389 5004 705 5073 Abraham
722 5056 744 5087 ,
792 5007 947 5091 quia
971 5025 1094 5090 ego
1119 5025 1361 5073 merces
1387 5011 1502 5074 tua
1527 5027 1665 5074 ma-

195 5119 300 5183 gna
315 5111 506 5179 nimiS.
536 5139 568 5176 ι

243 5300 255 5335 ¹
279 5302 395 5359 Paul.
420 5322 588 5379 cxxvi,
609 5318 732 5366 3.—
760 5315 781 5345 ²
802 5312 1002 5378 udum,
1026 5326 1072 5380 v,
1107 5316 1255 5366 ιι-
1280 5314 1300 5346 ⁸
1327 5315 1470 5380 Gen„
1501 5327 1587 5380 xv,
1621 5323 1667 5371 1.

197 5373 289 5450 -ᾖ
313 5377 436 5444 Sap„
469 5395 520 5446 v,
552 5391 598 5436 1.
634 5412 696 5425 -
731 5388 752 5419 ⁸
780 5386 927 5438 Hunc
963 5391 1015 5438 et
1055 5387 1184 5438 duos
1211 5391 1484 5453 sequentes
1514 5388 1672 5441 habet

198 5438 293 5495 “¹¹2-
325 5448 468 5510 Puri·-
505 5467 589 5510 nn.
624 5459 767 5511 1522.
802 5483 854 5495 -
896 5459 919 5494 ⁸
947 5457 1147 5523 natta„
1173 5468 1277 5526 xx,
1316 5457 1363 5509 ·1.
1399 5484 1462 5497 -
1499 5459 1518 5492 ’
1547 5459 1670 5524 Iso„

3215 483 3333 544 417

1880 610 2096 678 Tertio
2121 612 2240 678 ista
2266 631 2511 680 merces
2536 613 2819 698 speciosa
2843 617 2939 680 est
2966 613 3047 679 ad
3072 614 3327 679 intuen·
3448 694 3457 698 ,

1799 718 1956 784 dum
1978 766 1995 797 ,
2021 724 2276 808 propter
2308 706 2764 804 refulgentiam
2792 719 3284 805 pulchritudinis
3306 740 3327 803 ;

1798 825 1969 891 unde
1995 826 2228 892 dicitur
2255 833 2279 869 ⁴
2307 851 2323 893 t
2365 851 2396 891 «ι
2417 829 2582 896 susti
2607 834 2821 894 autem
2850 829 2919 893 in
2947 832 3329 913 perpetuum

1798 930 2052 1012 vivent,
2101 938 2166 998 et
2203 936 2374 1018 apud
2418 935 2759 1001 Dominum
2802 939 2898 1000 est
2942 933 3184 1001 merces
3221 951 3330 1000 eo-

1798 1057 1946 1103 rum
1963 1089 1981 1119 ,
2010 1043 2075 1105 et
2098 1042 2400 1122 cogitatio
2426 1060 2651 1108 eorum
2679 1043 2848 1127 apud
2891 1041 3325 1121 Altissimum3

1795 1146 1938 1212 ideo
1960 1148 2268 1232 accipient
2281 1169 2564 1233 regnum
2591 1150 2832 1215 decoris
2853 1154 2920 1214 et
2932 1149 3225 1215 diadema
3252 1150 3332 1216 de

1797 1271 1996 1319 manu
2023 1255 2293 1322 Domini.
2323 1279 2354 1318 υ
2384 1257 2702 1342 Sapientia
2728 1258 2902 1323 enim
2931 1262 3171 1322 aeterna
3190 1260 3329 1342 jus·

1795 1365 1877 1426 tis
1906 1361 1980 1444 (b)
2017 1364 2086 1427 111
2129 1369 2508 1448 perpetuum
2552 1365 2977 1448 regnantibus
3022 1368 3333 1448 proponet

1794 1468 1935 1534 illas
1972 1471 2250 1536 rationes
2288 1476 2560 1538 aeternas
2602 1473 2894 1537 omnium
2929 1471 3012 1536 ad
3054 1478 3329 1537 contem·

1795 1577 2100 1660 piandum
2127 1578 2197 1642 in
2223 1597 2427 1661 regno
2454 1597 2572 1644 suo
2612 1582 2920 1661 tanquam
2956 1578 3026 1642 in
3069 1577 3330 1661 speculo

1794 1684 2351 1768 pulchriformiter.
2376 1686 2448 1750 In
2469 1686 2591 1751 bac
2613 1686 3157 1770 contemplatione,
3192 1686 3330 1751 sive

1798 1792 2058 1873 visione,
2071 1798 2166 1858 est
2193 1797 2325 1858 tota
2356 1812 2618 1874 merceS,
2640 1812 2787 1878 quae
2812 1797 2989 1858 tanto
3015 1793 3326 1860 desiderio

1793 1898 1894 1963 sui
1920 1901 2086 1983 rapit
2111 1900 2357 1965 animas
2383 1900 2582 1966 bonas
2596 1949 2617 1980 ,
2661 1903 2739 1966 ut
2770 1901 3078 1984 coqitatio
3114 1916 3331 1968 eorum

1792 2024 2043 2091 semper
2089 2008 2172 2072 sit
2219 2008 2398 2091 apud
2450 2008 2882 2089 Altissimum,
2945 2010 3100 2091 quia
3136 2009 3328 2074 etiam

1791 2113 1862 2178 in
1887 2116 2190 2179 continua
2217 2115 2406 2180 laude
2442 2113 2511 2198 (c)
2551 2117 2700 2179 sunt
2735 2118 2799 2179 et
2842 2114 3324 2197 glorificatione,

1791 2221 2164 2287 resolvendo
2191 2221 2281 2305 (d)
2310 2222 2379 2286 in
2405 2222 2686 2305 primum
2713 2221 3100 2305 principium
3139 2240 3324 2305 quae-

1790 2349 2067 2414 cumque
2092 2331 2258 2395 bona
2282 2330 2544 2394 habent.
2564 2328 2741 2394 Unde
2767 2345 2960 2393 omne
2982 2327 3143 2394 illud
3156 2329 3327 2413 quod

1787 2437 2092 2503 continue
2141 2438 2492 2522 accipiunt,
2538 2437 2610 2501 in
2651 2455 2803 2501 eum
2846 2437 3176 2502 resolvunt
3219 2439 3322 2522 (e),

1789 2545 1900 2627 qui
1926 2544 2102 2609 solus
2127 2547 2329 2629 potest
2367 2544 2725 2626 glorificare
2745 2592 2764 2623 ,
2794 2543 2945 2627 quia
2970 2547 3147 2609 tanto
3180 2545 3327 2610 ani-

1789 2669 1897 2715 ma
1932 2652 2091 2734 justi
2135 2651 2411 2716 mercedi
2451 2654 2546 2716 est
2590 2650 3030 2734 propinquior,
3082 2655 3322 2734 quanto
3364 2705 3369 2714 .

1786 2756 1897 2821 illa
1922 2777 2071 2842 quae
2098 2760 2361 2843 accipit,
2390 2775 2509 2823 suo
2534 2756 2843 2841 princip10
2872 2757 3126 2840 tribuit,
3156 2761 3275 2823 etc.

2317 2935 2604 3006 SERMO
2650 2936 2705 3006 11
2744 2938 2789 3005 ⁸.

1868 3081 1962 3146 Ite
1989 3083 2051 3147 et
2074 3095 2186 3147 vos
2210 3081 2287 3147 in
2310 3082 2568 3146 vineam
2605 3094 2810 3146 meam
2833 3080 2880 3144 ⁸.
2913 3078 3276 3145 charissimi
3298 3127 3319 3158 ,

1786 3187 2151 3253 laboremus
2176 3187 2246 3252 in
2264 3188 2474 3266 vinea,
2503 3191 2566 3252 et
2591 3204 2957 3251 mereamur
2984 3186 3321 3251 denarium

1786 3296 2037 3377 gloriae.
2065 3295 2474 3378 Quadruplex
2500 3297 2718 3358 autem
2750 3296 2847 3359 est
2878 3293 3068 3358 vinea
3091 3292 3162 3357 in
3193 3312 3323 3377 qua

1785 3400 2205 3467 laborandum
2253 3405 2381 3481 est,
2428 3400 2717 3467 videlicet
2768 3399 3060 3466 Ecclesiae
3093 3448 3114 3479 ‚
3165 3418 3317 3466 con·

1786 3509 2098 3588 scientiae,
2131 3507 2488 3592 sapientiae,
2518 3505 2929 3591 poenitentiae.

1866 3615 1951 3683 De
1977 3616 2186 3700 prima
2210 3617 2292 3697 (s)
2307 3616 2364 3680 ¹¹:
2387 3638 2418 3677 α
2433 3613 2635 3681 Vinea
2660 3614 2833 3679 enim
2860 3613 3112 3679 Domini
3140 3632 3317 3680 exer·

1783 3724 2030 3791 cituum
2056 3723 2283 3789 domus
2311 3722 2503 3787 Israel
2527 3726 2641 3787 est.
2658 3743 2691 3781 n
2717 3720 2796 3785 Et
2819 3721 3052 3786 dicitur
3073 3727 3122 3799 ⁸,
3146 3723 3320 3805 quod

1792 3854 1823 3893 α
1844 3831 1975 3896 Noe
2016 3829 2326 3913 plantavit
2369 3828 2625 3894 vineam
2645 3876 2668 3908 ‚
2687 3850 2719 3889 1»
2754 3828 2819 3893 id
2856 3832 2984 3908 est,
3032 3828 3320 3894 Christus

1781 3937 2144 4004 Ecclesiam.
2189 3935 2275 4001 De
2322 3938 2508 4019 cujus
2546 3936 2764 4015 vinea,
2810 3934 2879 4000 id
2918 3938 3012 4000 est
3050 3936 3319 4002 ferventi

1780 4063 1998 4112 amore
2017 4094 2035 4125 ,
2087 4043 2440 4108 inebriatus
2462 4090 2480 4123 ‚
2526 4041 2805 4107 nudatus
2851 4046 2947 4108 est
2990 4044 3057 4107 in
3104 4062 3313 4109 cruce.

1778 4154 1875 4220 Ad
1904 4154 2072 4218 hanc
2097 4151 2350 4217 vineam
2378 4151 2588 4214 sinon
2622 4149 2853 4215 venisti
2878 4150 3038 4215 hora
3061 4151 3273 4234 prima
3291 4199 3313 4232 ,

1784 4260 2002 4327 venias
2037 4259 2260 4324 saltem
2298 4257 2517 4323 tertia.·
2547 4255 2615 4323 Si
2651 4275 2782 4322 non
2821 4257 3056 4322 venisti
3091 4258 3313 4338 tertia,

1777 4368 2000 4436 venias
2043 4369 2258 4446 sexta;
2310 4364 2364 4429 si
2403 4382 2535 4430 non
2580 4366 2794 4444 sexta,
2841 4364 3061 4429 venias
3100 4384 3311 4446 nona3

1777 4475 2019 4555 venias,
2050 4474 2243 4538 miser
2264 4490 2483 4551 senex,
2509 4470 2866 4536 undecima.
2889 4470 3233 4555 Gregorius
3250 4473 3308 4536 ἐ

1788 4583 1924 4648 «Ad
1944 4585 2025 4664 (q)
2048 4581 2283 4646 bonam
2307 4580 2506 4645 vitam
2532 4577 2699 4643 alius
2724 4577 2793 4642 in
2816 4578 3123 4661 pueritia,
3153 4580 3317 4645 alius

1779 4693 1847 4756 in
1871 4687 2324 4767 adolescentia,
2353 4687 2519 4752 alius
2544 4686 2612 4749 in
2640 4687 2977 4768 juventute
3000 4735 3016 4768 ,
3048 4687 3213 4751 alius
3238 4688 3309 4753 in

1777 4799 2097 4863 senectute
2113 4843 2132 4873 ‚
2161 4794 2326 4859 alius
2352 4794 2423 4857 in
2450 4792 2767 4876 decrepita
2793 4796 2978 4858 aetate
3019 4793 3311 4876 perduci-

1777 4910 1907 4985 tur,
1923 4904 2076 4987 quia
2097 4902 2177 4986 (h)
2194 4901 2463 4969 diversis
2477 4900 2651 4964 horis
2670 4899 2941 4982 operarii
2959 4900 3039 4965 ad
3055 4900 3309 4966 vineam

1779 5087 1831 5139 v,
1852 5077 1901 5124 ¹1.
1922 5099 1982 5112 -—
2007 5073 2027 5105 ⁸
2054 5071 2196 5133 Gen„
2220 5072 2374 5134 1x,20.
2397 5095 2460 5108 —
2480 5069 2504 5105 θ
2525 5069 2698 5133 Greg„
2726 5069 2779 5118 in
2802 5069 3014 5133 Evanq„
3032 5068 3174 5120 hom.
3195 5080 3307 5135 xlx,

1778 5159 1833 5196 n.
1862 5148 1910 5196 2.
2128 5164 2136 5175 ·

1841 5243 1915 5309 (a)
1956 5242 2108 5293 Forte
2144 5237 2405 5303 legendum
2446 5237 2800 5290 substantiam.
2840 5264 2896 5276 -
2935 5236 3001 5300 (b)
3033 5238 3158 5289 Gal.
3185 5238 3306 5290 edit.

1774 5313 1984 5380 justitia.
2005 5337 2067 5351 —
2095 5305 2303 5375 (c)‘1tem
2318 5309 2633 5361 incontinuae
2650 5311 2840 5362 landes.
2859 5334 2923 5347 —
2936 5308 3012 5373 (d)
3034 5309 3186 5360 Forte
3204 5309 3306 5375 leq.

1776 5384 2155 5439 revolvendi.—
2174 5383 2238 5449 (e)
2255 5383 2378 5433 Item
2390 5384 2741 5434 revolvunt-
2755 5382 2828 5447 (s)
2845 5382 2967 5434 Coet.
2981 5380 3102 5431 edit.
3118 5381 3304 5447 primo.

1780 5460 1850 5525 (9)
1878 5456 2023 5530 Apud
2036 5455 2187 5522 Greq.
2206 5452 2330 5505 edit.
2351 5453 2531 5508 Bened.
2551 5453 2683 5519 Quia
2693 5453 2776 5506 ad.
2803 5478 2861 5492 -
2882 5453 2949 5524 (h)
2969 5455 3094 5507 Item
3109 5453 3273 5524 quasi.
