4059 6317
976 501 1359 571 DOMINICA
1400 505 1427 570 1
1472 507 1672 577 POST
1715 512 2302 592 PENTECOSTEN.
2348 526 2615 599 SERMO
2657 535 2705 600 1.

233 635 540 715 Domine,
567 642 629 706 et
660 635 918 706 benedic
950 637 1320 710 hoereditatz·
1342 646 1501 722 tuoe,
1532 649 1650 710 etc.
1682 648 1795 715 Est
1898 657 2007 719 tur
2061 659 2419 742 propitiatio
2464 670 2529 732 et
2580 669 2934 742 benedictio
2976 679 3110 748 tua.

3324 558 3445 628 333

3151 703 3184 744 ι
3237 686 3450 760 Tertio

231 742 591 809 benedictio
641 745 899 827 gloriae;
935 745 1269 813 Psalmista
1305 751 1365 813 ¹:
1406 774 1437 812 α
1477 751 1790 828 Quoniam
1899 762 2337 849 militantibus,
2367 790 2517 839 cum
2545 776 2786 846 bellum
2797 782 2946 852 fidei
2963 785 3443 881 ingrediuntur,

230 850 365 916 illic
430 852 761 918 mandavit
806 852 1117 920 Dominus
1167 855 1665 926 benedictionem
1728 869 1793 929 et
1898 872 2039 934 uta
2067 870 2303 956 legat0,
2335 881 2436 943 vel
2460 880 2654 966 Papa.
2687 885 2764 951 Hi
2798 891 3032 958 milites
3060 903 3212 964 sunt
3236 906 3442 970 tenta-

230 959 461 1039 vitam,
492 982 524 1019 »
559 964 676 1026 etc.
710 960 794 1026 De
836 962 1006 1046 qua²
1039 984 1055 1025 ε
1097 986 1128 1024 α
1150 961 1510 1032 Benedictio
1539 968 1790 1035 Domini

226 1065 467 1131 divites
497 1067 671 1149 facit,
702 1089 734 1128 n
770 1071 889 1134 etc.
922 1068 1074 1136 Haec
1104 1075 1200 1135 est
1233 1072 1585 1141 benedictio
1624 1077 1789 1142 dex-

226 1175 422 1253 terae,
482 1192 677 1258 quam
731 1176 1043 1259 accipient
1063 1223 1080 1258 ‚
1135 1178 1373 1261 quibus
1426 1180 1672 1248 dicetur
1701 1188 1725 1224 ⁸
1763 1207 1780 1249 :

234 1302 273 1341 a
300 1278 558 1361 Venite,
603 1282 919 1348 benedicti
963 1282 1169 1348 Patris
1204 1287 1408 1365 mei,1›
1449 1293 1565 1354 etc.
1624 1290 1788 1357 Nota

224 1389 407 1471 quod
434 1389 718 1454 solemne
749 1390 832 1456 sit
855 1391 1087 1457 festum
1108 1441 1127 1473 ,
1156 1394 1270 1459 ubi
1299 1399 1516 1464 tantus
1541 1404 1638 1464 est
1666 1402 1785 1486 qui

224 1500 445 1561 cantat
472 1495 939 1563 Invitatorium.
976 1499 1074 1565 Ad
1101 1500 1282 1567 illam
1309 1509 1404 1569 est
1447 1508 1782 1592 suspiran-

223 1602 467 1668 dum‘:
513 1602 637 1668 «In
661 1603 785 1669 hoc
822 1607 1028 1671 vocati
1064 1608 1250 1690 estis,
1289 1616 1363 1676 ut
1388 1613 1778 1700 ‘benedictio-

223 1728 381 1774 nem
410 1710 777 1777 haereditate
803 1714 1198 1798 possideatis.
1224 1739 1257 1778 1>

308 1813 672 1882 Notandum
701 1822 917 1884 autem
935 1869 954 1903 ,
980 1823 1155 1905 quod
1191 1823 1487 1907 pluribus
1528 1831 1779 1910 generi-

221 1922 350 1987 bus
375 1924 716 1992 hominum
754 1926 917 1992 solet
943 1928 1083 1993 dari
1119 1931 1495 2000 benedictio.
1531 1934 1772 2020 Primo,

222 2033 696 2115 confitentibus»,
721 2036 978 2117 quando
995 2037 1441 2120 absolvuntur,
1455 2046 1519 2106 et
1540 2042 1609 2106 hi
1625 2050 1776 2110 sunt

219 2138 672 2222 poenitentoe⁸z
718 2141 1129 2210 «Benedictio
1160 2145 1415 2212 Domini
1447 2168 1640 2232 super
1666 2170 1776 2217 ca-

214 2252 339 2327 put
353 2246 537 2328 justi.
566 2269 596 2308 n
627 2247 804 2314 Illius
821 2250 1007 2332 justi,
1039 2252 1117 2318 de
1146 2272 1276 2338 quo
1295 2262 1354 2319 ⁸:
1400 2279 1430 2316 (1
1454 2255 1487 2321 J
1494 2261 1673 2323 ustus
1701 2260 1772 2325 in

214 2351 532 2435 principio
588 2356 669 2436 (α)
721 2361 1052 2424 accusator
1091 2365 1187 2425 est
1220 2362 1364 2426 sui:
1395 2385 1427 2424 n
1464 2366 1574 2448 qui
1621 2367 1774 2433 facit

202 2458 641 2545 justitiamffile
669 2465 829 2546 qua¹
852 2487 868 2527 z
894 2488 925 2526 «
942 2466 1106 2532 Ante
1115 2470 1433 2552 judicium
1460 2492 1616 2556 para
1637 2478 1769 2559 jus·

212 2563 493 2642 titiam,»
527 2585 679 2650 quae
711 2573 997 2656 consistit
1020 2574 1090 2639 in
1123 2578 1403 2658 pondere
1442 2583 1768 2656 contritio-

208 2672 338 2751 nis,
366 2674 509 2738 etin
527 2694 801 2743 numero
819 2681 1256 2764 confessionis,
1277 2690 1341 2751 et
1366 2687 1436 2752 in
1460 2689 1766 2758 mensura

208 2779 674 2848 satisfactionis,
691 2785 994 2870 Sequitur
1009 2789 1073 2853 in
1091 2792 1312 2858 eadem
1327 2798 1728 2865 auctoritate⁸
1743 2823 1759 2866 ε

218 2908 249 2947 α
267 2885 351 2951 Os
387 2895 605 2955 autem
643 2891 995 2977 impiorum
1025 2900 1232 2982 operit
1280 2901 1705 2990 iniquitatem,
1723 2931 1753 2970 n

202 2994 464 3077 scilicet,
493 2997 647 3066 mali
678 3000 972 3084 timoriS,
1006 3006 1109 3071 vel
1134 3009 1392 3089 amoris,
1423 3013 1527 3077 vel
1552 3015 1759 3097 pudo·

201 3100 319 3168 ris.
353 3101 572 3188 Itaque
591 3113 920 3189 peccatum
947 3110 1053 3176 vel
1077 3113 1318 3196 celant,
1360 3118 1465 3183 vel
1489 3127 1756 3204 negant,

202 3207 307 3272 vel
322 3216 659 3293 excusant3
679 3216 788 3280 sed
801 3220 1019 3283 tamen
1044 3220 1068 3256 ¹
1088 3243 1119 3283 α
1141 3222 1250 3304 qui
1282 3224 1608 3293 abscondit
1632 3248 1762 3297 sce-

200 3313 340 3380 lera
377 3335 495 3384 sua
512 3367 530 3400 ,
568 3338 703 3386 non
748 3322 1133 3406 dirigetur‚»
1170 3352 1202 3391 α
1223 3329 1516 3398 Secundo
1558 3336 1754 3404 bene-

198 3422 439 3490 dicitur
461 3425 907 3512 offerentibus,
928 3450 1080 3499 cum
1102 3453 1332 3502 eorum
1360 3457 1630 3508 munera
1654 3463 1753 3510 re-

199 3529 555 3614 cipiuntur.
601 3533 949 3605 offerentes
1001 3545 1155 3608 sunt
1212 3544 1287 3627 (b)
1343 3545 1680 3615 devotione
1707 3553 1754 3590 ¹⁰

203 3659 237 3698 α
260 3635 531 3706 Domino
556 3643 944 3729 servientes,
968 3670 1000 3708 ³>
1030 3650 1184 3733 quia
1212 3651 1519 3719 exhibent
1562 3656 1690 3723 Deo
1709 3660 1750 3697 ¹¹

201 3743 525 3812 «bostiam
554 3757 838 3816 sanctam
858 3801 881 3834 ,
913 3756 1260 3832 viventem.
1288 3780 1319 3819 1)
1354 3759 1461 3827 Isti
1500 3763 1751 3831 benedi·

189 3856 454 3935 cuntur,
485 3858 782 3942 exemplo
808 3859 1086 3928 Abrahae
1098 3912 1121 3945 ,
1153 3866 1266 3948 qui
1293 3868 1516 3935 volens
1541 3872 1748 3940 fllium

188 3959 423 4025 offerre
443 4009 465 4041 ,
523 3963 1028 4033 benedictionem
1092 3978 1418 4040 assecutus
1476 3982 1575 4043 est
1626 3973 1676 4018 ¹²
1725 4006 1741 4050 ε

197 4087 231 4126 α
263 4064 388 4131 Per
415 4071 871 4156 memetipsum
914 4073 985 4157 (c)
1004 4124 1022 4157 ,
1044 4098 1076 4137 1>
1122 4083 1241 4145 etc,
1290 4080 1370 4145 Et
1395 4088 1548 4151 nota
1573 4091 1740 4171 quod

188 4171 360 4239 Deus
386 4176 593 4241 voluit
625 4178 833 4243 fllium
864 4180 934 4245 in
974 4182 1480 4254 benedictionem
1506 4194 1630 4258 sibi
1656 4197 1746 4262 of-

184 4280 366 4362 ferri,
395 4284 506 4349 sed
533 4303 662 4350 non
694 4288 891 4353 occidi
918 4311 936 4370 ;
969 4291 1079 4356 sed
1106 4293 1368 4361 arietem
1396 4302 1596 4368 occidi
1622 4323 1743 4372 vo-

182 4385 331 4452 luit.
380 4389 765 4475 Exemplum
806 4395 1000 4461 etiam
1040 4396 1108 4462 in
1146 4399 1375 4484 Jacob,
1417 4410 1532 4491 qui
1567 4412 1740 4481 cibos

184 4493 463 4561 offerens
485 4499 675 4581 patri,
691 4500 773 4565 ab
792 4519 869 4567 eo
888 4503 935 4540 ¹⁸
950 4504 1316 4574 benedictus
1332 4515 1447 4578 est.
1466 4515 1546 4581 Et
1561 4526 1737 4604 nota,

181 4603 360 4685 quod
410 4606 676 4673 consilio
731 4611 957 4676 matris
1009 4612 1256 4681 invenit
1285 4617 1478 4687 Jacob
1536 4627 1736 4712 domi,
1847 4634 1862 4649 ⁶

184 4726 335 4792 quae
373 4710 607 4795 placita
644 4721 799 4781 sunt
837 4720 1037 4802 patri;
1074 4721 1246 4789 Esau
1283 4746 1438 4795 vero
1474 4737 1735 4819 proprio

183 4818 454 4884 consilio
489 4827 784 4905 venatur,
813 4831 878 4891 et
901 4829 1036 4893 noh
1061 4831 1317 4913 prodest
1341 4836 1422 4901 ei.
1448 4838 1608 4906 ltem
1637 4845 1731 4910 of·
1839 4852 2140 4922 affectum

179 4924 455 4993 ferentes
503 4934 655 4994 sunt
705 4932 1181 5019 eleemosynam
1237 4939 1579 5024 largientes
1625 4952 1671 4991 ¹¹
1711 4974 1729 5019 ε

188 5054 224 5093 c
242 5030 512 5119 Pauperi
538 5039 802 5122 porrige
820 5060 1084 5109 manum
1111 5050 1315 5133 tuam,
1343 5054 1419 5117 ut
1448 5057 1734 5140 perficia-

246 5198 264 5233 ¹
296 5199 440 5252 Paul.
481 5214 692 5270 cxxxix,
730 5207 780 5258 3.
809 5231 872 5248 --
898 5208 921 5243 ¹
942 5208 1113 5269 Pron..
1153 5225 1218 5275 x,
1250 5217 1332 5265 22.
1369 5242 1434 5257 —-
1468 5220 1489 5252 ⁸
1519 5224 1728 5291 matth„

174 5280 304 5333 xxv,
328 5275 410 5323 34.
433 5301 495 5312 -
517 5275 541 5310 δ
560 5276 584 5341 ,Ι
614 5277 771 5339 Petu,
798 5289 879 5343 111,
906 5281 955 5330 9.
979 5306 1035 5316 -
1057 5281 1076 5311 ⁸
1092 5282 1268 5344 Pron„
1287 5299 1340 5347 x,
1362 5291 1411 5338 6.
1431 5317 1487 5327 -
1519 5295 1539 5326 ⁰
1555 5295 1726 5360 Pron„

174 5352 340 5405 xvm,
375 5347 458 5398 u.
484 5369 547 5384 —-
573 5346 596 5383 ⁷
621 5347 805 5412 tecti„
830 5360 995 5413 xvm,
1028 5354 1102 5403 19.
1137 5378 1198 5393 -
1228 5357 1247 5386 ⁸
1268 5361 1436 5424 Prov„
1463 5376 1529 5426 x,
1559 5370 1636 5417 16.
1663 5394 1726 5408 -

174 5412 202 5450 ⁹
229 5414 400 5481 Pron„
432 5429 622 5483 xxvm,
659 5422 821 5470 13.-
846 5421 891 5457 ¹⁰
926 5422 1087 5487 Rom„
1110 5437 1209 5489 ιιι,
1241 5431 1316 5482 11.
1338 5456 1400 5468 -
1433 5435 1464 5463 ··
1494 5434 1645 5504 ibid„
1674 5444 1722 5494 1.

174 5508 243 5524 -
286 5487 328 5522 ¹²
377 5487 529 5551 Gen„
592 5501 734 5555 ml,
776 5493 852 5545 16.
890 5519 956 5533 -
1014 5495 1058 5530 ¹⁸
1117 5496 1258 5564 Gen„
1304 5514 1482 5570 xxvu,
1533 5510 1615 5563 28.
1659 5537 1723 5551 -

1894 974 2173 1043 tionibus
2209 984 2608 1070 resistentes,
2653 994 2756 1059 vel
2799 996 2871 1061 in
2925 1001 3445 1078 tribulationibus

1893 1084 2202 1166 patientes
2227 1091 2272 1131 ¹⁸
2296 1092 2436 1158 :aSi
2464 1098 2619 1180 quid
2648 1103 2943 1186 patimini
2967 1117 3228 1196 propter
3253 1120 3444 1199 iusti-

1891 1188 2074 1272 tiam,
2094 1215 2125 1254 »
2175 1200 2294 1261 etc.
2323 1199 2368 1235 ¹⁸
2402 1202 2518 1268 «Si
2552 1211 3030 1290 exprobramini
3064 1219 3135 1286 in
3178 1227 3440 1294 nomine

1889 1298 2054 1382 ejus,
2085 1302 2252 1368 beati
2278 1308 2474 1392 eritis,
2497 1333 2529 1372 »2
2564 1319 2683 1380 etc.
2712 1316 3098 1406 Exemplum
3121 1329 3200 1394 de
3222 1331 3436 1417 Jacob,

1888 1405 2001 1487 qui
2037 1408 2281 1477 fortiter
2306 1414 2607 1487 luctando
2645 1423 3146 1502 benedictionem
3174 1443 3436 1510 meruit.

1890 1508 2068 1578 Unde
2093 1515 2256 1585 dixit
2278 1521 2322 1558 ¹⁷
2352 1546 2367 1589 :
2409 1547 2440 1586 α
2458 1526 2598 1593 Non
2622 1531 2939 1602 dimittam
2970 1543 3034 1605 le
3047 1588 3070 1622 ,
3101 1543 3228 1608 nisi
3251 1547 3441 1616 bene-

1884 1618 2124 1688 dixeris
2153 1628 2335 1694 mihi.
2363 1630 2442 1697 Et
2458 1634 2787 1704 benedixit
2803 1644 2864 1708 ei
2884 1645 2954 1710 in
2976 1650 3198 1718 eodem
3214 1654 3380 1725 loco,
3401 1681 3433 1721 n

1885 1726 2123 1805 Quarto
2150 1735 2339 1802 datur
2366 1740 2721 1814 benedictio
2746 1752 3138 1824 nubentibus
3157 1810 3175 1843 ,
3205 1782 3434 1833 secun-

1882 1835 2038 1903 dum
2065 1843 2240 1923 quod
2266 1845 2417 1912 dicit
2452 1849 2700 1934 Raguel
2726 1858 2879 1925 filiae
2905 1880 3064 1946 suae,
3091 1888 3241 1936 cum
3257 1873 3437 1942 daret

1881 1960 2025 2010 eam
2041 1946 2257 2017 Tohiae
2275 1955 2322 1990 ¹⁸
2345 1978 2405 2020 ια
2421 1956 2586 2025 Deus
2603 1963 2950 2052 Abraham,
2972 1972 3138 2041 Deus
3149 1977 3344 2063 Isaac,
3368 1990 3433 2050 et

1878 2048 2045 2118 Deus
2067 2054 2261 2124 Jacob
2293 2064 2625 2134 vobiscum
2662 2072 2745 2137 sit
2775 2076 2891 2159 (d),
2913 2100 2945 2139 n
2977 2087 3125 2164 etc„
3164 2095 3277 2154 «et
3303 2092 3429 2157 im·

1878 2157 2049 2239 pleat
2066 2162 2567 2240 benedictionem
2584 2196 2772 2247 suam
2792 2183 2862 2248 in
2880 2188 3083 2256 vobis.
3103 2213 3135 2252 1»
3158 2193 3282 2260 Per
3303 2215 3430 2264 nu·

1877 2263 2099 2334 bentes
2124 2271 2412 2359 intellige
2452 2283 2645 2349 etiam
2683 2288 2973 2373 virgines
3013 2309 3425 2389 consecratas,

1875 2375 1940 2436 et
1979 2377 2228 2444 animas
2261 2384 2597 2469 religiosas
2612 2443 2629 2471 ‚
2661 2414 2809 2479 quae
2840 2408 3100 2486 propter
3139 2427 3427 2481 amorem

1875 2477 2105 2548 Christi
2122 2504 2401 2569 regnum
2427 2499 2652 2568 mundi
2672 2509 3213 2597 contempserunt,
3234 2525 3298 2586 et
3322 2541 3421 2607 ea,

1874 2605 2018 2670 quae
2035 2596 2261 2660 mundi
2275 2604 2446 2665 sunt.
2465 2602 2708 2681 Quibus
2726 2610 2956 2680 dicitur
2982 2620 3140 2687 illud
3158 2626 3201 2661 ¹⁹
3224 2650 3278 2691 :c
3297 2629 3418 2696 Be-

1871 2698 2119 2766 nedicta
2140 2721 2209 2771 es
2229 2723 2269 2769 a
2284 2706 2575 2794 Domino,
2600 2717 2754 2798 fllia,
2777 2738 2923 2803 quae
2948 2744 3083 2793 non
3105 2750 3177 2796 es
3204 2745 3421 2808 secuta

1859 2804 2138 2884 J‘uvenes
2154 2860 2176 2889 ‚
2214 2832 2527 2899 pauperes
2573 2823 2714 2892 sive
2764 2828 3015 2899 divites.
3071 2836 3210 2905 Noli
3254 2863 3418 2930 ergo

1869 2916 2180 2998 metuere,
2210 2922 2322 2987 sed
2347 2926 2659 3013 quidquid
2686 2934 2925 3003 dixeris
2960 2944 3157 3029 mibi,
3188 2950 3415 3021 faciam

1867 3018 2005 3083 tibi.
2026 3042 2060 3083 ι
2094 3021 2259 3092 Nota
2280 3033 2477 3099 totam
2503 3042 2972 3114 auctoritatem.
3203 3075 3207 3082 ·

1939 3557 2155 3630 Estote
2190 3570 2660 3661 misericordes,
2688 3585 2859 3653 sicut
2882 3592 2942 3655 et
2965 3591 3165 3661 Pater
3205 3606 3409 3670 vester

1857 3666 2224 3740 misericors
2249 3683 2347 3745 est
2364 3685 2436 3745 ¹¹.
2466 3681 2698 3752 Videns
2723 3689 3030 3763 Dominus
3053 3708 3269 3772 noster
3291 3708 3403 3775 Je-

1856 3789 1966 3838 sus
1993 3774 2280 3847 Christus
2308 3787 2809 3862 misericordiam
2836 3806 2901 3866 et
2923 3804 3294 3878 charitatem
3309 3835 3403 3882 re·

1853 3877 2221 3970 frigescere,
2250 3893 2563 3963 malitiam
2588 3906 2653 3965 et
2670 3909 3105 3980 carnalitatem
3129 3917 3403 3989 invales-

1852 4002 2026 4070 cere,
2056 3993 2260 4062 voluit
2286 4016 2405 4065 nos
2437 4003 2509 4068 in
2541 4014 2864 4094 proposito
2898 4021 3131 4104 verbe,
3168 4044 3397 4097 wenn-

1852 4093 2008 4161 dum
2043 4103 2345 4183 regulam
2390 4110 2626 4180 divinae
2661 4119 2945 4205 pietatis,
2987 4129 3272 4215 dirigere
3315 4141 3397 4205 ad

1849 4219 2045 4286 opera
2072 4211 2530 4285 misericordiae·
2547 4227 2611 4288 et
2639 4226 2993 4315 clim-itatis,
3022 4255 3174 4304 cum
3199 4242 3392 4310 dicit:

1848 4311 2072 4381 Estote
2098 4319 2566 4405 misericordes,
2594 4336 2716 4399 etc.
2739 4335 2863 4403 Sed
2888 4343 3040 4423 quia
3065 4347 3396 4418 nullane&

1844 4418 1947 4482 tra
1971 4425 2255 4503 operatio
2277 4435 2485 4512 potest
2515 4454 2652 4504 esse
2676 4447 2865 4526 recta,
2886 4448 3012 4513 nisi
3035 4459 3392 4526 secundum

2152 4906 2175 4940 ,
2220 4880 2372 4929 cum
2408 4867 2596 4936 dicit:
2644 4876 2859 4946 Estote
2902 4885 3380 4973 misericordem

1838 4965 2117 5031 secundo
2142 4974 2440 5056 proponit
2464 4977 2977 5070 informationem
3004 4993 3242 5063 divinae
3266 5018 3384 5066 ex-

1842 5132 1882 5169 ¹⁴
1910 5134 2093 5201 Eecli„
2129 5150 2222 5205 vn,
2251 5145 2335 5195 36.
2361 5172 2416 5181 -
2443 5149 2487 5185 ¹⁸
2514 5150 2532 5200 Ι
2561 5153 2726 5216 Petra,
2754 5170 2835 5223 111,
2865 5163 2942 5214 14.
2977 5191 3032 5202 -
3062 5166 3105 5202 ¹⁸
3130 5168 3277 5234 ibid„
3306 5183 3380 5237 IV,

1840 5207 1917 5256 ¹4.
1948 5234 2010 5245 -
2038 5209 2080 5244 ²²
2113 5210 2258 5277 Gen„
2287 5229 2469 5284 xxxa,
2503 5224 2592 5287 26,
2625 5228 2707 5277 29.
2733 5254 2796 5268 —
2834 5231 2879 5267 ¹⁸
2915 5233 3050 5300 Tob„
3080 5250 3181 5305 vn,
3209 5246 3290 5294 15.
3318 5271 3384 5284 -

1839 5277 1877 5311 ¹⁹
1899 5278 2060 5342 Ruth,
2098 5292 2184 5346 111,
2222 5288 2382 5353 10-11,
2413 5316 2475 5329 -
2503 5294 2545 5329 ²⁰
2571 5298 2718 5350 Hunc
2751 5315 2859 5353 non
2886 5304 3043 5358 habet
3068 5312 3188 5365 edit.
3218 5315 3381 5366 Paris.

1836 5358 1921 5399 an.
1951 5352 2095 5403 1521.
2125 5379 2188 5390 —-
2220 5356 2264 5391 ¹¹
2289 5358 2430 5426 Luc„
2464 5375 2534 5429 νι,
2562 5369 2639 5419 36.

1901 5445 1967 5528 ζα)
2023 5448 2169 5515 Vulq.
2209 5455 2375 5518 prior.
2418 5486 2479 5501 ·-
2524 5464 2596 5529 (b)
2630 5467 2808 5535 Suppl.
2856 5487 2996 5532 cum.
3037 5505 3101 5519 -
3143 5483 3212 5549 (c)
3257 5484 3383 5538 Goet.

1831 5514 1954 5569 edat.
1980 5521 2396 5591 semetipsum.—
2415 5532 2485 5600 (d)
2504 5535 2630 5588 leem
2649 5540 2717 5592 sit
2737 5543 2946 5613 ubique.
