4059 6317
1514 464 1613 529 DE
1655 465 1722 530 S.
1767 463 2196 530 MIGHAELE.

233 594 507 689 ‘excitant
540 598 599 656 et
636 596 961 670 stimulant,
985 601 1052 656 ut
1077 599 1387 672 resurgant
1415 617 1430 658 ι
1460 598 1678 658 deinde
1705 598 1798 658 in-

250 689 510 764 quiunt:
553 692 755 766 Surge,
795 692 997 764 miser,
1048 695 1108 751 et
1147 691 1461 753 considera
1486 693 1591 753 ubi
1611 693 1794 766 iaces,

251 783 567 858 quomodo
611 785 921 860 corrupisti
965 790 1130 844 tuam
1165 789 1460 858 naturam,
1491 785 1798 844 defoedasti

248 877 755 950 pulchritudinem
792 880 976 952 tua'm,
1022 896 1143 955 qua
1185 897 1315 939 eras
1361 880 1441 938 ad
1478 879 1799 952 imaginem

250 974 483 1029 aeternae
519 972 972 1047 pulchritudinis
1005 972 1192 1032 factus
1228 991 1245 1029 ε
1275 990 1418 1032 nam
1459 972 1723 1048 repulisti
1764 989 1802 1032 a

251 1066 310 1122 te
339 1064 617 1139 Spiritum
649 1071 937 1139 sanctum,
978 1066 1165 1126 factus
1207 1084 1269 1126 es
1297 1066 1637 1125 doemonum
1662 1082 1799 1141 pro-

254 1157 566 1230 stibulum,
591 1160 834 1233 privasti
860 1163 918 1218 te
960 1160 1189 1219 aeternis
1215 1160 1496 1236 praemiiS,
1524 1160 1800 1234 obligasti

254 1255 312 1310 te
347 1253 577 1310 aeternis
616 1254 939 1330 suppliciis,
969 1256 1151 1328 Surge
1203 1254 1404 1328 igitur,
1450 1258 1508 1312 et
1549 1254 1678 1313 redi
1720 1255 1801 1313 ad

253 1348 682 1423 poenitentiam.
713 1351 832 1406 Hoc
871 1348 1169 1423 signatum
1196 1351 1284 1406 est
1307 1348 1370 1406 in
1400 1349 1590 1407 Genesi
1616 1351 1664 1420 ¹,
1697 1347 1801 1408 ubi

257 1441 504 1515 dicimrj,
532 1442 700 1517 quod
743 1446 899 1515 Agar
923 1441 1168 1515 fugienti
1196 1458 1235 1502 a
1259 1441 1409 1501 facie
1433 1443 1589 1501 Sarae
1614 1441 1806 1500 domi-

254 1551 348 1593 nas
392 1552 534 1607 suae,
572 1536 826 1594 occurrit
865 1536 1121 1609 Angelus
1156 1535 1408 1609 Domini,
1448 1541 1504 1594 et
1528 1534 1678 1594 dixit
1705 1535 1799 1594 ei:

262 1650 290 1683 ι
313 1629 480 1687 Unde
508 1631 694 1702 venis,
718 1631 820 1688 aut
847 1646 971 1704 quo
1005 1630 1223 1688 vadis?
1264 1633 1557 1689 revertere
1588 1630 1668 1689 ad
1697 1629 1805 1689 do-

255 1723 486 1781 minam
524 1727 710 1794 tuam,
739 1727 799 1782 et
841 1723 1153 1782 humiliare
1195 1724 1309 1781 sub
1350 1740 1537 1783 manu
1581 1724 1727 1797 ejus.
1769 1743 1799 1781 n

255 1824 430 1893 Agar,
462 1835 596 1894 quse
621 1819 1035 1894 interpretatur
1062 1823 1271 1879 αάυοηα
1286 1818 1331 1893 ¹,
1361 1825 1447 1880 est
1474 1820 1674 1879 anima
1698 1836 1805 1879 uo-

161 1928 175 1942 ·
256 1923 396 1991 stra,
428 1934 561 1993 quae
587 1917 766 1977 debet
792 1935 918 1977 esse
953 1919 1017 1977 in
1049 1919 1166 1978 hoc
1193 1919 1422 1979 mundo
1449 1919 1801 1994 peregrina:

256 2013 422 2084 Sara,
449 2028 585 2087 quoe
604 2012 1014 2087 interpretatur
1033 2017 1285 2087 princeps
1315 2014 1382 2088 (a)
1414 2014 1457 2086 ⁸,
1486 2018 1571 2072 est
1589 2018 1807 2073 aeterna

257 2106 570 2181 sapientia,
599 2106 693 2164 cui
721 2122 893 2165 mens
920 2111 1122 2166 nostra
1157 2106 1338 2167 debet
1364 2123 1489 2166 esse
1516 2107 1800 2180 subiecta.

258 2202 415 2273 Ergo
435 2199 694 2274 Angelus
706 2201 939 2259 Domini
953 2201 1399 2275 transgredienti
1413 2201 1615 2260 divina
1634 2217 1806 2260 man-

258 2292 425 2365 data,
452 2298 510 2352 et
537 2293 679 2368 quia
704 2294 918 2368 refugit
955 2311 989 2354 a
1017 2294 1167 2354 facie
1195 2296 1448 2368 Domini,
1476 2295 1619 2353 dicit
1645 2314 1659 2354 z
1699 2297 1802 2353 Re-

256 2394 467 2446 vertere
507 2390 582 2445 ad
625 2389 898 2449 dominam
937 2395 1116 2461 tuam,
1158 2393 1432 2448 converte
1461 2393 1517 2448 te
1545 2389 1625 2449 ad
1653 2387 1806 2447 divi-

255 2496 406 2539 nam
432 2481 803 2556 sapientiam‚
851 2487 908 2542 et
934 2482 1185 2542 humilia
1208 2486 1265 2542 te
1291 2483 1405 2542 sub
1432 2499 1617 2542 manu
1655 2484 1802 2557 ejus,

255 2575 744 2648 recognoscendo
781 2577 1054 2651 culpam,
1091 2578 1349 2653 petendo
1388 2577 1648 2638 veniam.
1686 2581 1807 2637 Hoc

256 2668 426 2727 idem
453 2669 750 2743 signatum
775 2676 861 2728 est
887 2672 931 2741 ⁸,
956 2671 1064 2729 ubi
1091 2671 1302 2730 dicitur
1343 2673 1512 2747 quod
1539 2676 1705 2731 Petro
1742 2672 1807 2731 in

257 2779 500 2822 carcere
534 2763 874 2839 compedito
910 2784 938 2819 α
960 2765 1216 2839 Angelus
1243 2765 1474 2824 Domini
1497 2765 1720 2839 astistit,
1751 2769 1809 2825 et

256 2856 469 2914 lumen
508 2856 733 2916 refulsit
767 2858 831 2916 in
872 2858 1237 2931 habitaculo,
1282 2875 1683 2934 percussoque
1722 2859 1810 2918 la·

257 2955 385 3009 tere
411 2951 561 3009 Petri
587 2952 861 3011 excitavit
886 2969 1053 3023 eum,
1096 2953 1297 3012 dicens
1327 2971 1342 3011 ε
1373 2955 1554 3028 Surge
1592 2952 1810 3013 veloci-

258 3049 390 3102 ter:
422 3047 481 3103 et
503 3046 841 3105 ceciderunt
866 3049 1085 3105 catenae
1112 3047 1188 3105 de
1213 3047 1552 3106 manibus.»
1585 3050 1808 3106 Lumen

259 3137 520 3212 refulget
557 3138 620 3198 in
654 3157 906 3212 carcere,
944 3141 1190 3216 quando
1217 3142 1512 3217 peccatori
1557 3140 1808 3200 vinculis

259 3233 492 3306 peccati
519 3234 879 3309 compedito,
905 3235 970 3292 in
1007 3236 1264 3295 tenebris
1309 3236 1686 3309 obnubilato,
1712 3237 1807 3294 in-

259 3325 461 3384 fundit
496 3326 758 3403 aliquem
783 3329 1020 3389 radium
1047 3347 1169 3389 suae
1194 3330 1662 3391 illuminationis.
1692 3337 1808 3391 An-

262 3421 434 3493 gelus
475 3425 642 3492 astat,
689 3428 747 3481 et
783 3423 936 3482 latus
973 3424 1225 3498 percutit
1261 3428 1607 3501 peccatoris,
1656 3427 1810 3485 exci-

260 3514 451 3574 tando
478 3515 559 3573 ad
588 3516 913 3576 lamentum
949 3519 1072 3577 sive
1098 3519 1381 3592 gemitum
1408 3519 1805 3594 contritionis,

264 3611 326 3665 et
360 3607 540 3667 dicit:
583 3611 751 3683 Surae
779 3614 1028 3670 uelociter
1060 3629 1169 3688 per
1204 3613 1429 3688 peccati
1476 3613 1809 3672 derelictio-

265 3718 407 3760 nem
439 3722 454 3760 :
495 3707 551 3761 et
597 3708 734 3764 tunc
777 3704 995 3764 cadunt
1040 3713 1238 3765 catenoe
1278 3706 1354 3766 de
1395 3708 1672 3769 manibus
1701 3724 1811 3783 per

266 3796 703 3857 absolutionem
724 3842 744 3873 ,
788 3805 845 3859 et
877 3801 1053 3860 bonae
1102 3803 1462 3877 operationis
1501 3801 1810 3862 restitutio-

270 3906 432 3949 nem·
1763 3926 1786 3951 ο

341 3988 582 4058 Quarto,
600 3988 887 4062 quoniam
904 3987 1264 4064 indigemus,
1280 3989 1361 4049 ad
1378 3989 1811 4064 resurgendum

269 4096 309 4138 a
335 4079 514 4155 culpa
540 4085 598 4138 et
619 4080 954 4140 faciendam
979 4082 1407 4158 poenitentiam,
1437 4084 1661 4143 auxilio
1676 4099 1811 4157 gra-

269 4174 365 4232 tiae
390 4174 526 4246 Dei,
565 4175 728 4250 apud
766 4178 949 4235 Deum
990 4193 1102 4253 pro
1146 4178 1322 4237 nobis
1353 4177 1728 4254 interpellant
1753 4180 1813 4236 et

269 4268 587 4342 impetrant
627 4270 804 4329 nobis
844 4272 1168 4344 gratiarum
1208 4273 1580 4335 charismata.
1617 4271 1813 4332 Sancti

269 4363 430 4422 enim
458 4365 684 4438 Angeli,
703 4366 1032 4426 secundum
1045 4370 1437 4443 Augustinum
1448 4370 1493 4442 ⁸,
1511 4373 1648 4428 suut
1659 4384 1812 4427 sem-

269 4473 380 4532 per
399 4458 465 4515 in
489 4459 794 4518 vestibulis
817 4466 875 4519 et
893 4461 1157 4521 thalamo
1178 4463 1333 4525 circa
1359 4466 1564 4536 Deum,
1586 4469 1644 4522 et
1660 4479 1813 4522 sem-

270 4567 381 4625 per
408 4554 524 4611 Dco
551 4554 845 4614 assistunt.
886 4559 1003 4615 Nos
1041 4559 1239 4615 autem
1278 4557 1340 4616 in
1368 4558 1481 4618 isto
1510 4557 1688 4618 exilio
1712 4573 1810 4616 re-

271 4644 470 4717 legati,
501 4649 560 4703 et
585 4662 623 4704 a
647 4647 797 4707 facie
823 4651 922 4709 Dei
952 4651 1196 4725 exclusi,
1223 4667 1349 4710 non
1388 4668 1704 4727 possumus
1732 4652 1811 4710 ad

273 4741 461 4797 Deum
507 4739 726 4800 babere
768 4759 1065 4804 accessum
1116 4764 1131 4803 ε
1178 4744 1317 4804 ideo
1346 4745 1458 4820 ipsi
1503 4748 1674 4804 orant
1699 4761 1811 4821 pro

270 4831 450 4890 nobis
491 4835 704 4907 Deum,
743 4839 801 4895 et
840 4839 1084 4912 quando
1126 4839 1331 4898 vident
1374 4841 1559 4899 Deum
1607 4843 1812 4899 contra

270 4930 610 5000 peccatores
633 4929 871 5003 iratum,
897 4931 1137 5006 placant
1155 4934 1281 5007 eJ'us
1293 4933 1466 5006 iram,
1490 4933 1814 5008 implorant

269 5021 762 5097 misericordiam,
791 5026 1058 5086 obtinent
1087 5027 1357 5101 gratiam.
1385 5027 1559 5098 Quod
1588 5028 1812 5102 optime

269 5115 568 5189 signatum
611 5122 698 5176 est
739 5120 803 5177 in
841 5121 1103 5180 Zacharm
1138 5123 1184 5195 ⁸,
1226 5121 1331 5182 ubi
1376 5122 1620 5196 dicitur,
1644 5123 1812 5198 quod

269 5324 276 5329 “
342 5324 359 5361 ¹
390 5325 534 5389 Gen„
561 5340 673 5412 xvi,
697 5332 725 5380 7
755 5335 807 5382 et
833 5346 941 5398 seq.
970 5359 1033 5371 —
1059 5330 1078 5365 ²
1108 5335 1263 5386 Hebr.
1295 5336 1405 5399 ἻΞ,
1434 5336 1580 5401 gher,
1607 5335 1811 5387 advena

276 5437 339 5451 -—
370 5410 392 5446 ⁸
425 5410 579 5463 Hebr.
622 5411 733 5476 W,
767 5414 880 5477 Sar,
915 5416 1176 5479 princeps.
1200 5416 1398 5470 foemiu.
1429 5417 1590 5480 mv,
1626 5419 1807 5485 Sarab,

3324 469 3443 531 60ss

1902 598 2159 672 Angelus
2183 597 2413 659 Domini
2439 596 2784 674 respondit,
2830 602 2890 658 et
2913 598 3105 659 dixit:
3140 618 3170 655 ι
3198 599 3444 658 Domine

1905 692 2288 765 exercituum,
2318 708 2633 768 usquequo
2671 709 2795 752 non
2834 692 3206 752 misereberis
3250 692 3448 753 Hieru-

1905 787 2093 846 salem
2137 790 2196 846 et
2237 787 2479 846 urbium
2520 787 2707 859 luda,
2743 787 2964 863 quibus
2988 787 3171 873 iratus
3198 789 3302 845 es?
3330 806 3358 840 ι
3391 792 3447 845 et

1906 882 2171 955 sequitur
2210 900 2225 939 ε
2263 900 2291 935 α
2318 882 2642 955 Respondit
2681 881 2963 939 Dominus
3003 881 3226 954 Angelo
3260 878 3449 940 verba

1906 974 2104 1048 bona,
2155 976 2339 1033 verba
2381 975 2800 1035 consolatoria.
2840 996 2871 1032 ι
2913 975 3006 1034 Ad
3031 974 3179 1050 quid
3203 989 3449 1049 respon-

1908 1068 1995 1126 dit
2018 1067 2274 1142 Angelus
2289 1070 2320 1125 ?
2357 1068 2618 1128 fortassis
2669 1068 2883 1127 divinae
2908 1068 3230 1140 voluntati,
3264 1085 3449 1143 quam

1907 1162 2058 1240 vidit
2080 1162 2291 1220 iratam
2317 1165 2521 1222 contra
2540 1163 2920 1222 Hierusalem.
2943 1162 3108 1221 Unde
3133 1161 3315 1220 dixit:
3346 1165 3451 1219 Do-

1907 1259 2054 1313 mine
2079 1260 2439 1326 eucraticum,-
2480 1257 2542 1314 in
2581 1273 2705 1333 quo
2746 1256 3149 1315 manifestatur
3171 1257 3297 1329 eius
3338 1271 3451 1330 po—

1908 1349 2113 1423 tentia,
2142 1351 2285 1425 quia
2310 1351 2493 1410 habet
2533 1356 2621 1410 tot
2647 1351 3002 1425 angelorum
3035 1350 3317 1410 exercitus
3345 1349 3451 1409 oh-

1910 1447 2301 1518 temperantes
2347 1445 2464 1504 sibi
2485 1487 2504 1517 ,
2547 1448 2606 1503 et
2652 1448 2926 1520 parentes
2969 1461 3090 1502 suoe
3140 1442 3449 1502 voluntati.

1918 1540 2215 1612 Usquequo,
2245 1543 2379 1611 etc„
2402 1538 2467 1598 id
2488 1544 2575 1598 est
2603 1557 2618 1597 :
2648 1538 2939 1614 quamdiu
2956 1538 3194 1596 durabit
3219 1542 3319 1596 tua
3339 1537 3455 1596 ira-

1911 1631 2170 1691 cundIa?
2205 1633 2464 1707 placare,
2511 1632 2788 1704 Domine,
2817 1631 3048 1691 desinat
3081 1630 3170 1690 ira
3197 1636 3331 1704 tua,
3359 1629 3453 1689 fac

1910 1742 2049 1784 cum
2086 1727 2496 1802 peccatoribus
2531 1725 3021 1785 misericordiam.
3058 1727 3133 1782 Et
3172 1725 3453 1798 respondit

1913 1822 2174 1878 Dominus
2194 1823 2401 1894 Anqelo
2426 1822 2588 1879 verba
2615 1822 2775 1892 bona,
2805 1826 2857 1878 et
2880 1820 3046 1878 verba
3071 1820 3451 1877 consolatoria.

1910 1915 2075 1973 Unde
2102 1914 2365 1989 sequitur
2388 1917 2410 1952 ‘¹
2441 1934 2457 1973 ε
2486 1936 2516 1971 <t
2545 1917 2822 1975 Revertar
2868 1914 2950 1973 ad
2990 1912 3351 1972 Hierusalem
3390 1912 3452 1970 in

1910 2008 2349 2068 misericordiis.
2373 2029 2403 2066 »
2433 2009 2491 2067 Si
2519 2008 2698 2082 igitur
2725 2007 2924 2082 angeli
2964 2007 3320 2066 mediatores
3339 2021 3451 2081 pro

1909 2101 2088 2160 nobis
2115 2106 2298 2161 Deum
2324 2102 2731 2178 interpellant,
2770 2118 2896 2160 non
2929 2101 3324 2170 obduremus,
3351 2102 3458 2158 aut

1913 2195 2298 2255 obfirmemus
2322 2195 2500 2256 facies
2520 2199 2752 2256 nostras
2778 2215 2793 2253 ε
2824 2199 2881 2254 et
2907 2195 2957 2253 si
2992 2199 3142 2254 Deus
3164 2193 3455 2253 converti-

1911 2295 2026 2361 tur,
2056 2294 2113 2349 et
2137 2307 2248 2349 nos
2287 2290 2353 2350 in
2391 2290 2792 2350 misericordia
2836 2289 3101 2365 respicit,
3145 2293 3202 2350 et
3248 2288 3455 2363 recipit

1910 2399 2023 2442 nos
2048 2385 2113 2442 in
2140 2386 2347 2459 gratia,
2375 2385 2611 2444 remittit
2637 2384 2812 2444 nobis
2841 2383 3151 2457 offensam,
3180 2399 3292 2443 nos
3313 2398 3453 2442 con-

1912 2481 2213 2537 vertamur
2237 2479 2318 2538 ad
2347 2484 2529 2538 Deum
2567 2496 2676 2555 per
2705 2479 2996 2537 humilem
3024 2477 3450 2538 obedientiam.

1982 2572 2229 2645 Quinto,
2256 2590 2366 2633 nos
2410 2574 2832 2646 corroborant,
2875 2575 2934 2631 et
2976 2573 3360 2645 confirmant,
3397 2576 3456 2630 et

1913 2667 2287 2741 confortant,
2334 2673 2391 2727 et
2436 2673 2793 2745 promovent
2844 2668 2924 2726 ad
2966 2670 3240 2729 exercitia
3263 2670 3453 2729 virtu·

1913 2764 2063 2819 tum.
2094 2764 2359 2821 Humana
2395 2764 2552 2822 enim
2586 2763 2869 2838 fragilitas
2910 2765 3011 2823 vix
3056 2764 3306 2823 auderet
3350 2779 3456 2837 ag-

1916 2856 2086 2927 gredi
2121 2859 2246 2914 tam
2287 2857 2504 2916 arduas
2547 2857 2919 2933 perfectionis
2972 2857 3133 2931 vias,
3182 2874 3317 2933 quae
3359 2858 3453 2916 vi-

1916 2948 2130 3007 dentur
2182 2966 2310 3009 esse
2352 2967 2533 3027 super
2557 2955 2828 3010 naturam
2862 2956 2919 3010 et
2958 2950 3297 3011 facultatem
3339 2949 3454 3009 hu-

1915 3058 2189 3116 manam,
2234 3044 2347 3103 nisi
2386 3045 2634 3105 baberet
2673 3046 2893 3105 auxilia
2928 3050 2987 3104 et
3021 3045 3316 3119 adjutoria
3352 3059 3457 3103 an-

1917 3137 2126 3211 gelica.
2158 3139 2473 3207 Quomodo
2504 3140 2749 3199 auderet
2783 3139 3033 3214 aggredi
3058 3141 3219 3199 viam
3245 3155 3457 3215 perpe-

1915 3236 2034 3291 tuoe
2054 3233 2427 3305 obedientias,
2457 3237 2645 3293 totum
2672 3235 2983 3307 mundum,
3005 3240 3062 3295 et
3079 3252 3212 3311 quae
3238 3234 3451 3293 mundi

1917 3331 2073 3398 sunt,
2100 3327 2434 3403 relinquere
2463 3333 2705 3403 propter
2745 3331 2927 3387 Deum
2948 3332 2978 3388 ⁴?
3016 3327 3327 3404 quomodo
3351 3344 3458 3386 au-

1919 3421 2084 3480 deret
2108 3438 2170 3480 se
2195 3422 2373 3480 morti
2410 3438 2703 3496 exponere
2729 3427 2971 3498 propter
2995 3423 3314 3495 Christum,
3342 3423 3457 3482 nisi

1918 3515 2126 3588 Angeli
2152 3531 2291 3573 eum
2319 3514 2715 3576 confortarent
2743 3519 2800 3575 et
2825 3517 3221 3590 adiuvarent?
3247 3516 3457 3591 Utique

1917 3626 2043 3669 non
2069 3610 2312 3670 auderet
2331 3611 2513 3671 homo
2538 3616 2818 3671 attentare
2842 3616 2966 3670 tam
2993 3612 3275 3685 grandia3
3323 3615 3382 3670 et
3407 3612 3458 3671 si

1920 3704 2186 3777 auderet,
2216 3721 2338 3764 non
2364 3710 2781 3780 perseveraret.
2811 3706 2925 3764 Sed
2954 3707 3235 3765 Dominus
3258 3705 3460 3781 provi-

1921 3800 2007 3859 dit
2051 3801 2228 3859 nobis
2270 3801 2412 3859 istos
2452 3799 2792 3861 fortissimos
2820 3801 3157 3875 adiutores3
3189 3801 3358 3876 quod
3383 3801 3461 3859 si-

1919 3898 2166 3967 gnatum
2203 3898 2289 3953 est
2328 3894 2391 3952 in
2423 3897 2586 3953 Tabia
2608 3895 2649 3961 ⁸,
2680 3895 2787 3954 ubi
2824 3895 3040 3953 dicitur
3060 3938 3082 3967 ‚
3127 3895 3293 3970 qnod
3322 3910 3461 3953 cum
3548 3932 3555 3939 -

1919 3988 2134 4047 Tobias
2154 3993 2319 4063 pater
2353 3989 2533 4048 vellet
2568 3988 2797 4047 mittere
2833 3988 3023 4048 filium
3051 4005 3225 4047 suum
3252 3988 3332 4046 ad
3353 3991 3461 4047 Ga-

1919 4082 2124 4143 belum
2147 4086 2466 4157 cognatum
2493 4099 2666 4142 suum
2685 4124 2705 4155 ,
2752 4082 3059 4157 respondit
3092 4082 3251 4140 filius
3290 4080 3459 4156 quod

1920 4176 2220 4235 nesciebat
2262 4177 2450 4249 viam,
2478 4181 2536 4235 et
2562 4176 2712 4234 dixit
2747 4176 2801 4235 ei
2840 4180 3008 4252 pater
3038 4194 3053 4233 ε
3087 4194 3117 4231 α
3144 4174 3456 4249 Egi-edere,

1918 4287 2125 4346 perge,
2154 4275 2212 4329 et
2236 4271 2471 4347 inquire
2506 4271 2770 4347 aliquem
2806 4271 3045 4331 fidelem
3075 4271 3305 4344 virum,
3353 4270 3460 4345 qui

1922 4370 2017 4426 eat
2041 4370 2258 4425 tecum.
2288 4387 2317 4423 s
2344 4370 2410 4425 Et
2427 4382 2695 4440 egressus
2732 4367 2958 4426 invenit
2984 4367 3268 4441 juvenem
3306 4369 3462 4425 stan·

1921 4465 2040 4519 tem
2069 4461 2449 4537 proecinctum
2478 4465 2534 4518 et
2559 4463 2834 4535 paratum
2870 4461 2947 4519 ad
2975 4460 3410 4520 ambulandum
3439 4480 3456 4521 ε

1922 4560 1978 4614 et
2001 4557 2284 4629 ignorans
2321 4554 2488 4630 quod
2531 4554 2780 4629 angelus
2820 4556 2919 4614 Dei
2959 4560 3138 4629 esset,
3188 4557 3461 4618 salutavit

1923 4665 2110 4708 eum:
2154 4655 2211 4708 et
2253 4664 2392 4708 cum
2446 4654 2731 4724 quaereret
2781 4655 2981 4709 utrum
3026 4657 3225 4710 nosset
3273 4652 3458 4726 viam,

1921 4761 2057 4821 quae
2083 4744 2245 4802 ducit
2286 4744 2368 4803 ad
2406 4746 2594 4818 Reges
2636 4744 2931 4803 civitatem
2970 4745 3306 4819 Medorum,
3339 4760 3461 4804 res-

1921 4839 2135 4915 pondit
2162 4857 2178 4897 ε
2214 4859 2244 4896 ι
2269 4840 2437 4912 Novi,
2464 4845 2521 4898 et
2546 4840 2747 4899 omnia
2783 4840 2992 4899 itinera
3025 4840 3152 4913 ejus
3179 4838 3459 4915 frequen-

1920 4937 2012 4992 ter
2054 4933 2377 4993 ambulavi.
2406 4956 2435 4988 »
2479 4936 2662 5005 Quem
2716 4950 2855 4993 cum
2890 4933 3050 4992 filius
3093 4932 3460 4992 introduxis-

1921 5032 2011 5087 set
2062 5028 2142 5087 ad
2185 5031 2417 5103 patrem
2434 5071 2454 5101 ,
2486 5028 2753 5103 quaesivit
2804 5031 2974 5103 pater
3018 5027 3099 5086 ab
3152 5025 3382 5101 Angelo
3440 5043 3458 5086 t

1927 5141 1958 5176 α
1984 5123 2288 5198 Numquid
2314 5121 2534 5198 poteris
2557 5122 2881 5198 perducere
2921 5121 3113 5180 filium
3141 5136 3342 5180 meum
3379 5119 3462 5179 ad

1918 5260 2243 5325 principe-rsa.
2273 5286 2335 5297 -—
2366 5260 2389 5296 ⁸
2413 5260 2543 5322 Act„
2574 5271 2676 5324 ιιι,
2706 5261 2756 5309 7.
2782 5284 2846 5297 -—
2874 5261 2893 5292 ⁸
2922 5259 3051 5323 Aug.
3078 5283 3145 5297 —
3172 5258 3192 5290 ⁸
3216 5255 3389 5323 lach„
3418 5267 3459 5323 1,

1928 5333 2004 5395 ιε,
2039 5335 2115 5383 13.
2147 5358 2201 5368 —
2229 5332 2252 5367 ⁷
2277 5330 2425 5395 thid„
2460 5333 2535 5384 ιε.
2565 5355 2627 5370 -
2664 5332 2682 5362 ·
2712 5329 2845 5394 rob„
2874 5341 2927 5393 v,
2958 5332 3099 5382 2-15.

1992 5417 2064 5481 (a)
2097 5417 2221 5469 caet.
2248 5417 2371 5470 edit.
2395 5417 2662 5483 particeps.
