4059 6317
697 444 815 509 132

696 580 966 647 vulnera
998 579 1401 665 scapularum
1434 582 1632 646 totam
1665 598 1924 646 carnem
1963 580 2231 646 confun-

696 688 883 753 dunt.
927 710 960 748 ο

778 795 996 861 Τ61110
1045 796 1372 862 dextruxit
1443 795 1737 862 elationis
1809 796 2179 880 superbiam
2208 845 2226 876 ‚

697 903 1064 970 sustinendo
1153 903 1566 987 dejectionem
1587 953 1609 984 ,
1683 904 1820 971 sive
1877 904 2233 969 vilificatio-

696 1027 883 1091 nem,
952 1012 1022 1075 in
1064 1011 1501 1095 conspuitione
1540 1013 1560 1048 ¹
1612 1030 1630 1077 2
1688 1035 1720 1074 α
1752 1011 2112 1095 Expuentes
2162 1011 2232 1075 in

699 1134 848 1181 eum
872 1166 891 1197 ‚
923 1123 1298 1200 acceperunt
1345 1119 1727 1185 arundinem
1748 1167 1767 1199 ‚
1814 1123 1878 1183 et
1918 1119 2231 1202 percutie-

697 1224 854 1287 bant
878 1229 1067 1307 caput
1092 1228 1254 1308 ejus.
1288 1248 1320 1286 1
1342 1225 1503 1291 Miro
1531 1226 1704 1291 enim
1730 1226 1921 1293 modo
1945 1226 2233 1292 excelsus

697 1329 896 1395 Filius
932 1329 1043 1395 Dei
1080 1332 1408 1398 confundit
1444 1336 1728 1397 nostram
1774 1333 2137 1416 superbiam
2162 1332 2233 1396 in

697 1438 1072 1504 sustinendo
1123 1444 1457 1522 sputorum
1509 1438 2046 1520 abominationes,
2084 1458 2233 1523 quae

697 1549 850 1610 sunt
874 1546 1065 1628 signa
1095 1552 1398 1613 extremae
1436 1549 1804 1630 (163661101118
1833 1569 1850 1613 t
1881 1551 1958 1613 ut
1987 1548 2228 1629 111111118,

697 1657 1283 1737 quantumcumque
1296 1654 1525 1719 nobilis
1542 1658 1605 1719 et
1614 1654 1901 1720 excelsus
1913 1655 2228 1735 videatur,

697 1764 992 1825 vereatur
1014 1761 1096 1841 (α)
1119 1765 1375 1845 propter
1399 1763 1713 1827 honorem
1733 1762 1848 1827 Dei
1876 1763 2228 1842 humiliari,

697 1872 763 1934 et
797 1869 982 1953 dejici
1021 1870 1093 1936 in
1129 1877 1469 1955 conspectu
1506 1873 1864 1939 hominum.
1913 1872 2057 1938 Non
2080 1867 2232 1938 6111-

696 1978 910 2042 1168661
932 1996 1094 2060 ergo
1131 1981 1496 2046 membrum
1522 1981 1938 2064 dejectionem
1966 1980 2229 2046 humili-

699 2085 868 2166 tatis,
889 2103 1086 2168 quam
1103 2087 1283 2151 novit
1305 2089 1696 2171 praecessisse
1717 2089 1785 2152 in
1808 2089 2030 2173 capite.
2062 2088 2232 2153 Nihil

701 2192 874 2256 enim
896 2193 1238 2275 gloriosius
1257 2200 1457 2277 putet,
1476 2213 1675 2281 quam
1690 2196 2105 2280 opprobrium
2131 2195 2232 2261 sui

700 2299 925 2382 capitis
948 2307 1218 2383 portare.
2093 2319 2103 2330 ·

780 2405 1014 2471 Ultimo
1042 2407 1349 2474 subinfert
1372 2410 1643 2476 dolorosi
1670 2411 1964 2495 supplicii
1989 2412 2231 2476 acerbi-

699 2515 894 2576 tatem
912 2561 930 2592 ,
968 2531 1116 2579 cum
1163 2514 1313 2579 dicit
1350 2534 1368 2578 ε
1399 2517 1482 2583 Et
1511 2524 1850 2601 postquam
1874 2518 2233 2601 slaqelwve-

698 2620 872 2700 rint,
904 2620 1378 2688 occidentatem.
1408 2623 1617 2707 Hujus
1640 2625 1915 2690 dolorosi
1943 2625 2235 2709 supplicii

699 2726 1104 2792 acerbitatem
1140 2728 1415 2793 ostendit
1451 2731 1660 2812 primo
1695 2732 1991 2797 nobilitas
2035 2734 2237 2798 teneri

699 2834 834 2898 sive
871 2833 1116 2899 delicati
1152 2836 1419 2919 subjecti
1447 2840 1751 2904 veraciter
1776 2840 2104 2923 patientis3
2131 2860 2236 2906 se-

701 2941 913 3006 cundo
931 2991 950 3020 ‚
987 2942 1354 3023 malignitas
1380 2948 1414 3009 J
1419 2945 1626 3010 udaiei
1651 2949 1869 3030 populi
1903 2949 2239 3014 crudeliter

703 3047 1052 3127 saevienfis3
1099 3050 1290 3114 tertio
1307 3099 1325 3130 ,
1376 3053 1668 3118 atrocitas
1711 3055 1913 3119 amari
1949 3056 2239 3140 supplicii

707 3153 993 3219 celeriter
1018 3155 1407 3237 perimentis.

785 3259 1001 3327 Primo
1036 3262 1482 3329 vehementem
1513 3266 2000 3334 amaritudinem
2044 3271 2241 3353 hujus

703 3366 976 3434 dolorosi
1023 3370 1316 3453 supplicii
1367 3373 1638 3437 ostendit
1694 3375 1988 3440 nobilitas
2042 3377 2241 3440 teneri

705 3476 971 3557 subjecti
1011 3477 1317 3542 veraciter
1355 3480 1670 3560 patientis.
1717 3479 1815 3546 Ex
1854 3488 2034 3565 parte
2069 3483 2240 3547 enim

706 3582 918 3646 carnis
951 3587 1089 3647 erat
1129 3583 1484 3651 teneritudo
1522 3592 1771 3653 naturae
1797 3590 2035 3672 optime
2065 3608 2239 3655 com-

706 3687 1087 3770 plexionatae
1113 3711 1128 3755 ε
1154 3694 1217 3755 61
1241 3696 1482 3774 quanto
1496 3697 1726 3759 natura
1741 3696 2036 3777 tenerior,
2066 3702 2243 3764 tanto

705 3797 849 3879 ejus
875 3813 1065 3878 poena
1099 3796 1468 3864 dolorosior.
1512 3799 1775 3866 Ratione
1800 3807 2014 3868 autem
2043 3805 2244 3888 11113118

708 3903 1149 3969 teneritudinis
1208 3909 1453 3971 tantam
1513 3926 1773 3991 poenam
1825 3910 2060 3976 inflixit
2111 3913 2246 3978 sola

706 4009 1083 4093 imaginatio
1111 4013 1365 4095 11101118,
1396 4016 1568 4098 quod
1592 4018 1615 4051 ⁸
1649 4038 1681 4077 α
1704 4017 1905 4084 factus
1929 4023 2025 4084 est
2051 4022 2245 4087 sudor

707 4120 849 4202 ejus
888 4120 1050 4185 sicut
1103 4126 1306 4204 guttae
1355 4124 1690 4207 sanguinis
1744 4127 2134 4194 decurrentis
2174 4130 2245 4196 in

709 4228 950 4290 terram
981 4248 1053 4291 z»
1079 4245 1237 4309 ergo
1279 4229 1333 4292 si
1364 4233 1614 4295 tantum
1650 4232 1795 4297 fecit
1842 4235 1975 4298 sola
2016 4235 2246 4320 imagi-

709 4331 903 4411 natio,
951 4338 1264 4415 quantum
1291 4337 1649 4419 superaddit
1676 4338 2037 4419 degustatio
2068 4360 2242 4407 acer-

708 4436 989 4504 bissimae
1043 4442 1392 4524 passionis!
1431 4442 1528 4508 Ex
1569 4450 1745 4528 parte
1792 4448 1964 4512 enim
2017 4451 2247 4515 mentis

708 4549 847 4611 erat
889 4547 959 4611 in
1003 4566 1081 4613 eo
1132 4551 1496 4617 omnimoda
1546 4555 1782 4636 peccati
1828 4556 2238 4622 immunitas:

710 4671 858 4736 quae
884 4658 1100 4720 autem
1127 4675 1315 4739 poena
1341 4660 1517 4724 venit
1534 4658 1821 4742 indigne,
1852 4663 2122 4730 dolenda
2141 4684 2248 4731 ve·

711 4759 827 4837 nit,
870 4762 1222 4827 secundum
1247 4765 1420 4846 quod
1446 4764 1597 4830 dicit
1641 4766 2053 4850 Augustinus
2071 4771 2116 4836 ⁸.
2148 4771 2248 4837 Ex

711 4870 891 4947 parte
933 4869 1128 4933 etiam
1179 4871 1530 4937 amicabilis
1584 4874 1843 4940 unionis
1901 4877 2133 4943 animae
2185 4883 2249 4944 et

713 4972 921 5036 carnis
946 4973 1066 5038 fuit
1089 4976 1157 5039 in
1178 4994 1256 5041 eo
1285 4977 1688 5044 vehementia
1706 4982 2016 5049 dolorosae
2045 4985 2247 5050 afflic-

713 5077 904 5144 tionis
935 5100 953 5145 :
985 5080 1138 5164 quia
1165 5100 1312 5148 caro
1337 5087 1479 5168 ejus
1503 5084 1666 5151 nulli
1693 5092 1830 5154 erat
1854 5092 2247 5175 corruptioni

713 5185 990 5253 obnoxia
1044 5210 1060 5254 :
1112 5189 1254 5256 ideo
1299 5192 1513 5258 anima
1564 5194 1805 5261 fortiori
1859 5200 2138 5265 amicitia
2189 5201 2250 5265 ei

775 5346 796 5383 ¹
821 5349 1029 5415 nauh..
1060 5362 1237 5418 xxm,
1273 5355 1354 5405 30.
1392 5382 1457 5393 —
1499 5355 1523 5391 ¹
1547 5353 1684 5421 Lucl,
1712 5369 1853 5424 xxn,
1882 5361 1961 5411 44.
1991 5388 2057 5399 —
2085 5362 2106 5392 ⁸
2140 5364 2248 5416 lmo

715 5416 874 5472 Poeta
918 5437 932 5474 2
975 5425 1100 5484 Quoe
1148 5426 1288 5478 venit
1334 5427 1569 5494 indigne,
1618 5443 1772 5495 poena
1817 5432 2040 5486 dolenda
2087 5437 2246 5487 venit.

1788 441 2200 512 SERMONES
2240 442 2343 512 DE
2382 441 2782 513 TEMPORE.

2332 583 2863 665 conjungebatur.
2925 582 3044 649 Ubi
3077 586 3293 648 autem
3338 583 3544 664 major
3580 598 3754 647 amor
3785 581 3848 646 in

2335 691 2775 773 conjunctione
2792 740 2812 770 ‚
2856 691 2945 754 ibi
2997 693 3205 773 major
3259 689 3438 755 dolor
3489 690 3561 753 in
3608 707 3849 772 separa-

2336 796 2507 862 tione
2548 818 2564 860 :
2604 809 2665 862 et
2710 798 2953 863 ratione
2996 798 3192 879 hujus
3232 814 3365 861 non
3403 797 3521 861 fuit
3559 796 3676 861 sub
3710 796 3853 861 coelo

2337 902 2517 967 dolor
2555 904 2779 969 similis
2801 952 2821 982 ‚
2855 906 3017 970 sicut
3045 904 3226 971 dolor
3259 905 3514 970 Christi.
3544 904 3642 969 Ad
3681 906 3853 986 cujus

2336 1012 2803 1094 expressionem
2833 1014 3110 1078 clamans
3126 1017 3189 1078 et
3203 1013 3564 1096 lacrymans
3580 1014 3858 1074 mortuus

2336 1122 2433 1182 est
2461 1138 2477 1180 ε
2507 1118 2618 1201 qui
2644 1119 2969 1184 horribilis
2993 1119 3233 1184 clamor
3260 1120 3452 1184 etiam
3479 1117 3631 1200 ipsis
3656 1117 3854 1181 insen-

2337 1226 2628 1290 sibilibus
2656 1227 2987 1292 videbatur
3016 1227 3301 1292 incutere
3326 1228 3683 1303 horrorem,
3708 1242 3861 1307 quo-

2338 1335 2517 1398 niam
2561 1351 2694 1399 non
2727 1338 2978 1399 tantum
3017 1334 3234 1398 velum
3262 1332 3515 1415 templi,
3545 1333 3656 1397 sed
3682 1332 3863 1396 etiam

2340 1446 2537 1524 petrae
2564 1441 2774 1506 scissae
2797 1445 2971 1522 sunt,
3002 1445 3065 1506 et
3089 1442 3183 1507 sol
3209 1442 3584 1507 obscuratus
3611 1443 3727 1505 est.
3752 1437 3868 1503 Sed

2339 1552 2506 1615 hanc
2544 1549 3021 1633 lacrymabilem
3056 1568 3281 1614 vocem
3306 1566 3438 1614 non
3463 1548 3734 1613 audiunt
3758 1547 3865 1611 ho·

2340 1658 2546 1722 mines
2563 1705 2581 1737 ‚
2614 1658 2729 1740 qui
2756 1657 3045 1722 duriores
3071 1662 3220 1722 sunt
3245 1656 3400 1739 ipsis
3421 1655 3760 1738 lapidibus,
3791 1652 3872 1717 De

2342 1764 2463 1827 ista
2516 1781 2670 1828 vero
2719 1764 3032 1828 occisione
3078 1762 3160 1827 ad
3204 1763 3482 1827 litteram
3531 1762 3765 1826 dicitur
3809 1759 3870 1823 in

2339 1871 2521 1937 Isaia
2546 1877 2569 1911 ⁴
2600 1888 2619 1932 t
2658 1894 2689 1932 ι
2716 1870 2892 1935 Sicut
2934 1870 3073 1935 ovis
3115 1871 3196 1934 ad
3228 1870 3604 1934 occisionem
3649 1868 3874 1936 ductus

2339 1982 2456 2056 est,
2482 1981 2546 2042 et
2559 1979 2742 2061 quasi
2760 1995 2971 2059 agnus
2988 1995 3203 2041 coram
3227 1978 3523 2041 tondente
3548 1993 3616 2039 se
3643 1975 3874 2039 obmu-

2340 2088 2555 2149 tescet.
2587 2106 2619 2144 »
2658 2085 2811 2151 Ovis
2835 2087 2929 2149 est
2944 2083 3227 2148 Christus
3265 2083 3511 2147 ratione
3540 2080 3877 2146 tractabili-

2344 2192 2489 2256 tatis
2514 2196 2579 2256 et
2603 2192 2920 2275 patientiae
2939 2213 2956 2271 ;
2986 2191 3096 2255 sed
3108 2206 3316 2273 aquus
3332 2190 3575 2254 ratione
3587 2187 3880 2271 puritatis

2340 2304 2403 2364 61
2424 2300 2804 2364 innocentiae
2827 2348 2844 2376 ‚
2892 2300 3078 2381 cujus
3110 2298 3354 2363 ratione
3380 2300 3628 2379 peccata
3654 2293 3880 2359 mundi

2341 2407 2507 2473 tulit.
2531 2407 2709 2473 Unde
2734 2408 3020 2490 sequitur
3040 2408 3064 2442 ⁸
3087 2428 3103 2470 ε
3131 2429 3163 2468 α
3179 2405 3303 2470 Pro
3318 2422 3418 2481 e0‚
3437 2404 3603 2488 quod
3622 2401 3882 2467 tradidit

2341 2516 2411 2579 in
2444 2519 2714 2580 mortem
2741 2516 3020 2580 animam
3051 2532 3259 2593 suam,
3292 2516 3530 2577 etcum
3565 2509 3884 2575 sceleratis

2342 2622 2677 2705 deputatus
2717 2625 2813 2687 est
2856 2643 2871 2685 ε
2926 2626 2991 2688 61
3034 2622 3171 2704 ipse
3223 2623 3478 2703 peccata
3531 2618 3883 2683 multorum

2343 2731 2510 2811 tulit,
2539 2738 2604 2795 et
2623 2749 2739 2814 pro
2766 2730 3343 2813 transgressoribus
3371 2728 3598 2793 oravit.
3626 2748 3661 2787 ι

2404 2837 2717 2903 ‘Secundo
2758 2838 3205 2902 vehementem
3247 2835 3654 2900 acerbitatem
3690 2833 3887 2913 11113118

2349 2945 2624 3010 (10101081
2651 2943 2945 3027 supplicii
2972 2943 3248 3008 ostendit
3270 2941 3636 3022 malignitas
3666 2938 3886 3023 populi

2346 3053 2379 3118 J
2387 3053 2592 3118 udaiei
2629 3051 2968 3117 crudeliter
3004 3050 3346 3115 saevientis.
3395 3049 3672 3113 Multum
3715 3048 3886 3113 enim

2349 3161 2698 3226 saevierunt
2731 3158 3018 3224 crudeles
3043 3158 3077 3224 J
3082 3157 3251 3223 udaei
3284 3179 3299 3221 z
3331 3174 3483 3220 nam
3516 3158 3659 3237 ejus
3702 3170 3890 3220 aures

2347 3267 2733 3333 clamoribus
2756 3265 3247 3349 opprobriorum
3276 3262 3729 3347 impleverunt,
3752 3264 3892 3344 ejus

2346 3375 2572 3441 faciem
2618 3372 3196 3439 abominationibus
3237 3374 3571 3454 sputorum
3599 3367 3895 3433 sordida·

2348 3486 2614 3562 verunt,
2646 3483 2788 3564 ejus
2813 3483 3001 3562 caput
3041 3476 3640 3561 compunctionibus
3672 3475 3889 3558 spina-

2348 3607 2498 3654 rum
2525 3591 2878 3670 fregerunt,
2898 3586 3170 3671 propriis
3181 3585 3469 3650 humeris
3491 3602 3679 3648 suam
3708 3583 3895 3665 igno·

2352 3696 2617 3761 miniam
2669 3695 2874 3760 crucis
2922 3698 3176 3777 portare
3229 3691 3513 3756 fecerunt
3527 3737 3548 3769 ,
3577 3691 3725 3773 ejus
3753 3707 3891 3754 ma-

2349 3804 2534 3868 xillas
2585 3801 2910 3883 sacrilegis
2963 3800 3257 3864 manibus
3306 3801 3797 3882 percusserunt,
3828 3797 3896 3861 in

2351 3909 2456 3973 siti
2497 3927 2616 3973 sua
2648 3905 2790 3972 felle
2824 3909 2889 3970 61
2926 3909 3103 3970 66610
3149 3923 3301 3970 611111
3343 3907 3777 3986 potaverunt,
3831 3903 3900 3966 et

2352 4016 2524 4100 quod
2551 4016 2698 4099 plus
2724 4018 2841 4093 est,
2870 4013 3003 4078 solo
3027 4014 3159 4079 zelo
3187 4012 3449 4078 invidiae
3473 4028 3626 4075 eum
3653 4009 3897 4075 occide·

2352 4130 2540 4206 runt,
2595 4124 2945 4190 secundum
3005 4123 3177 4206 quod
3220 4123 3574 4204 figuratum
3630 4123 3776 4183 erat
3827 4118 3897 4182 in

2353 4233 2663 4299 occisione
2688 4230 2871 4309 Abel,
2889 4230 2967 4295 de
2995 4248 3125 4313 quo
3149 4230 3382 4295 dicitur
3408 4234 3472 4292 ⁸:
3512 4250 3543 4287 α
3571 4224 3753 4301 Cain,
3783 4225 3894 4306 qui

2354 4360 2437 4407 ex
2462 4341 2744 4423 maligno
2772 4343 2929 4419 erat,
2959 4338 3183 4403 occidit
3207 4337 3466 4401 fratrem
3489 4352 3710 4399 suum.
3745 4333 3896 4398 Pro-

2353 4454 2493 4531 pter
2546 4448 2703 4531 quid
2762 4450 2979 4510 autem
3035 4444 3261 4509 occidit
3316 4460 3469 4507 eum
3494 4447 3522 4504 ‘i
3574 4439 3896 4517 Quoniam

2354 4573 2548 4639 opera
2569 4557 2709 4637 ejus
2728 4552 3010 4634 maligna
3032 4554 3234 4631 erant,
3257 4549 3470 4614 1161118
3489 4550 3630 4631 63118
3640 4549 3844 4628 justa.
3857 4567 3889 4605 n

2358 4663 2702 4728 Perversus
2744 4659 2894 4724 Cain
2911 4707 2930 4739 ,
2973 4658 3087 4741 qui
3112 4657 3339 4722 occidit
3355 4659 3605 4739 justum
3630 4654 3897 4718 tratrem

2356 4788 2552 4836 suum
2593 4769 2726 4834 solo
2770 4767 2903 4832 zelo
2938 4765 3228 4845 invidiae,
3261 4764 3505 4827 ratione
3539 4779 3677 4826 suae
3707 4760 3896 4824 mali-

2356 4875 2639 4959 gnitatis,
2660 4877 2877 4957 signat
2898 4872 3207 4956 populum
3229 4869 3585 4949 Judaicum,
3607 4865 3903 4951 01110661-

2356 4984 2451 5049 dit
2475 4984 2792 5049 Christum
2819 4985 3046 5046 natum
3072 4980 3151 5045 de
3176 4977 3411 5063 populo
3455 4980 3521 5041 et
3550 4980 3749 5057 gente
3777 4973 3901 5040 Ju-

2357 5092 2569 5172 1161116,
2598 5090 2892 5157 invidens
2915 5087 3104 5153 bonis
3134 5086 3434 5170 operibus
3467 5083 3630 5166 ejus.
3663 5081 3747 5146 Et
3777 5080 3903 5145 hoc

2356 5287 2420 5301 -—
2459 5263 2644 5385 bulso„
2696 5271 2821 5326 un,
2869 5261 2918 5312 7.
2963 5284 3025 5297 -
3070 5259 3094 5295 ⁸
3145 5255 3294 5320 ibid„
3345 5258 3424 5305 ¹2.
3471 5278 3538 5291 --
3586 5253 3607 5284 ⁸
3654 5253 3677 5302 1
3728 5250 3899 5315 loen„

2359 5345 2442 5398 111,
2537 5371 2551 5383 .

2420 5437 2492 5503 (α)
2520 5436 2644 5489 eat.
2672 5436 2793 5488 edit.
2821 5432 3174 5486 verecundari.
