4059 6317
1123 470 1205 537 IN
1245 469 1608 536 SABBATO
1653 468 1979 538 SANCTO.
2025 470 2289 538 SERMO
2335 471 2386 536 1.
3235 480 3351 539 207

216 615 323 686 tnr;
350 609 410 672 in
433 610 584 673 atrio
612 608 869 691 Caiphae
898 607 1304 690 conspuitur3
1325 606 1399 668 in
1426 604 1701 687 hospitio

213 715 432 779 Herodis
460 715 784 792 illuditur3
815 715 883 778 in
918 713 1216 797 praetorio
1260 711 1445 777 Pilati
1473 710 1702 792 flagel-

209 822 364 900 latur,
390 822 859 900 condemnatur,
908 824 1026 885 etc.
1059 819 1132 884 In
1171 820 1280 884 via
1311 837 1474 883 crux
1515 819 1596 882 ab
1624 835 1700 881 eo

209 930 481 1011 bajulatur
493 949 512 1010 3
561 930 632 992 in
678 927 995 1010 Golgotha
1053 928 1473 1008 crucifigitur.
1539 926 1700 989 Item

207 1045 421 1118 propter
463 1035 584 1100 loci
644 1036 1108 1118 turpitudinem
1155 1037 1174 1070 ¹
1230 1058 1245 1098 ε
1298 1056 1329 1095 (ι
1372 1033 1587 1098 Exivit
1632 1033 1700 1095 in

208 1162 348 1221 eum,
374 1144 474 1227 qui
509 1143 742 1208 dicitur
784 1142 1090 1208 Calvariae
1127 1143 1338 1220 locuS,
1389 1163 1419 1199 n
1455 1140 1567 1223 qui
1609 1139 1702 1203 sic

207 1251 374 1315 dictus
415 1256 500 1315 est
539 1258 804 1334 propter
844 1250 1154 1314 calvarias
1198 1247 1697 1313 decalvatorum.

209 1355 397 1440 Turpis
423 1375 577 1439 ergo
616 1362 713 1423 est
745 1357 926 1422 locus
959 1356 1110 1436 iste,
1155 1360 1218 1420 et
1261 1358 1520 1438 propter
1565 1357 1701 1418 tor-

207 1467 414 1545 menta,
451 1471 512 1529 et
550 1469 815 1548 propter
863 1464 1173 1529 cadavera
1228 1462 1699 1527 damnatorum.

208 1571 334 1637 item
359 1579 602 1656 propter
626 1574 1033 1639 altitudinem
1061 1597 1075 1636 :
1116 1574 1185 1636 in
1211 1573 1339 1637 alto
1367 1571 1539 1636 enim
1569 1590 1703 1635 sus-

206 1681 482 1762 penditur,
522 1686 597 1745 ut
635 1681 1038 1747 manifestius
1078 1679 1529 1744 confundatur.
1578 1677 1698 1742 Sed

204 1788 346 1869 quod
368 1787 450 1850 illi
472 1789 551 1852 ad
579 1789 1041 1865 confusionem,
1071 1787 1361 1851 Christus
1407 1787 1486 1849 ad
1531 1785 1703 1850 salu-

203 1898 310 1959 tem
333 1896 481 1959 iecit.
510 1895 877 1961 Bernartius
898 1897 920 1931 ³
951 1916 968 1958 ε
1010 1918 1041 1955 α
1070 1893 1144 1958 In
1175 1894 1376 1958 altum
1416 1893 1705 1957 Christus

204 2003 460 2082 ascendit,
487 2007 555 2068 ut
584 2005 667 2067 ab
704 2003 1080 2067 hominibus
1105 2002 1449 2066 videretur.
1486 1999 1704 2066 Valide

205 2108 493 2188 clamavit,
539 2115 614 2176 ut
661 2113 742 2175 ab
801 2110 1102 2175 omnibus
1153 2109 1501 2173 audiretur.
1564 2107 1699 2173 Cla-

205 2219 340 2280 mori
376 2218 683 2301 lacrymas
715 2217 987 2297 addidit,
1024 2222 1099 2281 ut
1140 2217 1337 2281 homo
1379 2218 1700 2297 compate-

205 2328 371 2389 retur.
402 2347 432 2385 n

265 2432 492 2499 Decimo
519 2433 672 2499 vide
708 2452 838 2515 quo
874 2436 1161 2515 tempore
1201 2432 1480 2515 patitur;
1512 2434 1574 2496 et
1600 2430 1705 2494 hic

201 2540 298 2604 tria
319 2542 537 2625 collige
559 2544 945 2624 fragmenta.
972 2540 1251 2623 Tempus
1270 2540 1442 2605 enim
1474 2557 1706 2620 aggra-

201 2654 287 2711 vat
324 2649 544 2714 Christi
588 2651 947 2733 passionem
975 2649 997 2684 ⁸
1032 2666 1049 2711 ε
1091 2672 1120 2707 (ι
1162 2646 1426 2712 vocavit
1474 2645 1700 2711 adver-

197 2773 316 2819 sum
341 2776 440 2822 me
465 2763 741 2841 tempus.
772 2779 802 2816 ι)
838 2757 1174 2838 Aggravat
1204 2760 1417 2820 autem
1446 2761 1705 2838 propter

198 2862 310 2926 faeti
373 2866 925 2947 magnitudinem,
988 2867 1245 2946 propter
1302 2862 1474 2945 quod
1519 2863 1707 2926 multi

195 2977 596 3037 convenerunt
636 2973 708 3036 in
740 2972 1117 3051 Jerusalem,
1151 2975 1223 3034 ut
1248 2989 1463 3035 coram
1508 2969 1705 3053 pluri·

195 3076 294 3141 bus
316 3080 822 3158 inhonoraretur,
862 3081 929 3143 in
961 3099 1094 3163 quo
1116 3083 1405 3162 tempore
1434 3079 1702 3159 gravius

195 3192 270 3249 est
292 3188 483 3270 affligi
508 3194 533 3230 ⁴
565 3210 582 3253 ε
623 3212 656 3250 α
685 3187 965 3271 Tempus
991 3188 1207 3267 flendi,
1240 3192 1304 3252 et
1333 3190 1586 3268 tempus
1612 3185 1700 3249 ri-

193 3291 369 3358 dendi.
419 3318 450 3357 n
493 3297 656 3362 Item
700 3301 959 3380 propter
1007 3296 1299 3378 supplicii
1357 3292 1706 3374 longitudi-

191 3416 317 3465 nem
345 3427 358 3468 ε
389 3423 616 3488 passus
651 3408 747 3469 est
773 3423 888 3487 per
933 3408 1130 3468 totam
1157 3407 1446 3481 noctem,
1496 3404 1561 3465 et
1589 3417 1705 3483 per

190 3505 332 3574 diem
346 3530 552 3596 usque
570 3512 654 3577 ad
678 3512 909 3576 horam
926 3528 1186 3590 nonam,
1209 3528 1339 3593 qua
1358 3508 1699 3591 expiravit.

191 3612 485 3685 Psalmus⁸
517 3643 533 3684 z
568 3644 600 3683 α
629 3620 739 3684 Die
767 3638 841 3683 ac
866 3623 1073 3699 nocte,
1108 3640 1139 3678 ι)
1171 3622 1289 3682 etc.
1324 3617 1484 3680 Item
1510 3634 1700 3699 prop-

187 3728 266 3787 ter
285 3727 569 3792 beneficii
594 3726 1130 3809 ingratitudinem
1156 3748 1171 3790 ι
1204 3724 1316 3789 illo
1342 3724 1517 3788 enim
1545 3727 1705 3788 tem-

187 3847 316 3911 pore
340 3853 379 3898 a
408 3834 652 3900 Judaeis
689 3835 963 3916 patitur,
1010 3851 1139 3916 quo
1169 3850 1278 3897 eos
1304 3832 1382 3896 de
1421 3831 1703 3914 AEgypto

185 3935 489 4022 liberavit3
534 3942 802 4024 insuper
831 3941 939 4006 illo
968 3940 1069 4005 die
1093 3941 1317 4005 anima
1341 3941 1700 4024 expiravit,

186 4061 294 4127 quo
315 4048 562 4114 homini
590 4050 875 4113 animam
911 4048 1275 4131 inspiravit3
1315 4047 1425 4112 illo
1451 4047 1554 4112 die
1580 4047 1702 4110 ho-

186 4170 273 4217 mo
293 4154 457 4221 latus
481 4161 539 4242 ej
549 4177 627 4223 us
669 4156 1016 4237 transfigit,
1062 4175 1191 4239 quo
1218 4155 1297 4219 de
1335 4155 1535 4220 latere
1562 4173 1703 4219 ma-

184 4261 323 4326 trem
344 4266 640 4330 omnium
668 4264 1038 4328 transmisit.

249 4368 584 4437 Undecimo
611 4373 758 4437 vide
786 4389 916 4454 quo
950 4372 1162 4435 fructu
1193 4371 1468 4453 patitur3
1510 4369 1704 4434 ethic

182 4476 525 4564 triacollige
551 4482 961 4563 fragmenta:
990 4497 1213 4562 passus
1241 4482 1356 4555 est,
1392 4482 1464 4542 ut
1491 4476 1702 4560 passio

183 4600 281 4647 sua
302 4593 459 4652 esset
486 4589 772 4672 pretium
808 4585 1289 4669 redemptioniS‚
1322 4585 1587 4666 signum
1617 4584 1704 4646 di-

182 4687 457 4774 lectionis,
487 4694 863 4779 exemplum
886 4693 1275 4757 imitationis,
1303 4691 1391 4755 De
1409 4691 1617 4774 primo
1637 4690 1698 4755 ⁶:

189 4817 215 4856 e
251 4798 380 4866 Non
417 4801 942 4887 corruptibilibus
967 4850 984 4879 ‚
1028 4822 1059 4860 n
1109 4805 1228 4865 etc.
1282 4798 1458 4864 Unde
1503 4817 1704 4880 grave

181 4909 278 4985 est,
304 4911 455 4992 quia
481 4915 737 4975 tantum
763 4908 1041 4993 pretium
1069 4907 1138 4971 in
1180 4906 1400 4971 multis
1442 4910 1539 4970 est
1565 4923 1701 4987 per·

180 5010 381 5081 ditum.
427 5017 798 5084 Bernartius
840 5018 864 5053 ⁷
912 5039 926 5081 :
981 5040 1011 5078 c
1049 5015 1255 5080 Flevit
1306 5014 1593 5079 Christus
1635 5016 1703 5075 in

182 5138 379 5205 cruce,
426 5128 582 5210 quia
625 5145 779 5190 cum
825 5124 1032 5209 passio
1074 5142 1194 5187 sua
1235 5122 1557 5186 sufficeret
1596 5139 1699 5185 re-

233 5252 249 5283 ¹
272 5252 471 5316 Bauli„
504 5263 684 5316 xxvii,
721 5253 806 5301 33.
833 5275 893 5286 —
927 5250 950 5284 ²
977 5250 1129 5300 Bern.
1156 5276 1220 5285 —
1255 5247 1278 5283 ⁸
1311 5247 1510 5307 ΤΙινεπ..
1542 5259 1587 5311 1,
1622 5248 1700 5298 ¹5.

183 5344 236 5355 —
256 5320 278 5356 ὓ
307 5324 483 5381 ΕσεΙε..
512 5336 569 5389 11,
602 5327 705 5375 3-4.
733 5349 799 5360 —-
825 5324 843 5353 ⁸
867 5321 1003 5374 Psal.
1035 5333 1183 5385 xxxi,
1210 5323 1256 5370 4.
1282 5346 1346 5357 —
1371 5321 1392 5355 Β
1425 5321 1440 5370 Ι
1468 5321 1626 5381 Ρείν.,
1664 5333 1703 5385 1,

185 5394 249 5443 18.
282 5420 338 5431 -
385 5396 408 5432 ⁷
454 5398 606 5447 Bem.
653 5421 715 5433 -
765 5397 785 5424 ⁸
821 5395 986 5454 loun„
1034 5405 1116 5456 xv,
1158 5396 1235 5441 13.
1281 5419 1344 5430 —
1385 5393 1407 5426 ⁹
1452 5393 1604 5443 Bern.
1644 5418 1700 5427 —

184 5465 219 5496 ¹*
249 5466 372 5519 Paul.
421 5477 579 5532 cvm,
613 5470 663 5519 5.
704 5491 772 5503 —
818 5468 859 5499 ¹¹
898 5465 913 5514 l
953 5465 1112 5528 Petr„
1151 5475 1219 5527 n,
1261 5466 1339 5513 21.
1373 5488 1437 5500 —
1477 5463 1513 5493 ¹²
1549 5465 1702 5525 Aug„

1816 606 2166 690 demptioni
2186 607 2503 684 omnium,
2519 605 2755 689 profuit
2771 607 2841 670 in
2857 607 3357 691 redemptionem

1814 732 2188 797 paucorum.
2224 737 2253 773 ι)
2289 715 2371 779 De
2398 714 2674 779 secundo
2701 720 2724 755 ⁸
2757 737 2771 777 :
2814 737 2845 775 α
2889 713 3191 797 Majorem
3239 716 3358 780 hac

1812 821 2242 901 dilectionem,
2272 846 2303 883 1>
2336 827 2454 888 etc.
2490 822 2851 889 Bernardus
2878 825 2900 859 ⁹
2934 847 2949 888 ε
2990 848 3021 886 α
3066 825 3360 890 Suffecis-

1814 931 1909 990 set
1935 929 2016 993 ad
2041 929 2544 1013 redemptionem
2565 930 2835 993 humani
2860 931 3116 1011 generis
3145 931 3327 995 minu
3344 965 3359 973 -

1814 1033 2061 1098 tissima
2090 1041 2275 1117 gutta
2302 1037 2636 1117 sanguinis
2663 1036 2889 1100 Christi
2911 1060 2926 1115 ;
2959 1037 3069 1102 sed
3096 1038 3242 1102 data
3265 1043 3361 1103 est

1813 1141 2017 1224 copia,
2051 1147 2124 1207 ut
2150 1163 2231 1208 ex
2260 1143 2674 1208 inundatione
2691 1144 3004 1224 beneficii,
3031 1144 3242 1208 virtus
3269 1146 3360 1209 in-

1812 1253 2163 1313 notesceret
2181 1251 2527 1333 diligentiS.
2556 1274 2586 1310 ³>
2614 1251 2791 1315 Unde
2813 1270 3015 1333 grave
3044 1256 3159 1332 est,
3187 1253 3359 1335 quod

1811 1357 2067 1419 tantum
2087 1356 2386 1437 diligenS‚
2412 1360 2663 1420 tantum
2683 1357 2915 1422 oditur.
2946 1357 3238 1422 Psalmus
3259 1360 3305 1396 ²⁰
3337 1381 3352 1423 ε

1817 1484 1846 1523 α
1887 1462 2242 1528 Posuerunt
2281 1465 2624 1529 adversum
2667 1484 2771 1529 me
2815 1466 3006 1546 mala,
3050 1488 3080 1527 n
3118 1472 3235 1531 etc.
3271 1467 3358 1531 De

1812 1570 1999 1633 tertio
2030 1571 2073 1611 ¹¹
2115 1592 2130 1635 ε
2171 1594 2201 1630 α
2229 1571 2518 1637 Christus
2545 1592 2766 1655 passus
2806 1579 2899 1638 est
2940 1594 3055 1657 pro
3082 1576 3291 1653 nobiS,
3322 1596 3354 1635 n

1815 1681 1934 1740 etc.
1967 1676 2374 1759 Augustinus
2419 1680 2463 1714 ¹¹
2507 1700 2522 1742 ε
2565 1702 2595 1739 α
2622 1682 2999 1745 Extremum
3044 1682 3354 1746 moriendi

1815 1801 2028 1864 genus
2071 1784 2265 1866 elegit
2304 1785 2624 1864 ChristUS,
2677 1792 2752 1851 ut
2792 1770 3037 1852 nuliam
3085 1794 3359 1854 mortem

1813 1894 2129 1974 martyres
2176 1891 2613 1957 formidarent.
2672 1915 2702 1951 n
2758 1893 2936 1958 Unde
2989 1914 3191 1977 grave
3238 1897 3360 1961 fuit

1814 1997 1984 2079 quod
2020 1998 2267 2062 fructus
2312 2000 2679 2064 imitationis
2718 2002 2929 2066 statim
2976 2003 3044 2066 in
3076 2004 3355 2086 discipu-

1812 2102 1906 2167 los
1932 2103 2012 2186 (a)
2047 2110 2389 2171 evacuatus
2413 2109 2553 2187 fuit,
2580 2110 2836 2191 quando
2855 2109 3072 2174 relicto
3090 2128 3188 2190 eo,
3209 2128 3357 2176 om-

1811 2229 1925 2275 nes
1949 2212 2283 2293 fugerunt,
2311 2218 2374 2278 et
2401 2213 2628 2278 Petrus
2655 2234 2810 2280 eum
2830 2217 3111 2298 negavit.

1892 2317 2276 2385 Duodecimo
2304 2321 2450 2386 vide
2476 2324 2742 2388 modum
2773 2324 3107 2406 passionis,
3131 2324 3355 2390 Modus

1811 2427 1984 2490 enim
2013 2428 2132 2492 fuit
2159 2433 2379 2493 contra
2403 2435 2690 2495 nostram
2718 2431 3085 2514 superbiam
3112 2432 3352 2515 turpis-

1812 2533 2016 2597 simus
2055 2536 2100 2571 ¹³
2136 2557 2151 2600 :
2215 2559 2244 2596 α
2271 2536 2473 2602 Morte
2516 2539 2922 2621 turpissima,
2954 2562 2985 2600 o
3031 2546 3149 2604 etc.
3193 2540 3352 2604 Item

1812 2645 2037 2706 contra
2056 2644 2391 2707 avaritiam
2424 2644 2770 2708 humanam
2791 2648 3242 2729 pauperrimus
3264 2647 3306 2683 ¹⁸
3333 2669 3349 2710 ε

1820 2773 1852 2810 α
1880 2749 2231 2816 Recordare
2271 2754 2682 2835 paupertatis.
2713 2776 2744 2814 n
2782 2754 2943 2819 Item
2979 2761 3200 2819 contra
3229 2755 3352 2819 hu-

1813 2874 2072 2922 manam
2098 2858 2428 2923 lasciviam
2457 2860 2808 2926 acerrimus
2833 2862 2878 2902 ¹⁵
2903 2884 2917 2925 ε
2944 2884 2975 2923 α
3004 2861 3354 2926 Recordare

1811 2967 2227 3048 paupertatis,
2255 2967 2558 3031 absinthii
2586 2973 2649 3031 et
2682 2967 2868 3048 fellis,
2898 2991 2927 3028 n
2954 2968 3120 3032 sicut
3148 2967 3355 3032 multi-

1811 3075 2060 3156 pliciter
2084 3079 2278 3158 patet,
2307 3077 2660 3157 specialiter
2687 3078 2987 3142 tamenin
3012 3078 3355 3143 durissima

1812 3183 2195 3248 distensione
2226 3185 2664 3250 membrorum
2694 3185 2764 3248 in
2807 3205 3016 3251 cruce.
3062 3186 3354 3251 Psalmis-

1811 3294 1880 3354 ta
1907 3292 1952 3326 ¹⁰
1985 3313 2000 3355 ε
2029 3314 2061 3352 α
2094 3280 2678 3358 Dinumeraverunt
2704 3296 2918 3358 omnia
2946 3313 3088 3358 ossa
3119 3313 3284 3358 mea.
3313 3316 3344 3353 »

1813 3396 2031 3463 Glossa
2060 3399 2105 3435 ¹⁷
2139 3423 2210 3464 :a
2235 3400 2374 3465 Non
2402 3405 2648 3485 poterat
2674 3402 2905 3466 melius
2926 3401 3197 3466 describi
3225 3418 3357 3466 cor·

1812 3506 1985 3589 poris
2012 3510 2298 3573 extensio
2321 3509 2391 3572 in
2418 3507 2624 3591 ligno.
2652 3531 2682 3569 n
2720 3508 2843 3575 Sed
2870 3510 3088 3574 omnia
3115 3511 3254 3575 haec
3276 3509 3357 3573 ad

1811 3613 2085 3678 salutem
2112 3619 2398 3679 nostram
2427 3616 2713 3699 protulit.

2028 3848 2128 3923 IN
2200 3848 2661 3924 SABBATO
2729 3849 3133 3925 SANGTO.

2236 4019 2524 4089 SERMO
2576 4019 2921 4091 PRIMUS.

1890 4153 2221 4235 Requievit
2233 4155 2403 4221 Deus
2429 4154 2536 4221 die
2560 4159 2833 4237 septimo
2852 4156 2921 4235 ¹⁸,
2943 4158 3062 4219 etc.
3084 4154 3262 4220 Sicut
3282 4154 3352 4219 in

1811 4262 2129 4325 creatione
2172 4262 2398 4326 mundi
2442 4263 2609 4327 Deus
2661 4264 2987 4328 hominem
3027 4266 3210 4328 sexta
3252 4264 3353 4328 die

1812 4366 2080 4444 creavit,
2120 4366 2209 4429 ita
2242 4367 2312 4429 in
2349 4370 2560 4446 sexta,
2601 4367 2766 4430 sicut
2804 4366 2976 4445 heri,
3023 4368 3355 4432 hominem

1812 4474 2146 4537 recreavit.
2180 4473 2429 4537 Creavit
2463 4474 2789 4537 hominem
2830 4474 3196 4558 inspirando
3240 4477 3284 4511 ¹⁹
3334 4497 3349 4539 ε

1821 4601 1850 4637 α
1881 4578 2222 4662 Inspiravit
2246 4580 2315 4644 in
2341 4580 2566 4644 faciem
2593 4582 2648 4664 ej
2660 4599 2758 4662 us,
2790 4604 2821 4642 ι»
2858 4588 2977 4647 etc.
3027 4582 3356 4651 Recreavit

1812 4690 2030 4750 autem
2056 4687 2406 4769 expirando
2431 4687 2512 4769 (b)
2538 4688 2585 4723 ¹⁰
2625 4711 2640 4752 ε
2682 4712 2713 4750 α
2746 4689 2995 4755 Emissa
3019 4708 3174 4755 voce
3206 4708 3353 4754 ma-

1811 4815 1965 4878 gna,
1998 4796 2336 4879 expiravit.
2384 4819 2414 4855 1>
2452 4797 2602 4863 Heri
2645 4818 2804 4881 ergo
2843 4806 3023 4865 sexta
3051 4801 3154 4864 die
3190 4818 3352 4883 opus

1811 4904 2263 4985 redemptionis
2295 4904 2667 4988 complevit3
2703 4909 2811 4973 sed
2843 4909 3028 4974 hodie
3056 4908 3347 4992 septima,

1812 5010 1893 5073 ab
1920 5028 2111 5093 opere
2136 5012 2208 5074 in
2244 5012 2581 5096 sepulchro
2615 5016 2883 5097 quievit.
2924 5015 3348 5082 Consideran-

1813 5155 1998 5204 Enarr.
2029 5156 2083 5203 in
2110 5153 2248 5204 Psal.
2284 5166 2426 5219 unt,
2455 5170 2506 5207 n.
2544 5162 2588 5221 1,
2613 5161 2781 5221 quoad
2808 5172 3032 5209 sensum.
3057 5185 3118 5196 -
3141 5159 3185 5195 ¹³
3209 5159 3352 5223 Sap„

1817 5238 1883 5289 υ,
1917 5228 1997 5275 2ο.
2027 5250 2090 5261 -
2116 5225 2159 5260 ¹⁸
2187 5225 2383 5288 Thr-en„
2413 5237 2492 5286 111,
2524 5231 2601 5279 19.
2632 5255 2693 5265 —-
2718 5229 2908 5281 ¹⁵1bid.
2930 5256 2991 5267 —
3012 5231 3054 5267 ¹⁸
3077 5230 3212 5281 Psal.
3240 5241 3352 5294 xxx,

1821 5301 1892 5349 18.
1924 5323 1985 5334 —
2033 5296 2070 5331 ¹⁷
2102 5296 2267 5346 Gloss.
2310 5298 2477 5348 interl.
2509 5300 2559 5347 in
2589 5300 2727 5352 hunc
2754 5303 2853 5352 loc.
2879 5328 2942 5339 -
2970 5304 3009 5336 ¹⁸
3035 5302 3183 5366 Gen„
3214 5314 3275 5367 11,
3303 5305 3352 5353 2.

1814 5396 1875 5407 —
1905 5370 1944 5404 ¹⁹
1975 5369 2125 5431 thid„
2150 5373 2195 5422 7.
2230 5396 2282 5405 -
2316 5371 2356 5399 ²⁰
2378 5371 2561 5437 Marc„
2589 5384 2674 5436 κν,
2704 5374 2780 5423 37.

1876 5460 1942 5522 (α)
1974 5459 2091 5523 Leq.
2119 5458 2395 5523 discipulis.
2425 5486 2479 5496 -
2510 5459 2580 5525 (b)
2609 5462 2733 5512 Goet.
2762 5461 2882 5512 edit.
2917 5462 3244 5528 extirpando.
