4059 6317
1221 536 1304 602 IN
1349 534 1834 601 PARASCEVE.
1881 532 2148 601 SERMO
2192 536 2270 602 11.
3213 545 3324 607 201

219 684 266 744 et
300 679 357 742 in
391 677 607 743 Christo
643 677 662 712 ¹
703 697 721 738 ε
763 698 795 736 (ι
821 673 1124 739 Inclinato
1167 673 1372 756 capite
1418 672 1681 737 tradidit

218 785 471 868 spiritum.
488 806 518 843 ι
543 783 702 851 Vere
716 801 877 865 ergo
899 782 1232 865 languores
1260 791 1528 860 nostros,
1554 785 1674 845 etc.

218 891 524 956 Febricitans
534 891 652 955 suit
675 908 884 971 genus
901 889 1262 953 humanum
1291 907 1406 972 per
1437 890 1600 952 iram
1618 889 1676 951 ¹:

224 1024 247 1061 1
267 999 400 1065 11010
427 1000 682 1082 septima
718 998 972 1081 reliquit
1012 1016 1163 1063 eum
1207 997 1417 1062 febriS.
1456 996 1681 1077 Iraque

218 1109 276 1172 ad
297 1109 516 1174 modum
547 1106 740 1172 febris
777 1106 1063 1171 accendit
1098 1106 1416 1171 1100111100.
1464 1105 1556 1169 Ita
1587 1106 1684 1169 est

216 1217 438 1281 accensio
476 1215 802 1297 sanguinis
838 1214 1004 1280 circa
1031 1232 1164 1278 cor.
1198 1213 1398 1278 Istum
1423 1229 1682 1295 quoque

217 1324 434 1388 dolorem
465 1322 740 1388 christus
770 1341 888 1405 pro
920 1322 1102 1387 nobis
1139 1321 1418 1404 portavit
1447 1338 1558 1402 per
1594 1320 1681 1383 si·

215 1431 585 1509 militudinem,
615 1431 780 1496 sicut
807 1434 1000 1512 patet.
1033 1429 1486 1494 Febricitantes
1505 1427 1681 1491 enim

214 1539 370 1603 solent
400 1541 662 1604 maxime
702 1544 895 1622 caput
927 1540 1140 1604 dolere
1186 1561 1201 1603 z
1244 1539 1334 1602 sic
1385 1544 1449 1601 et
1503 1536 1680 1601 Chri-

214 1652 316 1711 stus
352 1666 481 1713 vere
521 1651 712 1730 caput
759 1646 971 1711 dolere
1028 1647 1271 1730 potuit,
1340 1646 1496 1727 quia
1549 1662 1684 1726 prae

214 1755 400 1818 mteris
429 1755 719 1818 membris
744 1754 1024 1818 maxime
1051 1772 1312 1836 passum
1341 1753 1481 1817 fuit.
1514 1750 1686 1816 Licet

212 1861 341 1924 enim
370 1862 605 1927 dorsum
650 1861 846 1926 fuerit
883 1860 1315 1941 flagellatum,
1352 1877 1590 1924 manus
1623 1863 1688 1924 et

211 1969 357 2049 pedes
375 1969 678 2051 perforati,
713 1970 926 2050 ipsum
961 1972 1178 2033 tamen
1206 1973 1396 2051 caput
1421 1969 1688 2032 sanctis-

212 2076 395 2140 simum
420 2082 478 2141 et
502 2076 934 2141 miserandum
953 2076 1152 2158 alapis
1170 2075 1456 2155 caeditur,
1485 2075 1688 2158 sputis

210 2184 520 2260 mandatur,
549 2183 862 2248 arundine
909 2182 1285 2264 percutitur,
1331 2182 1531 2265 spinis
1577 2200 1684 2247 co-

213 2296 438 2356 ronatur.
483 2291 656 2357 Unde
705 2291 867 2355 bene
923 2290 1132 2372 potuit
1178 2290 1385 2356 dicere
1427 2290 1586 2355 illud
1608 2295 1631 2331 ⁸
1668 2313 1683 2355 :

216 2419 240 2456 ι
259 2396 420 2479 Caput
436 2417 644 2463 meum
673 2396 888 2474 dole0‚
917 2402 1109 2479 caput
1137 2415 1353 2462 meum
1395 2398 1601 2462 doleo.
1651 2420 1684 2459 n

212 2501 373 2585 Hujus
394 2507 600 2587 capitis
635 2505 925 2568 membra
952 2522 1084 2568 non
1111 2508 1295 2584 sunt,
1328 2504 1441 2587 qui
1468 2522 1689 2569 carna-

209 2608 317 2674 liter
337 2613 608 2691 vivendo,
638 2611 832 2675 tantis
856 2613 997 2693 ejus
1022 2611 1350 2675 doloribus
1365 2629 1496 2675 non
1521 2628 1691 2674 00111-

212 2718 503 2796 patiuntur.
532 2717 898 2783 Bernartius
921 2717 944 2750 ⁴
969 2742 984 2778 z
1015 2741 1045 2778 α
1065 2717 1201 2782 Sub
1220 2719 1467 2801 spinato
1484 2717 1686 2800 capite

211 2840 309 2887 non
329 2825 483 2890 decet
508 2844 739 2908 corpus
767 2826 987 2890 vivere
1012 2825 1296 2890 delicate.
1329 2846 1362 2885 a
1395 2824 1552 2888 ltem
1579 2842 1686 2888 so·

209 2926 308 2995 lent
325 2950 425 3013 per
453 2933 750 2998 sudorem
777 2933 1111 3012 creticare3
1143 2933 1232 2995 sic
1260 2931 1547 2998 Christus
1573 2949 1691 3014 pro

210 3036 350 3102 nobis
393 3040 752 3121 agonizavit
799 3044 863 3105 et
910 3040 1166 3105 sudavit
1196 3041 1219 3076 ⁸
1251 3058 1269 3103 :
1303 3063 1334 3101 (1
1362 3039 1592 3103 Factus
1621 3040 1690 3103 in

209 3147 388 3224 agonia
414 3148 717 3230 prolixius
743 3147 985 3213 orabat.
1026 3151 1103 3210 Et
1131 3150 1336 3213 tactus
1366 3151 1462 3212 est
1495 3146 1690 3210 sudor

206 3255 330 3331 ejus,
349 3278 377 3315 υ
400 3261 512 3321 etc.
543 3256 704 3320 Ecce
731 3275 927 3340 quam
957 3257 1179 3338 gravis
1206 3257 1324 3320 fuit
1350 3256 1691 3319 infirmitas

205 3362 407 3437 generis
453 3363 764 3436 1101110111,
808 3381 1001 3445 quam
1051 3381 1183 3427 non
1229 3380 1344 3445 per
1387 3361 1690 3425 sudorem

204 3467 533 3549 simplicem,
565 3470 677 3534 sed
717 3469 1055 3550 sanguinis
1095 3469 1425 3550 oportebat
1452 3468 1688 3532 curari.

202 3569 324 3637 Item
338 3594 437 3657 per
447 3578 722 3642 calorem
745 3577 952 3641 solent
979 3576 1359 3642 vestimenta
1380 3577 1687 3658 abjicere3

201 3679 269 3743 sic
289 3688 339 3745 et
364 3682 671 3761 Christus,
703 3685 860 3748 dum
899 3683 1112 3748 nudus
1137 3684 1205 3746 in
1233 3701 1420 3747 cruce
1455 3700 1695 3765 pepen-

201 3784 289 3850 dit.
311 3787 465 3855 Unde
491 3790 722 3855 Michol
747 3790 827 3854 ad
854 3789 1053 3854 David
1073 3791 1162 3853 ait
1188 3791 1210 3825 ⁶
1244 3807 1306 3852 :u
1326 3789 1528 3867 Quam
1550 3788 1690 3871 glo·

199 3892 425 3975 riosus,1›
459 3901 604 3971 etc.,
636 3916 878 3979 usque:
912 3919 942 3957 (1
969 3896 1152 3978 quasi
1173 3897 1494 3960 videretur
1525 3915 1695 3960 unus

201 4000 259 4063 de
279 4007 508 4070 scurris.
533 4029 565 4065 >³
607 4004 805 4070 David
850 4004 1170 4087 Christum
1191 4052 1207 4080 ‚
1240 4004 1469 4069 Michol
1499 4024 1690 4088 syna-

197 4124 396 4191 gogam
422 4115 767 4195 significat.
800 4111 980 4177 Sicut
1017 4113 1192 4176 enim
1227 4112 1456 4177 Michol
1486 4114 1695 4196 primo

198 4215 290 4281 fuit
329 4219 513 4287 David
557 4220 888 4304 copulata,
937 4219 1212 4283 secundo
1269 4219 1450 4283 alteri
1501 4220 1647 4284 (1010
1671 4270 1690 4300 ,

197 4320 354 4388 David
379 4328 649 4406 reddita3
692 4328 783 4390 sic
822 4344 1162 4409 synagoga
1189 4326 1399 4408 primo
1426 4327 1698 4391 adhaesit

199 4427 434 4509 Christe,
466 4435 656 4498 modo
693 4439 907 4497 autem
939 4433 1259 4498 Christum
1303 4434 1597 4519 reliquit,
1627 4436 1695 4499 iu

199 4537 300 4602 flue
319 4560 456 4606 vero
473 4542 698 4607 mundi
725 4542 804 4605 ad
829 4541 1020 4605 fidem
1038 4546 1477 4607 convertetur.
1500 4544 1698 4627 Syna·

199 4662 340 4730 goga
364 4668 512 4731 ergo
533 4649 778 4714 deridet
804 4647 1157 4712 nuditatem
1177 4648 1406 4714 Christi
1422 4651 1488 4715 111
1508 4670 1698 4718 cruce

199 4756 506 4834 pendentis,

715 4924 1009 4994 SERMO
1055 4927 1136 4993 Π.

270 5077 395 5144 Vere
419 5077 750 5161 languores
787 5084 1038 5144 nostros
1065 5079 1204 5160 ipse
1230 5078 1383 5146 tulit
1408 5082 1454 5143 ⁷.
1489 5079 1701 5148 Restat

202 5180 374 5249 dicere
396 5185 471 5250 de
498 5191 770 5267 quatuor
797 5185 1223 5266 languoribus
1265 5184 1535 5252 1101110111
1575 5208 1697 5270 ge-

253 5309 445 5370 110010,
479 5323 593 5372 xlx,
635 5312 716 5360 3⁰.
757 5336 818 5346 --
854 5310 872 5340 ²
910 5312 1077 5371 Joan„
1107 5321 1177 5369 ιν,
1207 5312 1283 5360 52.
1319 5337 1373 5347 -
1408 5311 1431 5347 ³
1467 5315 1530 5362 lV
1565 5315 1698 5381 Ray„

208 5388 264 5439 w,
291 5384 356 5430 19.
379 5407 440 5418 —-
463 5382 484 5418 ὕ
509 5383 657 5433 Rern.
685 5408 749 5420 -
776 5382 798 5417 ⁸
825 5382 958 5442 Luc„
989 5393 1128 5445 xxu,
1159 5382 1323 5431 4344.
1352 5409 1415 5421 —
1441 5384 1463 5419 ⁸
1494 5386 1530 5433 11
1564 5387 1702 5453 Req„

205 5461 269 5509 11,
289 5454 360 5502 20.
384 5480 444 5489 —
469 5455 485 5485 ⁷
513 5455 630 5514 lm„
659 5466 777 5515 un,
811 5457 858 5506 4.
883 5480 944 5491 —
973 5455 992 5485 ⁸
1011 5454 1182 5512 ποθι,
1211 5464 1260 5516 v,
1288 5457 1334 5502 5.
1364 5484 1418 5493 -
1448 5458 1467 5489 ⁹
1495 5459 1701 5522 Mam„

207 5532 355 5586 xxm,
391 5528 546 5578 01.-
573 5528 612 5562 ¹·
639 5526 786 5589 Luc„
816 5538 972 5590 111111,
1008 5529 1087 5577 53.
1112 5551 1174 5562 -
1217 5527 1252 5559 ¹¹
1284 5527 1320 5576 ll
1353 5528 1488 5594 Κεφ,
1521 5545 1589 5596 ιν,
1625 5541 1699 5587 ll.

1788 671 1979 749 neris,
2010 689 2173 754 quos
2197 672 2341 737 tulit
2363 673 2693 738 Dominae.
2725 673 3141 755 Languidum
3167 694 3330 759 quo-

1788 796 1915 860 que
1957 778 2082 843 fuit
2107 796 2319 860 genus
2356 780 2717 845 humanum
2736 827 2754 857 ,
2785 785 2848 844 et
2875 781 3190 847 imbecille
3219 801 3336 866 per

1787 885 2068 950 acediam
2103 889 2126 924 ⁸
2162 908 2177 950 ε
2220 908 2251 947 α
2277 885 2430 951 Erat
2465 893 2681 952 autem
2717 887 2981 971 quidam
3022 888 3219 955 homo
3246 890 3336 954 ibi

1787 993 2056 1073 triginta
2089 997 2154 1057 et
2187 997 2327 1057 octo
2358 1011 2559 1058 001100
2598 986 2936 1058 1101100010
2964 995 3337 1061 infirmitate

1789 1121 1931 1166 sua.
1952 1124 1983 1162 1>
2005 1102 2293 1167 Acediosi
2311 1103 2484 1166 enim
2497 1102 2840 1168 imbecilles
2855 1109 3006 1167 sunt
3024 1103 3104 1168 ad
3121 1104 3332 1182 fortia,

1790 1215 1855 1273 et
1877 1209 2169 1291 languidi
2196 1209 2274 1273 ad
2303 1227 2518 1292 opera.
2560 1208 2762 1274 Istum
2799 1211 3184 1291 languorem
3219 1231 3337 1294 pro

1789 1317 1973 1380 nobis
1998 1316 2304 1382 Dominus
2330 1316 2478 1381 tulit
2504 1335 2617 1401 per
2641 1317 3153 1396 similitudinem,
3175 1319 3339 1384 sicut

1790 1428 1983 1507 patet.
2022 1423 2339 1505 Languidi
2367 1425 2536 1488 enim
2567 1428 2825 1507 propter
2851 1424 3336 1491 diuturnitatem

1793 1537 1997 1601 morbi
2013 1536 2361 1601 servientes
2379 1536 2501 1600 sibi
2517 1535 2707 1600 taedio
2726 1535 3043 1602 afficiunt:
3065 1539 3158 1602 010
3168 1537 3341 1604 Chri-

1791 1646 1955 1708 stae.
1971 1642 2151 1708 Unde
2177 1642 2441 1725 quidam
2463 1642 2683 1706 dicunt
2705 1643 2878 1726 quod
2907 1645 3196 1711 custodes
3220 1646 3338 1711 de·-

1791 1750 2024 1815 derunt
2040 1751 2097 1814 ei
2117 1755 2367 1815 acetum
2384 1750 2624 1828 bibere,
2647 1754 2718 1813 ut
2736 1750 2923 1815 citius
2959 1758 3333 1835 moreretur,

1793 1862 1858 1923 et
1879 1877 1920 1922 a
1947 1858 2234 1922 custodia
2260 1857 2702 1922 liberarentur.
2738 1856 2898 1922 Item
2932 1859 3012 1924 de
3038 1860 3198 1925 lecto
3227 1879 3341 1944 per

1793 1984 1862 2031 se
1878 1984 2009 2030 non
2027 1965 2403 2040 ascendunt,
2418 1965 2543 2029 nisi
2563 1984 2677 2048 per
2688 1966 3302 2049 aliumdeponantur
3321 1987 3336 2029 :

1793 2076 1884 2139 sic
1927 2074 2213 2140 Christus
2257 2075 2334 2138 de
2372 2072 2537 2138 lecto
2577 2074 2786 2137 crucis
2803 2121 2820 2150 ‚
2846 2075 3146 2156 quamvis
3190 2075 3345 2139 satis

1795 2199 1948 2246 eum
1972 2184 2430 2264 provocarent,
2461 2179 2742 2245 dicentes
2766 2180 2789 2216 ⁹
2822 2202 2837 2244 :
2878 2204 2910 2242 «
2937 2178 3002 2245 Si
3033 2179 3208 2245 filius
3234 2181 3343 2246 Dei

1795 2307 1904 2370 es,
1934 2310 1966 2348 1>
1997 2294 2118 2354 etc.
2136 2336 2156 2367 ‚
2187 2293 2403 2351 tamen
2433 2304 2564 2351 0011
2598 2286 3047 2366 descendebat,
3080 2289 3283 2354 donec
3307 2307 3348 2353 a

1795 2397 1832 2463 J
1833 2396 2036 2480 oseph
2061 2395 2487 2477 deponeretur
2511 2393 2556 2435 ¹⁰
2587 2415 2650 2459 :a
2675 2392 3047 2476 Depositum
3074 2394 3349 2461 involvit

1799 2504 1867 2568 in
1892 2503 2159 2568 sindone
2183 2502 2446 2566 munda.
2478 2523 2509 2562 1>
2527 2499 2645 2565 Hic
2660 2504 2757 2566 est
2774 2501 2997 2581 100100,
3019 2502 3099 2567 de
3122 2505 3342 2585 quon:

1808 2613 2038 2696 «impii
2065 2612 2516 2675 interfecerunt
2546 2611 2628 2690 (a)
2661 2609 2876 2674 virum
2904 2610 3248 2676 innoxium
3276 2611 3347 2675 in

1798 2722 1990 2787 domo
2016 2737 2158 2783 sua.
2185 2740 2217 2779 1>
2249 2717 2488 2782 Domus
2512 2720 2611 2781 est
2636 2734 2994 2798 synagoga.
3028 2716 3185 2781 Item
3214 2720 3346 2781 tau·

1800 2829 1946 2894 dem
1973 2832 2271 2892 arescunt
2297 2847 2314 2904 3
2349 2824 2440 2888 sic
2467 2827 2533 2887 et
2555 2823 2862 2888 ChristuS.
2890 2823 3224 2890 Psalmista
3250 2827 3295 2861 ¹²
3325 2842 3342 2891 z

1808 2961 1840 2999 α
1878 2935 2119 3014 Omnia,
2164 2952 2310 2999 ossa
2363 2950 2509 2998 mea
2562 2932 2726 2997 sicut
2788 2932 3102 2997 cremium
3156 2951 3350 2999 arue-

1801 3051 1975 3111 runt.
2023 3067 2056 3105 a
2091 3044 2257 3123 Quid
2311 3042 2553 3107 mirum
2576 3090 2593 3119 ,
2649 3041 2705 3105 si
2758 3059 2991 3123 corpus
3048 3047 3344 3123 aruerat,

1800 3157 1879 3222 de
1920 3172 2051 3237 quo
2095 3170 2228 3217 non
2263 3150 2474 3216 solum
2519 3151 2590 3215 in
2633 3166 2858 3227 cruce,
2890 3149 3000 3213 sed
3045 3149 3240 3214 etiam
3282 3149 3351 3213 in

1801 3264 2090 3328 oratioue
2128 3263 2343 3324 tantus
2378 3257 2646 3338 sanguis
2678 3257 3000 3322 fluxerat?
3030 3258 3353 3337 Augusti-

1802 3389 1928 3435 nus
1957 3375 2004 3411 ¹⁸
2043 3391 2058 3432 ε
2102 3390 2133 3430 <c
2161 3366 2320 3433 Cum
2359 3368 2601 3441 oraret,
2651 3363 2829 3444 globi
2879 3364 3221 3445 sanguinis
3273 3364 3352 3429 de

1802 3482 1936 3542 toto
1985 3492 2252 3557 corpore
2286 3475 2430 3555 ejus
2468 3470 2875 3536 distillabant.
2920 3492 2951 3529 r>
2997 3470 3150 3537 Vere
3188 3489 3351 3553 ergo

1804 3587 2165 3669 lanquores,
2186 3585 2305 3645 etc.
2329 3579 2766 3662 Hydropicum
2785 3579 2980 3643 etiam
3002 3578 3124 3643 fuit
3143 3596 3354 3660 genus

1801 3694 2203 3769 humanum,
2243 3706 2358 3771 per
2385 3687 2717 3752 avaritiam
2751 3686 2795 3722 ¹⁶
2836 3708 2852 3751 ι
2887 3708 2919 3747 a
2952 3684 3110 3750 Ecce
3157 3686 3353 3751 homo

1806 3800 2070 3884 quidam
2090 3796 2500 3881 hydropicus,
2528 3816 2561 3855 ι)
2586 3799 2705 3859 etc.
2727 3793 2896 3858 Sicut
2926 3793 3102 3858 enim
3121 3792 3356 3877 hydro·

1805 3910 1929 3993 pici
1961 3909 2205 3990 quanto
2232 3904 2375 3987 plus
2402 3902 2632 3967 bibunt
2649 3949 2669 3980 ‚
2708 3904 2888 3966 tanto
2915 3900 3059 3984 plus
3086 3900 3310 3965 sitiunt
3333 3924 3350 3979 ;

1807 4018 1895 4081 ita
1936 4015 2116 4080 avari
2163 4016 2405 4097 quanto
2443 4011 2588 4094 plus
2624 4009 3001 4091 temporalia
3036 4012 3349 4087 crescunt,

1806 4128 1982 4187 tanto
2040 4121 2184 4204 plus
2233 4122 2302 4184 in
2349 4118 2684 4187 avaritiam
2737 4116 3095 4181 ardescunt.
3156 4114 3352 4180 Istum

1809 4233 2194 4314 languorem
2233 4227 2538 4294 Dominus
2573 4225 2851 4308 portavit
2889 4242 3006 4305 pro
3033 4223 3218 4287 nobis
3242 4240 3356 4305 per

1808 4339 2324 4415 similitudinem,
2356 4334 2522 4399 sicut
2560 4337 2754 4416 patet.
2802 4330 3145 4414 Hydropici
3180 4330 3354 4393 enim

1808 4451 2090 4516 multum
2120 4449 2383 4527 sitiunt;
2414 4447 2503 4509 010
2529 4450 2591 4509 et
2619 4443 2906 4508 Christus
2929 4442 2973 4478 ²⁸
3002 4464 3017 4505 ε
3057 4465 3089 4503 (ι
3108 4441 3284 4506 Sitio.
3315 4462 3346 4501 n

1807 4557 2169 4624 Bernardus
2196 4556 2241 4591 ¹⁶
2268 4576 2282 4615 z
2319 4575 2357 4616 «-
2386 4553 2672 4631 Domine,
2705 4551 2861 4633 quid
2886 4549 3068 4614 sitis?
3097 4549 3356 4630 Ergone

1813 4671 1878 4731 te
1905 4665 2050 4749 plus
2070 4663 2309 4728 cruciat
2327 4661 2487 4740 sitis,
2511 4677 2709 4743 quam
2728 4675 2891 4721 crux
2907 4658 2938 4720 ⁴?
2958 4655 3045 4720 De
3061 4674 3251 4720 cruce
3267 4656 3354 4719 si-

1810 4777 1892 4841 tis
1907 4774 2013 4859 (b),
2035 4776 2098 4837 et
2113 4772 2191 4836 de
2217 4770 2325 4833 siti
2342 4768 2617 4833 clamas:
2640 4763 2821 4830 Sitio.
2846 4763 3052 4841 Quid?
3068 4761 3357 4827 Vestram

1808 4885 2026 4960 fldem,
2056 4884 2338 4946 vestram
2363 4876 2660 4951 salutem,
2695 4876 2979 4937 vestrum
3004 4870 3351 4953 gaudium:

1812 4993 1959 5075 plus
2007 4988 2378 5054 animarum
2425 4987 2787 5048 vestrarum
2832 4997 3027 5061 quam
3073 4977 3357 5059 corporis

1811 5099 1940 5165 mei
1967 5096 2290 5161 cruciatus
2318 5110 2423 5155 me
2449 5094 2642 5156 tenet.
2674 5110 2705 5149 n
2745 5087 2902 5152 Item
2929 5086 3090 5149 sicut
3114 5089 3358 5167 tympa-

1813 5226 1975 5274 num
2017 5202 2419 5276 distenditur,
2458 5200 2548 5263 sic
2584 5196 2869 5263 Christus
2898 5194 2966 5258 in
2998 5211 3206 5257 cruce.
3244 5191 3356 5257 Le-

1815 5405 1874 5416 -
1917 5378 1955 5411 ¹²
1990 5374 2132 5427 Psal.
2175 5385 2254 5435 01,
2299 5373 2348 5420 4.
2381 5395 2442 5408 —
2480 5367 2523 5403 ¹⁸
2556 5372 2686 5433 Aug.
2720 5392 2779 5403 —-
2827 5366 2859 5395 Ν
2899 5362 3031 5427 Luc„
3073 5374 3184 5423 xlv,
3221 5365 3267 5412 2.
3301 5388 3353 5399 —

1814 5452 1856 5486 ¹⁸
1882 5451 2044 5504 Joan„
2076 5458 2186 5503 xlx,
2214 5446 2292 5495 28.
2321 5468 2383 5480 —
2409 5442 2451 5477 ¹⁸
2481 5443 2631 5491 Bern.

1882 5540 1947 5604 (a)
1982 5537 2105 5589 Gaet.
2139 5534 2262 5585 edit.
2291 5532 2535 5585 fecerant.
2564 5556 2625 5569 —
2659 5528 2727 5595 (b)
2754 5528 2879 5579 Item
2910 5526 3049 5580 siles.
