4059 6317
752 538 874 605 258

1846 532 2267 601 SERMONES
2306 516 2408 597 ΠΕ
2447 528 2841 599 TEMPORE.

749 674 962 756 ptione
990 685 1299 756 personae‚
1327 671 1586 755 propter
1614 686 1901 735 amorem
1918 668 2188 752 justitiae
2228 670 2293 733 et
2399 665 2823 732 christianum
2845 683 2960 732 seu
2982 665 3231 733 fidelem
3272 667 3371 751 (c),
3395 684 3513 752 per
3546 670 3708 738 talia
3741 685 3935 755 opera

745 780 1102 863 aeqnitatis3
1150 777 1338 844 tertio
1404 781 1698 861 appetere
1760 777 2289 842 inhabitationem

744 886 1013 953 coelestis
1057 887 1280 970 patriae
1303 934 1321 965 ,
1378 889 1636 969 propter
1675 885 1993 949 visionem
2047 885 2290 950 divinae

742 994 1110 1077 majestatis.
1142 992 1431 1058 Primum
1450 997 1547 1058 est
1569 997 1860 1077 respectu
1886 992 1986 1057 sui
2009 1014 2025 1072 ;
2059 1010 2290 1057 secun-

742 1100 902 1165 dum
948 1103 1240 1184 respectu
1290 1099 1564 1183 proximi
1606 1122 1623 1178 ;
1677 1100 1942 1165 tertium
1995 1104 2287 1181 respectu

741 1207 875 1273 Dei.
905 1207 985 1274 Et
1007 1208 1117 1288 sic,
1140 1224 1290 1272 cum
1305 1207 1525 1273 doceat
1543 1207 1663 1273 iste
1688 1205 1960 1290 Spiritus
1979 1207 2287 1288 fugienda

742 1316 913 1382 mala
954 1321 1210 1400 propter
1245 1315 1482 1381 divinae
1525 1316 1907 1381 reverentiae
1959 1315 2281 1395 timorem,

740 1423 1062 1508 operanda
1087 1424 1170 1506 (a)
1192 1423 1362 1488 bona
1384 1428 1645 1507 propter
1669 1441 1956 1488 amorem
1990 1423 2282 1506 justitiae,

739 1534 804 1596 et
827 1530 1178 1615 appetenda
1201 1530 1480 1596 coelestia
1512 1535 1772 1614 propter
1799 1530 2164 1596 fruitionem
2190 1548 2286 1594 sa·

695 1710 700 1719 ,
738 1637 1017 1720 pientiae,
1047 1641 1113 1702 et
1141 1654 1255 1719 per
1280 1637 1421 1701 haec
1456 1636 1583 1700 tria
1620 1638 1951 1703 ordinetur
1973 1636 2171 1702 homo
2201 1636 2284 1702 ad

737 1745 1019 1828 seipsum
1036 1790 1058 1823 ,
1087 1744 1170 1810 ad
1208 1744 1579 1827 proximum
1622 1749 1687 1810 et
1721 1744 1802 1810 ad
1827 1745 2031 1810 Deum
2062 1767 2079 1810 ε
2110 1749 2282 1811 recte

735 1854 945 1934 potest
982 1852 1107 1917 dici
1150 1852 1323 1936 quod
1368 1853 1551 1918 docet
1603 1872 1863 1919 omnem
1917 1854 2276 1920 veritatem.

735 1956 953 2024 Primo
994 1960 1174 2025 docet
1209 1959 1443 2041 fugere
1484 1960 1657 2025 mala
1699 1964 1958 2044 propter
1981 1962 2283 2026 timorem

734 2064 972 2131 divinae
987 2065 1400 2145 reverentiae3
1429 2066 1601 2132 unde
1624 2066 1693 2130 iu
1722 2066 1993 2133 Psalmis
2015 2068 2035 2104 ¹
2071 2090 2147 2133 ει
2170 2066 2283 2133 Ve-

733 2172 905 2252 nite,
929 2173 1078 2256 filii,
1110 2174 1326 2240 audite
1359 2192 1466 2239 me
1500 2196 1517 2238 :
1547 2173 1849 2240 timorem
1883 2174 2136 2240 Domini
2165 2174 2278 2240 do·

728 2280 890 2346 cebo
943 2299 1080 2347 vos.
1119 2302 1152 2342 n
1201 2281 1281 2346 Et
1326 2282 1664 2366 sequitur:
1702 2304 1736 2343 ι
1760 2280 2016 2347 Declina
2042 2300 2084 2346 a
2110 2282 2281 2348 malo

733 2388 799 2485 et
821 2387 922 2452 fac
947 2389 1214 2468 bonum,
1239 2388 1494 2472 inquire
1537 2406 1762 2471 pacem
1795 2393 1860 2454 et
1897 2406 2277 2472 persequere

733 2514 900 2563 eam.
940 2520 970 2558 n
1015 2499 1177 2576 Quia
1218 2498 1411 2563 timor
1449 2498 1706 2564 Domini
1746 2503 1840 2564 oet
1879 2499 2170 2577 initium,
2214 2502 2281 2565 et

732 2604 1113 2687 primarium
1142 2604 1628 2672 fundamentum
1657 2605 1867 2672 omnis
1907 2605 2061 2671 boni
2080 2655 2102 2687 ‚
2135 2606 2280 2671 ideo

732 2707 1009 2794 Spiritus
1033 2715 1288 2776 sanctus
1307 2761 1324 2792 ,
1365 2716 1676 2795 tanquam
1712 2731 1907 2779 verus
1941 2706 2274 2794 magister,

729 2817 937 2899 primo
993 2816 1175 2882 docet
1232 2816 1585 2900 quemlibet
1631 2836 1824 2883 snum
1891 2817 2275 2901 discipulum

726 2923 1026 2988 timorem
1053 2922 1327 3004 Domini,
1354 2942 1468 3007 per
1494 2942 1690 3008 quem
1715 2923 1990 2990 declinat
2014 2922 2212 2989 homo
2235 2944 2276 2990 a

727 3030 921 3109 malo,
949 3031 1188 3094 etfacit
1225 3030 1470 3095 bonum
1489 3031 1799 3113 justitiae,
1829 3035 1894 3096 et
1917 3031 2189 3115 inquirit
2210 3036 2276 3097 et

726 3138 1015 3220 sequitur
1049 3138 1294 3203 bonum
1313 3136 1495 3220 'pacis
1520 3139 1590 3202 in
1615 3138 2118 3204 conversatione.
2153 3136 2271 3204 Se-

726 3244 937 3308 cundo
978 3243 1159 3309 docet
1193 3245 1397 3309 facere
1423 3245 1669 3309 bonum
1698 3248 1960 3328 propter
1983 3260 2272 3310 amorem

717 3356 1030 3439 justitiae3
1085 3356 1258 3422 unde
1283 3356 1309 3393 ²
1341 3375 1359 3420 t
1401 3378 1435 3417 ι
1468 3354 1886 3435 Sobrietatem
1935 3358 2109 3422 enim
2135 3404 2158 3436 ,
2207 3362 2273 3423 et

715 3463 1032 3546 justitiam
1048 3463 1253 3543 docet,
1272 3463 1578 3529 virtutem
1601 3463 1677 3546 (b)
1706 3468 1770 3528 et
1793 3464 2261 3546 prudentiam.»

724 3571 886 3649 Quia
906 3570 1147 3654 duplex
1168 3573 1264 3636 eet
1289 3569 1563 3653 justitia,
1593 3570 1659 3635 id
1681 3574 1807 3647 est,
1837 3576 2157 3652 quantum
2189 3573 2267 3637 ed

724 3677 1007 3760 seipsum
1025 3723 1047 3756 ,
1095 3680 1158 3741 et
1199 3678 1514 3760 qnantum
1559 3675 1639 3740 ad
1682 3675 2085 3759 proximum3
2126 3677 2269 3744 ideo

722 3783 995 3868 Spiritus
1019 3790 1280 3848 sanctus
1304 3783 1514 3865 primo
1541 3782 1722 3848 docet
1747 3784 2176 3866 prudentiam,
2205 3789 2269 3850 et

720 3892 1121 3959 sobrietatem
1161 3891 1490 3957 modestiae
1530 3891 1600 3955 in
1637 3891 1876 3957 utendo
1892 3940 1914 3972 ‚
1946 3896 2260 3976 quantum

722 3999 803 4064 ad
861 3999 1183 4083 seipsnm;
1243 3998 1523 4064 secundo
1588 3998 1768 4064 docet
1829 4000 2134 4065 virtutem
2190 4001 2267 4083 (b)

714 4107 986 4190 justitiae
1027 4107 1102 4172 in
1142 4106 1461 4172 reddendo
1476 4153 1494 4184 ‚
1537 4109 1857 4189 quantum
1901 4106 1984 4172 ad
2039 4109 2262 4189 proxi-

721 4230 930 4281 mum.
953 4214 1065 4281 His
1081 4213 1503 4281 duobusnihil
1524 4215 1751 4280 utilius
1776 4220 1874 4280 est
1897 4215 2268 4282 homiuibus

721 4324 802 4390 ad
831 4322 1443 4390 consummationem
1470 4323 1623 4389 vitae
1650 4322 2016 4406 spiritualis.
2054 4322 2266 4389 Tertio

721 4432 902 4497 docet
928 4435 1221 4516 appetere
1246 4430 1545 4509 coelestia,
1581 4433 1838 4513 propter
1864 4430 2260 4512 degustatio·

717 4546 872 4603 nem
917 4538 1155 4605 divinae
1201 4537 1525 4620 sapientiae
1549 4536 1616 4600 ⁸:
1653 4558 1685 4599 α
1730 4536 2008 4603 Docuisti
2048 4541 2266 4601 autem

719 4645 1033 4729 populum
1086 4648 1272 4711 tuum
1322 4662 1437 4728 per
1473 4643 1628 4709 talia
1684 4661 1876 4727 opera
1897 4694 1915 4722 ,
1957 4645 2263 4727 quoniam

718 4756 965 4835 oportet
1001 4754 1258 4836 justum
1294 4764 1429 4817 esse
1468 4756 1533 4816 et
1565 4750 1949 4828 humanum,
1980 4754 2046 4815 et
2072 4751 2260 4816 bonae

717 4859 853 4943 spei
894 4858 1096 4924 fecisti
1126 4858 1296 4926 filios
1321 4862 1487 4923 tuos.
1523 4878 1556 4917 n
1597 4854 2021 4940 Spiritualiter
2045 4860 2260 4921 autem

719 4965 844 5030 ista
887 4965 1228 5031 auctoritas
1270 4962 1610 5043 intellecta,
1639 4964 1845 5044 potest
1870 4963 1950 5028 ad
1977 4980 2261 5047 praesens

716 5072 810 5138 sic
834 5072 1094 5156 exponi,
1120 5076 1196 5138 ut
1220 5070 1535 5152 dirigamr
1551 5069 1824 5135 verbum
1846 5068 1926 5134 ad
1946 5069 2259 5153 Spiritum

718 5183 1011 5245 sanctum
1052 5198 1069 5244 t
1116 5176 1408 5246 nocuisti
1446 5174 1754 5261 populum
1803 5181 2024 5257 tuum,
2059 5177 2126 5241 id
2167 5182 2263 5243 est

731 5294 738 5301 “
779 5305 802 5341 ¹
829 5302 968 5356 Psal.
998 5312 1186 5367 xxxm,
1219 5302 1300 5367 12,
1330 5304 1410 5353 15.
1438 5328 1501 5341 —
1524 5300 1547 5337 θ
1571 5302 1714 5367 Sap„
1742 5310 1855 5363 vm,
1887 5298 1937 5350 7.
1967 5326 2031 5338 —
2062 5300 2084 5335 ⁸
2111 5301 2258 5367 Sap..

719 5388 827 5440 ππ,
859 5381 940 5429 ¹9.
968 5400 1031 5415 --
1055 5376 1075 5407 ⁴
1115 5376 1136 5425 Ι
1165 5376 1336 5437 Ιοωιη-
1356 5385 1418 5439 11,
1443 5377 1523 5425 27.
1551 5400 1614 5413 —
1634 5375 1657 5409 ὓ
1688 5373 1840 5424 Hunc
1864 5371 2019 5423 habet
2051 5386 2258 5438 quoque

719 5447 843 5500 edit.
882 5447 1042 5499 Paris.
1074 5458 1162 5498 an.
1194 5446 1339 5496 ¹521.
1365 5470 1431 5484 -
1456 5445 1478 5476 ⁸
1500 5444 1668 5508 loun„
1699 5454 1817 5507 xvi,
1845 5445 1926 5494 13.
1952 5468 2018 5482 -
2050 5445 2068 5475 ⁷
2095 5445 2258 5505 loun..

720 5528 803 5586 νι,
838 5524 918 5575 45.
947 5545 1003 5559 —
1043 5519 1063 5552 ⁸
1099 5519 1270 5584 mv„
1300 5529 1388 5583 vi,
1416 5519 1465 5569 6.
1499 5543 1556 5557 —
1600 5516 1623 5552 ⁸
1662 5515 1865 5578 naeth„
1901 5526 2056 5579 xxvt,
2088 5518 2167 5566 55.
2192 5544 2258 5555 —

2400 773 2811 850 miraculosa,
2844 775 3165 857 quomodo
3192 777 3444 859 justum
3472 782 3567 842 est
3605 782 3670 843 et
3702 779 3934 844 hnma-

2397 867 2583 961 nnm,
2602 881 3107 965 utperefl'ectum
3118 882 3609 949 deveniamusin
3632 886 3941 967 cognitio-

2395 1004 2547 1052 nem
2561 1006 2794 1069 causae,
2811 992 2878 1054 et
2893 1007 3008 1072 per
3026 990 3304 1054 visibilia
3320 991 3401 1055 ad
3420 991 3786 1072 invisibilia,
3794 997 3937 1056 tan-

2393 1113 2594 1178 quam
2639 1097 2947 1162 animales
2990 1101 3056 1162 et
3093 1098 3424 1163 sensibiles
3446 1147 3464 1178 ,
3503 1099 3934 1165 reducamur:

2393 1220 2471 1267 eo
2496 1203 2668 1286 quod
2695 1221 2853 1269 vera
2877 1204 3158 1286 cognitio
3188 1204 3258 1268 in
3283 1205 3390 1268 via
3414 1205 3636 1288 incipit
3658 1223 3700 1269 a
3728 1209 3938 1289 poste-

2390 1310 2582 1392 riori,
2614 1316 2678 1380 et
2706 1312 2884 1379 bonoe
2914 1314 3057 1394 spei
3102 1313 3317 1392 fecisti
3356 1312 3530 1393 finos
3557 1319 3702 1381 tuos
3724 1313 3798 1377 in
3824 1332 3937 1378 ex-

2389 1420 2699 1503 pectando
2743 1440 2893 1486 cnm
2936 1421 3250 1488 desiderio
3296 1423 3581 1489 futuram
3633 1423 3937 1506 gloriam.

2391 1526 2550 1611 Spes
2585 1529 2761 1592 enim
2802 1528 3072 1594 coelestis
3118 1529 3342 1614 patriai
3385 1530 3619 1596 excitat
3662 1531 3736 1595 in
3790 1530 3941 1595 filiis

2389 1633 2502 1701 Dei
2528 1636 3069 1721 concupiscentias
3089 1641 3380 1703 aeternas.
3412 1636 3490 1703 Et
3514 1638 3592 1703 de
3617 1637 3746 1703 hoc
3773 1638 3942 1703 simi-

2393 1741 2544 1808 liter
2568 1743 2800 1809 dicitur
2826 1750 2852 1789 ⁴
2881 1766 2898 1810 z
2929 1769 2960 1805 α
2989 1743 3166 1811 Sicut
3188 1743 3406 1811 docuit
3429 1761 3568 1822 vos,
3598 1745 3941 1811 manetein

2390 1868 2494 1930 eo,
2515 1854 2613 1930 ut,
2640 1870 2789 1917 cum
2817 1855 3204 1936 apparuerit,
3234 1852 3586 1917 habeamus
3607 1851 3936 1932 fiduciam,

2388 1960 2453 2021 et
2474 1974 2608 2023 non
2632 1958 3105 2025 confundamur
3126 1959 3208 2024 ab
3230 1976 3309 2025 eo
3334 1958 3402 2024 in
3425 1959 3708 2027 adventu
3730 1961 3791 2043 ej
3798 1979 3931 2026 us.»

2387 2061 2713 2147 Rogemus
2734 2084 2917 2149 ergo,
2947 2071 3068 2132 etc.

2905 2245 3195 2317 SERMO
3248 2246 3345 2318 IV
3371 2254 3419 2317 ⁸.

2472 2388 2775 2471 Spiritus
2812 2390 3110 2457 veritatis
3145 2389 3394 2459 docebit
3426 2404 3542 2457 vos
3565 2404 3819 2458 onmem
3842 2405 3939 2459 ve·

2392 2495 2651 2563 ritatem
2679 2502 2725 2560 ⁸.
2756 2496 3028 2563 Attende
3069 2498 3237 2581 quis,
3268 2514 3452 2581 quos,
3496 2497 3657 2582 quid
3690 2498 3934 2564 doceat.

2388 2601 2591 2679 Quis?
2623 2620 2759 2667 non
2786 2604 3005 2685 homo,
3034 2622 3166 2670 non
3194 2605 3492 2688 angelus,
3522 2604 3633 2670 sed
3663 2603 3939 2689 Spiritus

2386 2712 2665 2774 sanctus.
2713 2710 2929 2788 Quos?
2965 2728 3097 2776 non
3138 2710 3373 2777 bestias
3389 2759 3409 2790 ,
3449 2730 3583 2777 non
3616 2714 3939 2797 quoslibet

2386 2815 2708 2898 indignos,
2760 2818 2869 2882 sed
2919 2836 3037 2883 vos
3068 2819 3387 2901 apostolos
3408 2868 3426 2900 ‚
3473 2838 3591 2884 vos
3624 2819 3932 2887 humiles.

2386 2921 2593 2999 Quid?
2623 2941 2756 2989 non
2794 2924 3050 3005 falsum,
3096 2944 3230 2992 non
3263 2944 3462 2997 unam
3497 2927 3757 2993 tantum
3780 2977 3798 3008 ,
3830 2927 3935 2994 sed

2383 3045 2646 3095 omnem
2669 3032 3029 3097 veritatem.

2463 3136 2639 3202 Circa
2664 3138 2970 3220 primum,
2988 3143 3140 3205 nota
3155 3141 3327 3224 quod
3344 3139 3530 3208 Pater
3545 3161 3663 3208 nos
3677 3144 3899 3210 docet’
3917 3166 3931 3211 ε

2390 3264 2424 3303 ι
2450 3242 2661 3309 Erunt
2681 3264 2906 3311 omnes
2922 3234 3224 3313 docibiles
3245 3248 3376 3314 Dei.
3414 3249 3655 3331 Omnis,
3683 3253 3805 3333 qui
3830 3271 3938 3317 au·

2380 3351 2540 3417 divit
2567 3372 2607 3417 a
2637 3352 2823 3419 Patre
2836 3359 2900 3419 et
2920 3354 3167 3435 didicit,
3197 3358 3377 3422 venit
3401 3358 3482 3422 ad
3510 3376 3636 3423 me.
3654 3357 3783 3424 »Si
3808 3378 3934 3426 non

2380 3460 2480 3525 vis
2511 3461 2754 3526 discere
2777 3481 2817 3526 a
2844 3461 3032 3528 Patre
3068 3468 3310 3529 aeterno
3334 3513 3351 3543 ,
3391 3464 3594 3530 discas
3628 3466 3860 3533 saltem
3896 3487 3935 3533 a

2385 3567 2501 3632 vili
2530 3569 2883 3635 vermiculo
2909 3570 2932 3607 ⁸
2961 3588 2978 3632 :
3017 3594 3048 3632 α
3075 3569 3246 3636 Vade
3269 3571 3349 3637 ad
3374 3572 3738 3655 formicam,
3771 3593 3813 3640 o
3840 3578 3935 3659 pi·

2384 3691 2529 3757 ger,
2558 3678 2623 3740 et
2647 3675 2977 3742 considera
3001 3676 3138 3743 vias
3159 3681 3216 3762 ej
3224 3697 3324 3759 us,
3367 3683 3431 3744 et
3472 3680 3642 3746 disce
3670 3682 3931 3765 sapien·

2376 3782 2557 3863 tiam,
2576 3804 2609 3844 »
2634 3787 2755 3848 etc.
2784 3802 2989 3867 usque
3021 3798 3041 3847 t
3077 3808 3109 3848 α
3134 3790 3486 3868 congregat
3509 3787 3579 3851 in
3606 3805 3819 3855 moese
3844 3789 3928 3854 ci-

2377 3889 2539 3955 bum
2577 3889 2722 3954 sibi.
2760 3911 2792 3951 s
2842 3888 2946 3956 Sic
2974 3896 3037 3956 et
3076 3909 3196 3958 nos
3222 3893 3391 3959 bona
3424 3912 3626 3977 opera
3664 3900 3731 3960 et
3764 3896 3929 3960 bona

2383 3996 2612 4061 merita
2634 4014 3035 4080 congregare
3052 3998 3450 4080 deberemus,
3471 4001 3648 4067 unde
3662 4006 3928 4067 aeterna·

2383 4103 2529 4169 liter
2572 4103 2956 4170 cibaremur.
3004 4104 3165 4171 Item
3218 4105 3422 4172 Filius
3474 4126 3592 4175 nos
3641 4110 3829 4176 docet
3851 4110 3874 4146 ⁸
3905 4129 3921 4171 ε

2384 4232 2417 4273 ι
2460 4210 2753 4289 Quotidie
2798 4213 2968 4295 apud
3023 4232 3141 4279 vos
3178 4232 3357 4279 eram
3414 4215 3485 4279 in
3525 4217 3768 4301 templo
3806 4216 3925 4282 do-

2375 4336 2549 4383 cens.
2580 4341 2613 4380 n
2647 4316 2788 4384 Non
2814 4319 2999 4385 docet
3028 4321 3101 4385 in
3127 4320 3404 4400 stabulo,
3451 4341 3571 4388 nec
3604 4325 3676 4389 in
3714 4325 3921 4391 cloaca

2373 4425 2647 4506 diaboli,
2687 4426 2755 4490 id
2778 4432 2875 4491 est
2901 4426 2969 4491 in
2994 4427 3189 4493 corde
3215 4428 3503 4509 sordido;
3539 4430 3649 4496 sed
3679 4435 3753 4496 in
3778 4437 3921 4498 tem·

2371 4532 2476 4615 plo
2500 4532 2706 4597 cordis
2729 4533 2966 4615 devoti,
2997 4535 3064 4598 in
3093 4553 3224 4617 quo
3247 4535 3645 4603 adorationes
3660 4540 3920 4606 acobla·

2371 4639 2577 4705 tiones
2630 4644 2932 4706 votorum
2969 4645 3034 4706 et
3076 4642 3538 4711 desideriorum
3598 4646 3917 4715 bonorum

2371 4748 2554 4812 flunt.
2584 4745 3016 4833 Hieronymus
3042 4750 3127 4815 ¹⁸:
3158 4772 3191 4813 α
3215 4748 3465 4819 Bonum
3490 4752 3727 4820 Christi
3754 4762 3916 4822 tem-

2370 4855 2553 4939 plum
2597 4859 2691 4920 oet
2737 4856 2952 4922 anizna
2995 4857 3306 4923 credentis
3354 4880 3371 4923 z
3420 4859 3598 4926 illam
3646 4876 3907 4943 exorna,

2368 4962 2545 5027 illam
2587 4963 2749 5027 vesti
2766 5012 2785 5043 ,
2814 4963 2886 5027 iu
2934 4964 3045 5030 illa
3085 4964 3248 5030 offer
3286 4966 3550 5032 donaria
3566 5012 3589 5046 ‚
3628 4967 3701 5032 in
3739 4969 3911 5033 illam

2369 5068 2689 5135 Christum
2729 5071 2999 5155 suscipe.
3044 5090 3076 5133 n
3122 5070 3400 5155 Spiritus
3438 5078 3695 5141 sanctus
3735 5075 3912 5142 docet

2366 5194 2508 5258 nos,
2555 5179 2717 5243 sicut
2764 5178 2870 5243 hic
2912 5180 3144 5246 dicitur
3163 5181 3207 5217 ¹¹
3239 5203 3254 5244 :
3297 5203 3329 5243 α
3358 5178 3585 5248 Unctio
3619 5186 3759 5265 ejus
3794 5201 3910 5249 vos

2366 5296 2408 5329 ¹⁰
2448 5294 2683 5357 Hieron„
2717 5292 2788 5344 ad
2820 5294 3124 5359 Paulinum,
3163 5296 3315 5361 epist.
3345 5310 3492 5350 xmx.
3534 5327 3592 5337 —
3628 5302 3667 5336 ¹¹
3698 5302 3717 5351 Ι
3744 5302 3905 5365 loun„

2366 5368 2648 5509 Πῐαῖτὲωί.
2686 5445 2810 5497 edit.
2843 5445 3128 5510 operando.
3166 5475 3223 5486 —
3252 5444 3336 5515 ’(ὸ)
3368 5450 3496 5501 Item
3526 5450 3814 5504 veritatem.
3841 5475 3902 5489 —

2366 5519 2428 5583 (c)
2461 5518 2587 5570 Item
2615 5519 2960 5571 Christianum
2988 5519 3162 5571 fldem.
