4059 6317
855 494 1233 563 DOMINICA
1274 494 1429 562 lNF.
1476 491 1753 561 OCTAV.
1799 489 2276 560 EPIPHANIAE.
2320 494 2583 563 SERMO
2625 497 2676 561 I.
3252 501 3352 561 ³79

71 652 193 698 m
210 634 542 702 amittendo.
589 631 751 698 Nam
793 630 1181 697 consuetudo
1233 632 1406 714 apud
1454 631 1709 697 Judaeos
1819 628 2150 694 latitudine
2178 630 2634 697 benevolentiae
2649 678 2671 710 ,
2701 630 2770 695 in
2797 629 3138 712 diligendo.
3170 629 3349 697 Unde

37 726 192 819 x
207 747 527 814 secundum
577 745 969 829 expositores
1010 743 1151 807 haec
1196 746 1375 824 erat,
1420 744 1595 828 quod
1636 743 1706 807 in
1816 737 2048 802 dicitur
2072 738 2142 801 ⁸:
2194 761 2225 799 α
2269 737 2487 805 Jesum
2524 738 2810 823 quaeritis
2851 736 3274 803 Nazarenum.
3314 761 3345 800 n

206 854 680 940 processionibus
718 857 781 918 et
813 852 1171 929 itineribus,
1210 851 1366 916 dum
1405 849 1702 915 ascende-

207 965 339 1028 bant
356 963 422 1027 in
453 961 790 1045 templum,
832 963 897 1023 et
947 958 1140 1023 etiam
1183 958 1341 1023 dum
1386 976 1709 1023 moraren-

210 1075 298 1136 tm·
320 1070 384 1134 in
409 1069 664 1152 templo,
696 1066 869 1150 quod
895 1070 960 1130 et
993 1064 1120 1130 viri
1146 1070 1209 1131 et
1244 1065 1543 1130 mulieres
1575 1082 1706 1130 non

211 1176 393 1257 simul,
417 1177 523 1242 sed
547 1175 898 1260 pergebant
922 1191 1231 1239 seorsum.
1264 1171 1455 1239 Pueri
1488 1178 1704 1238 autem

210 1303 318 1350 uon
361 1284 730 1349 tenebantur
769 1282 891 1345 hac
925 1280 1113 1362 lege3
1159 1281 1266 1346 sed
1321 1279 1706 1364 quandoque

211 1412 335 1458 cum
376 1391 658 1475 patribus
695 1388 1082 1473 pergebant,
1133 1386 1513 1471 quandoque
1555 1405 1700 1451 cum

210 1499 567 1564 mulieribus.
599 1496 779 1562 Unde
805 1496 999 1577 virgo
1025 1495 1224 1561 Maria
1251 1497 1317 1559 et
1339 1498 1545 1559 mater
1574 1512 1702 1577 pu-

209 1607 339 1670 tavit
360 1605 563 1688 ipsum
586 1587 722 1668 esse
748 1620 899 1666 cum
924 1600 1159 1685 Ioseph
1183 1601 1249 1665 in
1279 1600 1582 1666 comitatu
1611 1600 1702 1665 vi-

210 1707 432 1790 rorum3
484 1715 546 1776 et
588 1710 825 1793 soseph
867 1709 1118 1793 putavit
1157 1725 1431 1792 puerum
1482 1706 1517 1772 J
1518 1726 1702 1774 esum

208 1837 321 1884 esse
344 1838 484 1884 cum
508 1817 708 1882 Maria
731 1817 803 1881 in
832 1817 1140 1882 comitatu
1166 1814 1595 1880 soeminarum.
1625 1814 1702 1879 Et

207 1927 323 1992 haec
359 1927 740 1992 consuetudo
781 1924 1145 1990 introducta
1178 1928 1314 1989 erat
1355 1941 1548 1988 causa
1586 1921 1702 1987 ho-

205 2034 451 2112 nestatis,
479 2033 559 2099 ad
585 2032 935 2098 custodiam
976 2032 1300 2097 castitatis.
1350 2029 1430 2095 Et
1467 2031 1558 2094 sic
1584 2048 1697 2113 pa-

205 2144 280 2205 tet
313 2141 469 2225 quod
502 2158 635 2205 non
673 2141 793 2205 fuit
830 2139 1171 2222 negligens
1215 2140 1281 2203 in
1316 2139 1695 2217 amittendo;

205 2249 296 2313 sed
317 2248 485 2314 valde
509 2248 630 2313 fuit
669 2247 938 2312 sollicita
966 2250 1028 2312 et
1057 2246 1330 2327 diligens
1375 2248 1442 2310 in
1486 2245 1696 2329 inqui-

203 2358 393 2438 rendo,
430 2375 506 2422 eo
549 2357 722 2440 quod
766 2355 1057 2437 quaesivit
1096 2372 1246 2420 eum
1300 2354 1508 2437 primo
1551 2372 1700 2419 cum

204 2464 534 2529 rectitudine
561 2463 963 2529 conscientiae
988 2463 1056 2525 in
1083 2460 1429 2542 credend03
1470 2479 1697 2526 secun-

206 2572 307 2651 do,
353 2589 492 2636 cum
541 2570 878 2636 latitudine
930 2568 1387 2634 benevolentiae
1433 2568 1500 2633 in
1549 2568 1699 2633 dili·

207 2678 411 2759 geod03
449 2680 656 2757 tertio,
695 2695 849 2743 cum
876 2676 1249 2741 certitudine
1275 2676 1695 2754 confidentiae,

203 2786 259 2850 in
280 2786 646 2870 expectando
689 2808 707 2850 ε
763 2790 837 2850 ut
880 2785 991 2865 sic,
1036 2789 1343 2868 tanquam
1388 2783 1594 2848 forma
1636 2786 1700 2849 et

203 2893 494 2975 speculum
577 2893 1080 2957 Christianorum
1120 2941 1138 2970 ,
1225 2891 1406 2956 daret
1474 2908 1693 2955 exem-

205 2999 351 3082 plum
409 3005 574 3065 recte
633 2998 1001 3084 acquirendi
1070 2997 1411 3063 Christum.
1482 2996 1698 3062 Primo

204 3109 464 3190 quaesivit
525 3126 677 3174 eum
737 3107 1113 3173 rectitudine
1178 3105 1576 3171 conscientiae
1629 3104 1696 3167 in

203 3216 502 3296 ‹zi-edendm
532 3215 704 3281 unde
740 3214 971 3279 dicitur
1000 3215 1019 3250 ¹
1049 3233 1067 3277 z
1110 3237 1140 3275 α
1181 3213 1257 3278 In
1301 3212 1696 3295 simplicitate

201 3323 375 3387 cordis
410 3324 672 3406 quaerite
709 3321 899 3386 illum
952 3342 970 3386 ι
1017 3320 1317 3404 quoniam
1369 3318 1697 3385 iuvenitur

197 3429 265 3492 ab
285 3430 397 3509 his,
426 3431 536 3513 qui
564 3448 696 3495 non
736 3432 982 3493 tentant
1014 3428 1225 3507 illum;
1269 3430 1528 3510 apparet
1572 3444 1694 3491 au-

197 3539 305 3600 tem
325 3538 410 3602 eis
437 3538 545 3622 qui
568 3538 765 3603 fldem
792 3535 1030 3600 habent
1065 3536 1132 3598 in
1166 3534 1371 3598 illum.
1419 3534 1694 3611 Quoerite

199 3644 355 3711 illum
377 3664 488 3730 per
511 3643 1054 3711 continuationem
1080 3642 1327 3707 devotae
1353 3639 1689 3718 orationis3

201 3752 258 3816 in
279 3754 673 3836 simpttcitate
700 3749 936 3829 cordis,
965 3766 1078 3832 per
1114 3748 1454 3833 puritatem
1482 3747 1692 3813 inten-

199 3860 357 3924 tionis
393 3866 457 3925 et
500 3859 937 3926 innocentiam
967 3856 1174 3940 operis
1217 3879 1233 3921 :
1277 3859 1351 3921 ut
1392 3855 1574 3920 nulla
1614 3855 1697 3920 sit

199 3964 490 4049 duplicitas
536 3967 836 4045 interius,
879 3963 1054 4028 nulla
1096 3962 1331 4027 falsitas
1378 3963 1689 4041 exterma,

197 4073 282 4136 md
301 4073 569 4139 totaliter
593 4074 1008 4139 convertatur
1047 4071 1117 4133 in
1156 4068 1356 4134 Deum
1369 4092 1386 4149 ;
1431 4087 1549 4134 nec
1586 4088 1691 4133 re-

197 4180 442 4247 flectatur
467 4182 543 4246 in
568 4199 761 4247 suum
790 4177 1222 4255 commodum,
1255 4196 1373 4242 nec
1408 4177 1693 4242 elevetur

196 4304 282 4369 pu·
298 4290 577 4356 favorem
602 4288 969 4353 humanum
997 4304 1015 4349 z
1043 4286 1349 4369 quoniam
1361 4287 1692 4354 invenitur

199 4396 256 4459 ob
275 4396 366 4464 Itis
387 4401 503 4481 qui
531 4413 668 4465 non
695 4399 948 4463 tentant
972 4394 1157 4460 illum
1191 4410 1307 4475 per
1343 4411 1693 4476 praesump-

198 4502 393 4570 tionem
432 4505 798 4570 temerariae
838 4500 1285 4584 inquisitionis,
1333 4498 1509 4564 Unde
1554 4497 1690 4565 Au-

200 4612 452 4686 gustinus
471 4620 496 4654 ¹
525 4631 544 4675 ε
582 4634 618 4672 α
660 4609 1082 4691 Praesumptio
1120 4608 1507 4689 arrogantiae
1546 4625 1692 4673 ocu·

197 4712 508 4787 lumcordis
530 4719 800 4796 claudit,
822 4722 895 4781 ut
913 4717 1170 4781 omnino
1196 4734 1328 4781 non
1345 4714 1574 4793 videat,
1586 4715 1690 4780 vel

195 4821 512 4912 distorquet,
525 4832 607 4893 ut
620 4844 925 4911 perverse
933 4825 1160 4905 videat,
1172 4829 1234 4889 et
1250 4822 1423 4888 aliud
1437 4842 1552 4907 pro
1567 4822 1689 4887 alio

198 4934 373 5011 probet
387 4941 493 5002 aut
519 4933 851 5017 improbet
877 4933 1016 5015 (α).»
1041 4934 1324 5014 Apparet
1351 4937 1565 4997 autem
1592 4932 1689 4996 eis

197 5041 283 5117 Μ
299 5040 474 5120 fidem
493 5041 734 5109 habent
757 5042 838 5107 in
867 5038 1050 5105 illum
1066 5056 1180 5122 per
1194 5037 1483 5103 mentalis
1499 5038 1687 5103 intui-

196 5147 717 5215 tuselevationem.
737 5146 1033 5212 Secundo
1044 5145 1341 5228 quaesivit
1364 5161 1515 5209 eum
1532 5162 1686 5210 cum

247 5344 396 5411 ’ἔφη
417 5360 453 5410 1,
477 5353 522 5400 1.
541 5374 608 5388 -
629 5348 648 5379 ²
673 5349 836 5410 Aug..
858 5352 986 5394 cont.
1010 5343 1204 5407 Pausi„
1223 5342 1309 5393 lib.
1334 5343 1468 5406 xvi,
1495 5357 1543 5395 c.
1571 5354 1680 5394 xlv,

198 5417 454 5544 auio-e„
477 5435 586 5483 xvi,
621 5425 674 5473 6.
691 5445 761 5459 -
787 5418 811 5454 ⁸
835 5417 1037 5482 sev-em„
1061 5429 1206 5480 mx,
1237 5418 1313 5467 13.
1335 5442 1401 5455 -
1418 5417 1440 5453 ⁸
1470 5415 1685 5477 Coloss„

1819 843 1966 910 lstae
1992 848 2230 911 sanetae
2256 846 2579 925 mulieres,
2626 865 2788 931 quas
2833 845 3179 928 alloquitur
3222 847 3353 912 An-

1818 954 2028 1036 geluS,
2063 973 2211 1019 cum
2254 958 2432 1020 tanto
2477 953 2783 1019 desiderio
2828 953 3066 1019 amoris
3108 972 3358 1038 quaere-

1815 1063 1975 1128 bant
2000 1064 2345 1145 Christum,
2373 1067 2447 1129 ut
2474 1064 2662 1128 etiam
2691 1065 2760 1128 in
2786 1068 2973 1130 nocte
3003 1083 3135 1129 non
3152 1064 3357 1148 quies-

1815 1175 2052 1236 cerent.
2085 1169 2307 1236 Nonne
2354 1190 2500 1237 cum
2538 1190 2783 1253 magno
2829 1173 3078 1237 fervore
3121 1172 3357 1237 amoris

1814 1279 2141 1362 quaerebat
2168 1278 2491 1344 Christum
2534 1278 2730 1343 Maria
2761 1277 3135 1361 Magdalena
3152 1328 3172 1359 ‚
3206 1297 3353 1363 quae

1812 1385 1944 1450 sola
1975 1385 2047 1449 in
2083 1385 2417 1469 sepulchro
2454 1403 2663 1450 moras
2696 1386 3069 1451 contrahere
3096 1404 3227 1451 non
3268 1387 3349 1450 ti-

1812 1492 2050 1572 mebat,
2079 1511 2229 1557 cum
2255 1511 2446 1557 sexus
2489 1492 2818 1556 muliebris
2865 1492 2947 1556 sit
2974 1493 3233 1558 timidus
3270 1512 3353 1559 ex

1810 1606 2067 1666 natura.
2096 1600 2238 1667 Non
2264 1601 2436 1666 enim
2476 1604 2613 1667 erat
2646 1603 2937 1666 contenta
2963 1600 3208 1667 visione
3235 1621 3353 1667 an-

1814 1709 2145 1792 gelorum,
2193 1729 2311 1774 nec
2350 1710 2666 1775 consortio
2710 1709 3171 1793 apostolorum;
3219 1712 3351 1776 imo

1811 1811 1947 1881 erat
1974 1817 2239 1882 taedium
2267 1816 2387 1881 sibi
2415 1816 2631 1881 videre
2659 1835 2915 1881 omnem
2956 1821 3309 1881 creaturam
3330 1866 3347 1894 ,

1808 1941 1927 1987 nec
1952 1924 2188 1988 destitit
2213 1941 2521 2007 quaerere,
2552 1924 2751 1989 donec
2779 1924 3090 1989 inveniret
3129 1927 3349 1989 Jesum

1811 2029 2208 2095 Nazarenum
2236 2032 2635 2112 crucifixum,
2666 2032 2820 2115 quia
2845 2050 2920 2096 eo
2952 2031 3191 2109 habito,
3232 2031 3348 2097 ha-

1809 2137 1996 2203 betur
2021 2155 2211 2203 omne
2237 2138 2500 2203 bonum.
2522 2137 2683 2204 Nam
2708 2138 3016 2217 ChristuS‚
3048 2139 3117 2203 in
3146 2155 3348 2222 quan-

1809 2249 1948 2309 tum
1995 2244 2377 2323 Crucifixus,
2425 2246 2666 2311 confert
2705 2246 3089 2311 beneficium
3136 2247 3343 2312 veniae

1805 2352 1876 2416 in
1900 2353 2295 2418 absolutione
2324 2354 2549 2437 culpae.
2602 2353 2674 2418 In
2710 2358 3029 2437 quantum
3072 2353 3342 2420 Nazare-

1807 2478 1952 2540 nus‚
1984 2459 2048 2524 id
2078 2463 2196 2540 est,
2229 2458 2511 2540 floriduS,
2529 2461 2768 2525 confert
2790 2461 3174 2526 stillicidium
3200 2480 3345 2544 gra-

1806 2568 1937 2645 tiae,
1965 2565 2036 2630 in
2050 2567 2448 2649 promotione
2462 2567 2747 2650 justitiae.
2781 2567 2904 2632 Sed
2931 2569 3002 2632 in
3029 2574 3341 2651 quantum

1805 2674 1994 2742 iesus.
2023 2675 2156 2756 (qui
2187 2675 2641 2757 interpretatur
2665 2674 2874 2759 salus)
2903 2677 3146 2743 confert
3173 2695 3345 2743 com-

1805 2781 2198 2863 plementum
2240 2781 2466 2864 gloriae
2506 2782 2575 2847 in
2618 2781 3077 2864 glorificatione
3116 2804 3341 2869 corpo·

1805 2888 1898 2951 ris
1942 2893 2007 2952 et
2047 2889 2302 2953 animae.
2348 2887 2428 2953 Et
2468 2889 2547 2954 de
2591 2890 2711 2954 hoc
2754 2890 2981 2956 dicitur
3005 2891 3072 2955 ⁸:
3110 2916 3142 2954 α
3183 2892 3342 2958 Cum

1805 2995 2185 3077 quaesieritis
2219 3014 2322 3059 me
2366 2995 2431 3059 in
2475 2998 2604 3060 toto
2643 2996 2829 3060 corde
2870 3002 3113 3079 vestre,
3162 2999 3345 3064 inve-

1803 3102 1947 3166 niar
1973 3120 2013 3165 a
2048 3102 2260 3181 vobiS,
2302 3101 2451 3167 dicit
2493 3100 2821 3167 Dominus·
2865 3124 2895 3162 n
2939 3103 3116 3170 Unde
3160 3105 3345 3172 beata

1802 3206 2001 3291 Virgo
2050 3210 2348 3292 quaesivit
2401 3210 2465 3273 in
2522 3214 2653 3274 toto
2697 3210 2917 3291 corde,
2964 3229 3091 3275 nou
3150 3213 3340 3277 dimi-

1803 3314 2034 3378 diando
2059 3332 2209 3379 eum
2233 3314 2313 3380 ad
2342 3318 2612 3378 terrena.
2642 3313 2852 3379 Tertio
2876 3317 3173 3398 quaesivit
3188 3336 3338 3383 eum

1802 3440 1953 3485 cum
1977 3423 2352 3487 certitudine
2381 3420 2797 3501 confidentiae,
2827 3422 2898 3486 in
2916 3425 3335 3506 expectando;

1807 3528 1981 3593 unde
2006 3529 2073 3592 ⁸:
2108 3551 2140 3591 e
2178 3527 2334 3605 Quae
2380 3546 2639 3593 sursum
2678 3532 2827 3592 sunt
2854 3530 3160 3611 quaerite,
3206 3549 3336 3596 non

1802 3654 1949 3719 quae
1976 3654 2167 3720 super
2194 3641 2452 3716 terram,
2499 3636 2609 3700 ubi
2636 3635 2923 3701 Christus
2958 3638 3149 3702 estin
3179 3639 3333 3704 dex-

1800 3748 1936 3810 tera
1974 3744 2085 3808 Dei
2114 3744 2357 3809 sedens.
2397 3767 2428 3803 n
2463 3743 2661 3826 Virgo
2702 3744 2900 3810 Maria
2948 3765 3062 3829 per
3104 3749 3341 3831 appeti-

1800 3856 1941 3917 tum
1968 3851 2319 3916 coelestium
2346 3851 2670 3934 quaerebat
2712 3870 2853 3935 quoe
2876 3869 3131 3921 sursum
3155 3861 3331 3936 sunt,

1800 3959 2188 4042 expectando
2204 3977 2352 4023 cum
2368 3959 2743 4024 certitudine
2757 3959 2890 4043 spei
2910 3960 3156 4043 potiora
3167 3961 3335 4027 bona

1800 4066 1907 4132 Dei
1936 4065 2159 4146 Patria,
2191 4065 2301 4129 ubi
2331 4065 2620 4130 Christus
2646 4066 2713 4130 in
2750 4071 3064 4150 quantum
3102 4069 3327 4150 hom0,

1798 4176 2103 4257 perpetue
2148 4172 2411 4251 fruitur3
2457 4189 2590 4238 non
2637 4190 2779 4255 quoe
2821 4189 3014 4256 super
3059 4183 3328 4257 terram,

1797 4299 1911 4365 per
1939 4280 2405 4363 depressionem
2438 4279 2701 4343 affectus
2726 4279 2803 4344 ad
2851 4285 3131 4362 terrena,
3178 4285 3333 4366 quia

1798 4389 1943 4452 istae
1994 4392 2262 4452 terrenae
2306 4385 2790 4465 consolationes,
2839 4406 2999 4469 quas
3048 4390 3330 4456 carnales

1798 4495 2240 4578 experiuntur,
2258 4499 2639 4576 comparatae
2655 4492 3169 4561 delectationibus
3181 4517 3328 4581 quae

1796 4622 2054 4669 sursum
2084 4607 2233 4668 suut
2273 4603 2343 4666 in
2391 4602 2653 4668 dextera
2690 4601 2800 4667 Dei
2839 4602 3069 4684 Patris,
3117 4606 3328 4688 potius

1796 4710 2077 4775 dicendae
2108 4713 2259 4775 sunt
2295 4709 2721 4774 desolationes.
2763 4709 2882 4774 Ubi
2921 4712 3093 4777 enim
3135 4713 3326 4779 homo

1797 4820 1993 4885 credit
2017 4819 2303 4884 invenire
2328 4817 2854 4884 delectamentum
2870 4868 2889 4896 ,
2920 4820 3159 4884 invenit
3186 4840 3326 4886 cru-

1794 4927 2212 5004 ciamentum,
2243 4927 2392 5008 quia
2433 4927 2640 4990 omnis
2682 4926 3005 4993 delectatio
3049 4930 3116 4992 in
3166 4948 3323 5012 prae·

1793 5035 1957 5099 senti
1995 5052 2218 5117 aspera
2262 5038 2357 5098 est
2397 5033 2839 5099 amaritudine.
2885 5034 3020 5115 ,Sed
3065 5036 3325 5102 delecta·
3349 5048 3558 5155 “goem-

1792 5144 2018 5223 tiones,
2050 5160 2197 5226 quae
2225 5141 2467 5206 suntin
2501 5141 2760 5206 dextera
2797 5140 2940 5222 Dei,
2984 5141 3319 5225 delectant,

1790 5268 1868 5316 eo
1917 5251 2091 5333 quod
2140 5248 2465 5314 delectatio
2531 5252 2627 5314 est
2679 5250 3039 5333 conjunctio
3094 5269 3323 5319 conve·

1850 5411 1919 5477 (α)
1950 5410 2073 5462 Coet.
2100 5408 2220 5460 edil.
2248 5407 2379 5459 deest
2406 5413 2495 5460 aut
2521 5408 2591 5459 im
2627 5409 2794 5474 robet‚
2821 5425 2931 5476 qnoe
2958 5413 3119 5464 {amen
3145 5413 3320 5480 lequu-

1790 5487 1876 5535 tm·
1908 5481 2046 5546 apud
2074 5482 2222 5544 Auq..
2252 5486 2370 5531 tom.
2410 5479 2536 5545 Vm,
2623 5482 2685 5531 tt.
2711 5480 2919 5536 Gaume.
