4059 6317
922 473 1025 538 DE
1064 472 1314 539 FESTO
1358 468 1672 539 OMNIUM
1715 466 2217 535 SANOE'ORUM.
2265 467 2529 535 SERMO
2570 468 2652 534 ΙΙ.

163 607 304 665 Ideo
341 610 481 666 sunt
527 608 604 666 de
651 623 900 667 numero
949 625 1157 668 eorum
1177 651 1197 682 ,
1246 609 1323 667 de
1379 608 1599 683 quibus
1653 612 1665 638 ¹
1696 620 1713 661 ε

169 720 198 756 α
222 702 386 760 Beati
428 700 838 761 misericordes
856 744 876 773 ,
921 703 1208 778 quoniam
1250 699 1718 761 misericordiam

163 797 607 870 consequentur
617 795 755 870 (a).»
773 799 838 854 Et
851 811 991 855 vere
1014 794 1481 855 misericordiam
1509 808 1717 851 conse·

163 893 450 963 quentur‚
479 905 617 947 cum
652 888 750 947 Dei
784 888 1192 947 misericordia
1225 888 1300 946 sit
1342 887 1496 958 fonS,
1528 891 1585 944 et
1607 901 1718 943 no-

162 986 287 1040 stra
325 982 730 1042 misericordia
766 981 835 1040 sit
867 982 1032 1040 rivus
1065 982 1145 1040 ad
1185 981 1524 1057 proximum
1564 978 1719 1036 deri-

166 1080 366 1146 vatus,
404 1092 539 1134 cum
578 1074 712 1133 fons
756 1073 940 1149 ipsius
981 1074 1399 1133 misericordias
1445 1072 1613 1149 prius
1647 1072 1722 1130 sit

166 1169 249 1226 ad
277 1185 412 1228 nos.
445 1169 608 1228 Unde
635 1167 658 1202 ²
686 1187 701 1226 ε
740 1190 769 1223 α
794 1173 1003 1228 Beatus
1028 1170 1140 1240 vir,
1178 1169 1284 1245 qui
1315 1167 1588 1241 intelligit
1621 1182 1720 1223 su-

164 1278 277 1336 per
304 1278 583 1336 egenum,
626 1267 683 1321 et
706 1280 1050 1339 pauperem.
1081 1283 1110 1317 »
1141 1265 1381 1336 qunum
1409 1262 1570 1333 dicit,
1595 1275 1720 1318 non

166 1356 758 1430 superabundantem
777 1361 834 1415 et
850 1356 1095 1415 divitem
1106 1358 1130 1395 ⁸
1146 1377 1162 1414 ε
1179 1375 1209 1411 ι(
1227 1359 1373 1415 Cum
1390 1356 1532 1414 facis
1545 1369 1722 1429 pran-

170 1448 365 1521 dium,
379 1469 409 1504 n
435 1452 544 1508 etc.
559 1452 605 1510 0
620 1453 771 1508 Deus
786 1454 1023 1522 aeterne,
1050 1449 1101 1507 si
1122 1449 1533 1508 misericordes
1548 1451 1720 1507 erunt

168 1541 354 1613 beati,
380 1543 677 1617 numquid
702 1542 1201 1602 immisericordes
1230 1546 1403 1602 erunt
1427 1541 1667 1601 miseri?
1695 1542 1719 1578 ⁸

175 1656 204 1689 ι
221 1635 523 1694 ,Ιιιᾱίοἰιιω
540 1638 666 1695 sine
690 1636 1098 1695 misericordia
1109 1636 1456 1711 possidebit,
1476 1635 1722 1709 quinon

170 1727 312 1787 facit
347 1729 837 1790 misericordiam.
869 1751 899 1785 n
929 1729 1084 1800 Quid
1112 1730 1308 1788 dicam
1337 1729 1413 1787 de
1449 1727 1588 1800 illis,
1617 1727 1724 1801 qui

172 1820 510 1897 despiciunt
535 1839 849 1899 paupereS,
880 1823 1301 1882 abominantur
1326 1823 1554 1896 inopeS,
1580 1820 1725 1879 affli-

172 1918 324 1988 gunt
378 1916 634 1975 humiles
652 1959 670 1988 ,
733 1919 1166 1991 persequuntur
1221 1914 1495 1973 debiles?
1561 1916 1724 1971 Certe

175 2010 420 2084 expedIt
460 2011 565 2083 eis,
605 2015 673 2070 ut
707 2009 1094 2085 suspendatur
1144 2009 1307 2067 mola
1355 2008 1610 2067 asinaria
1662 2007 1727 2065 in

175 2102 335 2161 collo
365 2119 594 2175 eorum,
624 2109 681 2163 et
697 2105 1001 2163 mittantur
1022 2104 1086 2161 in
1101 2102 1467 2179 profundum
1486 2101 1687 2160 maris,
1704 2101 1726 2136 ⁸

182 2218 210 2249 ιι
237 2196 349 2267 Qui
379 2196 625 2272 despicit
649 2199 993 2273 proximum
1017 2214 1213 2267 suum,
1232 2200 1467 2272 peccat3
1499 2195 1605 2271 qui
1623 2211 1727 2254 au-

177 2294 295 2348 tem
340 2290 649 2349 miseretur
693 2292 972 2366 pauperis
991 2333 1013 2362 ,
1063 2291 1274 2349 beatus
1322 2290 1448 2348 erit.
1502 2310 1527 2343 ι
1564 2288 1730 2348 Tales

175 2383 417 2444 fuerunt
440 2384 506 2459 (ὁ)
537 2387 735 2460 patres
763 2384 1028 2459 antiqui,
1057 2384 1161 2459 qui
1192 2383 1267 2442 de
1291 2384 1412 2441 suis
1438 2382 1729 2442 facultati-

175 2478 291 2536 bus
317 2478 685 2554 pauperibus
704 2478 983 2553 impertiti
1009 2481 1163 2535 sunt.
1193 2476 1450 2536 Isidorus
1469 2479 1528 2533 ⁸:
1566 2479 1731 2535 «Boc

175 2576 412 2632 tantum
457 2574 637 2632 habet
670 2590 869 2633 rerum
903 2574 1198 2650 possessio
1243 2573 1653 2648 praesentium,
1678 2570 1730 2628 si

177 2667 407 2726 reficiat
438 2669 624 2725 vitam
665 2668 1039 2726 miserorum.
1081 2687 1110 2722 s
1162 2667 1464 2726 servando
1510 2664 1727 2724 amitti-

178 2778 335 2832 muS,
364 2761 673 2834 largiendo
701 2777 1025 2820 servamuS.
1055 2760 1219 2819 Unde
1248 2776 1490 2818 versus:

298 2902 450 2954 Solas
475 2915 603 2967 quas
630 2900 852 2965 dederis,
880 2914 1084 2966 semper
1109 2899 1327 2952 habebis
1355 2913 1500 2965 opes.

253 3045 494 3116 Quinto,
521 3042 838 3103 beatificati
869 3045 1007 3101 sunt
1033 3042 1336 3117 Prophetas
1359 3044 1604 3116 propter
1627 3055 1733 3098 ve-

182 3139 417 3197 ritatem
462 3135 899 3211 intelligentiae⁷
940 3155 955 3194 ε
1003 3158 1030 3191 «
1069 3139 1134 3195 ln
1175 3152 1278 3195 ore
1314 3136 1584 3211 ipsorum
1610 3150 1735 3193 non

183 3233 496 3291 inventum
527 3234 612 3289 est
633 3231 1075 3304 mendacium,»
1108 3246 1305 3305 neque
1334 3229 1511 3288 dolus
1533 3228 1595 3286 in
1621 3228 1738 3292 lin-

184 3343 325 3400 gua,
354 3341 552 3401 neque
588 3325 807 3384 falsitas
846 3324 911 3382 in
937 3323 1156 3394 verbis,
1192 3339 1388 3397 neque
1425 3322 1740 3394 duplicitas

184 3421 248 3478 in
288 3420 608 3478 locutione.
646 3420 786 3479 ldeo
821 3439 851 3473 c
886 3421 1020 3476 ante
1062 3417 1343 3476 thronum
1387 3417 1487 3474 Dei
1529 3418 1666 3475 sunt
1704 3438 1735 3471 n

184 3515 523 3586 beatificati,
558 3514 663 3590 qui
705 3529 819 3589 pro
860 3512 1101 3572 veritate
1129 3503 1649 3587 seopposuerunt,
1680 3516 1738 3570 et

188 3609 391 3683 potius
417 3608 703 3667 volebant
740 3606 923 3666 vitam
966 3606 1238 3682 perdere,
1293 3621 1479 3681 quam
1524 3607 1740 3665 verita·

193 3707 335 3774 tem,
377 3703 526 3760 sicut
567 3706 727 3777 patet
763 3702 826 3759 in
863 3702 1032 3773 isaia,
1079 3702 1353 3772 Michoea,
1400 3705 1457 3759 et
1501 3701 1740 3759 caeteris.

195 3796 360 3853 Unde
390 3795 465 3854 de
493 3795 577 3853 eis
604 3798 797 3869 potest
817 3795 936 3853 dici
961 3793 1114 3852 illud
1135 3795 1195 3852 ⁸:
1236 3815 1261 3849 α
1278 3798 1484 3853 Beatus
1504 3794 1618 3865 vir,
1640 3795 1741 3868 qui

194 3905 318 3947 non
361 3894 449 3948 est
479 3888 681 3964 lapsus
715 3889 903 3947 verbo
941 3905 1016 3946 ex
1043 3904 1146 3947 ore
1180 3905 1311 3961 suo,
1333 3908 1362 3943 n
1397 3887 1616 3946 scilicet
1636 3903 1746 3962 per

194 3982 508 4041 falsitatem
541 3985 601 4041 et
624 3981 1026 4041 mendacium.
1066 3985 1112 4040 Ο
1137 3997 1321 4057 quam
1360 3981 1538 4057 pauci
1563 3980 1746 4039 hodie

195 4077 473 4135 homines
499 4076 877 4135 inveniuntur
905 4075 982 4134 de
1028 4075 1152 4135 istis
1193 4076 1408 4134 beatis!
1459 4074 1747 4149 quoniam

195 4171 416 4229 veritas
441 4170 506 4228 in
530 4170 739 4244 plateis
773 4170 1012 4240 corruit,
1059 4173 1118 4227 et
1139 4168 1364 4251 falsitas
1398 4168 1624 4243 ubique
1656 4184 1749 4226 re-

197 4268 343 4337 gnat
374 4283 389 4321 ε
418 4280 556 4322 rom
582 4264 757 4336 aruit,
785 4262 959 4337 spina
984 4262 1183 4334 crevit.
1231 4264 1276 4322 Ο
1319 4263 1529 4321 abusio
1558 4261 1748 4320 maxi-

196 4362 324 4417 mat
361 4373 498 4415 cum
523 4357 745 4416 falsitas
770 4356 920 4415 nihil
937 4357 1153 4428 valeat,
1182 4357 1334 4414 sicut
1349 4355 1629 4415 denarius
1645 4355 1753 4413 fal-

196 4469 319 4524 sus,
351 4451 431 4510 ad
459 4450 894 4527 accipiendum,
920 4466 1026 4508 cur
1045 4449 1128 4508 ita
1141 4450 1502 4524 appretiatur
1528 4465 1566 4507 a
1587 4449 1751 4507 Chri-

197 4545 423 4618 stianis,
457 4545 561 4620 qui
591 4544 810 4604 debent
836 4560 962 4602 esse
983 4543 1090 4601 filii
1111 4543 1416 4601 veritatis?
1442 4542 1594 4601 Falsi
1616 4545 1753 4601 sunt

197 4640 259 4698 in
298 4639 468 4700 omni
512 4637 884 4705 venditione,
920 4641 978 4695 et
1014 4636 1349 4710 emptione,
1382 4640 1439 4693 et
1475 4635 1539 4693 in
1585 4637 1752 4693 omni

200 4732 661 4807 congregatione
687 4734 745 4790 et
768 4730 1028 4789 natione.
1057 4729 1222 4787 Unde
1247 4729 1270 4764 ⁹
1300 4747 1314 4786 z
1350 4749 1380 4782 ιι
1404 4728 1532 4786 Filii
1558 4729 1753 4788 homi-

200 4844 375 4898 num,
402 4841 716 4900 usquequo
743 4823 911 4898 gravi
951 4823 1172 4883 corde?
1215 4826 1284 4880 ut
1320 4820 1469 4895 quid
1511 4821 1753 4896 diligitis

3253 474 3362 538 62¹

1823 604 2089 678 sequitur
2117 604 2161 641 ¹⁰
2192 623 2254 662 :a
2281 603 2584 679 Disperdat
2608 602 2890 663 Dominus
2910 603 3187 664 universa
3212 605 3376 664 labia

1825 695 2059 771 dolosa,
2087 719 2117 754 n
2158 702 2269 757 etc.
2316 702 2381 758 Et
2403 697 2444 735 ¹¹
2487 716 2503 753 ε
2540 718 2568 754 α
2595 698 2809 757 Perdes
2852 714 3080 770 omnes,
3128 699 3233 775 qui
3282 700 3373 759 lo·

1827 794 2089 865 quuntur
2115 791 2516 850 mendacium.
2545 813 2574 846 »ι
2617 792 2728 862 Qui
2757 808 2900 866 ergo
2929 792 3057 852 vult
3081 809 3209 851 esse
3235 793 3377 852 bea·

1824 889 1939 955 tus,
1970 884 2182 959 diligat
2216 886 2520 944 veritatem
2537 902 2675 945 cum
2703 886 3023 961 Prophetis

1898 978 2092 1049 Sexto,
2114 979 2273 1037 beati
2299 979 2433 1037 shnt
2455 979 2718 1053 Apostoli
2732 984 2788 1037 et
2802 979 3181 1054 Evangelistoe
3198 996 3381 1056 prop-

1825 1073 1914 1127 ter
1941 1074 2350 1146 paupertatem
2372 1072 2745 1146 indigentiae:
2775 1074 2887 1147 ipsi
2918 1075 3079 1131 enim
3105 1077 3241 1132 sunt
3263 1074 3381 1149 pri-

1826 1164 1910 1220 mi
1950 1165 2013 1221 in
2058 1164 2525 1223 beatitudinibus
2553 1166 2642 1223 ¹¹:
2692 1185 2721 1220 «
2748 1167 2903 1225 Beati
2928 1183 3222 1242 pauperes
3261 1167 3380 1241 spi·

1825 1257 1962 1329 ritu,
1988 1277 2018 1312 n
2054 1265 2160 1315 etc.
2182 1257 2322 1317 Aliis
2344 1259 2703 1332 promittitur
2719 1259 3023 1319 beatitudo
3047 1261 3122 1319 de
3150 1261 3378 1320 futuro:

1827 1350 1935 1408 sed
1955 1351 2251 1425 Apostolis
2276 1353 2642 1427 pauperibus
2669 1357 2727 1412 et
2752 1354 3102 1428 Martyribus
3128 1354 3203 1413 de
3231 1371 3382 1429 prae·

1828 1444 2000 1502 senti.
2029 1448 2161 1503 Jam
2187 1446 2409 1504 habent
2428 1446 2659 1505 clavem
2678 1448 2870 1520 regni,
2888 1448 3017 1522 jam
3047 1449 3379 1508 custodiam

1822 1539 2050 1612 janum,
2077 1543 2143 1597 ut
2178 1538 2328 1597 alios
2348 1540 2579 1614 possint
2603 1540 2987 1600 intromittere
3014 1542 3075 1600 in
3103 1546 3382 1602 aeternam

1829 1632 2256 1691 beatitudinem
2281 1652 2295 1691 ε
2327 1637 2385 1691 et
2410 1639 2653 1708 propter
2683 1634 2799 1693 hoc
2831 1634 3041 1693 divites
3068 1641 3222 1708 sunt,
3248 1637 3384 1695 licet

1829 1726 1981 1785 nihil
2021 1728 2283 1786 habeant
2310 1727 2655 1803 temporale.
2684 1731 2725 1766 ¹³
2759 1750 2788 1783 a
2814 1732 3023 1787 Beatus
3060 1729 3247 1802 dives,
3276 1732 3382 1805 qui

1830 1820 2105 1878 inventus
2148 1823 2234 1878 est
2272 1821 2398 1878 sine
2441 1822 2707 1893 macula,
2755 1842 2786 1878 »
2820 1826 2929 1881 etc.
2975 1826 3129 1881 Bene
3154 1839 3385 1899 pauper

1833 1914 2040 1972 Christi
2070 1914 2238 1972 dives
2255 1918 2362 1987 est,
2390 1914 2495 1990 qui
2514 1915 2732 1974 electus
2752 1915 2830 1974 ad
2855 1932 3105 1989 regnum
3124 1918 3386 1976 ethaeros

1835 2007 2003 2080 regni
2024 2007 2272 2066 coelestis
2294 2014 2398 2067 est.
2415 2006 2495 2063 ¹⁸«
2508 2012 2693 2067 Omne
2704 2009 2991 2082 gaudium
3003 2011 3384 2083 existimate,=›

1837 2105 1948 2159 etc.
1980 2101 2184 2161 Glossa
2212 2123 2229 2159 ε
2261 2120 2289 2156 α
2317 2105 2447 2160 Non
2472 2102 2887 2176 indignemini,
2914 2102 3140 2175 fratreS,
3165 2105 3216 2162 si
3242 2105 3386 2163 mali

1834 2195 2134 2254 florentin
2160 2195 2275 2254 hoc
2293 2195 2546 2268 mundo,
2565 2200 2623 2254 et
2636 2213 2747 2254 vos
2772 2196 3076 2271 patimini:
3099 2218 3128 2251 ιι
3150 2214 3274 2256 non
3301 2203 3390 2257 est

1835 2289 1996 2348 enim
2021 2289 2349 2348 christianas
2365 2289 2664 2363 dignitatis
2685 2290 2747 2347 in
2777 2291 3202 2365 temporalibus
3228 2292 3388 2351 exal-

1834 2383 1968 2454 tari,
2012 2382 2119 2440 sed
2160 2383 2358 2457 potius
2403 2382 2678 2458 deprimi.
2725 2384 2814 2443 llli
2857 2385 3007 2443 nihil
3051 2385 3276 2444 habent
3324 2387 3385 2445 in

1838 2478 1989 2537 coelo
2003 2497 2022 2551 3
2052 2494 2163 2537 vos
2189 2479 2338 2537 nihil
2363 2479 2426 2537 in
2446 2479 2715 2538 mundo:
2741 2496 2846 2554 spe
2865 2476 3006 2554 er’go
3028 2480 3189 2540 illius
3215 2481 3383 2555 boni,

1838 2573 1916 2631 ad
1935 2572 2103 2648 quod
2117 2572 2371 2645 tenditis,
2394 2572 2691 2647 quidquid
2704 2574 2767 2630 in
2783 2574 2883 2631 via
2895 2574 3225 2648 contigerit,
3242 2591 3388 2649 gau-

1839 2665 1979 2724 dere
2009 2665 2257 2724 dehetis.
2286 2666 2439 2736 Quid
2464 2666 2642 2740 igitur
2670 2666 2974 2725 dicemus?
3002 2668 3150 2743 quid
3175 2669 3389 2744 pretio-

1838 2759 1961 2817 sius
1986 2776 2130 2818 vera
2151 2763 2518 2834 paupertate,
2549 2777 2684 2835 quae
2703 2763 2789 2817 est
2803 2761 3059 2835 pretium
3083 2763 3249 2836 regni
3273 2779 3390 2821 coe·

1837 2853 2039 2911 lestis?
2079 2853 2431 2927 Augustinus
2466 2853 2509 2890 ¹⁸
2545 2871 2560 2911 ε
2604 2874 2634 2908 α
2662 2854 2878 2913 venale
2919 2855 3140 2929 habeo,
3193 2878 3220 2909 »
3278 2860 3385 2916 etc.

1842 2951 1882 2986 ¹⁸
1909 2969 1934 3002 α
1952 2952 2156 3008 Nonne
2184 2952 2334 3007 Deus
2361 2950 2538 3024 elegit
2564 2966 2853 3025 pauperes
2874 2951 2937 3008 in
2955 2951 3070 3010 hoc
3089 2952 3386 3010 mundo?-

1841 3045 1971 3101 Non
2000 3042 2179 3116 igitur
2222 3043 2529 3118 displiceat
2561 3044 2670 3102 tibi
2719 3051 3060 3119 paupertas,
3086 3061 3208 3120 qua
3241 3046 3392 3106 nihil

1841 3140 2035 3211 potest
2061 3137 2301 3196 divitius
2325 3137 2577 3196 inveniri
2609 3156 2623 3195 ε
2656 3138 2798 3212 quia
2824 3153 3077 3211 regnum
3106 3138 3393 3196 coelorum

1843 3247 1953 3306 per
1978 3236 2385 3307 paupertatem
2423 3236 2820 3307 comparatur.
2864 3237 2909 3292 Ο
2948 3232 3315 3300 charissimi,
3344 3233 3394 3290 si

1845 3325 2152 3387 beatitudo
2193 3329 2252 3384 et
2277 3342 2431 3385 verce
2459 3326 2679 3384 divitias
2706 3329 2900 3384 essent
2925 3326 2984 3383 in
3014 3343 3192 3399 auro,
3220 3343 3395 3385 num-

1848 3420 1995 3495 quid
2022 3436 2146 3478 non
2174 3436 2308 3478 eam
2335 3419 2449 3478 sibi
2479 3420 2735 3478 Christus
2759 3420 3110 3491 retinuisset,
3137 3425 3194 3480 et
3226 3422 3396 3480 disci-

1846 3514 2005 3588 pulis
2033 3514 2154 3571 suis
2182 3513 2479 3572 dedisset?
2506 3513 2620 3572 Sed
2639 3529 2763 3571 non
2792 3514 2987 3572 solum
3003 3530 3126 3572 non
3153 3515 3392 3590 habuit3

1849 3608 1955 3665 sed
1975 3608 2154 3665 etiam
2167 3606 2538 3682 contempsit,
2555 3611 2959 3680 paupertatem
2982 3608 3176 3679 elegit,
3189 3611 3397 3682 tenuit,

1852 3704 1910 3759 et
1935 3700 2157 3772 docuit,
2183 3703 2241 3758 et
2267 3699 2573 3773 discipulis
2591 3700 2713 3757 suis
2733 3700 2964 3759 divitias
2989 3701 3309 3775 prohibuit.
3340 3704 3399 3761 Si

1848 3793 2047 3868 primo
2092 3793 2433 3866 fugiebatur
2475 3796 2611 3850 ante
2652 3793 2860 3852 Christi
2905 3795 3248 3867 adventum,
3275 3812 3400 3855 non

1853 3883 1940 3937 est
1967 3878 2187 3937 mirum
2203 3920 2223 3951 ,
2252 3878 2394 3954 quia
2420 3879 2791 3938 nesciebatur
2818 3881 3069 3953 pretium
3097 3882 3252 3956 ejus3
3293 3883 3402 3942 sed

1850 3977 2170 4048 postquam
2206 3974 2356 4030 Deus
2393 3973 2457 4029 in
2492 3988 2664 4030 suam
2708 3973 2931 4048 accepit
2971 3979 3219 4049 partem,
3271 3991 3402 4034 am-

1852 4066 2154 4140 plexanda
2182 4069 2269 4123 est
2294 4070 2580 4140 tanquam
2616 4081 2711 4124 res
2752 4065 3030 4140 pretiosa.
3060 4068 3402 4128 sicutenim

1853 4160 2064 4218 vinum
2106 4158 2401 4217 infusione
2437 4160 2877 4234 pigmentorum
2901 4158 2968 4217 fit
2999 4160 3281 4220 claretum
3304 4162 3404 4222 vel

1854 4257 2080 4324 nectar,
2099 4253 2184 4311 sic
2197 4257 2517 4328 paupertas
2536 4253 2743 4311 Christi
2763 4269 2965 4312 amore
2986 4253 3314 4327 dulcorata,
3339 4256 3403 4315 in

1857 4362 1980 4421 quo
2002 4350 2139 4405 sunt
2165 4345 2367 4405 omnia
2393 4350 2679 4419 aromata,
2725 4349 2781 4404 et
2808 4348 2911 4422 qui
2951 4352 3035 4406 est
3067 4348 3201 4406 fons
3228 4350 3405 4409 totius

1860 4441 2213 4513 dulcedinis,
2232 4440 2302 4498 fit
2322 4441 2487 4515 potio
2514 4440 2925 4500 saluberrima.
2957 4441 3119 4501 Unde
3147 4460 3405 4520 pauper-

1859 4539 1948 4593 tas
1974 4535 2253 4593 omnibus
2289 4533 2626 4593 Christianis
2667 4532 2846 4593 debet
2872 4552 2995 4593 esse
3031 4537 3261 4611 sapida.
3290 4537 3405 4597 Sed

1857 4630 2039 4689 hodie
2067 4629 2238 4688 multi
2266 4645 2400 4688 eam
2428 4629 2769 4701 abhorrent,
2799 4634 2855 4688 et
2877 4630 3101 4689 habent
3138 4631 3405 4707 palatum

1858 4724 2073 4784 affectu
2118 4722 2457 4798 cupiditatis
2502 4721 2692 4780 felleae
2713 4722 3018 4796 infectum,
3064 4725 3257 4800 qualis
3297 4726 3408 4786 fuit

1857 4817 1983 4890 ille,
2005 4817 2099 4875 oui
2128 4819 2326 4875 Petrus
2346 4815 2496 4874 dixit
2523 4818 2559 4853 ¹⁷
2580 4835 2599 4873 ε
2621 4838 2649 4868 α
2667 4819 2729 4875 ln
2755 4815 2890 4875 felle
2917 4818 3327 4877 amaritudinis
3351 4824 3410 4880 et

200 4920 548 4991 vanitatem,
591 4924 650 4977 et
687 4917 949 4994 quaeritis
991 4915 1417 4976 mendacium?
1443 4934 1475 4970 ιο
1519 4917 1641 4973 Ηοο
1668 4920 1758 4974 est
1862 4911 2228 4985 obligatione
2256 4909 2581 4985 iniquitatis
2608 4915 2664 4970 te
2681 4910 2857 4970 video
2887 4927 3033 4971 esse.
3066 4933 3095 4966 »

203 5020 359 5075 certe
386 5014 622 5088 signum
646 5012 861 5071 divinas
878 5012 1078 5085 gratiae
1100 5010 1570 5087 reprobativum.
1588 5008 1754 5068 Unde

264 5188 282 5222 ¹
311 5184 514 5247 March„
553 5195 607 5248 v,
640 5185 689 5236 7.
718 5209 780 5220 —-
817 5183 836 5212 ³
866 5181 1000 5233 Psal.
1032 5194 1130 5245 η,
1153 5184 1204 5232 2.
1232 5208 1291 5219 —
1321 5181 1340 5212 ³
1371 5181 1507 5244 Luc„
1536 5192 1645 5243 τιν,
1678 5183 1756 5231 ¹2.

205 5284 267 5296 —
292 5258 316 5293 ⁸
341 5258 471 5322 Iac„
501 5268 562 5321 11,
593 5257 671 5306 13.
704 5281 768 5292 —
793 5255 812 5285 ⁸
838 5254 1011 5317 Pron„
1036 5264 1146 5316 xiv,
1171 5257 1251 5304 21.
1282 5279 1343 5290 —
1372 5254 1392 5284 ⁸
1420 5251 1562 5317 lsid.,
1589 5251 1756 5312 Seni„

212 5329 299 5381 jb.
334 5330 428 5393 ΙΙΙ,
457 5342 504 5379 c.
535 5339 622 5378 u.
657 5352 721 5364 —
747 5327 765 5358 ⁷
797 5325 968 5389 Apoc..
994 5335 1105 5388 xiv,
1132 5327 1180 5376 5.
1207 5350 1270 5363 -
1307 5324 1327 5355 ⁸
1351 5323 1538 5384 Eccli„
1572 5326 1756 5386 xiv,1.

212 5428 269 5443 --
294 5402 318 5438 ⁹
348 5401 488 5455 Psal.
525 5411 596 5462 tv,
626 5402 671 5449 3.
699 5424 763 5436 -
789 5398 833 5431 ¹⁰
860 5397 998 5446 Psal.
1032 5408 1107 5460 11,
1143 5400 1192 5447 4.
1231 5423 1283 5433 —
1315 5396 1350 5430 ¹¹
1379 5394 1516 5446 Psal.
1545 5406 1595 5459 v,
1623 5397 1671 5445 7.
1694 5421 1759 5433 —

1933 5004 2195 5080 Septimo
2218 5003 2537 5063 beatificati
2561 5008 2700 5062 sunt
2723 5007 3000 5081 Martyres
3024 5010 3272 5083 propter
3296 5012 3409 5069 sta·

1866 5161 1907 5194 ¹²
1940 5158 2146 5224 Matth„
2181 5169 2231 5221 ν,
2260 5160 2305 5209 3.
2341 5184 2396 5194 -
2431 5158 2470 5193 ¹⁸
2498 5156 2681 5219 Eorta,
2709 5168 2863 5222 xxxl,
2889 5161 2937 5210 8.
2971 5185 3032 5197 —-
3061 5162 3104 5196 ¹·
3127 5161 3257 5224 Iac..
3285 5174 3325 5225 1,
3355 5168 3406 5218 2.

1864 5256 1924 5268 —
1957 5232 1996 5266 ¹¹·
2028 5231 2181 5295 Aug„
2208 5230 2263 5278 in
2291 5227 2430 5281 Paul.
2466 5240 2624 5294 xcm,
2651 5243 2707 5279 n.
2738 5232 2821 5280 24.
2847 5256 2908 5268 -
2936 5231 2980 5268 ¹0
3004 5232 3134 5299 Iac„
3172 5245 3238 5295 11,
3267 5238 3315 5287 5.
3344 5263 3411 5277 -

1863 5303 1903 5337 ¹⁷
1930 5301 2064 5361 Act„
2088 5311 2214 5364 vm,
2240 5302 2321 5351 23.

1930 5391 1998 5457 (α)
2033 5391 2159 5443 caet.
2186 5389 2291 5441 edit
2320 5393 2722 5453 consequuntur.
2749 5416 2813 5428 —
2847 5390 2913 5456 (ὁ)
2944 5393 3069 5444 Item
3096 5392 3314 5450 fuerant.
