4059 6317
670 532 782 581 248.
797 531 965 581 δοται.
986 529 1036 578 4.
1053 529 1206 580 Homo
1223 528 1431 594 quidam
1443 527 1759 591 descendebat
1776 531 1842 581 ab
1863 531 2063 583 Jerusa-

736 600 835 650 lem
862 601 915 650 in
945 600 1164 652 Jericlio.

670 673 780 724 249.
802 672 1066 722 Dominics
1087 675 1164 724 18.
1183 676 1300 737 post
1320 675 1853 727 Pentecosten.Serm.
1879 675 2062 727 LCum

736 746 1081 810 inqu-ederetur
1105 748 1248 797 Iesus
1271 747 1522 814 quoddam
1547 748 1824 800 castellum.

672 818 780 867 250.
808 819 973 869 δοται.
1011 823 1060 867 2.
1099 818 1406 869 Levaverunt
1451 834 1612 871 vocem
1652 821 1868 872 dicentes
1900 836 1919 871 .-
1945 822 2061 871 Iesu

733 892 1024 953 proeceptor.

669 961 780 1010 251.
812 962 978 1011 δοται.
1011 963 1058 1009 8.
1087 962 1260 1012 Nonne
1282 962 1443 1014 elecem
1472 963 1699 1016 mundati
1722 967 1857 1015 sunt.

670 1034 781 1083 252.
813 1035 979 1084 δοται.
1009 1037 1057 1084 4.
1086 1034 1578 1103 Steteruntalonqe,
1601 1039 1652 1087 et
1679 1037 1964 1089 levaverunt
1984 1051 2063 1087 vo·

729 1118 834 1154 cem
858 1102 1093 1155 dicentes.

670 1177 779 1229 253.
801 1176 1156 1228 Βοαιίαἰοα14.
1170 1180 1648 1241 postPentecosten.
1664 1183 1830 1234 δοται.
1848 1181 2061 1233 1.Nemo

727 1250 888 1312 potest
908 1247 1096 1297 duobus
1115 1248 1331 1299 dominis
1356 1254 1561 1302 servire.

670 1320 783 1370 254.
808 1322 973 1372 δοται.
994 1322 1045 1369 2.
1073 1320 1180 1371 Scit
1195 1323 1329 1371 enim
1347 1323 1498 1373 Pater
1519 1327 1698 1385 vester,
1716 1326 1838 1389 quia
1857 1324 1940 1375 liis
1957 1339 2060 1375 om-

731 1390 884 1440 nibus
919 1390 1162 1455 indiqetis

583 1458 596 1465 ’
670 1463 781 1512 255.
812 1465 978 1515 Serm.
1003 1466 1048 1513 8.
1076 1464 1294 1526 Quaerite
1318 1479 1438 1530 erqo
1458 1468 1682 1532 primum
1707 1482 1917 1533 reqnum
1944 1468 2057 1520 Dei.

670 1536 783 1585 256.
812 1534 975 1585 δοται.
1006 1537 1049 1585 4.
1093 1536 1318 1585 Primum
1355 1539 1566 1603 quoerite
1599 1553 1808 1603 reqnum
1849 1538 1970 1599 Dei,
2009 1542 2058 1588 et

722 1605 987 1669 justitiam
1018 1605 1152 1669 ejus.

669 1679 781 1728 257.
797 1676 1065 1728 Dominics
1085 1682 1160 1730 15.
1180 1684 1297 1744 post
1315 1683 1672 1735 Pentecosten.
1692 1686 1857 1737 δοται.
1873 1688 1922 1735 1.
1935 1684 2055 1734 Ecce

730 1750 991 1815 defunctus
1018 1750 1340 1817 efferebatur.

671 1824 781 1874 258.
808 1824 973 1874 δοται.
1003 1826 1051 1873 2.
1087 1824 1277 1876 Resedit
1299 1828 1388 1891 qui
1409 1832 1520 1878 erat
1547 1831 1787 1880 mortuus.

670 1894 780 1945 259.
810 1896 978 1947 δοται.
1012 1900 1058 1946 8.
1096 1897 1287 1948 Resedit
1313 1900 1404 1964 qui
1427 1904 1539 1950 erat
1567 1904 1818 1966 mortuus,
1842 1903 1892 1951 et
1911 1903 2057 1967 coepit

670 2039 781 2088 260.
812 2040 977 2090 δοται.
1007 2041 1057 2091 4.
1083 2040 1275 2091 Resedit
1299 2044 1391 2107 qui
1415 2046 1527 2094 erat
1562 2048 1844 2097 mortuus...
1874 2047 1922 2095 et
1948 2060 2056 2095 ma·

735 2110 1043 2174 qnificabant
1071 2113 1246 2163 Deum.

671 2184 782 2233 261.
805 2183 1073 2234 Dominics.
1085 2186 1161 2234 16.
1182 2188 1301 2248 post
1311 2186 1670 2238 Pentecosten.
1688 2190 1851 2239 δοται.
1875 2193 1918 2239 1.
1934 2187 2058 2238 Cum

734 2253 971 2304 intrasset
998 2256 1051 2304 in
1077 2255 1278 2305 domum
1303 2258 1563 2321 cuiusdam
1587 2261 1847 2323 principis.

673 2326 782 2375 262.
816 2326 979 2378 δοται.
1006 2329 1053 2376 2.
1083 2328 1270 2385 Amice,
1298 2328 1507 2379 ascende
1530 2332 1774 2395 superine.

672 2397 784 2446 263.
815 2397 979 2448 δοται.
1010 2400 1059 2448 3.
1087 2398 1181 2459 Qui
1206 2413 1258 2447 se
1289 2397 1543 2465 humiliat,
1575 2400 1902 2453 exaltabitur.

670 2470 783 2519 264.
805 2469 973 2520 δοται.
1000 2472 1047 2520 4.
1074 2471 1180 2533 lpse
1199 2484 1313 2520 vero
1334 2472 1695 2536 apprehensum
1713 2476 1908 2524 sanavit
1926 2488 2059 2528 eum,

733 2543 782 2588 et
810 2539 1025 2589 dimisit.

672 2612 783 2661 265.
814 2610 1080 2662 Dominica
1101 2613 1177 2663 17.
1197 2616 1315 2676 post
1337 2615 1685 2668 Pentecosten.
1713 2620 1877 2669 δοται.
1898 2621 1945 2669 1.
1971 2616 2057 2667 Di-

735 2680 859 2743 lioes
889 2683 1153 2732 Dominum
1183 2684 1340 2734 Deum
1373 2688 1530 2737 tuum.

671 2754 783 2805 266.
814 2755 979 2805 δοται.
1007 2756 1057 2804 2.
1091 2753 1287 2820 Diliqes
1312 2757 1580 2809 Dominum
1606 2758 1763 2810 Deum
1792 2765 1948 2811 tuum

671 2826 781 2876 267.
812 2828 980 2879 δοται.
1009 2831 1056 2877 8.
1087 2827 1284 2891 Diliges
1314 2831 1577 2881 Dominum
1604 2833 1762 2883 Deum
1796 2838 1954 2884 tumn.

671 2898 782 2947 628.
820 2899 986 2963 δοται.
1015 2901 1063 2948 4.
1097 2899 1294 2965 Diliges
1333 2901 1600 2953 Dominum
1630 2904 1786 2953 Deum
1823 2907 1967 2954 tuum
1996 2918 2060 2954 ex

738 2970 839 3018 toto
865 2970 1009 3019 corde
1038 2974 1141 3020 tuo.

673 3042 783 3093 269.
808 3040 1077 3092 Dominics
1100 3044 1175 3093 18.
1200 3044 1366 3094 δοται.
1392 3048 1438 3095 1.
1470 3045 1591 3096 Ecce
1614 3046 2062 3113 offerebanteipa·

737 3109 1027 3175 ralytteum.

674 3183 783 3232 270.
814 3184 980 3233 δοται.
1006 3187 1053 3235 2.
1087 3184 1150 3234 Ut
1183 3187 1350 3235 autem
1389 3186 1565 3237 sciatis
1589 3188 1709 3253 quia
1735 3187 1878 3253 filius
1904 3187 2062 3239 laomi-

737 3253 818 3303 nis
839 3252 987 3304 habet
1003 3257 1312 3319 potestatem.

675 3324 787 3374 271.
816 3325 980 3376 δοται.
1011 3329 1057 3377 8.
1085 3325 1219 3376 Tolle
1244 3325 1426 3377 lectum
1456 3329 1614 3380 tuum.

675 3396 785 3445 272.
816 3397 983 3447 δοται.
1011 3398 1059 3446 4.
1089 3396 1266 3462 Sui-qe,
1296 3397 1414 3448 totle
1447 3397 1624 3449 lectum
1654 3403 1810 3451 tuum.

675 3468 786 3517 273.
812 3467 1078 3518 Dominica
1101 3472 1176 3520 19.
1197 3474 1314 3534 post
1334 3474 1690 3524 Pentecosten.
1714 3474 1882 3524 δοται.
1908 3475 1954 3522 1.
1980 3473 2059 3523 Si·

736 3537 860 3588 mile
892 3539 1082 3603 factum
1109 3544 1183 3591 est
1206 3556 1414 3607 reqnum
1439 3542 1676 3593 coelorum
1701 3543 1894 3594 homini
1919 3545 2047 3609 reqi.

674 3611 786 3661 274.
814 3612 980 3662 δοται.
1004 3615 1052 3661 2.
1082 3612 1183 3662 Rex
1197 3617 1363 3663 autem
1381 3628 1494 3663 cum
1512 3615 1753 3675 audisset,
1785 3616 1951 3665 iratus
1966 3619 2059 3667 est.

673 3683 783 3732 275.
812 3683 979 3733 Serm.
1004 3684 1051 3730 8.
1082 3684 1273 3743 Amice,
1306 3684 1545 3750 quomodo
1576 3685 1671 3737 huc
1695 3687 1926 3749 intrasti,
1964 3701 2060 3737 non

735 3751 923 3803 liabens
953 3757 1134 3804 vestem
1161 3756 1452 3820 nuptialem.

674 3828 784 3876 276.
814 3827 980 3878 δοται.
1002 3829 1049 3877 4.
1077 3827 1234 3877 Multi
1255 3833 1370 3879 sunt
1389 3831 1576 3892 vocati,
1590 3832 1742 3895 pauci
1758 3845 1873 3882 vero
1896 3830 2059 3884 electi.

674 3898 767 3947 277
791 3898 1056 3949 Βοαιίαἰοο,
1080 3901 1161 3950 20.
1186 3901 1352 3951 δοται.
1381 3906 1426 3952 1.
1456 3903 1581 3953 Erat
1602 3901 1808 3968 quidam
1834 3902 2058 3969 requlus,

740 3969 885 4035 cujus
908 3969 1052 4035 filius
1080 3971 1456 4036 infirmabatur.

673 4041 785 4092 278.
815 4043 981 4093 δοται.
1007 4046 1056 4092 2.
1084 4043 1314 4105 Domine,
1341 4044 1594 4110 descende,
1624 4047 1922 4112 priusquam
1953 4061 2061 4098 mo-

735 4114 907 4163 riatur
937 4113 1080 4178 filius
1105 4129 1261 4165 meus.

673 4186 783 4235 279.
816 4186 983 4236 δοται.
1010 4187 1059 4236 8.
1089 4186 1223 4236 Hora
1242 4188 1455 4251 septima
1483 4187 1693 4255 reliquit
1707 4203 1819 4239 eum
1844 4187 2020 4253 febris.

673 4255 783 4305 280.
815 4255 1087 4307 Βοαιίιιίοει
1128 4259 1207 4307 21.
1247 4260 1364 4322 post
1402 4259 1762 4310 Pentecosten.
1799 4262 1968 4313 Serm.
2015 4264 2060 4311 1.

737 4325 886 4376 Serve
913 4341 1142 4393 nequam,
1164 4342 1306 4379 omne
1326 4329 1548 4380 debitum
1571 4330 1747 4381 dimisi
1780 4330 1892 4383 tibi.

675 4399 782 4448 281.
814 4401 977 4450 δοται.
1009 4404 1056 4449 2.
1091 4400 1239 4450 Serve
1260 4416 1487 4466 nequam,
1510 4416 1651 4451 omne
1673 4401 1914 4453 debitum.

673 4471 781 4519 282.
814 4471 979 4521 δοται.
1009 4473 1057 4520 3.
1089 4472 1242 4522 Omne
1265 4472 1487 4523 debitum
1519 4473 1695 4523 dimisi
1726 4473 1841 4523 tibi.

674 4543 782 4592 288.
814 4544 981 4593 δοται.
1009 4545 1057 4592 4.
1086 4544 1238 4595 Serve
1269 4558 1510 4609 nequam,
1548 4560 1689 4596 omne
1721 4545 1950 4597 debitum
1989 4547 2066 4597 di-

736 4613 856 4662 misi
879 4612 1005 4678 tibi,
1033 4617 1267 4680 quoniam
1292 4619 1486 4680 roqasti
1506 4631 1601 4668 me.

676 4685 786 4735 284.
806 4683 1073 4736 Dominica
1090 4689 1171 4736 22.
1192 4690 1310 4750 post
1329 4690 1689 4740 Pentecosten.
1709 4689 1937 4742 Serm.1.
1956 4689 2066 4741 Ma·

735 4758 910 4821 nister,
942 4759 1127 4808 scimus
1147 4762 1270 4824 quia
1292 4774 1442 4810 verax
1463 4774 1534 4811 es.

674 4830 783 4879 285.
804 4830 969 4880 δοται.
998 4833 1045 4880 2.
1078 4830 1334 4881 ostendite
1359 4831 1488 4882 milii
1512 4847 1762 4884 numisma
1785 4848 1970 4886 cenem.

675 4901 784 4950 286.
816 4903 981 4952 δοται.
1015 4907 1063 4953 8.
1109 4901 1314 4953 Reddite
1352 4917 1471 4968 erqo
1514 4919 1624 4971 quoe
1661 4908 1779 4956 sunt
1830 4906 2062 4968 Coesaris,

739 4970 949 5031 Coesari,
978 4975 1026 5022 et
1056 4986 1167 5037 quoe
1194 4975 1309 5024 sunt
1344 4975 1454 5034 Dei,
1489 4976 1609 5028 Deo.

674 5043 781 5093 287.
789 5045 955 5095 δοται.
985 5047 1032 5094 4.
1070 5045 1229 5108 Cujus
1264 5048 1339 5099 est
1363 5047 1529 5111 imaqo
1558 5050 1607 5098 et
1628 5050 2001 5114 superscriptio.

674 5116 784 5165 288.
803 5115 1069 5167 Dominics
1081 5119 1161 5167 28.
1181 5119 1347 5170 δοται.
1364 5122 1408 5169 1.
1425 5119 1656 5182 Domine,
1673 5120 1789 5186 filia
1801 5119 2067 5173 meamodo

734 5186 968 5250 defuncta
992 5190 1110 5239 est:
1134 5190 1225 5240 sed
1239 5192 1368 5241 veni.

631 5292 640 5301 -
676 5258 786 5308 289.
798 5241 966 5329 δοὺιι.
984 5263 1032 5310 2.
1046 5259 1176 5311 Cum
1188 5261 1344 5328 ejecta
1357 5264 1484 5314 esset
1497 5262 1662 5330 turba,
1680 5265 1892 5317 intravit
1905 5267 2063 5321 Iesus.

677 5330 785 5463 295.
815 5331 981 5451 δίοται.
1013 5334 1059 5382 8.
1092 5332 1311 5399 confide,
1337 5334 1481 5400 filia,
1509 5335 1635 5402 fides
1668 5340 1755 5388 tua
1797 5340 1844 5389 te
1871 5338 2063 5390 salvam

762 5414 833 5451 eci

2125 394 2386 463 INDEX.

2124 604 2215 653 404

2125 750 2213 801 408

2123 894 2214 944 409

2127 966 2214 1015 410

2123 1108 2214 1157 412

2122 1254 2212 1303 415

2123 1396 2210 1446 417

2122 1470 2212 1520 418

2120 1611 2210 1660 419

2120 1759 2209 1809 428

2119 1831 2208 1880 424

2120 1974 2208 2025 425

2121 2118 2210 2167 426

2122 2262 2210 2310 480

2120 2333 2202 2381 431

2120 2404 2209 2453 482

2123 2548 2209 2597 484

2122 2691 2211 2739 487

2124 2762 2212 2810 489

2122 2833 2211 2882 440

2122 2976 2207 3025 441

2122 3118 2213 3168 445

2123 3261 2214 3311 446

2125 3332 2213 3381 447

2125 3404 2214 3453 449

2126 3547 2214 3595 452

2124 3619 2214 3668 458

2126 3760 2214 3809 456

2124 3834 2213 3882 457

2124 3976 2215 4026 458

2124 4121 2215 4169 460

2123 4192 2217 4241 468

2127 4334 2216 4384 464

2125 4408 2214 4456 465

2128 4478 2217 4527 466

2127 4621 2216 4671 468

2126 4766 2212 4815 471

2132 4838 2218 4887 474

2126 4980 2217 5029 476

2102 5094 2111 5107 ,
2129 5051 2217 5100 477

2127 5197 2216 5246 478

2127 5268 2218 5318 479

2122 5413 2217 5463 480

2319 534 2429 583 291.
2460 532 2726 584 Dominice
2740 534 2820 585 24.
2842 535 3010 587 δοται.
3037 537 3087 587 1.
3121 537 3250 590 Cum
3274 538 3511 591 vider-itis
3541 540 3730 593 abomi-

2380 604 2632 654 nationem
2656 603 2997 657 desolationis.
3756 617 3839 667 484

2320 676 2431 725 292.
2457 676 2622 727 δοται.
2631 677 2690 731 2.
2718 675 2796 725 Voe
2814 678 2978 729 autem
2996 682 3395 746 proeynantibus,
3418 686 3706 735 etnutrien-

2388 747 2521 797 tibus
2544 750 2598 797 in
2629 746 2734 797 illis
2760 746 2949 800 diebus.
3758 761 3840 809 189

2320 820 2429 869 293.
2454 820 2618 870 δοται.
2642 823 2689 869 8.
2714 818 2809 869 Ubi
2832 820 2991 883 merit
3022 835 3220 887 corpus,
3247 822 3708 892 ibiconyreqabun-

2381 893 2431 939 et
2461 889 2667 957 aquiloe.
3762 903 3842 951 490

2320 963 2431 1012 294.
2452 963 2617 1015 δοται.
2652 964 2699 1013 4.
2733 962 2861 1014 Iunc
2886 964 3149 1030 apparebit
3171 967 3374 1034 siqnum
3391 969 3524 1019 Filii
3550 970 3709 1021 leonii-

2382 1033 2464 1082 nis
2495 1034 2546 1083 in
2577 1033 2718 1084 coelo.
3764 1046 3843 1094 491

2320 1106 2485 1157 Sasu.
2506 1116 2572 1156 ns
2595 1116 2808 1157 smcns
2833 1117 3023 1177 Tomos
3049 1121 3202 1160 mm.
3234 1114 3277 1161 1.
3300 1113 3374 1162 De
3396 1114 3451 1163 S.
3482 1113 3704 1164 Andrea.

2382 1181 2549 1230 δοται.
2582 1184 2627 1230 1.
2657 1179 2791 1229 Mihi
2817 1179 2951 1230 absit
2978 1181 3213 1247 qloriari,
3243 1185 3351 1233 nisi
3376 1187 3429 1235 in
3454 1201 3612 1237 emec.
3765 1188 3846 1237 498

2320 1253 2368 1300 2.
2398 1253 2564 1301 δοται.
2593 1254 2641 1301 2.
2673 1250 2874 1302 Clu-isto
2901 1252 3091 1316 affixus
3111 1269 3221 1303 sum
3242 1256 3395 1306 cruci.
3764 1260 3847 1308 495

2320 1324 2368 1371 8.
2397 1324 2563 1373 δοται.
2594 1325 2643 1373 8.
2669 1323 2930 1387 Proposito
2961 1324 3060 1374 sibi
3086 1325 3271 1389 qaudio
3306 1327 3555 1376 sustinuit
3587 1342 3705 1378 cru·

2380 1408 2503 1444 cem.
3764 1402 3848 1451 497

2321 1467 2368 1515 4.
2397 1467 2471 1517 De
2498 1466 2782 1518 S.Nicolso
2801 1467 3070 1532 Episcopo.
3099 1470 3264 1520 Serm.
3282 1474 3330 1521 1.
3353 1470 3592 1522 Procedat
3609 1471 3708 1521 Do-

2381 1539 2551 1590 minus
2572 1554 2708 1590 meus
2732 1542 2848 1590 ante
2873 1554 3071 1591 servum
3104 1555 3266 1592 suum.
3762 1546 3849 1593 508

2321 1613 2366 1661 5.
2399 1611 2564 1662 δοται.
2597 1611 2853 1671 2.AServus
2878 1626 3015 1661 meus
3034 1626 3086 1661 es
3114 1616 3186 1675 tu,
3215 1614 3386 1663 Israel.
3764 1617 3851 1667 503

2318 1684 2367 1734 6.
2399 1684 2471 1732 De
2496 1683 2552 1734 S.
2575 1682 2844 1734 Ambrosio
2862 1683 3131 1748 Episcopo.
3154 1688 3319 1736 δοται.
3346 1688 3396 1736 1.
3426 1685 3553 1737 Dedi
3579 1688 3627 1735 te
3648 1687 3704 1735 in

2381 1752 2540 1804 lucem
2560 1755 2801 1818 qentium.
3764 1762 3849 1808 505

2318 1828 2364 1876 7.
2395 1827 2562 1878 δοται.
2592 1829 2639 1876 2.
2664 1827 2720 1876 In
2748 1825 2908 1876 medio
2936 1826 3165 1877 Ecclesioe
3190 1830 3389 1892 aperuit
3408 1842 3462 1878 os
3481 1828 3606 1892 ojus.
3763 1830 3853 1880 507

2318 1898 2365 1947 8.
2394 1899 2541 1949 DeS.
2568 1897 2726 1948 Lucis
2748 1897 2957 1962 Virgine
2982 1902 3035 1948 et
3060 1904 3304 1965 martyre.
3322 1902 3488 1952 δοται.
3509 1905 3557 1950 1.
3590 1900 3712 1951 Cer·

2381 1971 2544 2019 tamen
2573 1970 2705 2033 sorte
2731 1968 2873 2019 dedit
2902 1969 3005 2031 illi,
3034 1975 3090 2019 ut
3115 1972 3349 2023 vinceret.
3766 1975 3853 2023 509

2318 2042 2366 2090 9.
2392 2041 2555 2092 δοται.
2585 2043 2635 2091 2.
2664 2040 2925 2089 Certamen
2947 2040 3077 2102 torte
3092 2039 3230 2090 dedit
3252 2041 3358 2105 illi,
3382 2045 3440 2091 ut
3464 2043 3700 2093 vinceret.
3762 2044 3848 2092 510

2317 2112 2501 2160 10.οο
2530 2112 2584 2161 S.
2606 2109 2800 2160 Thomu
2825 2109 3090 2174 Apostolo.
3118 2112 3281 2164 δοται.
3309 2119 3359 2163 1.
3379 2114 3506 2176 Quia
3531 2112 3709 2162 vidisti

2380 2194 2475 2235 me.
2501 2180 2701 2240 Thoma,
2721 2180 2999 2231 credidisti.
3766 2185 3853 2233 513

2322 2256 2397 2302 11.
2426 2254 2593 2303 δοται.
2623 2254 2670 2301 2.
2698 2251 2820 2302 Noli
2839 2266 2942 2302 esse
2966 2252 3268 2317 incredulus,
3291 2252 3380 2302 sed
3396 2252 3584 2316 fidelis.
3762 2257 3850 2304 515

2321 2324 2398 2371 12.
2441 2324 2515 2372 De
2552 2323 2604 2373 S.
2632 2324 2826 2383 Agnete
2870 2323 3079 2387 Virgine
3106 2330 3160 2375 et
3186 2325 3425 2388 martyre.
3455 2326 3622 2375 δοται.
3654 2329 3698 2374 1.

2382 2393 2615 2443 Gloriosa
2640 2395 2774 2443 dicta
2792 2396 2905 2443 eunt
2930 2393 2991 2443 de
3025 2399 3092 2449 te,
3118 2397 3298 2445 civitas
3322 2395 3427 2446 Dei.
3762 2399 3851 2447 517

2320 2468 2396 2517 18.
2428 2469 2593 2516 Serm.
2622 2470 2668 2514 2.
2705 2465 2945 2516 Venerunt
2970 2469 3153 2531 nuptia·
3180 2466 3332 2531 Aqui,
3355 2469 3405 2517 et
3425 2481 3552 2517 uxor
3570 2468 3706 2531 Aqui

2378 2538 2683 2602 praeparavit
2709 2551 2780 2585 se.
3762 2542 3851 2589 520

2323 2613 2397 2661 14.
2435 2610 2492 2659 ln
2525 2608 2873 2660 Conversione
2906 2611 2958 2661 S.
2992 2608 3133 2661 Pauli
3163 2610 3410 2674 Apostoli.
3451 2612 3618 2663 δοται.
3653 2616 3700 2661 1.

2380 2681 2617 2731 Surrexit
2639 2679 2825 2731 Saulus
2848 2680 2910 2730 de
2933 2684 3090 2741 terra,
3112 2683 3398 2747 apertisque
3421 2682 3597 2744 oeulis,
3626 2685 3702 2731 ni-

2382 2751 2460 2802 hit
2479 2751 2700 2802 videbat.
3763 2755 3852 2802 522

2327 2826 2401 2874 15.
2430 2825 2597 2875 δοται.
2627 2827 2675 2873 2.
2708 2823 2806 2875 Vas
2829 2824 3079 2875 electionis
3107 2822 3236 2872 milii
3261 2827 3337 2873 est
3366 2825 3477 2885 iste,
3506 2830 3561 2874 ut
3585 2840 3704 2889 por-

2384 2899 2452 2945 tet
2480 2909 2653 2946 nomen
2689 2910 2851 2946 meum
2883 2910 3052 2947 coram
3089 2893 3326 2960 reqibus,
3366 2898 3419 2946 et
3453 2896 3706 2960 pentibus,

2380 2969 2431 3017 et
2460 2966 2586 3031 filiis
2614 2966 2787 3016 Israel.
3765 2970 3855 3020 525

2323 3040 2398 3090 10.
2450 3040 2521 3088 De
2567 3037 2846 3102 S-Agatha
2887 3037 3095 3102 Virgine
3143 3038 3195 3088 et
3238 3038 3478 3103 Mas-tyre.
3532 3040 3700 3091 δοται.

2383 3108 2648 3159 Fortitudo
2677 3122 2808 3160 mea,
2832 3111 2881 3158 et
2910 3106 3021 3158 laus
3048 3121 3157 3157 mea
3179 3108 3443 3160 Dominus.
3765 3114 3855 3162 588

2325 3182 2402 3232 17.
2436 3182 2492 3230 ln
2520 3180 2772 3231 cathedra
2794 3182 2849 3232 S.
2880 3179 3016 3230 Petri
3041 3180 3291 3245 Apostoli.
3310 3183 3479 3232 δοται.
3505 3186 3551 3232 1.
3576 3182 3702 3233 Bea-

2387 3254 2466 3301 tus
2496 3265 2577 3315 es,
2607 3252 2780 3303 Simon
2818 3251 3057 3316 Baitiona.
3769 3256 3851 3304 581

2323 3323 2400 3372 18.
2431 3324 2596 3374 δοται.
2637 3324 2685 3372 2.
2726 3323 2849 3373 Ecce
2886 3323 3121 3373 constitui
3153 3324 3199 3372 te
3230 3334 3380 3387 super
3426 3323 3705 3375 universam

2392 3397 2598 3443 terr-am.
3768 3396 3856 3445 583

2325 3469 2401 3518 19.
2444 3466 2516 3515 De
2552 3468 2606 3517 S.
2648 3465 2860 3517 Matthia
2891 3465 3154 3530 Apostolo.
3191 3466 3360 3517 δοται.
3397 3471 3441 3517 1.
3486 3465 3710 3517 Dilectus
3786 3462 3795 3471 ’

2384 3551 2521 3587 meus
2549 3536 2810 3591 candidus,
2836 3540 2884 3587 et
2910 3536 3235 3591 rubicundus.
3768 3539 3857 3587 536

2322 3611 2402 3661 20.
2432 3611 2598 3660 δοται.
2602 3613 2676 3670 2.
2722 3609 2934 3670 Beatus,
2960 3623 3104 3675 quem
3139 3609 3370 3675 eleqisti,
3399 3611 3451 3658 et
3485 3624 3709 3674 assunip—

2384 3683 2522 3732 sisti.
3770 3684 3860 3733 539

2322 3756 2377 3804 21
2408 3756 2484 3805 De
2512 3756 2571 3804 B.
2599 3753 2848 3819 Gregorio
2877 3754 3032 3819 Papa.
3056 3756 3222 3806 δοται.
3251 3756 3299 3805 1.
3316 3752 3471 3817 Audi,
3497 3752 3585 3818 fili
3616 3755 3709 3819 mi,

2381 3829 2432 3875 et
2458 3828 2560 3875 esto
2584 3827 2805 3890 sapiens.
3770 3826 3855 3875 541

2323 3899 2400 3948 22.
2430 3900 2594 3949 δοται.
2623 3899 2672 3948 2.
2699 3896 2764 3946 Os
2776 3896 2915 3961 justi
2940 3895 3269 3947 meditabitur
3292 3897 3608 3961 sapientiam.
3770 3899 3858 3946 548

2322 3973 2401 4020 28.
2428 3971 2502 4019 De
2526 3971 2581 4019 S.
2602 3969 2776 4018 Marco
2792 3968 3134 4031 Evangelists.
3153 3971 3315 4020 δοται.
3343 3974 3389 4017 1.
3411 3965 3542 4016 mhi
3554 3966 3711 4030 enim,

2383 4041 2605 4090 omnium
2630 4044 2923 4090 sanctorum
2946 4040 3173 4089 minimo.
3772 4039 3858 4088 546

2325 4115 2403 4163 24.
2434 4114 2601 4164 δοται.
2630 4115 2676 4161 2.
2702 4112 2835 4177 Opus
2858 4111 2941 4175 sac
2967 4110 3304 4176 Euanqdittoe
3326 4126 3348 4161 .-
3370 4111 3708 4160 ministerimn

2389 4187 2533 4234 tuum
2560 4180 2733 4246 imple.
3770 4182 3859 4230 548

2326 4259 2404 4308 25.
2428 4258 2501 4306 De
2521 4257 2612 4307 δδ.
2637 4254 2869 4319 Philippo
2894 4259 2947 4305 et
2965 4254 3159 4305 Jscobo
3184 4252 3453 4318 Apostolis.
3476 4254 3642 4305 Serm.
3661 4258 3709 4304 1.

2389 4328 2557 4379 Nimis
2589 4325 2822 4377 honorati
2849 4329 2964 4375 sinit
2990 4327 3145 4376 amici
3178 4327 3273 4390 tui,
3300 4326 3451 4375 Deus.
3770 4326 3858 4375 550

2325 4403 2406 4451 26.
2439 4404 2605 4453 δοται.
2636 4403 2682 4450 2.
2715 4399 2907 4451 Venite,
2931 4397 3057 4463 filii,
3085 4397 3254 4448 audite
3283 4413 3377 4449 me.
3773 4399 3859 4447 558

2327 4475 2405 4525 27.
2436 4474 2512 4524 De
2545 4470 2841 4522 inventione
2870 4473 3060 4520 sanctie
3088 4469 3280 4520 Crucis.
3316 4471 3483 4520 δοται.
3514 4472 3561 4520 1.
3591 4469 3712 4532 Liq-

2389 4559 2506 4595 num
2534 4547 2651 4595 vitoe
2676 4546 2750 4593 est
2774 4542 2872 4606 liis,
2900 4543 2992 4607 qui
3012 4540 3422 4606 apprehenderint
3444 4554 3574 4590 eam.
3774 4542 3857 4590 555

2327 4617 2404 4668 28.
2430 4618 2595 4669 δοται.
2619 4620 2666 4666 2.
2691 4615 2862 4665 Omnis
2888 4615 2983 4678 qui
3005 4614 3205 4677 quoerit,
3232 4613 3439 4662 invenit.
3773 4612 3859 4661 559

2326 4690 2402 4740 29.
2428 4690 2502 4739 De
2523 4690 2579 4739 S.
2603 4686 2826 4738 Antonio
2848 4685 3110 4736 Padusno.
3137 4686 3301 4736 δοται.
3330 4687 3376 4735 1.
3396 4685 3495 4734 Iste
3513 4685 3589 4733 est
3607 4686 3714 4747 tra-

2390 4762 2467 4810 ter
2486 4758 2743 4824 paruulus.
3770 4757 3854 4806 560

2326 4835 2405 4881 80.
2433 4833 2599 4884 δοται.
2625 4834 2673 4881 2.
2704 4831 2949 4893 Inoocavi,
2975 4831 3026 4880 et
3055 4830 3264 4879 venitin
3294 4842 3375 4878 me
3397 4828 3609 4893 spiritus
3631 4841 3715 4878 sa·-

2382 4905 2603 4968 pientioe.
3772 4900 3858 4950 564

2328 4979 2407 5025 81.
2428 4976 2502 5026 De
2527 4976 2581 5027 S.
2608 4974 2809 5026 Josnne
2824 4972 3064 5037 Baptista.
3086 4973 3254 5025 δοται.
3277 4976 3323 5023 1.
3348 4970 3477 5021 Dedi
3490 4972 3606 5023 tein
3634 4970 3712 5021 lu-

2387 5061 2491 5097 cem
2514 5048 2756 5112 qentium.
3770 5042 3857 5092 567

2330 5122 2408 5169 32.
2430 5120 2599 5170 δοται.
2626 5119 2901 5169 2.Joannes
2919 5118 2994 5166 est
3021 5129 3195 5166 nomen
3222 5115 3347 5181 eius.
3770 5114 3855 5164 570

2328 5194 2406 5244 83.
2435 5193 2511 5243 110
2533 5192 2626 5242 SS.
2650 5191 2800 5241 Petro
2828 5194 2882 5241 et
2909 5188 3088 5241 Paulo.
3118 5191 3286 5242 δοται.
3320 5187 3413 5239 Vos
3438 5187 3529 5254 qui
3554 5188 3713 5238 secuti
3766 5259 3849 5308 57¹

2386 5265 2508 5314 estis
2531 5277 2627 5315 me.

2327 5340 2407 5388 84.
2427 5337 2502 5388 De
2528 5337 2583 5388 S.
2607 5333 2769 5386 Maris
2782 5332 3101 5400 magdalena.
3118 5334 3286 5387 δοται.
3315 5337 3360 5385 1.
3388 5330 3710 5397 Quemadmo-

2391 5409 2511 5460 dum
2539 5409 2789 5461 desiderat
2812 5421 3001 5460 cer-vus.
3768 5406 3854 5453 578
