4059 6317
859 440 1237 512 DOMlNICA
1276 441 1414 510 xlv
1455 440 1653 509 POST
1693 437 2273 512 PENTECOSTEN.
2316 439 2579 514 SERMO
2622 447 2674 514 1.

157 582 443 664 sanitate,
473 584 599 651 iter
618 580 888 661 faciens,
917 579 1234 646 visitando
1262 581 1406 664 post
1429 578 1690 644 condes-

156 691 521 758 censionem
562 690 910 773 maiestatis
929 735 952 767 ,
1003 686 1455 754 misericordia
1486 691 1694 753 motus

156 804 274 877 est,
307 798 676 864 miserando
699 814 816 878 per
842 795 1142 860 affectum
1170 794 1418 877 pietatis
1450 797 1516 859 et
1544 793 1690 859 vul-

154 922 313 970 nera
334 906 478 987 eJus
501 904 783 970 sanando
821 922 935 987 per
970 903 1280 978 virtutem
1321 901 1691 967 divinitatis.

157 1010 296 1096 Ipse
331 1013 503 1078 enim
552 1015 648 1076 est
684 1010 968 1076 medicus
1015 1010 1211 1075 totius
1260 1009 1691 1094 experientiae,

155 1119 268 1202 qui
287 1122 469 1184 sanat
481 1135 738 1184 omnem
753 1118 1163 1200 languorem,
1178 1117 1314 1181 sine
1331 1119 1692 1198 unguento,

156 1226 299 1291 sine
321 1226 518 1305 ferre,
537 1226 672 1291 sine
703 1243 1111 1309 quocumque
1134 1228 1388 1288 terreno
1430 1223 1698 1288 medica·

154 1338 376 1400 mento
396 1354 414 1413 ;
447 1333 558 1398 sed
583 1337 835 1399 tantum
878 1331 1012 1397 solo
1056 1332 1290 1412 verbo,
1321 1332 1387 1395 et
1427 1348 1564 1395 suae
1591 1347 1698 1394 vo-

155 1441 423 1507 luntatis
444 1446 612 1507 nutu
637 1445 699 1506 et
727 1439 1136 1525 beneplacito.

236 1549 531 1616 Secundo
562 1572 577 1613 ε
610 1549 909 1617 Miserere
947 1553 1195 1630 nostri,
1225 1547 1571 1614 relevando
1596 1546 1700 1612 de-

157 1657 396 1722 fectum
414 1655 855 1722 intellectualis
870 1657 1262 1738 ignorantiae
1281 1654 1701 1721 illustratione

157 1763 510 1829 infallibilis
566 1763 890 1842 veritatis,
937 1764 1109 1828 unde
1135 1771 1155 1807 ²
1190 1787 1207 1828 z
1250 1764 1460 1831 Coecus
1505 1762 1704 1831 multo

159 1872 372 1954 mavis
397 1869 757 1936 clamabat:
784 1870 1086 1937 Miserere
1105 1872 1254 1938 mei.
1285 1871 1476 1938 Stans
1493 1877 1706 1939 autem

158 1978 339 2045 ,iesus
354 1977 562 2060 jussit
594 1994 737 2046 eum
778 1977 1021 2044 adduci
1060 1977 1152 2044 ad
1192 1994 1282 2045 se.
1330 1978 1506 2044 Sicut
1533 1979 1703 2042 enim

158 2086 278 2152 iste
304 2103 514 2151 caecus
540 2105 670 2151 non
697 2084 1055 2151 dimittebat
1080 2089 1339 2170 propter
1366 2085 1575 2150 turbae
1601 2088 1703 2149 tu-

163 2194 444 2262 multum
476 2197 541 2259 et
565 2195 1047 2276 increpationeS,
1079 2193 1237 2277 quin
1270 2193 1473 2258 multo
1496 2193 1709 2275 magis

164 2301 491 2381 clamaret,
521 2306 595 2366 ut
617 2302 840 2366 lumen
865 2300 1190 2386 corporale
1218 2303 1571 2367 mereretur
1601 2319 1705 2365 ac-

165 2410 413 2493 cipere,
455 2409 549 2474 sic
572 2408 688 2491 qui
709 2409 851 2474 vult
875 2427 916 2472 a
940 2407 1089 2474 Jesu
1125 2407 1478 2473 illuminari
1520 2407 1708 2490 spiri·-

168 2499 443 2604 {ualiten
476 2536 626 2582 cum
654 2516 967 2581 tumultus
1001 2515 1354 2580 carnalium
1401 2515 1708 2579 vitiorum

169 2626 435 2711 dissipet
462 2625 878 2720 cogitationes
902 2623 1266 2699 hominum,
1296 2625 1360 2687 et
1386 2623 1712 2706 perturbet

171 2752 365 2818 yones
388 2733 717 2813 orationiS,
745 2752 828 2798 ne
855 2732 1082 2811 instet,
1113 2735 1309 2815 atque
1347 2730 1437 2794 ita
1461 2729 1707 2795 illumi-

172 2842 315 2908 nari
344 2861 474 2907 non
498 2842 718 2926 possit,
747 2843 881 2923 iam
907 2841 1185 2906 sentiens
1221 2839 1480 2920 gravari
1503 2838 1708 2922 phan-

173 2954 444 3015 tasmate
491 2949 778 3033 priorum
817 2949 1148 3028 vitiorum,
1194 2951 1256 3013 et
1305 2965 1530 3012 vocem
1574 2964 1711 3012 suae

173 3057 484 3122 orationis
515 3055 842 3140 impediri,
873 3055 1198 3120 ardentius
1238 3054 1467 3118 clamet
1501 3073 1519 3118 t
1564 3054 1716 3137 quia

173 3167 334 3233 dum
352 3166 793 3233 vehementius
833 3163 1065 3229 insistit
1105 3163 1410 3242 orationi,
1460 3164 1714 3229 ducitur

175 3275 250 3342 ad
278 3273 498 3340 Jesum
523 3276 818 3350 stantem,
847 3276 910 3336 et
933 3270 1151 3354 recipit
1174 3270 1418 3346 lumen,
1438 3287 1516 3335 eo
1542 3269 1713 3353 quod

176 3381 346 3447 Deus
373 3382 440 3444 iu
464 3381 650 3445 corde
672 3381 858 3444 firmo
877 3379 1131 3461 figitur,
1155 3382 1217 3442 et
1240 3378 1328 3441 sic
1343 3376 1458 3441 lux
1482 3378 1715 3442 amissa

177 3494 622 3572 recuperatur,
665 3486 1014 3552 secundum
1051 3485 1229 3567 quod
1272 3482 1420 3549 dicit
1470 3483 1707 3551 Glossa.

175 3598 274 3663 Ad
325 3596 448 3661 hoc
499 3595 788 3659 similiter
836 3593 1110 3676 pertinet
1146 3591 1316 3675 quod
1371 3591 1601 3656 dicitur
1627 3596 1652 3631 ¹
1692 3614 1708 3657 z

175 3705 472 3772 Miserere
499 3704 733 3780 nostri,
769 3701 954 3777 Deus,
987 3707 1044 3767 ec
1083 3700 1323 3781 respice
1347 3714 1498 3780 nos,
1532 3705 1592 3766 et
1616 3714 1713 3766 os·

177 3812 363 3882 tende
406 3811 587 3878 nobis
637 3810 836 3876 lucem
882 3807 1368 3873 miserationum
1414 3812 1709 3887 tuarum,

173 3927 248 3987 ut
275 3922 415 4005 ipsa
440 3936 559 3988 nos
585 3918 859 3998 dirigat,
892 3933 974 3979 ne
998 3913 1067 3977 in
1109 3913 1214 3977 via
1258 3931 1516 3977 morum
1553 3932 1716 3998 prae-

175 4031 389 4115 cipitio
416 4046 686 4094 ruamur
712 4026 792 4109 (a)
816 4045 834 4106 3
861 4024 1131 4090 adducat
1150 4041 1263 4106 per
1283 4023 1714 4105 cognitionem

173 4144 235 4204 et
261 4155 548 4202 amorem
576 4135 655 4200 ad
672 4137 956 4199 montem
971 4135 1266 4196 sanctum
1287 4134 1469 4195 tuum
1491 4128 1526 4195 J
1529 4148 1712 4197 esum

174 4243 524 4310 Christum.

250 4351 465 4419 Tertio
496 4349 845 4417 :Miserere
881 4348 1120 4422 nostri,
1151 4345 1492 4410 relevando
1517 4345 1713 4410 defec-

170 4467 312 4529 tum
339 4458 695 4525 affectualis
730 4456 991 4521 malitiae
1020 4453 1418 4520 decoratione
1447 4453 1713 4518 interio-

170 4570 259 4636 ris
297 4567 683 4643 sanctitatis;
739 4564 912 4630 unde
930 4564 953 4599 ⁸
981 4586 996 4628 ε
1025 4563 1434 4643 Derelinquat
1469 4561 1711 4642 impius

169 4678 352 4745 viam
404 4690 622 4754 suam,
684 4677 742 4739 et
799 4673 907 4739 vir
967 4671 1236 4754 iniquus
1295 4669 1713 4752 coqitationes

170 4800 352 4862 suas,
382 4788 442 4848 et
468 4785 830 4847 revertatur
860 4776 951 4843 ad
977 4777 1340 4854 Dominum,
1365 4782 1425 4842 et
1451 4774 1709 4841 misere-

173 4890 348 4958 bitur
375 4888 552 4970 eius,
582 4893 642 4955 et
682 4885 770 4953 ad
799 4886 991 4951 Deum
1037 4891 1359 4962 nostrum,
1406 4881 1714 4964 quoniam

172 4999 413 5066 multus
440 5001 533 5063 esi
557 4993 649 5062 ad
671 4991 1146 5078 iquoscendum.
1173 4989 1334 5068 Quia
1357 4988 1578 5054 nullus
1604 5005 1713 5070 po-

174 5111 298 5172 test
322 5122 576 5190 sperare
615 5103 871 5168 veniam
896 5104 1296 5185 peccatorum
1312 5146 1334 5179 ,
1375 5097 1500 5161 nisi
1536 5094 1713 5178 prius

239 5305 259 5339 ¹
286 5303 422 5368 Luc„
457 5313 608 5366 xv111‚
633 5302 795 5352 :te-to.
822 5326 884 5338 —
910 5300 929 5330 ²
959 5297 1139 5360 Βαὰλ,
1167 5308 1350 5359 xxxvi,
1379 5300 1425 5347 1.
1447 5320 1508 5334 --
1538 5293 1560 5329 ⁸
1589 5294 1710 5356 Ita„

177 5386 263 5440 tv,
291 5378 342 5428 7.
369 5402 432 5413 —
467 5374 486 5405 ⁴
528 5374 670 5438 Sap„
696 5385 734 5437 1,
771 5373 822 5424 3.
857 5397 915 5409 —-
944 5372 967 5407 ⁸
1001 5371 1147 5422 Hunc
1176 5372 1228 5420 et
1258 5368 1388 5420 duos
1422 5379 1530 5431 seq.
1558 5365 1713 5416 habet

175 5461 384 5515 quoque
413 5445 533 5497 edit.
567 5444 726 5515 Parin.
749 5456 834 5495 an.
859 5444 1002 5507 1521,
1026 5440 1281 5493 secundus
1304 5452 1430 5492 vero
1459 5436 1713 5489 desidera-

3217 451 3338 526 MS

1799 577 2076 644 dimittat
2101 581 2434 648 retrahens
2457 585 2787 667 peccatum
2804 629 2827 661 ,
2854 584 2932 648 ut
2969 583 3168 667 possit
3206 587 3342 652 toto

1798 687 1989 751 corde
2012 688 2221 754 redire
2249 691 2332 754 ad
2359 690 2707 758 Dominum
2729 710 2747 770 ;
2779 690 2922 756 ideo
2945 692 3155 774 primo
3186 693 3340 759 hor·

1799 797 1971 858 tatur
1996 794 2079 858 ad
2105 795 2526 862 desertionem
2557 797 2993 881 impedimenti
3013 800 3343 866 retrahen-

1800 901 1907 982 tis,
1944 920 2096 967 cum
2147 903 2300 968 dicit
2349 927 2365 968 ε
2410 905 2825 988 Derelinquat
2866 906 3111 989 impius
3164 908 3343 974 viam

1801 1024 2012 1089 suam,
2052 1010 2119 1075 id
2152 1015 2270 1091 est,
2318 1019 2647 1094 peccatum
2685 1015 3067 1099 operationis
3092 1062 3111 1094 ,
3141 1019 3202 1082 et
3237 1016 3348 1082 vir

1803 1116 2076 1200 iniquus
2100 1120 2514 1202 crocitationes
2539 1136 2718 1201 suas,
2747 1120 2812 1186 id
2840 1124 2976 1201 est,
3015 1125 3346 1204 peccatum

1802 1224 2033 1289 cordis,
2068 1223 2245 1291 Unde
2272 1226 2469 1293 homo
2494 1247 2627 1294 non
2658 1233 2908 1294 tantum
2935 1228 3123 1295 debet
3156 1230 3348 1297 relin-

1804 1350 2000 1414 quere
2021 1337 2353 1415 peccatum
2380 1335 2448 1400 in
2476 1354 2666 1420 opere
2677 1359 2695 1415 ;
2730 1337 2841 1402 sed
2868 1336 2939 1401 in
2980 1339 3168 1404 corde
3206 1339 3350 1404 evi-

1804 1442 1942 1503 tare
1970 1439 2338 1506 immundas
2381 1441 2800 1525 cogitationes
2839 1448 2906 1509 et
2954 1445 3344 1512 inordinatas

1805 1545 2205 1629 affectiones,
2246 1567 2327 1612 ne
2363 1549 2456 1614 eis
2502 1551 2855 1616 consentiat
2892 1552 3001 1634 (b),
3026 1571 3103 1618 eo
3129 1554 3345 1638 quod·

1805 1669 2115 1734 perversa·
2142 1657 2557 1738 coqitationes
2586 1665 2894 1740 separant
2941 1677 2984 1727 a
3024 1661 3173 1728 Deo.
3204 1661 3353 1727 Post

1808 1761 2230 1827 desertionem
2260 1763 2695 1847 impedimenti
2723 1767 3125 1847 retrahentis,
3160 1769 3346 1836 indu·

1809 1868 1894 1933 cit
1931 1869 2012 1933 ad
2054 1869 2609 1952 reprehensionem
2664 1873 3113 1956 complementi
3158 1894 3347 1960 expe·

1809 1974 2056 2056 dientiS,
2089 1995 2239 2041 cum
2267 1977 2479 2042 subdit
2520 1999 2537 2042 τ
2582 1979 2667 2047 Et
2704 1987 3061 2048 revertatur
3098 1982 3188 2049 ad
3229 1985 3352 2053 Do-

1810 2083 2062 2148 minum
2113 2102 2265 2147 cum
2311 2084 2577 2165 timore,
2607 2092 2667 2152 et
2711 2087 2801 2153 ad
2829 2087 3026 2155 Deum
3066 2097 3352 2160 nostrum

1812 2207 1965 2254 cum
1992 2208 2233 2255 amore.
2270 2189 2598 2258 Postremo
2624 2195 2925 2277 exprimit
2953 2196 3351 2265 dulcedinem

1811 2295 2112 2361 bonitatis
2130 2316 2387 2362 omnem
2402 2298 2801 2381 iniquitatem
2814 2302 3180 2386 relaxantis,
3201 2325 3351 2373 cum

1814 2404 2130 2468 subinfert
2167 2426 2183 2467 ε
2236 2405 2319 2472 Ei
2352 2407 2756 2477 miserebitur
2780 2409 2922 2491 effus
2965 2430 3079 2495 per
3124 2415 3354 2481 condo·

1815 2510 2141 2574 nationem
2192 2512 2487 2577 omnium
2536 2514 2915 2582 delictorum
2975 2541 2991 2585 ε
3046 2524 3353 2603 quoniam

1817 2617 2058 2685 multus
2095 2626 2188 2685 est
2218 2618 2310 2685 ad
2336 2621 2828 2704 ianoscendum,
2874 2643 2951 2691 eo
2975 2628 3148 2709 quod
3182 2632 3356 2693 tanta

1817 2727 1912 2788 est
1939 2724 2183 2790 offensa
2207 2745 2355 2810 quae
2400 2728 2759 2812 relaxatur,
2796 2737 3075 2815 quantus
3102 2739 3199 2800 est
3222 2735 3356 2819 ipse

1818 2831 1933 2913 qui
1956 2831 2320 2898 offenditur.
2351 2834 2676 2918 Rogemus
2693 2884 2715 2917 ,
2746 2843 2865 2903 etc.

1896 3065 2273 3142 DOMINIGA
2318 3067 2459 3144 XIV
2504 3069 2690 3145 POST
2733 3071 3286 3157 PENTEGOSTEN.

2223 3241 2512 3312 SERMO
2557 3242 2882 3315 PRIMUS
2911 3254 2955 3315 ⁸.

1899 3374 2091 3443 Nemo
2104 3381 2305 3459 potest
2321 3376 2564 3446 duobus
2583 3378 2874 3446 Dominis
2887 3381 3121 3449 servire
3133 3382 3178 3447 ⁸.
3192 3381 3357 3461 Qua-

1820 3484 1968 3546 tuor
1992 3488 2147 3547 sunt
2172 3485 2523 3549 necessaria
2542 3486 2623 3550 ad
2645 3485 2941 3565 salutem,
2966 3508 3113 3572 quae
3142 3495 3355 3558 tamen

1819 3606 2010 3652 nemo
2037 3594 2241 3672 potest
2258 3591 2515 3671 habere,
2548 3593 2665 3656 nisi
2685 3612 2761 3659 eo
2782 3596 2989 3677 modo,
3011 3615 3142 3680 quo
3158 3598 3355 3681 scrip-

1820 3697 1960 3759 tum
1981 3701 2094 3782 *est
2153 3715 2170 3761 z
2225 3716 2416 3762 nemo
2468 3703 2676 3783 potest
2723 3701 2924 3767 Deum
2976 3721 3361 3785 cognoscere

1821 3801 2168 3884 credendo,
2197 3804 2323 3868 nisi
2349 3825 2462 3888 per
2504 3807 2955 3874 revelationem
2979 3832 2996 3889 ;
3025 3829 3214 3875 nemo
3240 3830 3356 3895 po-
3465 3817 3474 3826 '

1820 3911 1939 3971 test
1967 3909 2047 3975 ad
2076 3908 2275 3975 Deum
2306 3912 2523 3977 venire
2552 3914 2939 3997 poenitende,
2975 3917 3095 3983 nisi
3125 3936 3241 4001 per
3258 3925 3357 3985 at-

1821 4015 2195 4081 tractionem
2215 4040 2233 4096 ;
2287 4036 2475 4083 nemo
2526 4024 2732 4104 potest
2767 4020 2894 4087 Deo
2930 4025 3170 4089 servire
3199 4025 3359 4091 bene

1820 4122 2124 4201 vivendo,
2154 4124 2278 4188 nisi
2323 4144 2437 4208 per
2486 4128 2933 4211 temporalium
2975 4131 3358 4213 repudiatio·

1820 4248 2002 4310 nem;
2034 4249 2223 4296 nemo
2258 4236 2464 4316 potest
2500 4234 2581 4297 ad
2614 4233 2814 4299 Deum
2846 4239 3183 4303 ascendere
3208 4257 3358 4304 evo·

1821 4336 2037 4417 lande,
2069 4338 2193 4402 nisi
2219 4357 2334 4423 per
2359 4339 2699 4420 unionem,
2731 4346 2804 4407 ut
2831 4344 3167 4409 videbitur.

1899 4443 1988 4510 De
2037 4445 2244 4528 primo
2272 4447 2295 4482 ‘¹
2330 4469 2345 4511 ε
2397 4470 2427 4509 α
2455 4445 2656 4512 Nemo
2699 4450 2883 4514 novit
2927 4449 3195 4532 Filium,
3235 4452 3358 4518 nisi

1823 4550 2010 4616 Pater
2031 4575 2049 4631 ;
2073 4571 2281 4636 neque
2307 4552 2561 4619 Patrem
2590 4555 2735 4639 quis
2761 4557 2964 4638 novit,
2990 4559 3111 4623 nisi
3136 4559 3355 4642 Filius,

1822 4660 2000 4724 etcui
2014 4659 2287 4725 voluerit
2300 4661 2606 4727 revelare.
2625 4683 2656 4722 n
2687 4662 2865 4727 Sicut
2881 4682 3069 4730 nemo
3079 4666 3239 4731 vidit
3252 4684 3358 4731 so·

1820 4766 1971 4848 lem,
2005 4768 2133 4832 nisi
2160 4787 2273 4852 per
2297 4768 2556 4850 lumen,
2585 4773 2651 4834 et
2677 4771 2888 4853 ipsum
2916 4771 3138 4838 lumen
3167 4792 3357 4841 nemo

1823 4873 2018 4953 vidit,
2049 4875 2173 4940 nisi
2216 4895 2331 4960 per
2373 4876 2585 4960 ipsum
2629 4876 2891 4959 lumem
2934 4880 3025 4945 sic
3066 4881 3138 4964 (c)
3170 4901 3359 4949 nemo

1821 4982 2023 5047 noscit
2049 4982 2302 5048 Patrem
2326 5030 2344 5063 ,
2375 4984 2501 5048 nisi
2526 5002 2643 5068 per
2671 4984 2914 5067 mium,
2963 4988 3078 5070 qui
3121 4994 3214 5053 est
3253 4989 3355 5056 lu-

1822 5107 1972 5153 men
2000 5089 2294 5154 revelans
2315 5091 2338 5126 ⁸
2371 5113 2387 5157 :
2420 5113 2454 5152 ιι
2484 5090 2729 5157 Lumen
2773 5092 2855 5157 ud
2900 5093 3359 5162 revelationem

1822 5209 1906 5257 tur
1931 5207 1983 5258 in
2013 5206 2190 5258 codice
2225 5207 2383 5257 Aesis.
2427 5220 2544 5259 saec.
2572 5218 2693 5258 xm.
2719 5233 2784 5246 -
2809 5207 2832 5243 ⁸
2853 5206 3059 5272 Manli..
3086 5219 3158 5275 vr,
3187 5213 3267 5264 24.
3293 5239 3356 5253 —

1823 5278 1841 5309 ⁷
1871 5277 2019 5343 thid„
2049 5290 2121 5342 11,
2148 5280 2225 5330 27.
2255 5304 2315 5315 —
2343 5277 2366 5314 ⁸
2391 5279 2530 5343 Luc„
2562 5289 2628 5342 ιι,
2659 5281 2739 5331 32.

1819 5359 2099 5483 ἡέαέιιερ.
2129 5372 2355 5463 ruamus.
2379 5385 2440 5400 --
2471 5356 2540 5424 (ὁ)
2572 5359 2694 5412 coet.
2722 5358 2844 5413 edit.
2873 5360 3077 5413 sentiat.
3097 5385 3158 5401 -
3183 5363 3243 5432 (c)
3268 5366 3354 5422 ΔΙ.
