4059 6317
857 494 1236 565 DOMINICA
1273 494 1412 563 vm
1461 493 1659 562 POST
1695 492 2280 564 PENTECOSTEN.
2325 498 2590 569 SERMO
2631 502 2733 571 IV.

749 703 1038 776 SERMO
1081 704 1198 773 111.

279 851 497 918 Facite
542 849 721 917 vobis
749 849 988 917 amicos
1020 854 1068 929 ¹,
1098 851 1218 912 etc.
1251 847 1740 932 Quadruplicem

196 958 479 1024 amicum
508 958 698 1023 habet
724 958 942 1036 homo,
986 955 1222 1021 scilicet
1261 956 1486 1036 Deum,
1535 974 1741 1038 ange-

196 1066 362 1144 lum,
388 1067 741 1147 bominem,
763 1065 1112 1130 diabolum.
1143 1061 1345 1128 Habet
1366 1064 1560 1128 homo
1584 1064 1740 1127 ami-

192 1193 349 1240 cum
377 1174 578 1240 Deum
604 1180 948 1254 creantem,
979 1171 1290 1254 angelum
1327 1171 1734 1253 dirigentem,

191 1280 525 1347 hominem
540 1330 564 1362 ,
608 1282 674 1347 id
736 1285 869 1358 est,
918 1297 1263 1363 pauperem
1317 1282 1692 1344 exorantem
1711 1325 1730 1357 ,

190 1387 554 1454 daemonem
587 1389 1095 1472 persequentem.

274 1494 361 1560 De
387 1495 691 1579 primo²t
735 1520 768 1558 «ι
814 1496 938 1575 Qui
978 1496 1191 1579 diligit
1228 1495 1434 1561 cordis
1477 1494 1734 1559 mundi·

189 1602 372 1684 tiam,
399 1602 658 1668 babebit
681 1604 959 1669 amicum
977 1623 1220 1687 regem.
1251 1624 1282 1663 t
1310 1602 1359 1669 Ο
1378 1606 1620 1686 quanta
1647 1603 1737 1667 di-

187 1711 437 1794 gnatiO,
467 1710 641 1794 quod
674 1710 813 1776 Rex
841 1709 982 1775 vult
1006 1728 1143 1775 esse
1167 1710 1411 1775 amicus
1435 1692 1736 1792 pauperis

188 1818 405 1883 servii
436 1817 598 1883 Vere
623 1817 830 1883 fidelis
863 1818 1109 1882 amicus
1133 1835 1275 1897 rex,
1318 1817 1433 1900 qni
1471 1816 1733 1881 haberet

186 1941 455 1990 servum
482 1925 830 2008 leprosum,
860 1924 963 1990 vel
991 1924 1456 2009 phreneticum,
1488 1925 1600 2007 qui
1626 1943 1733 1990 cu-

184 2032 320 2097 rari
345 2050 480 2097 non
511 2036 740 2116 posset,
766 2032 892 2096 nisi
919 2031 986 2096 in
1012 2030 1337 2112 sanguine
1361 2029 1565 2111 regali
1591 2029 1730 2093 bal-
1765 2103 1768 2108 ³

185 2144 514 2219 nearetnr,
549 2144 615 2206 et
654 2144 808 2206 tunc
850 2157 962 2204 rex
1009 2156 1126 2222 pro
1167 2139 1307 2220 ipso
1346 2138 1731 2219 sanguinem

187 2265 385 2312 suum
414 2266 619 2330 usque
655 2248 737 2313 ad
777 2251 1051 2312 mortem
1089 2244 1488 2310 effunderet:
1523 2245 1732 2310 maxi-

185 2372 339 2420 mus
364 2356 612 2421 amicus
641 2363 806 2420 esset
838 2356 965 2421 bic.
1011 2353 1103 2420 lta
1136 2371 1254 2437 pro
1299 2353 1732 2435 peccatoribus

182 2461 365 2544 lepra
391 2463 698 2528 vitiorum
728 2462 994 2542 infectis,
1024 2467 1088 2525 et
1116 2478 1332 2524 coram
1367 2459 1496 2525 Deo
1534 2459 1731 2542 phre-

183 2569 439 2649 neticis,
471 2570 616 2635 fecit
643 2569 776 2634 Rex
799 2574 1106 2649 aeternus,
1132 2566 1338 2633 fidelis
1358 2566 1627 2642 amicus,
1659 2571 1733 2632 ut

183 2676 725 2741 medicamentum
767 2676 859 2740 eis
892 2678 1080 2754 esset,
1119 2692 1254 2739 non
1293 2673 1440 2738 vitae
1473 2677 1727 2757 tempo-

179 2783 360 2864 ralis,
408 2784 518 2848 sed
550 2782 899 2866 spiritualis
943 2787 1006 2847 et
1048 2781 1387 2845 aeternalis.
1437 2779 1615 2846 Unde
1653 2782 1677 2818 ⁸
1708 2803 1723 2847 ε

183 2914 218 2955 ι
246 2891 512 2956 Amicus
546 2889 752 2956 fidelis
779 2890 1316 2980 medicamentum
1343 2889 1495 2955 vitae
1523 2895 1588 2954 et
1615 2891 1728 2954 im-

179 2998 607 3063 mortalitatis,
654 3021 686 3058 »
739 2997 1144 3080 Augustinus
1181 2996 1263 3075 fl:
1309 3020 1341 3059 α
1387 2996 1593 3062 Fusus
1634 3002 1731 3062 est

177 3105 450 3187 sanguis
487 3105 749 3187 medici,
790 3106 1132 3172 et·factum
1162 3109 1260 3171 est
1300 3105 1723 3171 medicamen-

176 3217 324 3279 tum
351 3212 725 3296 phrenetici.
769 3234 801 3274 n

258 3324 351 3390 De
375 3324 675 3405 secundo,
705 3323 1014 3389 Dominus
1031 3322 1111 3388 ad
1138 3339 1459 3406 sponsam,
1489 3321 1726 3388 scilicet

173 3432 436 3499 fidelem
483 3432 800 3510 animam,
838 3432 927 3498 ait
956 3431 1027 3495 ⁸:
1086 3453 1117 3491 α
1164 3429 1320 3507 Quae
1357 3429 1609 3493 habitas
1654 3430 1725 3494 in

171 3541 410 3621 hortis,
441 3539 629 3604 amici
655 3539 1047 3618 auscultant,
1085 3538 1183 3602 fac
1211 3556 1315 3601 me
1357 3537 1579 3601 audire
1605 3556 1725 3603 vo-

172 3666 321 3713 cem
348 3651 552 3712 tuam.
583 3667 615 3708 »
651 3644 890 3710 Hortus
929 3646 1045 3709 iste
1079 3643 1348 3709 Ecclesia
1386 3648 1518 3723 est3
1549 3646 1724 3712 unde

172 3755 256 3822 de
283 3773 495 3838 grano
538 3755 777 3838 sinapis
827 3753 1062 3819 dicitur
1087 3752 1111 3787 ⁸
1142 3776 1159 3817 ι
1200 3775 1232 3813 α
1277 3751 1458 3831 Quod
1497 3770 1719 3836 accep-

169 3865 318 3926 tum
343 3860 541 3925 homo
570 3860 741 3925 misit
764 3861 835 3924 in
862 3861 1125 3925 bortum
1147 3877 1361 3938 suum,
1392 3862 1454 3923 et
1478 3859 1720 3925 factum

167 3968 238 4035 in
281 3968 577 4033 arborem
591 3991 598 3998 ·
614 3985 944 4050 magnam,
984 3970 1048 4031 et
1094 3965 1388 4034 volucres
1429 3967 1572 4032 coeli
1615 3986 1718 4033 re-

168 4075 584 4159 quiescebant
611 4075 731 4139 sub
760 4074 957 4138 ramis
983 4075 1146 4156 ejus.
1177 4095 1209 4134 »
1244 4073 1319 4138 In
1344 4074 1532 4140 horto
1547 4077 1712 4156 Jam,

165 4184 341 4249 heu!
398 4182 810 4247 inrmctuosae
868 4181 1088 4246 herbae
1136 4185 1202 4247 et
1247 4182 1480 4264 plantae
1525 4182 1717 4248 nimis

164 4293 564 4367 accrescunt,
594 4307 741 4370 quae
769 4288 990 4372 utique
1030 4288 1365 4372 extirpatae
1393 4289 1462 4354 in
1488 4291 1715 4371 ignem

164 4401 515 4464 mlttuntur
544 4399 627 4477 (α)
655 4398 677 4433 ⁷
711 4413 730 4460 ε
766 4395 1105 4477 «colligite
1133 4397 1417 4478 primum
1446 4398 1709 4481 zizania,

161 4511 228 4572 et
270 4506 535 4587 alligate
577 4523 653 4570 ea
697 4505 767 4569 in
807 4504 1137 4569 fasciculos
1195 4505 1277 4571 ad
1328 4507 1712 4573 comburen-

160 4615 348 4680 dum.
390 4635 422 4673 n
460 4611 745 4677 Granum
788 4612 1026 4695 sinapis
1061 4617 1158 4677 est
1207 4613 1515 4694 Christus,
1559 4633 1712 4697 par-

159 4742 324 4789 vum
350 4721 610 4804 quidem
631 4719 1014 4799 humilitate,
1045 4720 1154 4785 sed
1176 4721 1401 4786 efficax
1432 4722 1704 4788 virtute:

161 4832 478 4915 quiajam
511 4829 583 4893 in
628 4828 754 4894 flde
793 4827 1188 4894 credentium
1234 4829 1423 4895 arbor
1466 4850 1709 4913 magna

158 4938 326 5004 sacta
345 4942 473 5017 est,
503 4938 688 5019 cujus
714 4935 881 5001 rami
916 4940 1071 5001 sunt
1104 4937 1399 5022 exempla
1427 4944 1489 5004 et
1513 4958 1708 5023 opera

83 5067 86 5072 ·
157 5065 310 5130 quae
338 5044 634 5112 exhibuit
657 5061 774 5127 pro
811 5042 1016 5109 salute
1055 5050 1274 5110 nostra
1304 5068 1320 5110 z
1357 5046 1425 5110 in
1469 5047 1706 5130 quibus

158 5156 458 5220 volucres
496 5152 660 5231 coeli,
694 5151 760 5216 id
796 5158 913 5231 est,
956 5154 1190 5218 animae
1235 5153 1542 5233 fidelium,
1592 5174 1705 5237 per

221 5280 242 5316 ¹
270 5279 408 5344 Luc„
437 5289 555 5339 xvi,
584 5279 632 5328 9.
662 5301 723 5313 -
748 5276 771 5311 ¹
797 5277 965 5338 Pron„
1002 5281 1252 5340 xxn,1t.
1280 5304 1343 5317 —
1369 5278 1389 5309 ⁸
1417 5277 1597 5342 Eccli„
1629 5291 1699 5344 vt,

159 5351 240 5401 w.
270 5376 330 5388 —
365 5351 384 5382 ⁴
423 5351 578 5410 Aug„
608 5346 674 5397 de
706 5345 841 5397 verb.
874 5348 1062 5412 Δροσί,
1098 5362 1256 5399 serm.
1290 5361 1373 5409 ιι,
1418 5347 1481 5400 al.
1514 5362 1699 5414 ccxxv,

157 5433 210 5472 n.
245 5424 305 5485 3,
333 5420 507 5487 quoad
535 5431 760 5469 sensum.
788 5444 849 5456 —
887 5419 910 5455 ⁸
942 5419 1112 5482 Cant„
1151 5432 1278 5482 vm,
1313 5423 1384 5470 13.
1416 5446 1477 5456 -
1511 5421 1531 5455 ⁸
1565 5422 1697 5484 Luc„

156 5502 286 5560 xm,
324 5497 399 5548 19.
438 5517 495 5528 -
523 5490 547 5527 ⁷
574 5487 779 5554 naum,
802 5501 923 5555 ιιιι,
949 5491 1029 5545 30.
1067 5517 1121 5527 -
1151 5491 1170 5526 ⁸
1198 5491 1374 5559 Rem„
1400 5489 1472 5546 ad
1496 5489 1698 5560 δωρεὴ,

3271 514 3389 576 377

1851 632 2449 718 contemplationem
2478 645 2543 706 et
2565 659 2853 709 amorem
2878 643 3308 728 requiescunt.
3339 646 3389 714 Ο

1849 758 2047 823 quam
2075 741 2343 809 dulciter
2374 746 2440 810 in
2488 749 2613 814 hoc
2656 750 2844 815 horto
2896 751 3035 816 istae
3073 752 3387 834 volucres,

1848 848 2273 931 praedicando,
2316 855 2578 935 orando,
2631 858 3028 940 suspirando,
3071 859 3389 927 laudando

1847 959 2137 1021 cantanti
2158 956 2362 1024 Amici
2376 968 2527 1026 sunt
2553 965 2976 1031 auscultantes
3005 968 3243 1050 angeli,
3274 969 3389 1052 qui

1847 1061 1913 1126 in
1941 1066 2075 1126 tam
2107 1065 2272 1129 dulci
2301 1072 2493 1132 cantu
2521 1070 2933 1152 psallentium
2971 1073 3385 1141 delectantur.

1846 1167 2211 1237 Bernartius
2229 1179 2251 1214 ⁸
2278 1193 2295 1237 ε
2330 1198 2360 1236 α
2379 1174 2702 1243 Intersunt
2721 1180 2938 1260 angeli
2955 1182 3380 1263 cantantibuS,

1843 1276 2077 1342 adsunt
2103 1281 2458 1362 orantibus,
2501 1284 2723 1350 insunt
2762 1287 3236 1367 meditantibus,
3271 1307 3381 1364 su-

1842 1393 2109 1469 persunt
2132 1390 2626 1472 quiescentibuS,
2657 1393 3122 1474 ordinantibus»,
3151 1400 3215 1460 et
3237 1415 3385 1480 pro-

1842 1493 2215 1558 curantibus
2248 1503 2533 1578 praesunt
2584 1500 2683 1581 (ὁ).
2715 1522 2747 1560 n
2783 1500 2864 1564 Hi
2907 1502 3096 1565 amici
3142 1508 3385 1585 quanto

1843 1602 2054 1683 magis
2065 1603 2315 1669 dulcem
2331 1610 2614 1688 cantum,
2634 1613 2699 1673 et
2714 1608 2999 1674 dulciora
3015 1611 3385 1677 orationum

1842 1709 2040 1773 verba
2067 1728 2107 1773 a
2144 1711 2330 1775 nobis
2370 1713 2664 1794 audiunt,
2708 1719 2885 1780 tanto
2934 1718 3145 1799 magis
3190 1719 3382 1784 amici

1840 1817 2041 1881 nostri
2085 1818 2247 1883 finnt
2280 1824 2303 1859 ⁹
2343 1838 2360 1883 ε
2398 1846 2424 1876 ι
2457 1820 2740 1887 Verbum
2781 1824 2961 1888 dulce
3003 1824 3386 1909 multiplicat

1838 1922 2103 1987 amicos
2151 1945 2182 1984 t
2243 1924 2420 1991 Unde
2470 1927 2591 2010 ipsi
2611 1976 2630 2007 ,
2682 1934 2988 2013 tanquam
3036 1930 3262 2012 amici,
3314 1931 3384 1997 in

1839 2034 2057 2096 morte-
2068 2036 2286 2098 nostra
2302 2036 2695 2102 conveniunt
2717 2038 2796 2103 ad
2818 2040 3142 2122 exequias.
3170 2039 3383 2104 Amici

1839 2136 2011 2200 enim
2058 2140 2416 2222 corporales
2452 2160 2684 2225 corpus
2728 2145 2806 2208 ad
2848 2146 3237 2228 sepulcrum,
3275 2146 3378 2211 in-

1836 2229 2111 2310 fernales
2134 2247 2417 2313 animam
2448 2249 2748 2332 injustam
2777 2251 2859 2317 ad
2885 2253 3238 2333 infernum,
3263 2271 3384 2317 coe-

1836 2350 2022 2418 lestes
2052 2371 2205 2418 vero
2235 2356 2478 2437 justam
2521 2358 2599 2419 ad
2642 2375 2928 2440 regnum
2972 2358 3224 2423 coeleste
3267 2359 3378 2424 de-

1837 2465 2093 2541 portant
2118 2465 2167 2503 ¹⁰
2197 2484 2211 2525 :
2240 2484 2270 2523 α
2300 2460 2562 2527 Factum
2592 2469 2689 2529 est
2714 2470 2787 2530 ut
2815 2469 3172 2531 moreretur
3198 2483 3381 2531 men-

1835 2568 2048 2649 dicus,
2095 2576 2159 2634 et
2203 2573 2563 2654 portaretur
2614 2572 2696 2636 ab
2742 2574 2993 2655 angelis
3049 2574 3120 2639 in
3164 2573 3380 2639 sinum

1835 2675 2136 2741 Abrahae.
2166 2700 2197 2738 n

1916 2782 2002 2847 De
2029 2784 2216 2850 tertio
2241 2785 2449 2849 amico
2491 2785 2696 2850 multa
2738 2784 2863 2850 dici
2900 2791 3178 2869 possent,
3225 2788 3380 2871 quia

1835 2888 2107 2954 infidelis
2139 2895 2201 2956 et
2248 2890 2450 2956 fidelis
2493 2893 2739 2958 amicus
2783 2892 2975 2958 bomo
3022 2893 3371 2961 invenitur.

1835 2995 1955 3061 Sed
1985 2997 2064 3061 de
2090 2998 2214 3063 illis
2239 2999 2461 3063 amicis
2487 2999 2567 3064 ad
2598 3017 2875 3082 praesens
2900 3000 3261 3082 videamus,
3292 3003 3379 3070 de

1833 3105 2070 3188 quibus
2099 3106 2202 3171 bic
2232 3107 2535 3171 Dominus
2561 3107 2653 3172 ait
2687 3128 2702 3171 ε
2734 3108 2953 3174 Facite
2979 3107 3161 3175 vobis
3205 3112 3376 3176 ami-

1832 3227 1959 3292 cos,
1989 3219 2110 3277 etc.
2142 3212 2253 3277 Isti
2282 3218 2432 3278 sunt
2473 3233 2806 3299 pauperes,
2847 3233 3011 3298 quos
3046 3216 3125 3280 de
3166 3235 3374 3281 mam-

1833 3339 2024 3385 mona
2052 3320 2428 3404 iniquitatiS,
2451 3322 2514 3387 id
2544 3326 2658 3402 est,
2689 3323 2768 3388 de
2794 3309 3035 3387 divitiis
3060 3328 3377 3407 tempora-

1831 3429 2005 3494 libus
2030 3429 2215 3495 nobis
2240 3430 2477 3494 amicos
2504 3430 2795 3510 facimu3‚
2814 3449 2964 3496 cum
2993 3431 3178 3496 eisin
3205 3437 3371 3498 tem·

1832 3536 2157 3620 poralibus
2196 3536 2620 3601 subvenimus
2648 3538 2689 3573 ¹¹
2729 3557 2745 3602 ε
2788 3560 2820 3599 α
2845 3537 3093 3603 Divitiae
3131 3539 3377 3608 addunt

1830 3644 2073 3709 amicos
2126 3644 2465 3726 plurimos;
2507 3662 2548 3707 a
2591 3662 2871 3727 paupere
2917 3650 3134 3709 autem
3176 3650 3240 3711 et
3285 3649 3368 3730 ii,

1831 3766 1992 3830 quos
2019 3748 2231 3826 habet,
2264 3751 2664 3831 separantur.
2695 3770 2727 3807 ι)
2749 3746 2971 3813 Videte
2996 3756 3214 3816 autem
3233 3771 3374 3834 vos,

1830 3855 2081 3934 diviteS,
2120 3873 2319 3938 quare
2361 3873 2671 3938 pauperes
2715 3855 2955 3921 amicos
3000 3856 3240 3924 debetis
3282 3861 3375 3926 fa-

1828 3982 1971 4029 cere
1998 3964 2176 4030 :ideo
2202 3964 2446 4046 utique,
2470 3969 2541 4029 ut
2559 3963 2604 4005 ¹¹
2633 3980 2777 4030 cum
2801 3964 3187 4046 defeceritis,
3219 3971 3376 4035 reci-

1822 4075 2015 4155 piant
2041 4086 2153 4137 vos
2179 4072 2255 4137 in
2278 4075 2515 4137 oeterna
2541 4070 2978 4138 tabernacula.
3005 4072 3375 4140 Honorandi

1826 4197 1989 4261 ergo
2014 4182 2167 4243 sunt
2192 4176 2348 4242 tales
2362 4180 2737 4260 receptores.
2768 4179 3131 4245 Bernardus
3148 4183 3196 4218 ¹⁸
3222 4182 3372 4247 :uSi

1825 4286 2282 4370 patrimonium
2308 4285 2725 4368 eleemosynis
2767 4287 3025 4367 emitur,
3056 4307 3371 4373 pauperes

1824 4411 1952 4458 non
1979 4398 2135 4457 sunt
2178 4392 2386 4456 solum
2431 4392 2726 4458 audiendi
2754 4398 2828 4458 ut
2875 4395 3086 4476 egeni,
3140 4397 3251 4461 sed
3295 4401 3370 4464 ut

1822 4502 2073 4585 patroni
2104 4498 2431 4565 exorandi.
2480 4520 2512 4557 n
2561 4499 2685 4564 Sed
2732 4504 2901 4565 certe
2953 4501 3220 4584 quilibet
3262 4523 3363 4570 se-

1821 4609 2104 4674 cundum
2130 4625 2282 4673 suas
2308 4607 2477 4673 vires
2503 4605 2712 4671 dando
2732 4606 3021 4673 lucratur
3049 4609 3167 4673 hos
3194 4611 3363 4675 ami-

1819 4738 1925 4785 cos
1952 4719 1996 4761 ¹⁶
2027 4741 2089 4784 :a
2116 4717 2280 4782 Ante
2315 4719 2586 4781 mortem
2613 4716 2874 4782 benefac
2900 4718 3106 4783 amico
3130 4723 3266 4799 tu0‚
3298 4723 3363 4784 et

1816 4828 2171 4893 secundum
2200 4824 2372 4890 vires
2399 4827 2541 4887 tuas
2581 4825 3022 4907 exporrigens»,
3070 4825 3153 4891 da
3195 4845 3357 4909 pau-

1816 4937 1973 5022 peri.
2004 4959 2037 4997 1>
2072 4934 2207 5000 Hoc
2248 4934 2419 5016 patet
2460 4930 2528 4995 in
2568 4931 2831 4997 dimidio
2871 4934 3190 4998 bonorum
3235 4932 3356 4999 Za-

1816 5044 2002 5122 chaei,
2037 5042 2190 5106 etin
2218 5039 2409 5102 calice
2435 5055 2624 5120 aqnae
2652 5038 2926 5119 frigidae.

1813 5189 1960 5254 epist.
1993 5195 2220 5246 ιιινιιι,
2248 5196 2302 5233 n.
2333 5182 2381 5231 6.
2406 5205 2467 5218 —
2492 5179 2514 5214 ⁹
2536 5179 2714 5242 Eccli„
2740 5191 2810 5245 vr,
2839 5183 2888 5231 5.
2916 5208 2980 5220 —
3013 5183 3055 5219 ¹⁰
3078 5182 3214 5242 Luc„
3245 5194 3358 5246 xvi,

1813 5264 1889 5311 22.
1920 5285 1983 5297 —
2013 5259 2047 5294 ¹¹
2076 5259 2240 5314 Pron„
2266 5266 2386 5314 ιιι,
2418 5252 2464 5300 4.
2487 5276 2550 5290 —
2580 5252 2619 5286 ¹²
2646 5252 2784 5313 Luc„
2810 5264 2930 5316 xv1,
2960 5255 3008 5304 9.
3036 5279 3100 5290 —
3129 5254 3166 5289 ¹⁸
3200 5254 3354 5305 Bern.

1813 5358 1868 5369 -—
1898 5331 1940 5367 ¹⁸
1971 5327 2145 5389 Eccli„
2177 5337 2286 5388 ιιν,
2321 5325 2396 5375 13.

1874 5420 1942 5483 (α)
1969 5420 2082 5542 ιῗςι-
2113 5415 2392 5470 mittentur.
2419 5437 2480 5449 -
2511 5408 2579 5477 (b)
2614 5412 2694 5464 Ita
2727 5412 2864 5482 apud
2888 5414 3039 5468 Rern.
3075 5412 3201 5472 eat.
3227 5413 3356 5470 odit.

1809 5504 2002 5567 prosulit
2027 5527 2041 5543 .
