4059 6317
1140 455 1223 524 ΙΝ
1264 452 1545 523 DOEBUS
1585 450 2131 522 ROGATIONUM.
2173 451 2440 525 SERMO
2481 457 2563 525 11.

257 592 558 673 multum,
579 593 930 660 nescientes
949 592 1077 659 Deo
1098 592 1361 659 reddere
1384 590 1697 657 rationem
1720 591 1791 655 in

255 701 354 765 die
371 702 618 783 judicii.
657 702 816 768 Aliis
858 720 1043 782 vero,
1088 699 1326 766 scilicet
1362 698 1786 783 pauperibus,

256 813 488 872 ventus
507 808 781 875 fortunae
809 827 1062 894 semper
1083 807 1442 873 contrarius
1465 809 1582 885 est,
1602 810 1666 871 et
1685 805 1792 870 isti

253 917 586 980 transeunt
611 917 931 982 mundum
966 918 1036 981 in
1060 933 1303 997 magna
1340 913 1785 980 amaritudine.

254 1020 429 1087 Unde
464 1022 629 1089 bene
675 1024 1087 1107 conqueritur
1130 1023 1366 1089 Paulus
1403 1022 1475 1086 in
1518 1037 1793 1104 persona

253 1146 479 1194 eorum
506 1131 527 1167 ¹
564 1152 579 1194 ε
620 1154 651 1194 e
677 1130 981 1196 Periculis
1006 1130 1374 1210 fluminum,
1405 1128 1701 1213 periculis
1718 1128 1791 1192 in

250 1237 436 1317 mari,
468 1259 500 1298 a
535 1242 656 1302 etc.
697 1236 821 1303 Sed
849 1238 920 1302 in
956 1237 1060 1302 bis
1101 1236 1403 1302 omnibns
1442 1236 1565 1301 hoc
1605 1236 1790 1301 nobIs

250 1350 542 1411 remanet
563 1346 885 1426 solatium,
905 1350 981 1411 nt
1005 1369 1037 1407 α
1063 1362 1213 1412 cum
1235 1345 1613 1427 ignoremus
1632 1343 1788 1428 quid

248 1469 446 1534 agere
468 1454 823 1520 debeamus
847 1461 894 1535 ¹,
925 1453 1048 1520 hoc
1072 1453 1284 1519 solum
1311 1452 1642 1518 residuum
1668 1451 1787 1515 ha-

251 1560 501 1641 bemus,
532 1564 607 1627 ut
634 1563 853 1628 oculos
877 1566 1126 1628 nostros
1150 1560 1507 1644 dirigamus
1527 1558 1609 1624 ad
1632 1561 1719 1636 te,
1745 1581 1778 1619 a

249 1666 537 1747 Domine,
564 1669 681 1753 qui
706 1669 779 1733 in
799 1668 979 1734 coelis
1004 1686 1096 1748 es,
1123 1671 1244 1734 etc.

776 1843 1074 1916 SERMO
1116 1846 1179 1915 11
1205 1854 1250 1915 ⁸.

330 1990 745 2072 confitemini
775 1990 1155 2059 nummi-um
1194 1997 1459 2074 peecata
1498 1992 1712 2056 vestra
1736 1987 1783 2052 ⁸.

58 2110 226 2182 ,conia-
249 2096 566 2164 Confessio
609 2098 797 2164 debet
838 2117 978 2165 esse
1019 2097 1310 2182 propria,
1354 2114 1541 2176 vera,
1588 2113 1784 2179 pura,

37 2182 106 2277 ¹3.
121 2185 224 2281 3⁸·
250 2205 524 2288 integra,
556 2206 821 2286 munda,
850 2206 978 2290 pia.
1025 2205 1324 2289 Propria,
1365 2208 1439 2269 ut
1477 2206 1620 2283 tua,
1650 2219 1787 2268 non

37 2295 227 2345 ⁶⁸⁸⁸·-
248 2313 506 2380 alterius
548 2317 805 2397 peccata
860 2313 1241 2379 confitearis.
1303 2310 1632 2376 psalmista
1691 2308 1714 2344 ⁸
1760 2330 1779 2374 ι

253 2444 284 2481 α
311 2420 449 2485 Dixi
481 2442 498 2485 ε
533 2420 893 2487 Confitebor
918 2421 1263 2487 adversum
1290 2437 1417 2498 me,
1444 2440 1477 2478 ιι
1508 2434 1639 2482 non
1666 2415 1781 2481 ad-

243 2546 471 2594 versus
497 2528 725 2608 alium,
760 2550 793 2590 ιι
817 2527 1197 2612 injustitiam
1219 2542 1455 2604 meam,
1485 2544 1517 2584 n
1546 2541 1679 2589 non
1699 2521 1786 2588 al-

242 2635 464 2701 terius.
496 2633 640 2701 Non
666 2652 824 2717 ergo
851 2635 995 2700 viro
1036 2633 1140 2698 vel
1180 2631 1464 2698 foeminae
1492 2629 1785 2713 imponas

241 2746 496 2824 peccata
519 2747 657 2822 tna,
685 2741 794 2807 sed
817 2741 1106 2825 tibiipsi.
1138 2738 1281 2806 Noli
1305 2737 1593 2804 confiteri
1619 2736 1785 2801 sicut

242 2847 448 2913 Adam
470 2853 534 2914 et
550 2848 688 2914 Eva
710 2849 782 2913 in
808 2847 1100 2932 paradiso
1122 2855 1145 2889 ⁸
1170 2869 1187 2912 ι
1215 2845 1421 2912 Adam
1448 2845 1619 2910 enim
1644 2862 1785 2927 peo-

243 2959 458 3021 catum
484 2954 662 3036 Evae,
685 2955 822 3022 Eva
846 2973 1001 3022 vero
1028 2953 1337 3038 serpentis
1361 2951 1616 3035 culpam
1639 2968 1787 3016 con-

243 3063 430 3129 fessa.
460 3062 556 3128 Ita
581 3062 791 3130 adhuc
817 3081 987 3147 saepe
1021 3063 1096 3134 fit
1129 3060 1302 3145 quod
1329 3059 1526 3125 homo
1566 3058 1637 3122 in
1662 3057 1781 3123 ho·

242 3172 506 3251 minem,
537 3170 639 3237 vel
666 3170 1013 3249 diabolum,
1032 3172 1391 3252 serpentem
1411 3166 1778 3250 antiquum,

240 3278 519 3344 retundit
539 3279 795 3361 culpam
822 3295 1034 3359 suam,
1061 3275 1320 3359 quando
1352 3274 1508 3340 dicit
1532 3273 1780 3339 confes-

240 3389 370 3454 sori
400 3387 747 3454 :Diabolus
782 3385 1035 3452 induxit
1077 3403 1179 3450 me
1223 3383 1305 3449 ad
1343 3382 1467 3448 hoc
1511 3381 1779 3447 malum.

240 3495 646 3579 Augustinus
671 3495 695 3530 '¹
727 3516 745 3559 z
784 3516 816 3556 α
846 3492 1099 3558 Dimitte
1134 3494 1424 3557 satanam
1457 3505 1775 3568 accusare,

240 3606 315 3667 ut
350 3602 746 3668 accusatione
785 3605 897 3666 tua
934 3598 1044 3665 Dei
1089 3596 1586 3665 misericordiam
1638 3613 1776 3661 me·

239 3711 463 3776 rearis.
514 3731 547 3772 ι»
595 3708 824 3775 Parcas
867 3706 1050 3772 illum
1101 3722 1400 3772 accusare
1418 3752 1438 3786 ,
1484 3704 1600 3788 qui
1647 3722 1779 3772 non

241 3817 435 3883 habet
462 3817 755 3897 veniam3
803 3819 865 3881 te
892 3832 1140 3893 accusa,
1182 3817 1247 3878 et
1289 3811 1520 3895 accipis
1565 3810 1782 3875 indul-

243 3925 549 4006 gentiam.
578 3944 614 3985 »
650 3922 804 3988 Item
849 3939 1008 3987 vera
1037 3941 1055 3985 ε
1102 3920 1173 3984 in
1213 3917 1602 3984 confeoeione
1645 3933 1779 3981 non

241 4032 604 4110 mentiaris;
636 4049 757 4096 nec
780 4030 860 4094 de
882 4028 1175 4112 peccatis,
1218 4044 1338 4092 nec
1368 4025 1448 4090 de
1482 4025 1777 4108 peccato-

236 4157 387 4206 rum
416 4136 931 4215 circumstantiis,
961 4133 1304 4217 requisitus
1330 4150 1370 4196 a
1395 4132 1771 4210 confessore,

237 4245 516 4329 deneges
551 4245 911 4310 veritatem.
954 4241 1147 4307 Valde
1194 4239 1366 4305 enim
1417 4238 1777 4324 ineruditus

236 4359 367 4433 est,
420 4353 535 4437 qui
572 4351 641 4416 in
684 4349 1071 4417 confessione
1116 4346 1425 4413 mentitur
1468 4349 1492 4387 ⁸
1540 4368 1555 4409 ε
1615 4369 1647 4409 α
1686 4344 1776 4411 De

236 4460 566 4526 mendacio
588 4457 1030 4525 ineruditionis
1041 4459 1174 4521 tuse
1194 4453 1601 4520 confundere.
1630 4450 1774 4517 Non

235 4566 651 4634 confundaris·
669 4564 957 4631 confiteri
987 4568 1241 4647 peccata
1257 4566 1391 4627 tua.
1412 4581 1445 4620 υ
1469 4559 1774 4625 Eruditus

234 4678 457 4760 utique
481 4676 678 4741 homo
713 4672 921 4755 magis
953 4671 1034 4737 de
1073 4670 1430 4750 mendacio,
1467 4687 1665 4753 quam
1693 4668 1773 4733 de

234 4785 501 4850 veritate
529 4782 783 4848 deberet
807 4778 1130 4845 contundi.
1160 4777 1310 4844 Sive
1336 4794 1497 4859 ergo
1513 4779 1772 4861 propter

230 4890 683 4957 verecundiam
733 4889 1059 4972 peccatum
1118 4884 1419 4966 negando
1455 4883 1556 4950 vel
1602 4885 1768 4949 atte-

229 4999 511 5079 nuando,
555 4998 690 5063 sive
732 4999 990 5079 propter
1033 4992 1464 5059 humilitatem
1512 4991 1769 5073 culpam

288 5161 548 5219 ¹11Cor.‚
575 5163 660 5221 xl,
689 5160 768 5209 26.
797 5185 860 5196 —
894 5158 918 5193 ¹
948 5158 987 5208 ΙΙ
1018 5154 1215 5214 Paret..
1243 5167 1338 5218 xx,
1370 5155 1452 5204 12.
1479 5177 1540 5190 -
1569 5151 1594 5187 ⁸
1618 5152 1767 5202 Hunc

223 5237 277 5285 et
311 5247 421 5298 seq.
456 5244 619 5295 nsque
652 5230 716 5281 ad
744 5243 899 5281 serm.
933 5240 1017 5290 lx,
1042 5225 1320 5289 exclusive,
1348 5225 1402 5275 in
1428 5223 1509 5274 die
1537 5224 1766 5281 Pentec„

223 5305 377 5356 habet
412 5315 617 5369 qnoque
649 5301 770 5352 edit.
810 5299 970 5351 Paris.
1005 5311 1092 5349 an.
1123 5298 1270 5348 1521.
1305 5321 1367 5336 -
1399 5295 1418 5326 ⁴
1443 5299 1575 5354 Iac„
1602 5305 1652 5356 v,
1686 5295 1765 5343 16.

223 5402 285 5415 -
310 5377 334 5412 ⁸
369 5374 511 5427 Psal.
549 5384 706 5435 xxxi,
731 5374 782 5423 5.
814 5397 878 5410 —
903 5371 924 5402 ⁴
952 5370 1096 5430 Gen„
1132 5379 1227 5431 m,
1261 5367 1352 5428 12,
1390 5368 1469 5416 13.
1495 5390 1559 5403 -
1588 5365 1604 5396 ²
1631 5367 1764 5428 Aug.

221 5473 278 5486 -
318 5449 338 5478 ⁸
364 5446 543 5504 Ereti..
569 5455 640 5509 lv,
669 5446 843 5495 30-31.
868 5467 928 5482 -
955 5443 975 5473 ²
1011 5441 1159 5503 Gen„
1185 5451 1258 5503 w,
1282 5442 1332 5490 9.
1369 5463 1425 5474 -
1464 5437 1508 5473 ¹⁰
1544 5438 1562 5487 l
1591 5434 1765 5498 Esdr„

3322 470 3456 533 269

1900 590 2236 673 fingendo,
2262 592 2370 658 vel
2411 592 2567 659 salse
2600 595 3025 677 aggravando
3069 597 3402 665 mentiaris
3417 651 3439 681 ,

1901 697 2223 763 inerudita
2250 703 2314 763 et
2337 700 2584 766 inutilis
2623 707 2721 767 est
2764 706 2879 768 tua
2921 704 3253 771 confessio.
3299 705 3442 772 Noli

1899 824 2060 889 ergo
2086 808 2372 873 confiteri
2398 809 2562 874 sicut
2586 809 2763 890 Cain,
2804 810 2920 894 qui
2962 809 3120 876 dum
3164 813 3437 878 fratrici-

1899 911 2080 976 dium
2106 910 2438 978 humiliter
2465 914 2686 979 debuit
2723 916 3047 996 confiteri,
3089 919 3444 1001 requirenti

1898 1017 2170 1084 Domino
2197 1025 2220 1060 ⁹
2251 1037 2268 1083 ε
2306 1042 2338 1082 α
2364 1019 2485 1085 Ubi
2512 1025 2608 1086 est
2631 1021 2791 1086 Abel
2817 1022 3010 1088 frater
3035 1026 3230 1088 tuus?
3253 1048 3285 1086 ι)
3316 1044 3444 1091 res·

1899 1125 2121 1208 pondit
2170 1144 2188 1192 :
2237 1149 2272 1187 α
2307 1125 2563 1207 Nescio,
2607 1128 2923 1213 numquid
2970 1135 3181 1196 custos
3229 1134 3441 1199 fratris

1897 1234 2029 1298 mei
2056 1251 2204 1299 sum
2239 1236 2412 1316 ego?
2453 1256 2486 1294 n
2521 1234 2680 1301 Item
2710 1255 2908 1320 pura,
2956 1243 3030 1303 nt
3072 1239 3143 1304 in
3194 1242 3440 1308 confes·

1897 1340 2079 1406 sione
2125 1344 2238 1406 tua
2281 1341 2572 1408 intendas
2611 1344 2929 1412 dimittere
2983 1352 3047 1413 et
3102 1351 3443 1418 emendare

1895 1452 2151 1530 peccata
2187 1452 2320 1528 tua,
2362 1454 2427 1514 et
2469 1451 2674 1516 facere
2719 1452 2797 1518 de
2839 1457 3069 1521 caetero
3109 1458 3284 1541 quod
3315 1459 3442 1525 Deo

1895 1554 2121 1639 placet.
2152 1554 2328 1620 Unde
2347 1559 2435 1622 ¹⁰:
2461 1558 2633 1624 «Vos
2660 1562 3048 1643 transgressi
3069 1563 3237 1643 estis,
3258 1587 3290 1626 a
3319 1570 3438 1632 etr.

1904 1683 1939 1721 α
1974 1659 2055 1724 Et
2089 1679 2264 1726 nunc
2305 1662 2448 1728 date
2490 1665 2950 1732 confessionem
3001 1666 3267 1736 Domino
3315 1672 3442 1739 Deo

1894 1772 2154 1850 patrum
2177 1774 2563 1852 vestrorum,
2591 1777 2657 1838 et
2681 1774 2864 1840 facite
2889 1776 3195 1859 placitum
3217 1782 3274 1863 ej
3285 1798 3384 1846 us.
3399 1803 3432 1841 n

1896 1876 1964 1941 Si
1989 1895 2152 1959 ergo
2186 1883 2333 1944 ante
2363 1879 2605 1946 Pascha
2647 1885 2969 1949 confiteris
3008 1887 3181 1969 quod
3223 1893 3440 1955 tamen

1893 1987 2037 2066 post
2061 1985 2336 2051 intendis
2359 1987 2565 2052 tacere
2588 1989 2754 2054 sicut
2793 1995 2968 2072 ante,
3018 1993 3125 2058 vel
3158 1994 3215 2059 si
3257 1996 3440 2062 infir·-

1894 2090 2116 2157 mitate
2149 2092 2511 2175 flagellatus
2546 2114 2588 2160 a
2629 2095 2931 2178 Domino,
2974 2119 3105 2166 nou
3132 2102 3437 2184 intendis,

1894 2197 1950 2261 si
1973 2201 2273 2280 evaseris,
2306 2201 2418 2266 Dei
2445 2202 2748 2285 placitum
2785 2205 3025 2285 facere,
3060 2208 3173 2273 sed
3211 2213 3400 2275 tuum
3417 2259 3437 2290 ,

1892 2307 2049 2406 tunc
2100 2310 2216 2372 tua
2266 2308 2570 2374 confessio
2623 2311 2881 2394 impura
2928 2317 3044 2380 est.
3090 2314 3234 2382 Noli
3280 2336 3440 2401 ergo

1893 2413 2180 2479 confiteri
2199 2414 2366 2479 sicut
2384 2414 2656 2494 Pharao,
2677 2418 2790 2500 qui
2807 2418 3167 2502 flagellatus
3188 2422 3341 2489 dicit
3354 2426 3396 2462 ¹²
3416 2447 3433 2492 z

1897 2541 1931 2580 α
1955 2517 2246 2600 Peccavi,
2273 2525 2338 2586 et
2363 2540 2537 2618 nunc
2563 2524 2872 2590 Dominus
2887 2528 3136 2608 justus3
3163 2547 3292 2611 ego
3316 2549 3436 2598 au-

1890 2629 2020 2690 tem
2062 2631 2126 2693 et
2166 2630 2440 2711 populus
2484 2647 2670 2695 meus
2703 2631 2908 2715 impii.
2956 2654 2988 2694 n
3024 2634 3176 2701 Haec
3220 2643 3448 2705 tamen

1888 2733 2095 2815 pietas
2131 2734 2391 2802 obedire
2444 2753 2579 2802 non
2624 2738 3011 2807 intendebat.
3064 2743 3221 2808 Item
3275 2744 3437 2812 inte-

1889 2860 2035 2925 gra,
2066 2849 2139 2910 nt
2161 2845 2455 2912 effundas
2472 2847 2541 2911 iu
2559 2848 2950 2916 confessione
2971 2852 3282 2936 quidquid
3303 2857 3436 2920 cul·

1891 2968 2120 3033 parum
2151 2952 2349 3018 habes
2374 2953 2445 3017 in
2471 2955 2682 3020 corde.
2715 2954 3006 3023 Psalmus
3033 2959 3123 3023 ¹¹:
3160 2983 3192 3023 α
3222 2961 3431 3027 Confi-

1888 3058 2069 3124 tebor
2095 3059 2247 3140 tibi,
2286 3060 2589 3141 Domine,
2630 3063 2700 3127 in
2745 3067 2878 3130 toto
2918 3068 3108 3133 corde
3151 3088 3295 3135 meo
3343 3090 3364 3136 ε
3399 3095 3431 3133 s

1887 3167 2060 3249 quod
2093 3186 2227 3233 non
2270 3170 2478 3235 solum
2507 3171 2586 3236 de
2627 3173 3020 3240 confessione
3055 3175 3292 3258 laudis,
3322 3180 3434 3245 sed

1887 3275 2079 3339 etiam
2108 3282 2514 3359 peccatorum
2537 3280 2735 3364 accipi
2765 3286 2992 3365 potest.
3023 3285 3090 3349 Si
3115 3304 3275 3369 ergo
3291 3287 3435 3352 nul-

1883 3380 2015 3447 lam
2062 3388 2654 3470 quantumcumque
2704 3391 3130 3457 verecundam
3181 3392 3432 3478 culpam
3515 3459 3519 3462 Α

1885 3489 1956 3551 in
1981 3490 2171 3556 corde
2200 3492 2567 3573 retinueris,
2603 3498 2759 3560 tunc
2784 3495 2854 3561 in
2879 3501 3013 3563 toto
3041 3500 3231 3566 corde
3270 3519 3431 3566 con-

1885 3595 2086 3662 fiteris
2114 3598 2157 3635 ¹⁸
2187 3620 2203 3663 ε
2234 3597 2548 3666 «Effunde
2574 3600 2739 3666 sicut
2764 3621 2997 3685 aquam
3023 3610 3372 3673 cortuum.
3396 3630 3428 3670 n

1885 3701 2027 3769 Non
2054 3704 2205 3769 dicit
2241 3727 2257 3769 z
2303 3705 2576 3772 Effuude
2611 3707 2775 3772 sicut
2816 3708 3026 3776 oleum
3051 3758 3070 3790 ,
3124 3712 3229 3777 vel
3267 3714 3431 3780 sicut

1881 3811 2288 3893 sanguinem,
2316 3812 2423 3878 vel
2449 3813 2615 3879 sicut
2641 3815 2768 3894 lac,
2819 3816 2923 3883 vel
2965 3817 3129 3883 sicut
3154 3819 3379 3886 vinum
3408 3843 3425 3886 ε

1881 3918 1952 3983 in
1989 3918 2093 3983 his
2126 3919 2301 3984 enim
2326 3920 2569 4004 aliquid
2596 3929 2885 3989 remanet
2925 3925 3007 3990 de
3032 3927 3387 3993 substantia
3404 3977 3425 4009 ,

1881 4024 1987 4090 vel
2007 4025 2087 4090 de
2107 4027 2348 4104 colore,
2378 4027 2484 4092 vel
2519 4027 2598 4092 de
2623 4047 2882 4112 sapore,
2930 4031 3035 4097 vel
3074 4033 3153 4097 de
3196 4035 3423 4117 odore,

1880 4127 2038 4192 dum
2081 4128 2521 4198 effunduntur.
2582 4129 2667 4214 (α)
2711 4130 2989 4215 Effundc
3028 4134 3428 4218 integraliter

1878 4236 2051 4302 sicut
2094 4252 2353 4319 aquam.
2403 4234 2744 4320 Integritas
2788 4240 2983 4304 etiam
3023 4242 3427 4310 confessionis

1878 4340 1949 4405 in
1978 4343 2097 4407 hoc
2111 4343 2481 4425 attenditur,
2512 4345 2683 4428 quod
2711 4363 2843 4410 non
2869 4346 3215 4414 dividatur.
3245 4349 3424 4418 Unde

1877 4448 2283 4529 Augustinus
2311 4452 2356 4488 ¹⁸
2391 4473 2406 4516 ε
2447 4473 2478 4512 α
2506 4450 2773 4529 Quidam
2815 4453 2930 4516 uni
2968 4453 3207 4535 celant,
3251 4460 3424 4541 quod

1879 4553 1986 4618 alii
2012 4557 2553 4624 manifestandum
2580 4541 2960 4625 conservant
2990 4583 3006 4626 ε
3043 4563 3214 4646 quod
3235 4569 3330 4629 est
3354 4585 3421 4631 se

1873 4660 2172 4743 laudare,
2214 4671 2278 4728 et
2320 4665 2399 4729 ad
2450 4665 2841 4750 hypocrisim
2886 4669 3163 4735 tendere.
3218 4692 3248 4733 n
3277 4671 3419 4740 Noli

1874 4787 2036 4852 ergo
2061 4771 2348 4836 confiteri
2374 4772 2536 4838 sicut
2566 4772 2776 4838 Achor
2798 4773 2879 4839 ¹⁸:
2914 4798 2946 4837 α
2959 4773 3119 4841 Vere
3140 4797 3263 4860 ego
3281 4798 3420 4863 pec·

1874 4877 2016 4942 cavi
2060 4877 2331 4943 Domino
2375 4877 2500 4944 Deo
2553 4876 2741 4944 lsrael
2760 4927 2779 4959 ‚
2831 4902 2863 4940 ι)
2917 4883 3034 4946 etc.
3089 4881 3418 4953 Confessus

1883 4984 2142 5069 quidem
2170 4984 2292 5050 fuit
2331 4985 2610 5064 furtum3
2655 4986 2764 5051 sed
2804 4988 2975 5071 quod
3012 4998 3270 5074 propter
3295 4994 3417 5061 hoc

1875 5140 1942 5191 x,
1980 5133 2139 5179 tit-tt.
2183 5154 2244 5165 —
2285 5128 2318 5162 ¹¹
2354 5127 2534 5192 Exod„
2573 5141 2658 5192 11,
2693 5130 2773 5178 27.
2811 5156 2874 5168 —
2908 5131 2953 5166 ¹¹
2978 5131 3115 5184 Psal.
3150 5143 3323 5200 c1,1.
3351 5166 3415 5180 -·

1877 5201 1916 5234 ¹³
1945 5200 2137 5259 waren„
2170 5211 2238 5264 u,
2272 5203 2348 5250 19.
2378 5226 2440 5237 -
2471 5201 2505 5232 ¹⁴
2539 5201 2646 5251 lmo
2672 5205 2850 5252 auctor
2884 5202 2973 5253 lib.
3003 5204 3063 5253 de
3087 5219 3188 5259 ver.
3217 5213 3266 5259 et
3288 5213 3412 5275 sals·

1870 5272 2079 5392 Poeaity
2113 5282 2199 5334 xv,
2239 5270 2489 5391 3¹,20inter
2522 5273 2675 5336 oper.
2719 5277 2869 5338 Aug„
2903 5276 3134 5339 Append.
3163 5282 3288 5333 tom.
3323 5283 3412 5336 Vl.

1873 5369 1928 5380 —
2061 5355 2152 5405 os„
2182 5351 2276 5404 vn,
2368 5376 2382 5391 .

1937 5435 2008 5499 (α)
2036 5431 2210 5497 suppl.
2240 5428 2361 5482 Sed.
