4059 6317
718 489 835 550 {96

715 616 894 695 Quod
920 617 1042 681 ista
1064 616 1343 698 quatuor
1382 611 1553 676 bona
1586 610 1825 693 pedum
1864 611 2102 676 lotione
2129 657 2147 687 ,
2191 609 2257 673 id

712 728 837 804 est,
867 722 1216 789 affectuum
1247 719 1631 803 purgatione
1652 736 2144 802 conoequamur,
2175 717 2259 781 si·

713 831 1093 913 gnificatum
1148 831 1245 893 est
1266 874 1283 906 ,
1339 827 1452 891 ubi
1505 826 1710 890 tribus
1789 825 2044 907 angelis
2108 824 2259 890 dicit

710 938 1040 1005 Abmham
1066 937 1084 973 ¹
1121 958 1138 1001 z
1177 959 1209 997 a
1236 934 1557 1001 Laventur
1581 933 1771 1016 pedes
1797 933 2034 1009 vestri,
2069 934 2133 996 et
2160 949 2259 994 re-

711 1046 1017 1129 quiescite
1055 1045 1178 1110 sub
1213 1043 1440 1108 arbore
1460 1089 1478 1119 ,
1509 1063 1540 1102 υ
1575 1049 1696 1105 etc.
1728 1040 1955 1105 Postea
1987 1038 2135 1123 quis
2164 1040 2260 1101 est

711 1153 801 1217 ita
824 1153 1178 1236 perfectae,
1211 1155 1285 1215 ut
1318 1149 1644 1214 ablutione
1677 1167 1807 1212 non
1840 1152 2033 1229 egeat
2052 1196 2070 1225 ,
2107 1164 2256 1210 cum

711 1265 775 1324 et
810 1259 1002 1343 pedes
1028 1257 1415 1339 angelorum
1446 1255 1788 1320 laventur?
1833 1254 2008 1319 Lava
2047 1254 2253 1337 igitur

710 1367 904 1450 pedes
929 1366 1195 1443 animae,
1226 1367 1301 1429 ut
1325 1363 1683 1446 requiescas
1707 1363 1831 1427 sub
1857 1362 2089 1428 arbore
2113 1380 2256 1426 cru-

711 1475 802 1539 cis
842 1474 909 1538 in
954 1472 1331 1550 devotione;
1375 1471 1548 1536 unde
1572 1470 1725 1536 dicit
1756 1492 1771 1535 ε
1799 1493 1830 1532 α
1858 1469 2253 1554 Requiescite

710 1581 830 1647 sub
857 1581 1107 1646 arbore.
1133 1601 1164 1639 n
1199 1579 1373 1645 Lava
1400 1578 1589 1662 pedes
1614 1578 1885 1657 animae,
1912 1583 1987 1643 ut
2014 1578 2256 1643 reficia-

708 1689 797 1752 ris
823 1688 895 1752 in
910 1688 1319 1753 coronatione
1345 1708 1362 1764 ;
1386 1685 1557 1750 unde
1585 1685 1841 1751 additur
1863 1692 1887 1727 ¹
1919 1707 1935 1750 :
1963 1683 2250 1749 «Ponam

708 1794 1058 1860 buccellam
1106 1793 1312 1877 panis.
1341 1813 1373 1852 υ
1407 1792 1581 1857 Lava
1627 1791 1820 1875 pedes
1868 1792 2138 1871 animae,
2183 1796 2258 1856 ut

709 1901 1079 1968 conforteris
1092 1901 1161 1964 in
1179 1900 1555 1978 tentatione;
1572 1899 1744 1964 unde
1762 1898 2185 1984 subjungitur
2196 1905 2246 1961 ἐ

717 2032 749 2072 α
775 2009 1174 2075 Consortetur
1189 2025 1299 2073 cor
1314 2012 1629 2072 vestrum.
1646 2028 1677 2067 n
1704 2005 1878 2073 Lava
1903 2005 2099 2089 pedes
2120 2004 2253 2068 ani-

707 2137 833 2184 mae
853 2166 872 2196 ,
900 2122 974 2184 ut
998 2123 1281 2183 transeas
1319 2116 1388 2179 in
1415 2114 1772 2180 evolatione
1808 2114 1886 2178 ad
1923 2112 2203 2195 gloriam
2231 2134 2249 2189 ;

712 2226 885 2293 unde
941 2228 1235 2308 sequitur
1283 2225 1307 2260 ¹
1356 2245 1372 2287 ε
1411 2245 1442 2284 α
1476 2222 1704 2288 Postea
1745 2220 2116 2285 transibitis.
2146 2240 2178 2279 n
2232 2220 2256 2257 ⁸

716 2356 748 2396 α
773 2333 855 2399 Ut
881 2337 1160 2398 transeat
1185 2331 1264 2397 de
1287 2330 1411 2397 hoc
1439 2328 1682 2395 mundo
1709 2327 1789 2392 ad
1820 2325 2102 2392 Patrem.
2130 2347 2161 2386 ιι

1250 2506 1543 2579 SERMO
1589 2505 1707 2576 IV.

784 2658 917 2725 Hoc
947 2656 1140 2738 facite
1180 2655 1258 2720 in
1298 2668 1504 2719 meam
1532 2648 2184 2717 commemorationem
2202 2644 2253 2725 ⁴,

705 2770 827 2831 etc.
917 2761 1209 2847 Corporis
1270 2758 1374 2824 sui
1427 2763 1491 2823 et
1558 2755 1900 2837 sanguinis
1946 2751 2256 2837 mysteria

706 2873 992 2939 Christus
1017 2870 1084 2933 in
1112 2886 1295 2932 coena
1316 2864 1617 2942 instituit,
1647 2866 1712 2927 et
1747 2862 1817 2926 in
1843 2860 2123 2925 Ecclesia
2151 2878 2252 2923 ce-

704 2978 937 3044 lebrari
963 2976 1127 3054 vult,
1155 2978 1231 3039 ut
1256 2990 1371 3056 per
1398 2970 1521 3036 hoc
1549 2986 1867 3034 memores
1894 2966 1996 3031 sui
2022 2967 2248 3030 simus.

711 3084 887 3150 Unde
914 3084 1004 3149 ait
1033 3104 1048 3147 ε
1084 3082 1214 3149 Hoc
1239 3080 1434 3161 facite
1457 3078 1534 3143 in
1559 3092 1764 3142 meam
1809 3088 2253 3141 commemora-

708 3195 966 3263 tionem.
1015 3190 1195 3254 Certe
1235 3188 1304 3252 in
1360 3182 2035 3251 commemorationem
2088 3199 2252 3246 meae

707 3298 1051 3384 passionis,
1088 3313 1252 3361 meae
1285 3289 1752 3379 propitiationis
1776 3335 1796 3372 ,
1845 3306 2009 3355 meae
2056 3288 2248 3354 dilec-

707 3406 922 3484 tioniS,
954 3423 1117 3470 meae
1145 3402 1425 3468 unionis.

787 3515 874 3581 De
913 3513 1123 3597 primo
1171 3517 1194 3553 ³
1234 3533 1251 3574 ε
1298 3510 1427 3576 Hoc
1467 3507 1660 3588 facite
1675 3551 1693 3582 ‚
1737 3505 2254 3586 quotiescumque

708 3622 1019 3701 biberim,
1048 3622 1126 3686 in
1152 3634 1356 3685 meam
1381 3611 2051 3683 commemorationem.
2089 3608 2250 3683 Quo·

709 3732 1091 3813 tiescumque
1122 3728 1297 3793 enim
1313 3719 1790 3791 manducabitis
1803 3733 2037 3800 panem
2060 3717 2250 3796 hunc,

707 3846 768 3907 et
793 3838 1055 3904 calicem
1083 3834 1391 3911 biberitis,
1421 3835 1680 3897 moriem
1701 3826 1972 3895 Domini
1998 3841 2250 3891 annun·

708 3945 982 4014 tiabitis.
1015 3942 1279 4025 Semper
1314 3940 1574 4024 quidem
1601 3936 1672 4000 in
1714 3933 2027 3999 memoria
2067 3931 2251 3996 Chri-

708 4053 895 4118 stiani
923 4050 1153 4117 Christi
1177 4047 1387 4133 passio
1415 4063 1554 4110 esse
1589 4042 1776 4108 debet
1815 4042 1838 4077 ⁸
1882 4063 1898 4103 z
1944 4063 1976 4100 α
2018 4038 2250 4104 Recor-

708 4161 862 4225 dare
903 4156 1290 4242 paupertatis
1309 4203 1328 4233 ,
1375 4156 1440 4218 et
1475 4147 2001 4231 transgressionis
2047 4164 2210 4210 meae
2229 4192 2251 4222 ,

707 4267 1032 4346 absinthii,
1076 4269 1142 4331 et
1172 4264 1355 4330 fellis.
1405 4259 1713 4325 Memoria
1753 4273 2002 4321 memor
2048 4272 2183 4319 ero.
2210 4274 2242 4313 ι)

706 4375 1056 4447 Recordare
1111 4369 1517 4456 paupertatis
1584 4370 1805 4430 contra
1862 4362 2198 4427 avaritiam
2227 4381 2245 4441 ;

705 4482 1239 4567 transqressionis
1253 4527 1270 4557 ,
1309 4481 1531 4543 contra
1573 4472 1975 4557 superbiam3
2023 4468 2244 4535 absin-

705 4593 834 4661 titii
859 4599 916 4661 ei
945 4591 1144 4673 fellis,
1178 4596 1400 4655 contra
1425 4579 2025 4665 concupiscentiam.
2067 4576 2247 4642 Prae-

1809 474 2232 542 SERMONES
2275 474 2376 539 DE
2416 472 2813 541 TEMPORE.

2362 610 2443 672 de
2491 626 2698 690 grano
2735 611 3063 692 triturato,
3114 612 3283 677 mola
3321 612 3621 692 contrito,
3670 613 3741 677 in
3782 612 3883 677 cli·

2362 715 2531 782 bano
2574 722 2772 784 cocto.
2826 717 3111 785 Granum
3150 738 3313 803 ergo
3360 720 3645 784 Christus
3680 725 3775 785 est
3810 726 3830 761 ¹
3865 739 3882 783 ε

2366 845 2398 883 α
2429 820 2563 887 Nisi
2591 842 2873 906 granum
2918 827 3223 891 frumenti
3243 875 3262 907 ,
3304 848 3335 887 υ
3375 831 3492 891 etc.
3537 826 3887 891 Trituratus

2362 933 2575 997 autem
2604 937 2700 996 est
2743 933 2810 997 in
2849 933 3277 1015 flagellatione
3293 934 3316 970 ⁸
3345 957 3360 996 ε
3391 957 3423 995 α
3467 933 3647 998 Tunc
3685 952 3886 1017 appre-

2363 1037 2586 1102 hendit
2609 1037 2848 1104 Pilatus
2873 1040 3122 1122 Jesum,
3172 1046 3237 1106 et
3278 1042 3644 1124 flagellavit.
3689 1064 3721 1102 n
3752 1041 3889 1106 Con·

2361 1144 2553 1208 tritus
2578 1146 2769 1209 etiam
2789 1151 2885 1211 est
2902 1147 2970 1211 in
2992 1148 3163 1212 mola
3182 1148 3418 1229 crucis;
3443 1149 3615 1213 unde
3632 1149 3853 1213 dicitur
3867 1149 3888 1182 ⁸

2363 1253 2535 1335 quod
2565 1251 2904 1318 Philistiim
2934 1253 3312 1320 Samsonem
3337 1255 3578 1320 molere
3593 1256 3888 1330 fecerunt,

2362 1358 2528 1424 sicut
2557 1360 2855 1444 judaicus
2901 1363 3177 1446 populus
3196 1412 3214 1439 ,
3261 1363 3387 1427 nisi
3426 1381 3541 1447 per
3581 1363 3893 1428 daemones

2363 1472 2717 1532 excaecatus
2742 1469 2986 1549 fuisset,
3015 1470 3336 1534 Christum
3378 1471 3447 1534 in
3494 1469 3667 1534 mola
3701 1470 3894 1535 crucis

2362 1591 2492 1639 non
2521 1575 2865 1641 attrivisset
2897 1578 2982 1641 ¹⁰:
3015 1600 3048 1638 α
3076 1578 3345 1641 Attritus
3371 1582 3467 1642 est
3492 1583 3756 1660 propter
3780 1594 3895 1641 sce-

2360 1681 2495 1746 lera
2515 1686 2754 1747 nostra.
2776 1706 2806 1743 1>
2833 1683 3062 1748 Missus
3086 1684 3209 1748 fuit
3226 1702 3482 1767 quoque
3495 1683 3565 1746 in
3581 1683 3895 1748 clibanum

2361 1788 2659 1872 sepulcri,
2678 1791 2892 1874 quoad
2911 1808 3163 1875 corpus,
3186 1791 3672 1870 inferniautem,
3698 1790 3896 1873 quoad

2362 1899 2644 1965 animam
2673 1916 2690 1960 t
2721 1901 2799 1965 de
2826 1918 2955 1984 quo
2983 1902 3215 1965 dicitur
3241 1903 3308 1980 ¹¹,
3325 1901 3498 1985 quod
3524 1901 3896 1964 sacrificium

2361 2004 2439 2069 de
2462 2005 2710 2071 clibano
2737 2007 2957 2072 debuit
2976 2026 3113 2072 esse
3139 2008 3279 2072 sine
3303 2009 3640 2088 fermento,
3670 2007 3899 2071 scilicet

2361 2111 2566 2199 culpae
2591 2117 2655 2178 et
2693 2114 3081 2197 ignorantiae
3103 2163 3125 2195 ‚
3169 2120 3234 2180 et
3270 2132 3683 2198 conspersum
3731 2115 3895 2193 oleo,

2359 2218 2596 2284 scilicet
2618 2222 2868 2303 gratiae.

2441 2325 2528 2391 De
2555 2330 2834 2394 secundo
2862 2329 3095 2395 dicitur
3128 2331 3173 2370 ¹¹
3206 2330 3380 2413 quod
3405 2330 3695 2394 sacerdos
3738 2328 3901 2393 tollet

2361 2432 2431 2497 in
2458 2432 2898 2500 holocaustum
2929 2436 3387 2502 suavissimum
3406 2436 3674 2502 Domino
3700 2435 3901 2519 pugil·

2360 2540 2499 2604 lum
2527 2541 2785 2621 similae,
2815 2548 2878 2606 et
2904 2542 3026 2607 olei
3054 2562 3129 2607 ac
3154 2547 3361 2608 totum
3387 2544 3541 2608 thus
3558 2591 3577 2623 ,
3624 2549 3689 2608 et
3718 2549 3902 2627 ponet

2360 2648 2733 2714 memoriale
2757 2668 2949 2733 super
2978 2650 3197 2730 altare,
3228 2656 3348 2716 etc.
3380 2650 3515 2715 Hoc
3541 2656 3639 2715 est
3663 2668 3899 2716 memo-

2360 2753 2517 2818 riale
2568 2756 3055 2839 propitiationis.
3112 2757 3233 2823 Per
3288 2758 3678 2823 oblationem
3733 2758 3900 2823 enim

2361 2878 2552 2945 super
2592 2863 2789 2928 altare
2822 2865 3188 2947 propitiatio
3230 2866 3304 2928 flt
3357 2887 3373 2929 ε
3417 2883 3576 2948 ergo
3624 2866 3900 2929 maxime

2360 2986 2476 3050 per
2492 2977 2962 3036 sacramentum
2984 2973 3224 3037 altariS.
3251 2970 3603 3054 Gregorius
3626 2974 3674 3013 ¹⁸
3694 2995 3758 3036 :a
3772 2972 3901 3036 Sin·

2360 3075 2671 3157 gulariter
2714 3078 2795 3143 ad
2848 3078 3314 3144 absolutionem
3360 3085 3647 3143 nostram
3696 3080 3899 3144 oblata

2360 3201 2513 3247 cnm
2549 3182 2848 3266 lacrymis
2888 3185 2965 3267 (a)
3000 3186 3209 3253 hostia
3250 3187 3674 3268 sulit-agatur.
3716 3208 3747 3247 ιι
3783 3186 3899 3251 Sed

2362 3293 2511 3353 nota
2536 3292 2708 3373 quod
2742 3291 2812 3356 in
2852 3291 3098 3357 Christo
3130 3298 3263 3358 tres
3303 3299 3455 3358 sunt
3489 3294 3860 3359 substantiae
3879 3339 3897 3369 ,

2360 3395 2599 3461 scilicet
2621 3415 2875 3482 corpuS,
2901 3399 3148 3479 anima,
3187 3400 3411 3465 deitas.
3457 3400 3582 3466 Per
3623 3401 3898 3465 similam

2361 3503 2534 3568 enim
2560 3522 2709 3570 caro
2751 3506 2979 3571 Christi
3014 3506 3436 3590 significatur,
3480 3509 3895 3591 quemadmo-

2361 3610 2520 3676 dum
2544 3612 2755 3677 simila
2777 3615 2984 3679 caruit
3008 3616 3197 3693 vitio,
3244 3617 3488 3680 furfure
3530 3616 3790 3680 scilicet.
3834 3620 3901 3679 ln

2360 3717 2600 3800 simila,
2658 3721 2943 3803 corporis
2987 3720 3216 3786 Christi
3259 3722 3606 3801 munditia,
3650 3724 3721 3786 in
3766 3722 3902 3787 oleo

2361 3830 2606 3906 autem,
2639 3827 2873 3893 animae
2909 3830 3051 3911 ejus
3086 3829 3326 3911 gratia3
3376 3830 3447 3893 in
3483 3829 3674 3894 thure
3712 3847 3897 3906 vere,

2360 3931 2712 3997 divinitatis
2771 3934 2958 3999 latria
2973 3984 2994 4015 ,
3036 3937 3173 4001 sive
3214 3936 3423 4000 honor
3473 3936 3900 4018 significatur.

2362 4036 2484 4103 Per
2525 4040 2803 4105 similam
2846 4061 3008 4124 ergo
3055 4042 3344 4125 capimus
3386 4044 3899 4125 propitiationem

2360 4151 2580 4213 contra
2607 4149 2882 4233 culpam,
2916 4156 2988 4214 ut
3018 4151 3260 4216 dictum
3293 4154 3413 4215 est.
3446 4150 3604 4216 Item
3648 4155 3896 4215 susten-

2360 4257 2666 4321 tationem
2692 4275 2806 4341 per
2832 4257 3131 4339 gratiam,
3163 4257 3325 4322 sicut
3353 4257 3470 4321 fllii
3503 4256 3696 4322 Israel
3728 4275 3899 4321 man-

2359 4381 2446 4429 na
2471 4365 2990 4429 sustentabantur
3014 4364 3084 4428 in
3100 4363 3369 4442 deserto,
3389 4367 3576 4447 cujus
3592 4364 3901 4429 naturalis

2360 4490 2570 4554 sapor,
2598 4477 2673 4536 ut
2698 4472 2930 4536 dicitur
2956 4470 3022 4549 ¹⁸,
3051 4475 3115 4535 et
3137 4471 3256 4535 fuit
3279 4473 3461 4554 quasi
3485 4471 3713 4535 similae
3748 4489 3900 4536 cum

2360 4579 2569 4659 melle,
2598 4585 2662 4644 et
2687 4581 2868 4664 quasi
2896 4580 3079 4664 panis
3106 4579 3332 4644 oleati:
3364 4596 3554 4662 sapor
3578 4580 3751 4644 enim
3778 4579 3898 4642 hu-

704 4703 888 4786 cipue
942 4704 1158 4765 tamen
1207 4694 1731 4778 quotiescumque
1782 4687 1960 4751 hunc
2013 4703 2247 4768 panem
2349 4689 2464 4773 jus
2513 4688 2922 4768 sacramenti,
2958 4689 3142 4772 quasi
3178 4688 3406 4753 similae
3436 4706 3520 4753 ex
3554 4693 3736 4771 parte
3767 4705 3901 4752 cor-

702 4808 1188 4883 manducamuS,
1217 4798 1593 4866 memoriam
1627 4793 1974 4861 Dominicae
2017 4791 2241 4875 passio-

688 4916 802 4981 'nis
825 4916 1062 4980 babere
1084 4911 1413 4978 debemus.
1459 4904 1628 4970 Bene
1670 4906 1888 4968 autem
1935 4902 2248 4966 memoria

701 5026 842 5107 ejus
864 5019 1173 5109 passionis
1198 5018 1269 5081 in
1294 5013 1604 5080 sacrificio
1643 5010 1827 5094 panis
1853 5009 2155 5088 habetur,
2187 5008 2244 5071 si

700 5132 779 5196 ad
807 5129 1183 5196 memoriam
1207 5122 1535 5190 reducitur
1570 5118 1891 5203 quomodo
1915 5116 2098 5199 panis
2124 5115 2244 5180 flat

764 5331 781 5365 ¹
809 5331 953 5391 Gen„
986 5338 1147 5390 xvm,
1184 5327 1232 5375 4.
1268 5349 1332 5360 —
1358 5322 1381 5357 ¹
1409 5317 1558 5384 ibid„
1600 5319 1650 5368 5.
1675 5343 1739 5354 -
1772 5316 1796 5351 ⁸
1833 5314 1998 5377 Jocn„
2031 5324 2154 5375 1111,
2193 5317 2239 5365 t.

700 5429 763 5441 -
782 5404 800 5434 ⁴
830 5403 964 5461 Luc„
991 5411 1126 5463 xxu,
1150 5400 1225 5448 ¹9.
1250 5422 1312 5433 -
1338 5394 1361 5430 ⁸
1394 5401 1409 5442 ι
1438 5392 1576 5453 Cor„
1610 5399 1684 5452 xt,
1711 5389 1876 5440 25-26.
1904 5412 1959 5423 -
1996 5385 2018 5415 ⁸
2042 5385 2238 5443 Thm„

703 5486 790 5532 m,
821 5477 978 5524 19-20.
1013 5497 1072 5509 -
1105 5472 1129 5507 “¹
1166 5471 1330 5525 Joan„
1365 5475 1472 5527 κη,
1510 5466 1593 5512 24.
1618 5487 1682 5498 -
1712 5463 1732 5491 ⁸
1762 5460 1926 5521 lacn„
1958 5468 2062 5519 xx,
2088 5462 2144 5552 ,¹⁶
2178 5479 2239 5492 —

2355 4794 2551 4878 poris,
2572 4796 2755 4878 quasi
2782 4795 2905 4859 olei
2930 4813 3014 4859 ex
3037 4798 3217 4878 parte
3243 4796 3502 4876 animae,
3531 4797 3713 4879 quasi
3744 4795 3898 4860 mel·

2356 4903 2436 4966 lis
2475 4921 2558 4967 ex
2591 4906 2772 4985 parte
2807 4902 3175 4968 divinitatis.
3224 4901 3384 4967 Item
3429 4903 3896 4986 promotionem

2360 5009 2435 5091 (b)
2480 5010 2562 5074 ad
2594 5008 2893 5093 gloriam.
2934 5006 3109 5074 Unde
3135 5009 3370 5075 animae
3397 5010 3760 5076 christianae
3797 5010 3894 5074 di-

2355 5137 2375 5167 ⁹
2399 5136 2581 5197 liidie..
2610 5147 2717 5199 xvi,
2744 5139 2824 5186 2¹.
2851 5161 2913 5172 -
2938 5137 2978 5171 ¹·
3006 5136 3128 5199 Isa„
3156 5147 3250 5187 2111
3260 5173 3279 5201 ,
3307 5139 3354 5187 5.
3383 5163 3447 5174 —
3479 5139 3515 5171 ¹¹
3547 5137 3722 5197 Levia,
3750 5147 3814 5198 n,
3847 5142 3893 5187 4.

2355 5234 2419 5245 —
2444 5210 2485 5243 ¹²
2516 5208 2663 5271 thid„
2688 5211 2819 5259 2.—
2853 5208 2896 5243 ¹⁸
2924 5210 3160 5273 Gregor.,
3190 5210 3244 5257 in
3277 5209 3493 5272 Evenq„
3517 5209 3659 5260 hom.
3689 5220 3892 5271 xxxva,

2353 5296 2404 5333 n.
2435 5284 2485 5331 7.
2512 5308 2573 5320 -
2602 5281 2645 5315 ¹⁸
2667 5280 2851 5341 Est-od„
2879 5291 2987 5343 xvi,
3014 5286 3100 5344 :313
3135 5280 3306 5340 Num„
3334 5293 3408 5343 ιι,
3441 5283 3488 5331 8.

2418 5376 2484 5437 (a)
2523 5369 2700 5435 Suppl.
2738 5369 2869 5420 sacri
2912 5369 3102 5419 altaris.
3142 5395 3205 5407 -
3251 5367 3314 5432 (b)
3356 5370 3479 5420 Goet.
3516 5371 3639 5421 edit.
3680 5382 3891 5434 promo·

2353 5449 2510 5499 tione.
