4059 6317
812 458 1195 526 DOMINICA
1232 456 1425 525 xvln
1468 454 1667 522 POST
1709 454 2290 524 PENTECOSTEN.
2334 455 2597 523 SERMO
2641 455 2745 523 lv,

3250 460 3363 524 m
3433 451 3438 456 ,

182 592 464 675 ginibuS,
494 612 610 677 per
651 594 731 678 (a)
764 595 1133 679 exemplum
1173 592 1717 660 inflammativum
1825 594 1927 656 ter
1946 593 2118 675 quod
2135 592 2403 658 dicitur:
2444 591 2607 660 Tolle
2633 591 2867 675 filium,
2885 589 3039 674 quia
3058 592 3081 630 ⁸
3104 591 3263 675 aqui
3281 592 3373 658 di·

182 701 508 766 charitatis
532 706 598 766 et
622 702 1081 769 benevolentiae
1104 725 1121 781 ;
1148 703 1338 767 tertio
1357 750 1373 779 ‚
1399 720 1438 766 a
1465 701 1717 765 confes-
1825 697 1976 781 ligit
2001 706 2248 783 patrem
2268 748 2286 780 ,
2341 705 2456 765 aut
2501 705 2773 765 matrem
2795 748 2814 781 ,
2860 704 2975 764 aut
3000 699 3231 780 filium,
3260 704 3375 765 aut

182 809 434 873 soribus
468 815 532 874 et
555 811 969 893 martyribus»,
995 829 1108 894 per
1133 810 1219 892 (a)
1230 808 1546 875 auxilium
1574 826 1720 872 con-

1828 807 2110 888 fratrem,
2142 829 2174 867 »
2208 807 2314 873 vel
2353 825 2828 890 quemcumque
2854 807 3227 873 attinentem
3253 807 3374 872 sibi

179 915 551 982 fortativum
583 918 1091 999 longanimitatis
1117 922 1182 983 et
1209 918 1553 1001 patientiae,
1586 917 1721 980 sive
1822 915 1971 996 jnre
2017 914 2533 997 propinquitatis»,
2565 932 2765 996 supra
2792 914 3133 993 Christum,
3175 937 3208 976 c
3244 931 3375 978 non

178 1026 693 1105 perseverantiae.
727 1026 807 1090 Et
827 1026 968 1090 haec
1012 1027 1134 1090 tria
1171 1030 1325 1091 sunt
1371 1024 1724 1089 necessaria

179 1131 357 1194 omni
379 1132 746 1212 conditioni,
769 1134 953 1198 sexui
981 1138 1045 1199 et
1070 1134 1269 1212 attriti,
1302 1132 1536 1196 scilicet
1560 1154 1582 1196 ·:
1618 1149 1723 1196 ve-

178 1237 336 1301 ritas
388 1238 536 1303 fidei
556 1287 578 1319 ,
642 1239 800 1304 dans
859 1240 1391 1322 intelligentiam3
1448 1239 1724 1304 charitas

179 1344 447 1425 Christi,
478 1347 635 1411 dans
664 1347 1209 1426 benevolentiam;
1242 1352 1305 1411 et
1328 1346 1719 1428 longanimi-

179 1456 300 1532 tas,
330 1452 488 1517 dans
514 1455 1094 1537 perseverantiam:
1115 1454 1332 1519 nullus
1351 1454 1522 1518 enim
1545 1452 1723 1518 adul·

179 1564 285 1624 tus
312 1565 407 1625 est
439 1561 510 1624 in
544 1564 717 1627 statu
744 1561 1002 1640 salutiS‚
1047 1562 1171 1626 nisi
1198 1561 1430 1627 habeat
1469 1559 1724 1626 fidelem

155 1667 675 1751 -intelligentiam
732 1669 801 1734 in
862 1669 1185 1735 intellectu
1205 1718 1224 1747 ,
1280 1669 1724 1758 charitativam

178 1776 690 1844 benevolentiam
734 1779 804 1842 in
843 1778 1074 1843 affectu
1098 1826 1117 1857 ,
1170 1781 1234 1841 et
1282 1776 1724 1861 longanimem

180 1885 721 1966 perseverantiam
746 1885 816 1950 in
847 1885 1099 1950 effectu.

265 1990 479 2057 Primo
508 1993 584 2076 (b)
615 2011 776 2075 ergo
818 1992 925 2058 ille
955 1993 1149 2059 habet
1180 1992 1613 2058 fortitudinem
1658 1991 1727 2054 in

179 2100 557 2183 exequendo
603 2099 919 2184 justitiam
938 2149 961 2181 ,
1020 2100 1131 2183 qui
1186 2100 1348 2165 tollit
1391 2102 1724 2183 peccatum

175 2208 393 2293 primo
417 2226 534 2291 per
556 2207 1005 2273 instructivum
1041 2206 1496 2273 documentum
1523 2205 1728 2272 fidelis

177 2315 648 2398 intelligentiae‚
660 2319 722 2380 et
748 2316 826 2380 de
852 2315 976 2380 hoc
992 2319 1200 2399 potest
1218 2314 1456 2398 exponi
1481 2313 1674 2378 illud¹
1702 2333 1720 2378 ε

180 2447 216 2485 α
235 2421 445 2488 Tolles
471 2426 682 2488 tecum
702 2423 779 2487 de
801 2423 1097 2488 omnibus
1123 2423 1304 2504 escis,
1329 2439 1477 2506 quae
1505 2420 1725 2486 mandi

174 2533 455 2615 possunt
485 2552 501 2594 :
534 2552 564 2590 n
599 2530 902 2614 quoniam
949 2529 1166 2596 omnia
1213 2530 1447 2614 scripta
1470 2529 1725 2594 suntad

175 2641 472 2703 nostram
501 2637 855 2702 doctrinam
899 2660 916 2702 ε
947 2637 1088 2703 ideo
1105 2687 1123 2717 ,
1152 2639 1234 2703 ad
1277 2638 1401 2704 hoc
1426 2641 1501 2703 ut
1523 2636 1723 2720 possi-

177 2759 333 2806 mus
361 2740 631 2829 evadere
668 2742 1065 2807 iracundiam
1109 2741 1431 2824 generalis
1472 2741 1724 2822 jndicii,

176 2843 482 2933 exemplo
520 2849 797 2914 tollentis
820 2867 1043 2914 omnes
1088 2867 1262 2914 escas
1307 2848 1729 2913 comestibiles

174 2961 246 3022 et
282 2956 484 3021 licitas
511 2958 593 3022 ad
638 2958 1189 3022 conservationem
1235 2957 1550 3040 corporis,
1598 2956 1732 3019 ins·-

177 3065 470 3131 truimur
495 3064 910 3148 spiritualiter
929 3064 1149 3129 tollere
1173 3082 1256 3129 ex
1274 3065 1573 3129 omnibus
1594 3082 1732 3130 ver-

172 3173 285 3237 bis
312 3189 509 3237 sacrae
538 3171 885 3256 Scriptnrae
905 3220 925 3253 ,
956 3190 1103 3255 quae
1131 3175 1398 3255 possunt
1415 3173 1608 3255 juxta
1631 3171 1725 3237 fa-

174 3279 489 3345 cultatem
527 3279 965 3362 intelligentiae
1015 3297 1151 3344 esse
1174 3279 1255 3345 ad
1299 3278 1727 3345 conservatio-

172 3405 338 3452 nem
365 3391 427 3451 et
443 3386 714 3452 salutem
738 3387 1126 3452 animarum.

263 3493 561 3560 Secundo
586 3493 701 3577 qui
729 3494 802 3577 (c)
830 3493 992 3559 tollit
1017 3499 1346 3578 peccatum
1364 3512 1478 3578 per
1508 3512 1732 3560 exem—

169 3603 369 3686 plum
383 3603 925 3668 inflammativum
936 3602 1259 3667 charitatis
1275 3605 1339 3666 et
1349 3602 1735 3667 benevolen-

169 3711 318 3776 tiae.
341 3709 519 3776 Unde
536 3717 560 3751 ¹
580 3732 595 3776 ε
624 3709 841 3775 «Tolle
854 3710 1063 3775 fllium
1083 3713 1272 3774 tuum
1292 3727 1485 3792 quem
1509 3708 1732 3791 diligis

169 3817 365 3896 Isaac
382 3865 402 3897 ,
439 3820 504 3881 et
529 3817 756 3882 offeres
783 3816 966 3881 illum
996 3816 1155 3881 mihi
1184 3817 1255 3881 in
1280 3815 1730 3882 holocaustum

166 3943 382 4008 super
406 3943 616 3989 unum
651 3925 966 3990 montium
988 3973 1009 4005 ,
1050 3942 1245 4008 quem
1291 3927 1731 3990 monstravero

167 4031 326 4096 tibi.
363 4055 394 4090 ι»
422 4032 541 4109 Qui
569 4033 742 4098 enim
769 4032 912 4097 vult
950 4032 1228 4116 experiri
1251 4036 1474 4096 utrum
1502 4030 1732 4113 diligat

166 4140 420 4219 Deum,
449 4139 638 4205 vadat
671 4139 753 4204 ad
783 4144 1019 4205 terram
1064 4138 1329 4203 visionis
1344 4186 1362 4217 ,
1392 4138 1460 4203 id
1487 4143 1603 4218 est,
1639 4138 1735 4202 in-

167 4247 527 4330 grediatur
551 4251 791 4312 secreta
829 4247 1255 4327 conscientiae,
1282 4249 1347 4310 et
1378 4246 1465 4310 ibi
1494 4245 1733 4311 videbit

162 4358 506 4440 quantum
531 4354 761 4438 diligat
785 4354 1009 4420 Deum.
1052 4353 1119 4418 Si
1148 4354 1323 4419 enim
1349 4357 1613 4437 paratus
1637 4356 1734 4417 est

161 4463 261 4529 ad
306 4462 678 4547 exemplum
722 4461 999 4528 Abrahae
1039 4480 1233 4544 super
1275 4479 1481 4526 unum
1535 4478 1729 4524 mon-

160 4571 380 4649 tium,
409 4588 602 4653 quem
621 4570 789 4635 Deus
815 4570 1241 4654 demonstrat:
1265 4568 1541 4652 perfecto
1561 4571 1732 4633 statu

157 4677 543 4758 religionis,
572 4677 674 4743 vel
699 4675 1112 4759 poenitentiae,
1136 4694 1330 4768 quem
1352 4675 1522 4741 Deus
1550 4675 1732 4742 docet

157 4783 556 4867 inspirando
578 4832 598 4865 ,
654 4784 883 4850 offerre
935 4783 1249 4868 quidquid
1294 4784 1579 4864 carnale,
1624 4782 1730 4849 vel

153 4891 561 4976 temporale,
573 4893 779 4974 potest
796 4909 947 4956 eum
963 4890 1310 4972 retrahere,
1330 4895 1395 4957 et
1410 4892 1491 4955 ab
1509 4910 1730 4958 amore

156 5000 294 5068 Dei
355 4998 652 5080 elongare
673 5047 692 5079 ,
750 4997 1030 5064 maxime
1086 4997 1482 5064 excludendo
1554 5019 1594 5064 a
1662 5018 1731 5065 se

154 5093 403 5194 primo
420 5105 912 5180 demulcentiam
933 5104 1529 5188 consanguinitatis,
1546 5127 1735 5193 prop-

232 5307 256 5343 ¹
292 5303 449 5365 Gen„
477 5314 551 5367 vi,
572 5306 652 5356 21.
674 5330 738 5343 —
759 5304 779 5336 ²
800 5303 946 5367 Gen„
966 5314 1104 5367 1111,
1124 5307 1177 5355 2.
1195 5327 1257 5343 -
1282 5304 1306 5341 ⁸
1327 5305 1538 5369 unuh„
1565 5319 1621 5370 x,
1649 5310 1729 5359 37.

151 5404 223 5501 ζ.-
254 5373 475 5499 ¹⁴⁴Luc„
518 5386 630 5436 xiv,
656 5377 736 5428 33.
771 5401 831 5414 -
867 5375 885 5407 ⁵
921 5374 1126 5438 naith„
1166 5387 1285 5440 xvi,
1322 5378 1404 5425 24.
1445 5402 1506 5416 —
1537 5378 1561 5414 θ
1593 5379 1730 5442 Luc„

196 5488 218 5516 ‚
338 5478 361 5496 .

1828 1024 1924 1084 est
1951 1021 2066 1103 (eo)
2094 1022 2349 1102 dignus,
2377 1043 2409 1082 ιι
2434 1020 2730 1087 Secundo
2743 1021 3081 1086 avaritiam
3101 1022 3377 1104 proprie-

1829 1127 2015 1206 tatis;
2046 1127 2218 1192 unde
2248 1127 2543 1193 subditur
2570 1134 2753 1195 tuum
2780 1146 2809 1192 .·
2828 1128 3134 1212 quoniam
3152 1127 3176 1163 ⁶
3204 1150 3236 1189 α
3253 1128 3377 1192 nisi

1830 1236 1975 1318 quis
2001 1235 2467 1301 renuntiaverit
2501 1236 2804 1301 omnibus
2821 1284 2843 1316 ,
2878 1254 3025 1320 quae
3070 1237 3372 1320 possidet,

1830 1360 1961 1406 non
2001 1346 2207 1425 potest
2236 1342 2507 1427 (Christi)
2538 1362 2674 1409 esse
2701 1343 3067 1427 discipulus.
3097 1367 3130 1405 n
3165 1344 3377 1410 Tertio

1833 1449 2195 1515 illecebram
2209 1450 2733 1529 delectabilitatis3
2753 1452 2926 1515 unde
2944 1451 3151 1517 addit:
3175 1452 3377 1533 Quem

1830 1556 2085 1640 «tiliois.
2129 1558 2348 1623 Solent
2393 1560 2517 1623 ista
2563 1559 2689 1622 tria
2730 1560 3051 1624 attrahere
3086 1564 3151 1624 et
3191 1559 3378 1625 incli-

1833 1683 1990 1730 nare
2021 1666 2356 1731 hominem
2383 1667 2464 1730 ad
2491 1684 2776 1731 amorem
2802 1686 2996 1732 suum
3014 1716 3033 1749 ,
3071 1672 3136 1732 et
3163 1671 3375 1733 retra-

1831 1771 1985 1837 here
2016 1774 2098 1837 ab
2123 1791 2343 1839 amore
2370 1773 2588 1838 divino
2617 1794 2633 1836 :
2666 1792 2814 1857 quae
2844 1775 3065 1840 omnia
3083 1775 3376 1859 exemplo

1831 1880 2111 1946 Abrahae
2155 1880 2341 1945 debet
2378 1879 2574 1944 homo
2618 1880 2966 1962 spiritualis
2992 1900 3032 1945 a
3059 1900 3127 1947 se
3152 1882 3373 1948 exclu-

1833 1986 2005 2068 dere,
2036 1992 2109 2052 ut
2132 1988 2327 2072 possit
2344 1987 2675 2071 acquirere
2705 1988 2816 2054 Dei
2832 2007 3119 2056 amorem
3136 1995 3200 2056 et
3224 1991 3380 2057 ami·

1833 2097 2071 2162 citiam.

1916 2202 2158 2283 Tertio,
2190 2205 2303 2288 qui
2344 2205 2416 2288 (c)
2462 2205 2623 2270 tollit
2659 2211 2988 2290 peccatum
3034 2225 3150 2290 per
3188 2207 3378 2273 auxi-

1834 2310 1998 2375 lium
2045 2311 2544 2378 confortativum
2589 2312 3102 2395 longanimitatis
3118 2363 3143 2395 ,
3173 2319 3237 2380 et
3261 2334 3375 2398 pa-

1835 2418 2102 2484 tientiae.
2133 2419 2312 2485 Unde
2342 2421 2364 2456 ⁸
2400 2443 2416 2485 ι
2457 2443 2488 2482 α
2515 2419 2638 2498 Qui
2666 2420 2806 2485 vult
2829 2422 3049 2488 venire
3075 2426 3219 2505 post
3244 2440 3372 2503 me,

1835 2528 2120 2610 abneget
2143 2530 2582 2616 semetipsum,
2613 2533 2679 2594 et
2694 2530 2874 2595 tollat
2884 2549 3140 2596 crucem
3166 2549 3373 2612 suam,

1835 2640 1900 2701 et
1923 2641 2230 2719 sequatur
2257 2654 2382 2701 me.
2416 2657 2448 2696 a
2492 2636 2625 2718 Qui
2644 2636 2784 2704 vult
2809 2641 3027 2705 venire
3053 2643 3200 2721 post
3225 2654 3321 2706 me
3349 2660 3377 2705 .-

1835 2761 1980 2809 ecce
2006 2743 2377 2827 postpositio
2426 2748 2491 2809 et
2533 2745 2841 2828 subjectio
2882 2746 3265 2825 voluntatis3
3313 2751 3380 2812 et

1836 2850 1985 2915 dicit
2007 2849 2103 2933 (d)
2131 2872 2146 2914 z
2174 2852 2337 2930 vult,
2363 2856 2436 2917 ut
2455 2852 2653 2918 libere
2669 2857 2734 2918 et
2748 2854 2889 2918 sine
2911 2855 3233 2919 coactione
3256 2854 3381 2920 hoc

1837 2958 2045 3024 faciat.
2064 2958 2347 3044 Almeqet
2363 2964 2773 3044 semetipsum
2795 2980 2812 3025 ε
2839 2980 2982 3026 ecce
2999 2962 3271 3045 captatio
3300 2961 3375 3046 (e)

1836 3065 2167 3147 libertatis,
2200 3072 2276 3131 ut
2302 3086 2430 3132 non
2457 3069 2812 3134 secundum
2834 3068 3141 3152 seipsum,
3161 3069 3273 3134 sed
3288 3087 3383 3135 se-

1837 3173 2126 3239 cundnm
2152 3173 2354 3239 Deum
2367 3175 2569 3242 vivat.
2594 3176 2679 3243 Ec
2696 3175 2875 3244 tollat
2892 3192 3337 3244 crucemsuam
3360 3196 3379 3242 t

1839 3298 1983 3345 ecce
2013 3281 2364 3365 assumptio
2409 3283 2820 3366 poenalitatis,
2851 3289 2915 3350 et
2960 3283 3083 3349 hoc
3125 3302 3240 3368 per
3265 3303 3380 3368 pa·

1839 3385 2152 3453 tientiam.
2211 3389 2295 3456 Et
2348 3396 2654 3473 sequatur
2704 3407 2803 3457 me
2866 3410 2890 3457 .·
2939 3408 3084 3456 ecce
3129 3390 3380 3457 dilectio

1840 3496 2360 3578 exemplaritatis‚
2391 3495 2507 3579 qui
2532 3497 2779 3562 tamdiu
2805 3496 3100 3582 clypeum
3127 3499 3379 3582 patien-

1839 3602 1947 3667 tiae
1976 3604 2276 3706 portavit,
2307 3604 2508 3670 donec
2533 3605 2735 3670 vitam
2764 3605 2996 3672 finivit.

1919 3709 2130 3776 Tertio
2157 3710 2227 3775 in
2253 3712 2452 3777 verbo
2481 3713 2806 3796 proposito
2828 3713 3103 3797 imperat
3128 3733 3381 3800 promp-

1840 3818 2186 3884 titudinem
2214 3822 2430 3884 motus
2468 3838 2585 3903 per
2611 3820 3095 3904 acquisitionem
3125 3822 3374 3904 gloriae,

1842 3945 1993 3992 cum
2021 3929 2321 4011 adjungit
2354 3951 2369 3993 ε
2409 3927 2587 3996 Vade
2621 3931 2699 3995 in
2727 3928 2984 3998 domum
3019 3935 3219 3998 tuam.
3271 3930 3382 3996 llle

1842 4053 1992 4100 cum
2027 4034 2532 4118 promptitudine
2583 4036 2859 4119 acquirit
2913 4037 3182 4120 gloriam
3197 4087 3215 4119 ‚
3267 4039 3381 4122 qui

1842 4142 2019 4208 vadit
2044 4142 2256 4225 primo
2282 4123 2616 4208 humiliter
2639 4142 2720 4206 ad
2744 4143 3208 4226 deplorandum
3226 4164 3382 4229 pec-

1843 4254 1984 4316 cata
2027 4252 2426 4335 perpetrata3
2473 4251 2789 4332 secundo,
2842 4252 3267 4319 indesinenter
3300 4255 3383 4320 ad

1843 4357 2308 4441 acquirendum
2334 4362 2576 4423 aeterna
2621 4376 2924 4437 munera3
2966 4360 3155 4425 tertio
3175 4407 3198 4440 ,
3223 4360 3379 4428 viri-

1841 4465 1984 4530 liter
2022 4465 2104 4531 ad
2131 4465 2564 4549 superandum
2606 4465 2919 4531 diabolica
2964 4469 3376 4534 tentamenta.

1843 4572 2136 4639 Primum
2162 4574 2239 4636 fit
2280 4591 2399 4656 per
2442 4572 2573 4637 oris
2615 4573 3114 4655 confessionem3
3151 4593 3375 4640 secun-

1841 4681 1999 4747 dnm
2013 4730 2039 4762 ,
2087 4699 2202 4765 per
2241 4682 2661 4748 terreneitatis
2702 4681 3201 4766 despectionem;
3242 4687 3377 4748 ter-

1842 4789 2006 4855 tium
2035 4807 2150 4872 per
2178 4788 2414 4855 divinae
2440 4789 2697 4854 virtutis
2720 4790 3197 4873 protectionem.

1924 4896 2163 4978 Primo,
2194 4895 2356 4964 vade
2409 4897 2491 4981 (ἰ)
2529 4896 2865 4962 humiliter
2885 4945 2904 4977 ,
2952 4897 3033 4964 ad
3078 4900 3375 4965 manifes-

1843 5004 2111 5070 tandum
2135 5007 2493 5087 perpetrata
2518 5008 2803 5087 peccata,
2842 5008 2906 5069 et
2944 5004 3068 5070 hoc
3108 5024 3223 5090 per
3248 5009 3379 5073 oris

1842 5111 2302 5178 confessionem
2330 5112 2354 5147 ⁸
2385 5129 2403 5177 z
2441 5134 2475 5174 α
2497 5109 2693 5191 Vade,
2720 5117 2784 5178 et
2809 5113 3069 5179 ostende
3094 5118 3157 5179 te
3180 5132 3380 5193 sacer·

1904 5310 1969 5374 (a)
2004 5312 2130 5363 Caet.
2166 5311 2290 5362 edit.
2325 5311 2460 5362 deest
2485 5324 2598 5376 per.
2626 5335 2690 5348 —
2721 5309 2790 5376 (ὁ)
2818 5310 2938 5363 Goet.
2966 5311 3092 5363 edit.
3124 5314 3286 5366 Unde.
3315 5343 3380 5357 —

1843 5381 1910 5446 (c)
1941 5381 2064 5434 Coet.
2099 5382 2220 5433 edit.
2254 5382 2386 5449 quis.
2421 5409 2485 5422 —
2523 5383 2600 5445 (d)
2638 5385 2765 5438 uem
2800 5377 2991 5438 dicere.
3017 5410 3078 5425 —
3122 5385 3190 5452 (e)
3227 5388 3379 5441 Forte

1844 5451 1943 5519 leq.
1971 5453 2264 5520 captivatio.
2293 5479 2356 5494 —
2383 5455 2453 5522 (Γ)
2487 5455 2615 5508 coet.
2645 5455 2769 5507 edit.
2800 5454 2960 5507 valde.
