4059 6317
674 625 937 693 rnntad
964 626 1223 706 vallem,
1252 629 1373 692 etc.
1400 625 1583 693 Unde
1621 624 2067 709 etAxapatri,
2100 626 2218 710 qui

674 735 934 801 sedebat
964 753 1161 818 super
1194 735 1439 799 asinam
1454 782 1474 812 ,
1518 752 1633 818 per
1677 751 1876 817 quam
1920 732 2222 816 intelligi·

675 859 824 907 mus
848 842 1133 907 animam
1155 842 1500 908 habentem
1529 841 1884 908 dominium
1909 842 2215 925 corporis,

671 948 919 1014 dicebat
942 950 963 986 ¹
1004 949 1168 1014 flens
1193 950 1381 1032 patri,
1407 953 1482 1015 ut
1502 949 1683 1014 daret
1704 948 2036 1031 irriguum
2065 949 2222 1014 infe-

672 1056 813 1121 rius
836 1055 1239 1139 etsuperius‚
1276 1057 1344 1121 id
1384 1061 1511 1138 est,
1553 1056 1842 1140 pluviam
1888 1056 2119 1137 gratiae
2155 1060 2220 1121 et

674 1162 927 1245 gloriae,
954 1163 1061 1228 vel
1085 1163 1412 1246 irriguum
1439 1164 1673 1228 mentis
1697 1168 1763 1227 et
1787 1162 2090 1246 corporis,
2110 1162 2216 1228 vel

671 1271 997 1353 irriguum
1024 1272 1370 1355 temporale
1395 1272 1463 1336 in
1502 1271 1627 1336 hoc
1656 1275 1943 1355 tempore
1980 1270 2218 1335 siccita-

672 1378 778 1457 tis,
804 1382 869 1443 et
902 1379 1250 1463 spirituale.
1290 1378 1397 1445 Sic
1432 1378 1603 1445 Elias
1635 1378 1986 1444 humilians
2009 1395 2078 1442 se
2105 1396 2213 1442 co-

673 1503 817 1550 ram
858 1485 1221 1552 Domino':
1278 1510 1312 1548 α
1354 1486 1433 1552 Et
1472 1503 1617 1552 ecce
1660 1485 1977 1551 nubecula
2015 1503 2217 1569 parva

672 1594 856 1677 quasi
921 1595 1275 1677 vestigium
1345 1595 1631 1661 hominis
1694 1593 2073 1659 ascendebat
2135 1593 2215 1658 de

674 1704 863 1768 mari,
914 1726 947 1763 »
1001 1704 1309 1788 Sequitur
1356 1722 1374 1770 ε
1436 1727 1470 1765 ι
1522 1703 1600 1769 Et
1638 1704 1803 1767 facta
1848 1705 1947 1767 est
1989 1702 2213 1784 pluvia

676 1810 963 1893 grandis.
996 1833 1027 1871 n

752 1917 1049 1992 Secundo
1096 1918 1446 2003 requiritur
1486 1917 1662 2001 quod
1709 1917 1793 1981 sit
1844 1915 2090 1981 elevata
2136 1915 2217 1980 ad

674 2024 1044 2108 Dominum,
1075 2027 1228 2111 quia
1268 2027 1563 2110 conflauit
1606 2025 1699 2093 ad
1742 2024 2113 2092 Dentinum.
2140 2023 2215 2087 ln

671 2133 849 2198 omni
879 2135 1377 2217 congregatione
1410 2135 1573 2199 bene
1605 2133 1896 2199 ordinata
1921 2135 2018 2198 est
2041 2151 2216 2198 unns

671 2241 988 2325 princeps,
1017 2242 1133 2326 qui
1157 2242 1352 2307 habet
1388 2241 1746 2307 dominium
1788 2258 1983 2323 super
2025 2239 2214 2320 alios,

671 2350 738 2411 et
762 2346 1214 2431 principatum,
1246 2348 1413 2414 sicut
1433 2348 1731 2415 videmus
1755 2347 1825 2410 in
1852 2364 2213 2429 congrega·

669 2453 846 2519 tione
868 2473 1087 2538 apum,
1132 2455 1306 2538 quod
1333 2473 1465 2521 una
1491 2460 1621 2534 est,
1651 2471 1800 2539 quae
1827 2454 1983 2519 alias
2007 2455 2210 2537 regit,

670 2577 807 2626 non
825 2560 1067 2626 habens
1088 2561 1405 2627 aculeum.
1431 2561 1710 2627 Ecclesia
1736 2564 1834 2626 est
1860 2577 2217 2643 congrega-

670 2668 765 2733 tio
787 2668 1105 2748 fidelium;
1138 2667 1425 2736 Christus
1459 2674 1557 2735 est
1580 2673 1801 2752 caput,
1845 2669 1958 2752 qui
1991 2686 2216 2734 omues

673 2775 1018 2858 gubernat,
1042 2795 1173 2842 non
1194 2776 1439 2841 habens
1451 2776 1745 2842 aculeum
1766 2775 2039 2860 peccati:
2071 2775 2215 2841 ideo

671 2901 807 2948 uon
849 2887 1043 2948 restat
1078 2883 1201 2948 nisi
1250 2883 1598 2964 confugere
1645 2882 1725 2948 ad
1763 2885 1976 2967 ipsum
1996 2933 2013 2964 ,
2054 2882 2218 2948 sicut

648 2991 819 3058 tecit
845 2990 1091 3056 Esther.
1132 2991 1310 3057 Unde
1355 2991 1691 3074 Apostolus
1736 2990 1759 3026 ⁸
1798 3013 1815 3053 ε
1853 3013 1885 3053 α
1928 2990 2215 3056 Fortissi-

673 3116 857 3163 mum
896 3098 1193 3163 solatium
1240 3097 1587 3176 habemus,
1632 3115 1763 3181 quo
1805 3098 2214 3180 confugimus

668 3204 755 3270 ad
782 3204 1123 3270 tenendam
1145 3205 1331 3269 nobis
1354 3204 1743 3288 propositam
1769 3223 1949 3288 spem
1963 3253 1985 3285 ,
2015 3222 2214 3288 quam

666 3310 834 3376 sicut
858 3311 1204 3376 anchoram
1222 3311 1536 3376 habemus
1550 3314 1756 3376 tutam
1783 3316 1848 3378 et
1870 3311 2151 3376 firmam.
2178 3334 2211 3373 n

669 3417 833 3484 Nota
862 3438 879 3484 ε
909 3418 1083 3484 aliud
1110 3421 1205 3483 est
1244 3418 1325 3484 de
1350 3417 1577 3483 solatio
1611 3417 1859 3499 divino,
1886 3421 1952 3483 et
1988 3419 2215 3484 huma-

671 3544 782 3606 n0,
811 3526 965 3609 quia
995 3525 1293 3591 solatium
1332 3524 1694 3590 humanum
1730 3530 1826 3591 est
1853 3530 2210 3592 momenta-

667 3650 893 3713 neum,
921 3632 1093 3697 unde
1116 3636 1526 3715 comparatur
1555 3635 1792 3711 musto,
1822 3633 1994 3716 quod
2019 3634 2215 3698 inces-

671 3741 765 3803 tat
804 3738 1164 3819 hominem,
1213 3738 1322 3804 sed
1361 3738 1617 3822 quando
1662 3739 2043 3822 depuratum
2081 3745 2174 3805 est
2192 3788 2209 3818 ‚

672 3847 828 3912 tunc
869 3850 966 3911 est
1004 3865 1278 3929 parvum
1320 3868 1337 3911 ι
1381 3847 1472 3911 sic
1523 3846 1822 3912 solatium
1864 3849 2092 3914 mundi
2145 3848 2212 3912 in

671 3953 921 4018 fervore
937 3971 1057 4018 suo
1082 3954 1345 4018 incestat
1373 3953 1724 4034 hominem,
1755 3956 1820 4020 id
1856 3959 1974 4035 est,
2002 3956 2211 4021 absor-

670 4059 779 4125 bet
805 4061 1118 4126 rationem
1137 4061 1439 4142 hominis,
1461 4066 1525 4126 et
1545 4081 1737 4128 usum
1759 4066 1922 4147 ejus,
1953 4064 2063 4129 sed
2081 4064 2212 4129 tale

670 4168 972 4233 solatium
997 4168 1371 4234 defaecatum
1400 4170 1482 4252 (a)
1515 4170 1939 4254 reputabitur.
1973 4171 2088 4236 lllo
2118 4191 2215 4236 so·

668 4274 822 4341 latio
847 4278 1099 4358 potatus
1124 4281 1217 4340 est
1242 4276 1488 4360 primus
1514 4277 1736 4357 home,
1766 4276 1952 4356 Loth,
1977 4283 2125 4359 Noe,
2149 4284 2212 4344 et

670 4381 902 4448 divites
925 4380 1127 4464 hujus
1154 4382 1402 4448 mundi.
1433 4383 1556 4448 Sed
1583 4383 1884 4450 solatium
1910 4383 2207 4451 divinum

669 4489 1088 4554 fortissimum
1122 4493 1238 4566 est,
1286 4489 1439 4572 quia
1479 4507 1731 4573 semper
1771 4490 1984 4571 durat,
2017 4494 2085 4557 et
2117 4497 2214 4557 est

671 4596 1055 4661 maximum.
1084 4594 1264 4661 Unde
1291 4596 1381 4660 sic
1421 4600 1517 4661 est
1550 4597 1631 4662 de
1655 4596 1880 4663 solatio
1908 4599 2080 4682 quod
2107 4618 2212 4665 ac-

669 4703 823 4786 cipit
846 4702 1042 4768 homo
1084 4721 1123 4767 a
1160 4700 1309 4782 Deo,
1359 4702 1523 4767 sicut
1560 4708 1655 4767 est
1697 4703 1996 4771 solatium
2040 4707 2211 4790 quod

669 4809 895 4893 accipit
919 4810 1115 4875 homo
1142 4809 1375 4874 nobilis
1398 4809 1465 4873 in
1491 4828 1611 4875 ave
1640 4810 1949 4894 praediali‚
1979 4817 2044 4877 et
2071 4815 2212 4879 avis

670 4917 737 4981 in
782 4917 1019 5001 praeda.
1076 4916 1237 4983 Nam
1283 4917 1469 4983 aliter
1521 4917 1851 4983 solatiatur
1896 4917 2092 4985 homo
2141 4922 2212 4986 in

669 5025 910 5108 praeda,
939 5025 1119 5090 aliter
1147 5025 1306 5104 avis,
1339 5024 1493 5108 quia
1521 5024 1777 5109 quando
1801 5025 1941 5092 avis
1985 5029 2213 5111 accipit

668 5132 985 5215 praedam,
1024 5132 1418 5216 ubicumque
1464 5149 1608 5197 eam
1654 5132 2014 5216 insequitur
2031 5183 2053 5212 ‚
2102 5135 2212 5200 sed

735 5331 755 5368 ¹
775 5333 900 5397 1030,
928 5343 1015 5396 xv,
1042 5334 1119 5383 19.
1139 5358 1198 5370 —
1223 5331 1247 5366 ¹
1274 5331 1340 5383 lll
1366 5331 1503 5396 Rea„
1525 5342 1675 5394 xvm,
1700 5333 1779 5394 44,
1805 5334 1882 5383 45.
1909 5358 1964 5369 —
1992 5332 2017 5368 ⁸
2037 5332 2212 5401 Hebr„

669 5401 1347 5538 2,.18Εέειὲ.,-Χ-ωῡυὶῖέῗε.,
1379 5414 1420 5467 ι,
1455 5404 1621 5455 13-14.
1648 5427 1710 5441 -
1737 5403 1761 5439 ⁸
1786 5402 1953 5468 Pron„
1995 5416 2101 5468 m,
2130 5409 2210 5457 21.

1776 486 2193 556 SERMONES
2231 490 2336 558 DE
2369 488 2768 561 TEMPORE.

2327 627 2585 710 quando
2608 630 2834 715 accipit
2858 635 3133 701 tmendo
3150 653 3316 717 eam,
3346 637 3652 704 solatium
3677 657 3869 706 snum

2327 738 3871 831 magsedhomohabetsolatiuminprosecu-

2327 842 2499 908 tione
2521 845 2684 926 ejus.
2715 844 2819 911 Sic
2842 853 2938 912 e&
2961 848 3041 914 de
3067 849 3196 915 Deo
3225 873 3242 915 ε
3278 852 3541 935 quando
3575 854 3745 919 Deus
3770 875 3868 921 os-

2324 949 2526 1014 tendit
2549 970 2619 1015 se
2644 952 2840 1018 alicui
2869 955 2971 1038 (b),
3002 958 3431 1040 conscientie,
3462 964 3628 1026 tnnc
3653 966 3868 1047 sequi·

2325 1060 2433 1120 tur
2459 1075 2602 1121 eam
2623 1060 2701 1141 (c)
2742 1065 2876 1127 toto
2909 1063 3144 1130 affectu
3170 1084 3323 1130 cum
3367 1066 3721 1150 desiderio,
3763 1071 3872 1137 sed

2324 1164 2583 1245 quando
2605 1169 2777 1231 tenet
2799 1185 2981 1246 eum,
3027 1173 3184 1234 tunc
3220 1172 3417 1237 habet
3458 1192 3664 1240 suum
3705 1175 3869 1241 sola-

2322 1269 2488 1334 tium
2520 1292 2536 1334 ε
2566 1272 2676 1337 sed
2702 1272 2871 1338 Deus
2907 1275 3256 1342 delectatur
3289 1279 3362 1343 iu
3389 1280 3870 1364 prosecutione,

2323 1378 2562 1443 scilieet
2595 1381 2852 1463 quando
2894 1382 3092 1449 homo
3128 1386 3492 1469 insequitur
3531 1407 3693 1453 eum
3738 1395 3872 1456 toto

2325 1479 2631 1546 desiderio
2655 1487 2722 1547 et
2747 1481 3002 1550 affectu.
3032 1486 3476 1554 Fortissimum
3512 1509 3685 1573 ergo
3718 1492 3875 1557 sola-

2324 1586 2490 1652 tium
2515 1588 2857 1670 habemus,
2894 1593 3150 1675 quando
3184 1597 3606 1679 confugimus
3639 1597 3727 1663 ad
3759 1598 3874 1664 Do-

2325 1695 2601 1777 minum,
2643 1699 2937 1780 ponendo
2977 1701 3163 1784 quasi
3198 1703 3579 1786 anchoram,
3610 1710 3680 1772 et
3717 1711 3875 1771 tunc

2324 1801 2662 1868 existimus
2701 1805 2822 1870 tuti
2847 1809 2911 1871 et
2936 1807 3138 1886 firmi,
3174 1811 3434 1893 quando
3457 1814 3654 1879 navis
3679 1817 3780 1878 est
3805 1815 3873 1879 in

2326 1910 2512 1989 mari,
2541 1913 2795 1977 firmata
2819 1914 3120 1996 anchora,
3150 1918 3306 2000 quia
3331 1921 3487 1984 tunc
3527 1919 3620 2002 (d)
3653 1924 3756 1985 est
3794 1921 3873 1985 ti-

2324 2019 2631 2085 mendum
2683 2027 3085 2106 tempestates
3099 2072 3120 2105 ,
3167 2030 3395 2092 ventos
3435 2032 3503 2094 et
3545 2029 3871 2095 turbines.

2325 2124 2437 2191 Ille
2462 2127 2744 2194 mundus
2769 2133 2867 2194 est
2904 2130 3089 2213 quasi
3134 2132 3457 2215 quoddam
3501 2152 3690 2200 mare
3733 2154 3870 2200 ma-

2327 2250 2558 2315 gnum,
2586 2234 2655 2299 in
2675 2254 2806 2318 quo
2832 2237 3036 2320 pisces
3060 2239 3309 2320 magni,
3340 2239 3407 2304 id
3428 2245 3545 2318 est,
3579 2245 3872 2325 potentes

2324 2343 2390 2406 et
2433 2341 2676 2407 nobiles
2732 2345 3072 2410 comedunt
3124 2347 3402 2412 minores
3419 2396 3437 2428 ,
3494 2353 3573 2413 ut
3625 2350 3710 2415 de
3753 2349 3874 2415 hoc

2324 2455 2750 2533 conqueratur
2767 2453 2796 2490 ³
2829 2475 2846 2518 ε
2887 2474 2919 2514 ι
2953 2454 3161 2532 Quare
3195 2472 3330 2519 non
3368 2456 3636 2539 respicis
3680 2474 3873 2540 super

2325 2555 2546 2640 inique
2563 2563 2852 2641 agentes,
2870 2563 2937 2626 et
2949 2566 3139 2642 taces,
3161 2562 3508 2628 devorante
3526 2562 3874 2647 impiojus·

2323 2662 2552 2728 tiorem
2570 2667 2680 2729 se?
2707 2669 2772 2731 et
2787 2667 2978 2733 facies
2993 2666 3289 2734 homines
3306 2669 3492 2752 quasi
3508 2672 3719 2754 pisces
3743 2690 3874 2736 ma-

2325 2769 2452 2835 ris?
2481 2770 2531 2838 Ο
2560 2777 2876 2856 quantum
2906 2778 3047 2857 jam
3091 2775 3294 2860 iniqui
3339 2794 3460 2841 sua
3498 2778 3788 2860 potentia
3811 2781 3873 2841 et

2328 2865 2904 2947 malitia‘devorant
2927 2883 3170 2965 justos!
3214 2883 3389 2948 unde
3428 2888 3495 2948 et
3533 2887 3632 2949 tot
3661 2888 3868 2949 teuta·

2325 2986 2528 3050 tiones
2575 2992 2640 3052 et
2687 2989 2859 3053 venti
2880 3036 2898 3065 ,
2949 2994 3015 3054 et
3059 2991 3533 3072 persecutiones
3577 2994 3724 3075 jam
3771 2992 3869 3056 in-

2325 3099 2783 3174 surrexerunt,
2812 3096 2986 3179 quod
3030 3095 3214 3162 valde
3247 3114 3505 3161 necesse
3543 3103 3645 3163 est
3691 3116 3870 3182 spem

2326 3204 2610 3264 nostram
2633 3201 2703 3265 in
2730 3200 2856 3266 Deo
2874 3203 3243 3282 anchorare,
3263 3204 3432 3268 etsie
3447 3204 3471 3240 ⁸
3500 3226 3532 3266 ι
3551 3222 3692 3270 non
3718 3222 3867 3270 con·

2326 3307 2606 3372 turbabit
2648 3308 2719 3391 (e)
2744 3311 2996 3392 justum
3027 3309 3337 3394 quidquid
3363 3311 3669 3377 acciderit
3709 3313 3792 3378 ei.
3829 3334 3860 3372 n

2404 3412 2613 3479 Tertio
2679 3415 2974 3496 tangitur
3042 3420 3277 3480 nostrae
3342 3420 3868 3501 congregationis

2325 3538 2518 3585 causa
2542 3522 2896 3600 manifesta,
2920 3538 3159 3604 pavens
3174 3522 3565 3606 periculum,
3594 3543 3750 3591 cum
3776 3526 3863 3590 si·

2325 3645 2472 3693 mus
2498 3628 2566 3692 in
2593 3629 2873 3711 periculo
2899 3630 3217 3711 siccitatis,
3245 3631 3663 3714 tempestatis,
3695 3636 3812 3698 etc.
3844 3654 3861 3696 z

2324 3740 2585 3819 propter
2612 3740 2715 3820 cuj
2722 3756 2799 3801 us
2815 3737 3080 3820 periculi
3091 3738 3461 3803 evasionem
3476 3757 3709 3805 sumus
3723 3758 3867 3805 con·

2325 3844 2602 3927 gregati,
2625 3850 2699 3910 ut
2717 3845 2883 3911 Deus
2905 3845 3134 3928 liberet
3156 3864 3307 3925 nos;
3337 3847 3622 3929 pericula
3648 3854 3864 3915 autem

2325 3970 2569 4034 magna
2593 3956 2745 4018 sunt
2779 3954 2847 4018 in
2883 3953 3077 4031 mari,
3114 3955 3307 4036 juxta
3349 3952 3510 4019 illud
3552 3961 3577 3997 ⁰
3611 3977 3628 4019 ι
3668 3980 3704 4018 c
3745 3955 3862 4021 Fa·

2324 4060 2559 4125 cientes
2584 4060 2979 4143 operationes
3004 4061 3072 4124 in
3103 4060 3267 4126 mari
3291 4065 3597 4127 enarrant
3623 4064 3712 4146 (f)
3752 4080 3858 4146 pe·

2323 4166 2529 4232 ricula
2553 4169 2714 4251 ejus.
2736 4168 2877 4231 n'Et
2896 4168 3040 4233 licet
3060 4168 3192 4232 sint
3205 4168 3297 4233 ibi
3323 4168 3528 4234 multa
3553 4171 3856 4254 pericula,

2323 4278 2539 4340 tamen
2565 4275 2823 4359 quaudo
2849 4280 3081 4341 ventus
3098 4278 3195 4341 est
3211 4276 3551 4359 propitiuS,
3582 4283 3649 4343 et
3667 4278 3861 4346 nunae

2325 4381 2678 4463 insurgunt
2697 4385 3124 4465 tempestates,
3154 4385 3489 4447 transeunt
3505 4401 3686 4450 mare
3706 4384 3860 4450 mul·

2323 4493 2466 4555 tum
2498 4490 2799 4571 suaviter,
2849 4494 2913 4554 et
2955 4489 3202 4554 modico
3247 4493 3537 4573 tempore
3582 4493 3858 4559 multum

2325 4596 2634 4679 spatium3
2664 4597 2775 4662 sed
2802 4596 3056 4680 quando
3082 4600 3179 4661 est
3201 4596 3295 4661 eis
3332 4602 3567 4663 ventus
3607 4605 3855 4665 contra-

2324 4706 2484 4782 rius,
2515 4706 2846 4769 transeunt
2864 4721 3011 4768 cum
3037 4703 3287 4769 timore.
3314 4703 3419 4768 Sic
3435 4704 3507 4768 in
3532 4705 3657 4771 isto
3676 4725 3860 4772 mun-

2325 4811 2429 4891 de,
2460 4811 2573 4894 qui
2599 4811 2828 4876 dicitur
2855 4828 3052 4888 mare,
3074 4809 3274 4892 aliqui
3300 4814 3631 4878 transeunt
3649 4814 3858 4898 quiete

2324 4921 2389 4984 et
2413 4919 2717 4997 suaviter,
2743 4917 2908 4981 sicut
2933 4916 3159 4981 divites
3193 4917 3428 4999 quibus
3466 4922 3701 4984 ventus
3729 4920 3857 4986 ror·-

2327 5029 2504 5090 tunae
2531 5028 2625 5089 est
2650 5022 2979 5106 propitius,
3008 5041 3126 5088 nec
3151 5024 3401 5108 aliquas
3423 5028 3712 5092 sentiunt
3741 5027 3853 5093 tri-

2326 5132 2713 5211 bulationes,
2743 5135 2808 5195 et
2846 5131 2913 5195 in
2945 5130 3192 5196 modico
3217 5137 3503 5215 tempore
3526 5136 3857 5202 transeunt

2391 5257 2458 5322 (a)
2486 5255 2613 5309 Add.
2642 5269 2738 5321 pro
2766 5255 3000 5321 minimo,
3025 5255 3104 5308 vel
3128 5255 3333 5323 aliquid
3357 5256 3546 5309 simile.
3581 5258 3705 5311 Goet.
3732 5259 3852 5312 edit.

2327 5330 2654 5393 defoedatum,
2681 5329 2822 5380 nullo
2847 5344 3009 5382 sensu.
3030 5357 3095 5369 —
3125 5329 3193 5396 (b)
3223 5330 3373 5381 Forte
3413 5331 3512 5396 leq.
3546 5329 3775 5398 alicujus.
3794 5358 3853 5372 -

2328 5405 2392 5467 (c)
2423 5404 2545 5454 Item
2570 5415 2707 5453 eum.
2734 5429 2800 5440 —
2825 5400 2899 5466 (d)
2929 5401 3106 5467 suppl.
3134 5415 3339 5456 uou.—
3370 5401 3433 5469 (e)
3473 5402 3619 5469 γαίᾳ.
3649 5403 3853 5458 contris·

2327 5474 2470 5527 tabit.
2498 5501 2558 5512 —
2588 5475 2655 5538 (s)
2693 5474 2838 5543 γαίᾳ.
2869 5481 3122 5528 enarrent.
