4059 6317
699 574 821 641 252

694 714 975 778 vertetur
1011 710 1088 776 in
1121 706 1458 792 nandium.
1502 705 1634 773 Hoc
1670 706 2109 789 significatum
2141 711 2239 773 est

695 816 765 880 in
803 816 990 899 aquis
1015 815 1275 893 amaris,
1305 815 1385 880 de
1412 815 1646 898 quibus
1675 815 1694 852 ¹
1728 837 1744 879 t
1781 838 1813 875 «
1854 813 2141 881 Ostendit
2179 814 2241 880 ei

693 922 978 1005 lignum,
1008 925 1179 1007 quod
1198 942 1346 989 cum
1371 922 1643 988 misisset
1669 923 1737 988 in
1764 942 1985 1007 aquas,
2011 923 2082 988 in
2104 923 2241 989 dul-

694 1032 982 1098 cedinem
1009 1050 1213 1098 versae
1230 1036 1398 1097 sunt.
1421 1022 1454 1091 ὐ
1475 1032 1678 1115 Aquae
1706 1050 1947 1097 amarae
1967 1032 2240 1098 tristitiae

695 1145 876 1222 sunt,
915 1140 1020 1206 vel
1053 1141 1357 1225 lacrymae
1390 1141 1848 1222 tribulationis,
1888 1141 1989 1208 vel
2031 1141 2238 1225 poeni-

696 1248 912 1313 tentiae
952 1255 978 1290 ¹
1014 1265 1033 1312 ε
1078 1271 1109 1311 ι
1155 1248 1469 1331 Egressus
1515 1248 1684 1314 foras
1724 1250 1905 1315 flevit
1928 1267 2171 1315 amare.
2200 1271 2232 1311 ι

694 1355 1075 1421 Amat-itudo
1115 1375 1272 1439 ergo
1312 1357 1644 1439 praesentis
1683 1357 2088 1422 adversitatis
2128 1374 2243 1440 per

693 1464 953 1546 lignum
981 1463 1189 1529 crucis
1213 1467 1504 1530 vertetur
1531 1464 1713 1529 nobis
1738 1464 1807 1528 in
1836 1463 2238 1530 dulcedinem

695 1574 954 1638 aeternae
991 1570 1428 1656 jucunditatis.
1477 1570 1628 1636 Haec
1670 1577 1767 1637 est
1815 1571 2080 1637 dulcedo
2098 1620 2115 1652 ,
2165 1571 2244 1636 de

695 1696 825 1761 qua
849 1678 913 1742 ⁸:
956 1700 986 1739 α
1003 1676 1171 1742 ‘Ecce
1199 1695 1474 1742 examen
1499 1679 1566 1741 in
1593 1696 1703 1743 ore
1737 1679 1939 1744 leonis
1966 1684 2138 1757 erat,
2168 1696 2243 1743 ac

695 1785 883 1850 favus
910 1783 1150 1849 melliS..
1174 1806 1208 1845 n
1242 1783 1369 1850 Leo
1404 1788 1498 1849 est
1536 1785 1807 1869 quilibet
1844 1790 2237 1869 persecutor,

695 1894 799 1960 vel
851 1894 1140 1959 turbator
1196 1895 1670 1977 proximorum.
1721 1894 1891 1978 Apes
1937 1895 2242 1961 aculeatae

696 2004 848 2066 sunt
897 2002 1096 2066 verba
1140 2003 1495 2084 pungentia
1539 2006 1603 2067 et
1648 2003 1972 2067 turbantia
2013 2002 2238 2087 proxi-

693 2126 859 2173 mos.
909 2107 1157 2188 Quanto
1207 2112 1425 2173 autem
1480 2109 1697 2191 plures
1747 2110 1989 2175 fuerint
2048 2128 2201 2194 apes
2215 2158 2236 2191 ,

694 2218 873 2279 tanto
899 2216 1045 2298 plus
1070 2215 1149 2280 de
1174 2214 1361 2280 melle
1385 2214 1650 2280 habebis
1678 2216 2029 2283 dulcedinis
2062 2223 2242 2284 aeter-

695 2340 821 2387 nae.
860 2320 1011 2388 Vult
1045 2340 1205 2406 ergo
1245 2341 1364 2388 nos
1408 2324 1724 2389 sustinere
1770 2324 1935 2390 Deus
1981 2344 2132 2408 apes
2175 2325 2245 2390 in

694 2430 969 2509 mundo,
1008 2434 1083 2494 ut
1116 2430 1518 2495 dulcedinem
1544 2432 1781 2496 habere
1823 2432 2142 2514 possimus
2173 2432 2245 2499 in

695 2538 875 2602 coelo.
908 2537 1318 2619 Augustinus
1358 2541 1381 2576 ⁸
1436 2561 1451 2603 :
1491 2562 1523 2601 α
1567 2538 1715 2604 Ideo
1753 2539 1923 2604 Deus
1967 2542 2238 2606 terrenis

695 2645 1095 2710 felicitatibus
1119 2646 1613 2711 amaritudinem
1639 2646 1973 2727 admiscet,
2003 2666 2088 2712 ne
2116 2648 2241 2713 alia

697 2751 915 2835 aliqua
939 2751 1201 2817 felicitas
1229 2756 1578 2836 quaeratur,
1609 2754 1799 2836 cujus
1824 2754 2090 2819 dulcedo
2121 2773 2239 2821 nos

697 2860 893 2925 fallat.
918 2880 949 2919 n
986 2859 1144 2925 Ecce
1170 2861 1441 2943 pulchra
1471 2862 1679 2927 versio
1706 2862 1727 2898 ⁸
1769 2884 1783 2928 :
1813 2886 1844 2924 α
1871 2862 2089 2929 Noluit
2115 2864 2243 2931 Do-

698 2968 915 3032 minus
953 2965 1119 3032 Deus
1163 2972 1317 3032 tuus
1360 2968 1582 3033 audire
1611 2968 1865 3034 Balaam
1894 2992 1911 3050 ;
1943 2971 2054 3036 sed
2088 2991 2235 3038 ver-

698 3076 778 3140 tit
821 3075 1328 3140 maledictionem
1383 3094 1571 3140 suam
1613 3077 1680 3140 in
1735 3078 2245 3145 benedictionem

705 3187 908 3249 tuam.
936 3203 967 3242 n

781 3290 868 3356 De
896 3292 1176 3357 secundo
1204 3292 1229 3329 ⁶
1260 3313 1276 3357 ε
1315 3316 1347 3354 c
1379 3292 1569 3359 Panis
1596 3295 1738 3376 ejus
1765 3293 1835 3358 in
1861 3297 2044 3361 utero
2070 3294 2244 3361 illius

700 3386 986 3464 vertetur
1009 3399 1077 3464 in
1103 3399 1188 3464 fel
1213 3399 1529 3483 aspidum.
1573 3423 1605 3461 n
1650 3401 1716 3466 Si
1745 3402 1929 3485 panis
1975 3402 2247 3467 vertitur

702 3507 944 3589 gulosis
970 3507 1040 3571 in
1065 3511 1310 3572 tantam
1336 3507 1681 3589 tristitiam,
1712 3508 1868 3592 quid
1894 3508 2015 3574 erit
2040 3509 2118 3573 de
2137 3528 2247 3574 vo-

701 3614 1196 3698 luptuosissimis
1221 3614 1520 3679 cibariis?
1560 3613 1737 3680 Certe
1764 3633 1893 3680 non
1938 3615 2149 3680 solum
2176 3616 2246 3680 in

701 3722 1023 3787 tristitiam
1047 3722 1387 3804 gehennae,
1411 3721 1513 3787 vel
1531 3722 1945 3806 poeniteutiae,
1970 3723 2247 3789 vertitur

702 3828 1046 3913 voluptatis
1098 3835 1362 3912 gustuS,
1420 3829 1530 3895 sed
1579 3829 1772 3894 etiam
1828 3830 2087 3895 auditus
2141 3829 2165 3865 ⁷
2224 3848 2243 3893 ε

712 3959 745 4000 ι
769 3936 968 4003 Versa
1001 3941 1096 4002 est
1137 3936 1231 4002 in·
1251 3936 1497 4002 luctum
1537 3937 1784 4003 cithara
1829 3956 2001 4017 mea,
2030 3959 2065 3998 n
2098 3940 2244 4017 etc„

712 4070 744 4108 α
770 4050 833 4111 et
861 4063 1178 4128 organum
1225 4064 1440 4110 meum
1484 4045 1554 4110 in
1594 4063 1819 4112 vocem
1862 4046 2178 4112 flentium.
2206 4069 2239 4108 ι)

706 4153 979 4232 Quidam
1019 4170 1175 4218 vero
1233 4153 1648 4219 detractiones
1672 4201 1689 4234 ,
1747 4155 1965 4236 turpia
2011 4156 2243 4235 verba,

706 4259 876 4325 mala
904 4260 1164 4325 consilia
1180 4260 1452 4326 audiunt
1473 4261 1565 4324 ita
1591 4260 2061 4339 delectabiliter,
2087 4261 2251 4325 sicut

706 4369 1019 4434 citharam
1048 4389 1075 4433 ε·
1099 4370 1206 4433 sed
1250 4370 1319 4432 in
1355 4368 1601 4434 luctum
1646 4373 1933 4434 vertetur
1972 4370 2115 4434 haec
2158 4372 2247 4435 ci-

708 4476 916 4541 thara.
952 4475 1110 4540 ltem
1137 4475 1431 4558 voluptas
1459 4475 1639 4541 visus
1666 4477 1688 4514 ⁸
1721 4498 1736 4541 ε
1778 4498 1810 4538 α
1854 4475 2246 4562 Respiciens-

709 4601 836 4666 que
863 4600 1031 4647 uxor
1056 4582 1218 4647 Loth
1260 4587 1399 4665 post
1427 4602 1516 4663 se,
1546 4602 1733 4650 versa
1758 4585 1945 4649 estin
1973 4590 2249 4650 statuam

709 4691 875 4756 salis.
904 4713 934 4750 υ
973 4689 1135 4767 Quid
1153 4690 1274 4755 erit
1300 4690 1378 4755 de
1397 4690 1496 4771 iis„
1527 4690 1641 4773 qui
1659 4691 1845 4756 toties
1859 4694 2252 4776 nequissimo

709 4797 855 4860 visu
894 4799 1185 4880 peccant,
1234 4814 1319 4861 ex
1358 4814 1488 4880 quo
1530 4797 1727 4862 semel
1772 4799 2113 4881 respiciens
2158 4804 2256 4865 est

625 4944 628 4949 «
710 4903 800 4969 ita
826 4903 1086 4986 punita?
1129 4901 1250 4968 Per
1277 4921 1511 4986 panem
1539 4904 1772 4987 igitur,
1798 4907 1913 4989 qui
1943 4906 2010 4971 in
2039 4907 2122 4972 fel
2149 4926 2253 4972 as-

709 5010 932 5093 pidum
976 5011 1394 5091 convertitur,
1445 5015 1649 5095 potest
1692 5012 1996 5095 quaelibet
2051 5015 2249 5080 malo-

710 5136 851 5184 rum
880 5117 1261 5199 consolatio,
1292 5118 1398 5185 vel
1435 5119 1728 5203 voluptas
1766 5119 2147 5201 significari.
2182 5121 2253 5186 In

779 5285 791 5312 ¹
824 5280 1003 5345 uma„
1033 5292 1119 5344 xv,
1150 5283 1230 5331 25.
1259 5307 1314 5317 -
1350 5262 1602 5344 inertia..
1629 5293 1782 5345 xxv-1,
1812 5285 1893 5333 75.
1926 5308 1990 5320 -
2016 5283 2040 5319 ⁸
2070 5283 2231 5335 παῖε.

714 5356 994 5475 szaa-
1027 5353 1519 5476 ‘maffia-..m
1713 5357 2059 5477 *ear-1²5²
2085 5321 2256 5477 ποῶ

716 5497 740 5533 ‘¹
763 5495 886 5560 Job,
916 5507 1148 5561 xxxvm,
1178 5498 1258 5548 31.
1286 5523 1350 5536 —
1378 5496 1401 5532 ⁸
1434 5497 1583 5551 Gen..
1613 5507 1724 5560 xix,
1752 5499 1834 5548 26.
1862 5523 1924 5536 —
1958 5500 1980 5533 ⁹
2009 5499 2164 5550 Bern.
2197 5524 2253 5537 -

721 5569 760 5601 ¹·
791 5566 976 5631 Emotis,
1013 5568 1251 5633 v111,·17.
1290 5592 1351 5609 ·-·
1389 5568 1428 5609 ²¹
1468 5568 1640 5632 va„
1680 5578 1789 5636 xw,
1836 5570 1911 5621 ¹3.
1952 5594 2014 5609 -
2053 5571 2090 5605 ¹³
2117 5568 2257 5623 Psal.

1801 531 2239 638 sanniones
2265 570 2366 638 DE
2403 570 2802 640 Taureae,

2343 706 2518 772 hunc
2544 708 2719 773 enim
2754 727 2988 793 panem
3033 709 3274 794 lapides
3291 758 3311 789 ‚
3344 708 3411 774 id
3452 712 3586 790 est,
3624 705 3889 774 duritias

2346 815 2736 898 poenitentiae
2784 818 2950 884 verti
3000 817 3145 883 vult
3197 817 3521 897 diabolus3
3585 815 3890 882 Dominus

2347 926 2563 989 autem
2589 942 2721 989 non
2755 925 2996 1010 lapides
3035 926 3217 991 durae
3252 924 3645 1010 poenitentiae
3675 923 3746 987 in
3774 942 3886 1006 pa-

2346 1048 2464 1096 nes
2501 1030 2878 1115 voluptatiS,
2920 1033 3030 1098 sed
3072 1032 3418 1116 voluptatis
3460 1050 3659 1115 panes
3698 1030 3893 1096 vertit

2347 1138 2415 1202 in
2448 1137 2532 1203 fel
2571 1139 2864 1223 aspidum
2913 1144 3172 1205 aeternae
3214 1139 3683 1204 amaritudinis,
3736 1138 3892 1204 Ber·

2347 1244 2588 1310 nardus
2621 1247 2646 1282 ⁸
2679 1267 2695 1312 ε
2744 1269 2775 1308 α
2798 1246 2918 1313 Via
2950 1246 3309 1330 iniquitatis
3344 1246 3890 1328 ingredientibus,

2349 1352 2478 1418 mel
2543 1352 2961 1437 sophisticum
2999 1376 3017 1432 ;
3079 1353 3642 1436 progredientibus
3694 1352 3781 1417 fel
3836 1357 3897 1418 et

2348 1465 2598 1526 acetum
2619 1482 2636 1536 ;
2664 1446 3164 1543 egredientibus„
3187 1460 3543 1526 execrabile
3567 1478 3895 1525 venenum

2348 1568 2664 1652 aspidum.
2696 1591 2727 1629 n
2764 1567 2883 1647 Qui
2910 1567 3029 1633 hos
3057 1586 3251 1651 panes
3277 1568 3646 1649 comederit,
3663 1584 3901 1633 omnes

2350 1676 2565 1755 micae,
2595 1676 2662 1741 id
2689 1680 2801 1755 ast,
2825 1676 3244 1757 cogitationes
3272 1680 3335 1740 et
3360 1674 3694 1755 desideria,
3726 1677 3800 1740 in
3816 1676 3897 1740 fel

2349 1783 2621 1848 tristitiae
2670 1783 2764 1847 illi
2810 1786 3141 1848 vertentur
3186 1785 3232 1824 ¹⁰
3284 1804 3301 1846 ε
3357 1805 3388 1843 α
3415 1782 3638 1848 Omnis
3682 1782 3900 1866 pulvis

2348 1895 2539 1957 terrae
2565 1908 2792 1957 versus
2818 1893 3003 1956 estin
3034 1890 3343 1975 ciniphes.
3373 1911 3406 1950 υ
3440 1889 3519 1954 Et
3543 1891 3698 1975 quia
3726 1908 3899 1973 pun-

2354 2003 2541 2082 gunt,
2584 2000 3004 2064 remorsiones
3048 2001 3578 2065 conscientiarum
3622 2004 3901 2065 aeternas

2351 2107 2719 2190 significare
2767 2110 3055 2191 possunt.
3098 2106 3287 2173 Vides
3328 2125 3489 2190 ergo
3537 2108 3899 2191 quomodo,

2350 2215 2515 2280 sicut
2531 2215 2762 2280 dicitur
2778 2216 2845 2297 ¹¹,
2860 2238 2893 2278 α
2910 2216 3077 2282 risus
3097 2215 3314 2281 dolore
3332 2216 3708 2281 miscebitur
3732 2216 3850 2299 (α).
3866 2237 3896 2276 ι

2431 2323 2519 2389 De
2538 2325 2724 2389 tertio
2751 2325 3185 2407 significatum
3208 2327 3325 2404 est,
3344 2323 3460 2388 uhi
3484 2323 3681 2405 virga
3701 2323 3905 2407 Moysi

2353 2450 2538 2499 versa
2563 2433 2753 2497 estin
2779 2433 3136 2499 colubrum.
3168 2431 3321 2499 Haec
3364 2435 3457 2496 est
3498 2432 3692 2512 virga
3735 2431 3904 2496 divi-

2350 2557 2455 2604 nae
2493 2541 2905 2624 correptionis
2917 2562 2935 2621 3
2969 2540 3303 2607 Psalmista
3328 2541 3373 2582 ¹¹
3406 2560 3422 2603 ι
3465 2563 3498 2600 α
3519 2536 3810 2605 visitabo
3840 2540 3907 2602 in

2353 2647 2545 2728 virga
2565 2695 2584 2727 ,
2633 2670 2664 2709 n
2699 2650 2819 2713 etc.
2867 2646 3069 2730 Virga
3119 2666 3291 2731 saepe
3317 2647 3397 2712 de
3424 2646 3612 2711 corde
3649 2644 3906 2728 lapideo

2352 2773 2588 2839 aquam
2604 2756 3000 2821 contritionis
3013 2761 3076 2821 et
3092 2758 3523 2839 lacrymarum
3543 2754 3785 2834 educit,
3819 2752 3905 2817 si-

2353 2865 2464 2926 cut
2477 2861 2545 2927 in
2565 2862 2754 2943 virga
2771 2881 2900 2946 qua
2916 2862 2995 2947 (b)
3018 2867 3197 2947 petra
3214 2863 3313 2927 bis
3340 2860 3719 2945 percutitur,
3740 2859 3909 2925 sicut

2353 2969 2793 3051 significatum
2812 2976 2908 3036 est
2923 2973 2998 3052 ¹⁸3
3025 2990 3139 3055 per
3159 2970 3494 3035 colubrum
3516 2972 3736 3047 autem
3754 2967 3908 3032 hor-

2355 3095 2464 3143 ror
2491 3077 2917 3143 damnationis
2959 3079 3384 3162 significatur.
3428 3076 3606 3143 Unde
3635 3076 3716 3141 de
3743 3072 3903 3141 vino

2354 3186 2625 3251 carnalis
2654 3186 3083 3253 delectationis
3123 3184 3356 3251 dicitur
3384 3188 3435 3226 ¹⁸
3467 3200 3485 3247 t
3518 3205 3551 3245 <x
3576 3183 3651 3248 In
3678 3182 3906 3248 novis·

2356 3295 2519 3359 simo
2547 3295 2860 3360 mordebit
2895 3299 2972 3360 ut
3009 3295 3287 3361 coluber.
3330 3316 3363 3356 n
3398 3293 3602 3377 Virga
3643 3310 3813 3376 ergo
3840 3292 3909 3356 in

2355 3402 2696 3468 colubrum
2714 3392 3005 3483 vertitur,
3027 3403 3283 3487 quando
3302 3402 3371 3466 in
3389 3401 3721 3467 obstinatis
3740 3419 3909 3485 prae-

2355 3514 2600 3575 sentem
2653 3510 3126 3576 tribulationem
3194 3510 3425 3575 horror
3475 3508 3909 3574 damnationis

2354 3618 2665 3701 sequitur,
2686 3617 2941 3702 quando
2964 3618 3068 3682 hic
3085 3622 3150 3684 et
3174 3618 3244 3682 in
3271 3617 3492 3683 futuro
3517 3614 3902 3698 affligimur,

2355 3725 2520 3790 sicut
2547 3725 2626 3791 de
2653 3724 2966 3791 Antiocho
2992 3725 3233 3808 legitur
3260 3727 3332 3807 ¹⁸,
3362 3729 3426 3791 et
3449 3725 3527 3790 de
3554 3723 3808 3789 Herode
3834 3723 3905 3785 ¹⁸.

2356 3831 2517 3897 Nota
2538 3832 2853 3897 historias.
2877 3832 3222 3915 Gregorius
3239 3834 3286 3873 ¹⁷
3318 3854 3384 3897 :e
3400 3832 3596 3897 Poena
3619 3848 3911 3916 praesens

2357 3939 2412 4003 si
2438 3939 2654 4004 afflicti
2681 3939 2972 4005 animum
3001 3940 3351 4020 convertit,
3372 3939 3522 4004 finis
3561 3943 3656 4004 est
3693 3938 3908 4022 culpae

2359 4046 2801 4130 praecedentis3
2833 4047 2886 4111 si
2922 4049 3135 4112 tamen
3172 4049 3250 4111 ad
3292 4047 3592 4112 timorem
3634 4046 3910 4110 minime

2360 4155 2692 4232 convertit,
2714 4154 2968 4219 initium
2993 4159 3088 4219 est
3108 4173 3315 4239 poenae
3342 4154 3683 4238 sequentis.
3716 4175 3750 4213 υ
3784 4152 3909 4218 Sed

2362 4282 2399 4328 e
2426 4263 2744 4329 contrario
2782 4262 3025 4344 legitur
3060 4264 3141 4328 de
3185 4263 3377 4343 virga
3426 4261 3643 4326 Aaron
3684 4259 3903 4341 arida,

2361 4388 2509 4456 quae
2529 4371 2719 4436 flores
2734 4374 2799 4435 et
2813 4370 3057 4435 fructus
3068 4370 3297 4435 habuit
3310 4370 3380 4449 ¹⁸,
3403 4369 3558 4453 quia
3573 4368 3911 4451 castigatio

2362 4480 2711 4545 electorum
2746 4478 2935 4544 flores
2981 4477 3300 4543 virtutum
3347 4478 3417 4541 in
3457 4477 3795 4561 praesenti,
3845 4479 3912 4541 et

2362 4588 2617 4652 fructus
2646 4586 3061 4671 praemiorum
3091 4585 3383 4669 producit
3407 4584 3476 4648 in
3500 4586 3743 4649 futuro.

2444 4693 2533 4758 De
2574 4695 2801 4776 quarto
2820 4693 2865 4733 ¹⁹
2901 4713 2918 4756 z
2964 4713 2995 4752 α
3025 4690 3272 4757 Parvus
3295 4690 3437 4755 sons
3461 4689 3663 4754 crevit
3685 4689 3756 4754 in
3779 4689 3909 4755 flu·

2364 4798 2569 4875 vium,
2601 4801 2667 4861 et
2693 4797 2759 4861 in
2790 4796 3000 4862 lucem
3040 4798 3362 4879 solemque
3402 4814 3750 4862 conversus
3776 4798 3908 4876 est,

2364 4909 2430 4970 et
2467 4906 2534 4969 in
2562 4922 2761 4988 aquas
2787 4904 3099 4987 plurimas
3123 4903 3528 4969 redundavit.
3558 4925 3589 4963 n
3627 4901 3791 4968 Fons
3815 4907 3916 4967 est

2365 5013 2663 5094 charitas,
2707 5011 2815 5077 vel
2859 5011 3200 5076 consolatio
3246 5009 3523 5093 Spiritus
3562 5009 3762 5074 sancti
3799 5015 3848 5051 ⁸·
3889 5031 3908 5074 ε

2367 5195 2643 5244 Lxxxvm.
2679 5187 2758 5238 33.
2787 5210 2846 5223 -
2884 5185 2928 5221 ¹⁸
2958 5184 3135 5246 Num„
3171 5194 3269 5247 xx,
3298 5186 3374 5235 Η.
3401 5209 3465 5220 -
3494 5182 3532 5217 ¹⁸
3564 5183 3736 5247 Pron„
3767 5191 3913 5243 xm,

2367 5260 2447 5308 32.
2476 5283 2539 5296 ·-
2583 5258 2627 5294 ¹⁸
2660 5258 2700 5308 11
2735 5257 2922 5319 Maeli„
2968 5267 3054 5319 11,
3095 5258 3174 5307 13.
3217 5282 3276 5293 -
3319 5256 3357 5288 ¹⁸
3407 5256 3541 5317 Act..
3584 5265 3689 5317 ιιι,
3727 5255 3805 5305 23.
3846 5275 3916 5289 -

2367 5328 2414 5364 ¹⁷
2454 5331 2631 5394 Greg„
2659 5328 2729 5379 ad
2765 5329 2994 5390 Venant„
3018 5327 3185 5393 Epist.
3212 5326 3301 5377 lib.
3335 5327 3420 5388 xl,
3450 5340 3498 5378 c.
3532 5336 3660 5391 ιιι,
3684 5324 3753 5377 al.
3785 5325 3908 5375 xxv-

2365 5425 2430 5439 —
2460 5401 2504 5437 ¹⁸
2544 5401 2718 5462 Num„
2746 5409 2892 5464 xxm,
2929 5401 2978 5450 8.
3015 5422 3077 5438 ·-
3114 5398 3156 5434 ²⁹
3187 5396 3354 5460 Eam„
3391 5408 3451 5458 x,
3495 5400 3544 5449 6.
3574 5423 3631 5435 —
3666 5398 3711 5432 ⁸·
3748 5396 3912 5459 loun„

2375 5483 2449 5533 iv,
2482 5474 2557 5524 14.

2435 5569 2503 5636 (a)
2533 5568 2655 5623 σοι.
2682 5567 2804 5621 edit.
2834 5567 3097 5623 miscetur.
3121 5566 3265 5634 -(ὁ)
3294 5566 3416 5620 uem
3443 5579 3574 5634 qum.
