4059 6317
792 450 916 512 436
1891 440 2305 510 SERMONES
2345 441 2449 510 DE
2486 441 2885 513 TEMPORE.

791 581 1026 659 Tertio,
1043 580 1394 663 profitendo
1405 579 1643 646 divinae
1659 579 1920 645 virtutis
1934 579 2325 659 facilitatem,

789 689 1022 755 addit:
1068 688 1189 756 Sed
1233 688 1344 756 dic
1395 689 1621 767 verbo,
1672 693 1736 756 et
1779 688 2330 771 sanabitur.puer

787 813 965 864 meus
980 816 1009 879 ;
1034 798 1215 879 quasi
1240 797 1408 862 dicat
1437 818 1453 860 ε
1481 795 1640 861 Cum
1666 797 1839 880 apud
1865 802 1928 861 te
1955 814 2087 860 non
2115 796 2195 860 sit
2212 797 2329 860 im-

785 905 1087 988 possibile
1133 923 1324 970 omne
1350 905 1624 970 verbum
1646 951 1663 979 ,
1695 922 1827 968 non
1851 904 2067 968 differt
2089 903 2322 981 dicere,

783 1016 851 1077 et
871 1014 1076 1078 facere
1106 1035 1121 1076 :
1152 1013 1304 1096 quia
1337 1032 1407 1077 es
1435 1012 1592 1076 illud
1618 1009 1901 1077 Verbum
1944 1011 1964 1047 ¹
2007 1029 2124 1094 per
2153 1010 2326 1094 quod

781 1122 948 1186 sacta
973 1125 1123 1185 sunt
1147 1121 1387 1196 omnia,
1417 1124 1484 1183 et
1509 1118 1616 1183 ille
1638 1119 1662 1153 ¹
1687 1137 1900 1184 sermo
1929 1118 2122 1181 vivus
2149 1117 2232 1198 (a)
2260 1121 2326 1181 et

781 1230 1029 1308 efficax,
1065 1232 1089 1268 ⁸
1107 1232 1409 1311 potestate
1427 1226 1676 1311 plenus,
1700 1226 1813 1309 qui
1829 1227 1852 1261 ⁸
1872 1229 2057 1290 sanat
2077 1226 2317 1290 omnia.

777 1336 859 1403 Et
881 1336 1037 1420 quia
1062 1335 1087 1371 ⁸
1121 1339 1356 1419 «juxta
1374 1340 1471 1400 est
1496 1334 1803 1400 Dominus
1826 1381 1845 1410 ,
1877 1334 1988 1417 qui
2017 1332 2321 1398 tribulato

778 1448 931 1510 sunt
978 1444 1196 1524 corde,
1246 1447 1312 1508 et
1353 1443 1630 1508 humiles
1670 1443 1898 1525 spiritu
1938 1442 2248 1519 salvabit;
2279 1464 2310 1502 s

775 1552 918 1618 ideo
944 1553 1341 1618 subinfertur
1366 1555 1595 1635 quarto
1636 1551 1906 1615 coelestis
1947 1551 2176 1632 gratiae
2210 1568 2319 1632 ap-

774 1659 1253 1744 propinquatio,
1284 1659 1421 1723 sive
1445 1658 1729 1741 operatio
1774 1657 2012 1721 divinae
2066 1658 2318 1741 pietatis

774 1767 856 1832 ad
881 1768 1148 1832 domum
1193 1765 1421 1849 aegroti
1471 1782 1588 1848 per
1635 1763 1845 1828 morbi
1891 1764 2310 1846 curationem,

774 1894 926 1939 cum
952 1875 1242 1957 sequitur
1269 1873 1699 1939 :Invenerunt
1718 1886 1993 1951 servum,
2022 1873 2142 1954 qui
2165 1871 2313 1938 lan-

772 1990 998 2071 querat
1039 1984 1142 2067 (b),
1180 2000 1435 2050 sanum.
1485 1981 1670 2046 Prius
1716 1980 2006 2065 pervenit
2056 1981 2313 2046 virtutis

772 2092 1076 2176 operati0,
1110 2110 1308 2176 quam
1337 2091 1715 2155 nuntiorum
1741 2088 2023 2153 reversio
2050 2109 2066 2152 ε
2098 2094 2162 2152 01
2187 2087 2310 2153 1100

769 2204 904 2278 est,
935 2201 1086 2284 quia
1108 2200 1382 2264 libenter
1407 2198 1571 2262 Deus
1598 2195 2042 2262 condescendit
2087 2195 2311 2260 humi-

579 2343 702 2386 nea·
769 2305 957 2372 libus.
991 2306 1168 2372 Unde
1194 2307 1598 2389 Augustinus
1623 2305 1691 2340 ⁸·
1677 2328 1752 2366 ,α
1769 2303 1954 2368 Altus
1978 2308 2073 2368 est
2100 2302 2303 2369 Deus:

527 2417 745 2513 m
768 2414 1073 2479 humilias
1101 2419 1184 2494 te,
1215 2420 1278 2479 et
1300 2416 1481 2480 venit
1507 2414 1587 2478 ad
1617 2418 1715 2493 te;
1746 2412 1988 2478 exaltas
2013 2416 2098 2489 te,
2132 2417 2195 2477 et
2214 2413 2308 2477 fu-

527 2470 715 2575 bist:-
770 2522 868 2604 git
895 2541 934 2587 a
963 2527 1044 2587 te.
1079 2545 1112 2584 n
1142 2521 1221 2586 Et
1246 2523 1542 2605 quamvis
1588 2522 1770 2585 aliter
1816 2520 2189 2585 humiliaret
2238 2541 2306 2586 se

529 2595 654 2700 ‘rat'
632 2599 744 2702 ,υἷι
766 2628 1092 2712 Zachaeus,
1113 2630 1296 2695 aliter
1320 2630 1630 2709 centurio,
1656 2629 1811 2713 quia
1836 2627 2142 2694 Zachaeus
2169 2647 2306 2694 sus-

553 2721 720 2766 '‘¹²¹⁸‘·
765 2739 1064 2817 1111011110,
1093 2740 1380 2804 centurio
1423 2740 1740 2821 suscipere
1782 2756 1913 2803 non
1962 2738 2296 2817 audend03

765 2851 1040 2930 utroque
1080 2847 1270 2911 modo
1311 2847 1387 2910 fit
1432 2846 1648 2910 divina
1690 2846 2070 2910 reverentia.
2124 2844 2302 2910 Unde

763 2955 1056 3038 exemplo
1078 2954 1348 3018 istorum
1369 2953 1696 3030 benefacit,
1718 2953 1827 3035 qui
1856 2971 1973 3037 pro
1997 2971 2302 3019 reveren-

761 3066 850 3128 tia
884 3082 1116 3147 corpus
1159 3063 1548 3129 dominicum
1594 3062 1957 3143 frequenter
1992 3063 2060 3126 in
2086 3081 2294 3128 sacra·

761 3174 980 3236 mento
1020 3171 1313 3254 suscipit,
1361 3175 1426 3234 et
1477 3170 1588 3253 qui
1632 3170 1990 3234 reverentia
2042 3177 2290 3237 cessat:

759 3279 1019 3362 utrique
1042 3279 1112 3362 (c)
1134 3278 1309 3343 enim
1336 3277 1514 3343 salus
1540 3277 1752 3352 datur,
1784 3277 1945 3342 sicut
1963 3277 2291 3344 Centurio·

758 3385 861 3449 nis
888 3403 1117 3466 servo,
1147 3389 1210 3450 et
1235 3385 1352 3469 ipsi
1380 3384 1661 3450 Zachaeo.
1706 3383 1883 3449 Unde
1921 3371 2197 3450 Ecclesia
2223 3387 2293 3450 in

757 3493 1154 3576 susceptione
1207 3493 1489 3575 corporis
1524 3492 1824 3556 dominici
1865 3493 2291 3557 reverentiam

755 3600 1144 3666 centurionis
1170 3604 1580 3684 repraesentat
1605 3599 1674 3663 in
1697 3599 1886 3678 dict0,
1917 3604 1980 3663 et
2004 3600 2293 3666 devotio-

753 3726 904 3773 nem
931 3708 1174 3775 Zachaei
1203 3709 1271 3772 in
1298 3709 1460 3773 facto
1494 3730 1510 3772 :
1547 3727 1623 3773 00
1648 3707 1819 3793 quod
1844 3709 2287 3791 corpusdomi-

751 3817 972 3882 nicum
1009 3818 1196 3883 debet
1231 3816 1467 3901 suscipi
1510 3817 1940 3882 centurionica
1988 3835 2286 3884 reveren-

751 3925 837 3990 tia
863 3930 927 3990 et
953 3926 1264 3990 zachaeica
1296 3925 1657 3990 devotione.

828 4032 1119 4098 Secundo
1146 4038 1330 4098 sanat
1363 4033 1668 4098 Dominus
1701 4032 2123 4117 hydropicum
2154 4034 2285 4117 spi-

743 4140 1060 4206 ritualiter
1104 4161 1144 4206 a
1186 4142 1410 4207 foetore
1449 4142 1939 4207 abominationis
1979 4142 2282 4224 luxuriae‚

744 4266 860 4331 per
886 4249 1176 4315 decorem
1219 4250 1554 4327 castitatis;
1587 4254 1649 4314 et
1679 4249 1756 4314 de
1797 4250 1917 4313 boc
1945 4254 2149 4332 potest
2175 4251 2284 4314 in—

745 4355 951 4439 telligi
983 4357 1140 4423 illud
1169 4356 1405 4423 Psalmi
1428 4358 1451 4394 '¹
1487 4379 1503 4422 :
1539 4380 1570 4417 α
1594 4357 1910 4434 Quoniam
1928 4357 2131 4421 lumbi
2152 4358 2282 4423 mei

741 4463 966 4546 repleti
1010 4469 1162 4529 sunt
1208 4464 1611 4529 illusionibus
1630 4512 1647 4541 ‚
1678 4468 1741 4529 et
1767 4483 1897 4529 non
1926 4469 2021 4529 est
2049 4467 2282 4530 sanitas

737 4570 807 4635 111
839 4589 1028 4637 carne
1051 4591 1218 4637 mea.
1265 4571 1555 4636 Afflictus
1590 4591 1733 4636 sum
1753 4621 1772 4652 ,
1802 4578 1864 4637 et
1903 4574 2280 4639 humiliatus

737 4696 884 4744 sum
911 4680 1123 4745 nimia.
1153 4702 1184 4740 n
1220 4677 1491 4744 Nomine
1511 4679 1902 4761 lumborum,
1925 4686 2279 4747 secundum

697 4803 700 4806 ’
738 4786 1121 4869 Gregorium
1164 4793 1210 4868 ⁸,
1256 4788 1514 4852 luxuria
1556 4794 1903 4869 generatur
1937 4795 2000 4854 et
2044 4791 2274 4870 oritur,

733 4914 882 4961 cum
930 4895 1140 4959 lumbi
1189 4894 1536 4978 implentur
1575 4894 2011 4977 illusionibuS,
2054 4896 2119 4961 id
2155 4901 2271 4977 est,

730 5003 1028 5088 turpibus
1083 5002 1429 5066 mulierum
1484 5001 2055 5082 imaginationibus
2075 5051 2092 5083 ,
2148 5004 2271 5066 1111-

726 5164 1002 5300 -ἰ’”ἔέιᾱ’
1031 5166 1147 5287 ¹252·
1174 5163 1282 5286 Τί
1305 5160 1588 5284 ἕθῖᾟᾲῗ
1616 5161 2269 5299 {}·;.1‘1⁸1{⁰⁶“‘’·”l¹232⁴·

980 5271 1017 5302 .,
1148 5273 1161 5297 ,
1261 5271 1273 5284 .
1567 5271 1580 5284 .
1799 5271 1817 5298 ,
1915 5271 1927 5283 .
1963 5262 2018 5271 -
2232 5269 2269 5298 .,

728 5307 907 5360 Enarr.
937 5310 992 5359 in
1018 5306 1160 5358 Psal.
1183 5318 1344 5358 mxiv
1370 5311 1423 5358 et
1449 5317 1642 5370 uuir,
1668 5319 1724 5356 11.
1754 5310 1812 5370 2,
1842 5307 2013 5372 quoad
2039 5320 2267 5358 sensum.

724 5404 787 5419 —
804 5381 828 5417 ‘¹
843 5379 980 5432 Peat.
1004 5391 1208 5443 xxxvii,
1230 5381 1332 5431 &9-
1353 5404 1412 5418 -
1435 5377 1458 5413 ⁸
1481 5379 1656 5444 Greg„
1677 5379 1730 5428 in
1749 5379 1966 5444 Evanq„
1983 5380 2125 5431 hom.
2149 5390 2265 5442 xm,

726 5465 780 5505 11.
807 5456 853 5505 l.
880 5478 941 5490 —
968 5451 989 5485 ⁹
1014 5451 1221 5514 Manli..
1247 5462 1297 5514 V,
1325 5454 1404 5502 28.
1434 5477 1497 5489 —
1527 5453 1565 5487 Ι·
1590 5450 1729 5501 Ρεαὶ.
1758 5461 1867 5515 Lu,
1896 5454 1944 5501 ⁴.

2442 582 2699 646 mundis
2719 583 3213 666 cogitationibus
3234 636 3253 665 ,
3280 590 3346 652 et
3367 587 3601 654 foefidis
3626 588 3977 653 affectioni-

2439 687 2583 752 bus.
2597 688 2776 755 Unde
2789 692 3352 776 quemadmodum,
3372 697 3633 779 quando
3654 696 3979 761 abundant

2440 795 2625 859 multi
2644 797 2949 864 humores
2969 800 3036 863 in
3054 819 3339 884 corpore,
3355 807 3675 885 generant
3699 802 3979 868 scabiem

2435 903 2805 985 quamdam,
2836 911 2902 969 et
2921 907 3390 991 impetiginem,
3420 916 3485 975 et
3509 911 3860 993 aliquando
3887 910 3979 975 le-

2436 1027 2656 1092 pram,
2684 1030 2831 1094 quae
2870 1013 3036 1078 tollit
3084 1017 3466 1081 munditiam
3520 1018 3843 1100 corporis;
3891 1018 3981 1082 sic

2434 1117 2693 1198 quando
2744 1119 3074 1185 abundant
3125 1123 3483 1189 immundae
3531 1125 3975 1208 cogitationes,

2432 1223 2811 1291 inordinatae
2872 1228 3238 1296 affectiones
3255 1279 3278 1311 ,
3338 1237 3561 1316 turpes
3626 1233 3977 1298 mulierum

2432 1331 2926 1413 imaginationes
2949 1340 3013 1400 et
3040 1337 3369 1404 illusiones
3406 1341 3476 1404 in
3516 1341 3746 1421 corde,
3791 1360 3977 1422 gene-

2433 1444 2582 1501 rant
2605 1441 2916 1524 quosdam
2952 1461 3165 1509 mores
3211 1450 3568 1531 corruptos,
3614 1448 3976 1514 inordinata

2429 1544 2743 1613 desideria
2766 1549 2836 1614 in
2858 1568 3069 1616 carne.
3102 1551 3182 1616 Et
3205 1554 3359 1636 quia
3384 1553 3529 1619 haec
3554 1573 3803 1639 corpus
3826 1569 3976 1629 con-

2425 1654 2760 1735 taminant,
2789 1658 3133 1724 auferendo
3148 1660 3561 1728 sanitatemet
3581 1664 3969 1730 munditiam

2424 1763 2727 1826 castitatis
2744 1812 2765 1843 ,
2816 1765 2957 1831 ideo
3004 1766 3160 1832 dicit
3197 1789 3214 1834 ε
3257 1769 3405 1839 Non
3450 1776 3549 1837 est
3585 1773 3855 1840 sanitas
3902 1776 3969 1839 in

2421 1885 2776 1938 commea
2803 1893 2829 1935 .-
2854 1877 3100 1957 quare‘?
3131 1877 3443 1950 Quoniam
3474 1878 3969 1948 tumbimeiin-

2417 1975 2585 2057 pleri
2596 1987 2753 2048 aunt
2768 1979 3179 2051 illusionibus
3186 1986 3509 2051 omnibus.
3523 1986 3969 2056 Certesummo

2422 2087 2634 2152 studio
2662 2089 2848 2155 debet
2873 2092 3071 2158 homo
3095 2111 3395 2160 amovere
3418 2115 3458 2160 a
3485 2096 3682 2161 corde
3706 2098 3865 2163 istas
3890 2098 3968 2162 il-

2418 2190 2722 2275 lusiones,
2757 2199 2911 2280 quia
2952 2218 3035 2264 ex
3078 2199 3180 2265 his
3224 2201 3487 2267 luxuria
3530 2204 3967 2288 principalita-

2427 2307 2778 2381 generatur
2800 2306 2871 2369 in
2892 2307 3103 2387 corde,
3143 2317 3209 2373 et
3226 2327 3310 2373 ex
3335 2310 3527 2375 corde
3553 2311 3880 2377 redundat
3900 2312 3965 2378 in

2417 2426 2698 2490 carnem,
2728 2415 3080 2480 secundum
3109 2416 3266 2481 illud
3294 2417 3319 2453 ⁹
3347 2439 3365 2482 ε
3397 2440 3428 2478 α
3450 2417 3861 2503 Quicumque
3878 2423 3965 2486 vi-

2420 2517 2585 2582 derit
2634 2520 2972 2586 mulierem
3024 2524 3106 2588 ad
3152 2527 3735 2609 concupiscendum
3784 2547 3960 2608 cam,

2407 2627 2548 2708 jam
2576 2628 2929 2694 moechatus
2965 2634 3064 2695 cst
3088 2648 3231 2695 eam
3276 2633 3346 2696 in
3370 2634 3563 2699 corde
3599 2653 3748 2700 suo.
3778 2658 3811 2696 ι
3850 2635 3961 2715 Ita,

2414 2750 2497 2797 cx
2523 2736 2888 2814 contrariis,
2916 2739 3174 2802 castitas
3202 2745 3553 2821 generatur
3588 2744 3966 2827 principali-

2410 2846 2509 2906 ter
2535 2842 2603 2906 in
2630 2843 2815 2908 eorde
2840 2893 2856 2924 ,
2900 2849 2965 2909 et
2999 2847 3077 2909 de
3115 2847 3303 2912 corde
3340 2848 3659 2915 redundat
3701 2852 3775 2914 in
3819 2870 3961 2918 cor-

2410 2967 2587 3031 pore.
2640 2950 2717 3014 Et
2768 2957 3027 3035 propter
3076 2954 3200 3018 hoc
3240 2956 3530 3038 sequitur
3577 2978 3595 3020 1
3643 2959 3700 3022 A
3708 2959 3962 3039 17ῑί01113

2407 3075 2573 3140 sum,
2600 3065 2663 3127 et
2687 3059 3077 3130 humiliatus
3102 3079 3246 3130 sum
3272 3067 3474 3132 nimis
3502 3084 3526 3129 .·
3552 3068 3895 3148 rugiebam
3919 3087 3961 3136 α

2406 3171 2646 3251 yemitu
2681 3171 2898 3238 cordis
2937 3175 3085 3240 mei.
3126 3175 3432 3254 Domine,
3478 3179 3630 3241 ante
3677 3183 3743 3243 te
3777 3193 3959 3245 om

2406 3275 2794 3344 desiderium
2839 3297 3067 3346 meum.
3113 3280 3291 3346 Unde
3326 3281 3561 3346 dicitur
3587 3300 3608 3347 ε
3639 3285 3956 3365 Amicttcs

2401 3400 2568 3465 sum,
2600 3405 2714 3469 per
2741 3387 2949 3451 carnis
2988 3389 3536 3454 mortificationem
3555 3438 3576 3468 ‚
3616 3394 3782 3475 quia
3818 3396 3951 3459 sine

2401 3510 2478 3555 ea
2503 3493 2753 3557 castitas
2777 3494 3025 3558 fundari
3054 3513 3186 3560 non
3221 3500 3457 3579 potest,
3496 3516 3575 3562 eo
3600 3501 3785 3581 quod
3812 3521 3947 3567 car—

2400 3602 2500 3665 nis
2526 3601 2969 3667 delectationes
2990 3604 3375 3688 corrumpit,
3409 3610 3625 3670 motus
3674 3613 3745 3672 et
3787 3610 3948 3676 ἀφ’·

2397 3708 2572 3773 deria
2598 3712 2806 3775 carnis
2848 3711 3206 3793 restringit.
3249 3712 3336 3779 Ec
3363 3711 3766 3781 humiliatus
3804 3733 3944 3782 sun

2396 3817 2620 3897 nimis,
2653 3837 2767 3901 per
2792 3818 3221 3883 delectationis
3244 3819 3692 3901 dejectionem.
3720 3821 3947 3905 11119ίο-

2397 3920 2540 3989 bam
2567 3941 2610 3990 a
2633 3926 2876 4008 qemitu
2905 3940 3063 4004 meo,
3096 3943 3209 4008 per
3235 3924 3475 3990 doloris
3499 3930 3945 4010 compunctio—

2393 4048 2567 4112 nem,
2597 4033 2748 4115 quia
2774 4030 2859 4114 (d)
2891 4036 3093 4115 potest
3119 4032 3359 4097 dicere:
3387 4033 3677 4114 Domine,
3712 4044 3873 4104 ante
3891 4045 3943 4104 te

2394 4156 2572 4207 omne
2599 4138 2994 4207 desiderium
3030 4154 3239 4206 meum
3283 4158 3399 4223 per
3431 4141 3787 4224 perfectam
3816 4163 3943 4211 cor-

2391 4247 2488 4312 dis
2515 4247 3002 4311 ordinationem.

2471 4353 2681 4419 Tertio
2705 4357 2887 4417 sanat
2923 4352 3231 4418 Dominus
3258 4353 3677 4437 spiritualiter
3707 4360 3939 4445 hydro-

2387 4461 2603 4546 picum
2632 4461 2713 4524 ab
2740 4461 2965 4525 ardore
2987 4459 3264 4525 exitialis
3288 4463 3578 4528 avaritias
3606 4484 3729 4547 per
3754 4486 3937 4534 amo·

2387 4587 2525 4634 rem
2548 4569 2971 4652 paupertatis;
3005 4568 3176 4632 unde
3203 4568 3270 4632 111
3299 4566 3553 4636 Psalmo
3584 4573 3631 4613 ¹⁰
3656 4595 3721 4639 ει
3746 4574 3933 4640 Com-

2385 4678 2645 4743 movisti
2681 4682 2956 4756 terram,
3000 4680 3064 4740 et
3105 4665 3491 4742 conturbasti
3538 4698 3687 4745 eam
3722 4705 3738 4747 ε
3776 4702 3931 4748 sana

2384 4785 2794 4851 contritiones
2839 4787 2982 4868 ejus
3001 4833 3022 4864 ,
3068 4784 3222 4868 quia
3249 4790 3569 4852 commota
3593 4794 3714 4855 est.
3739 4812 3775 4850 ι
3812 4791 3931 4857 Per

2383 4897 2620 4957 terram
2646 4892 3031 4974 intelligitur
3055 4892 3274 4956 anima
3309 4897 3581 4959 terrenis
3598 4896 3799 4962 lucris
3824 4899 3929 4964 de-

2382 5000 2532 5080 dita,
2564 5001 2736 5083 quae,
2766 5000 2848 5064 ad
2882 4999 3147 5065 modum
3174 5002 3414 5065 terreni
3460 5002 3748 5084 pulveris
3769 5054 3788 5085 ,
3822 5023 3930 5085 pm·

2383 5107 2599 5172 varios
2626 5109 2942 5190 cogitatus
2966 5107 3359 5189 dispergitur
3389 5130 3406 5172 :
3442 5116 3505 5174 et
3528 5113 3683 5194 quia
3707 5113 3933 5198 hujus-

2383 5215 2557 5280 modi
2583 5216 2993 5281 contritiones
3011 5214 3441 5298 affligentium
3460 5218 3930 5300 cogitationum

2441 5376 2513 5442 (a)
2538 5378 2661 5429 σαι.
2683 5343 3062 5430 edit.'11nius.-
3082 5378 3155 5445 (ὁ)
3181 5379 3304 5430 uem
3318 5377 3622 5444 unguebat.
3638 5383 3778 5446 -ω
3806 5385 3927 5436 aa·

2376 5451 2658 5516 utriusque.
2687 5478 2750 5490 -
2775 5451 2849 5517 (d)
2880 5453 3035 5504 Forte
3061 5452 3159 5518 ¹²9·
3192 5466 3310 5518 qua.
