4059 6317
1197 494 1290 559 ΙΝ.
1321 492 1569 560 COENA
1605 494 1906 560 nomm.
1959 494 2225 562 SERMO
2264 496 2340 563 V.

210 637 355 701 citur
380 643 398 678 ¹
444 654 462 700 ε
501 659 531 696 α
575 634 871 700 Similem
916 638 982 699 et
1023 633 1188 713 mel,
1232 637 1297 698 et
1339 634 1554 698 oleum
1607 650 1719 696 eo-

210 743 432 808 medisti
456 792 478 823 ,
541 748 605 808 et
663 743 831 807 facta
887 759 958 805 es
1012 740 1244 806 decora
1303 740 1718 806 vehementer

209 852 414 929 nimis,
458 856 518 916 et
551 850 867 934 profecisti
902 850 973 914 in
1012 867 1316 930 regnum.
1360 870 1392 908 n
1439 847 1714 913 Bernar-

209 959 313 1024 dus
349 961 370 994 ¹
407 978 425 1023 ε
464 982 494 1021 ι
548 957 967 1024 Eucharistiae
1007 956 1197 1040 plane
1244 960 1717 1022 sacramentum

210 1073 407 1149 potens
431 1070 521 1131 est
553 1070 806 1150 peccata
832 1083 1213 1130 consumere
1230 1111 1251 1143 ,
1281 1063 1595 1128 debellare
1619 1081 1720 1127 ae·

209 1192 329 1238 reas
351 1177 700 1257 potestates,
732 1173 969 1238 inferre
1006 1171 1181 1237 ooelis
1216 1174 1607 1237 revertentes
1641 1170 1722 1235 de

208 1287 376 1346 terra.
393 1305 424 1342 ι

274 1389 352 1454 Βε
377 1392 554 1455 tertio
576 1396 600 1433 ⁸
632 1412 648 1455 ε
676 1414 710 1450 α
735 1389 1014 1471 Diligam
1040 1405 1150 1453 eos
1174 1391 1541 1471 spontanee,
1567 1386 1722 1470 quia

207 1514 442 1561 aversus
467 1501 559 1562 est
590 1498 775 1562 furor
814 1514 1001 1561 meus
1040 1496 1124 1559 ab
1167 1495 1282 1560 eis.
1314 1517 1346 1556 ι)
1385 1493 1507 1559 Ubi
1552 1513 1720 1559 enu-

209 1622 434 1668 merans
465 1605 777 1669 beneficia
801 1621 938 1667 suae
964 1602 1316 1667 dilectionis
1332 1651 1351 1683 ,
1394 1602 1563 1668 inter
1597 1602 1721 1667 alia

207 1710 515 1792 subjungit
558 1711 581 1746 ⁸
627 1734 643 1775 ε
697 1735 729 1772 ιι
775 1710 1010 1777 Vivent
1056 1711 1299 1790 tritico,
1349 1709 1722 1774 memoriale

206 1820 327 1898 ejus
372 1818 529 1883 sicut
568 1819 800 1884 vinum
845 1818 1096 1885 Libani.
1125 1840 1157 1879 ι)
1196 1818 1318 1885 Pro
1363 1818 1720 1883 memoriali

207 1942 343 2005 ergo
366 1925 714 1991 dilectionis
747 1926 987 1991 divinae
1022 1925 1221 1990 habes
1256 1924 1535 1990 triticum
1576 1942 1720 1991 cor-

207 2033 375 2114 poris,
401 2040 463 2098 et
493 2035 720 2099 vinum
766 2033 1109 2115 sanguinis
1154 2031 1407 2097 Christi.
1463 2032 1720 2097 Dilectio

206 2145 394 2205 autem
418 2141 550 2222 Dei,
582 2160 735 2224 quae
767 2141 850 2223 (a)
887 2140 1069 2205 nobis
1094 2141 1166 2204 in
1191 2146 1586 2207 sacramento
1612 2160 1718 2207 os-

210 2248 479 2328 tenditur,
507 2249 839 2314 evidenter
872 2247 1300 2328 significatur,
1328 2248 1444 2311 ubi
1470 2248 1558 2313 de·
1577 2248 1717 2313 ovi-

208 2353 330 2419 cula
369 2357 663 2438 pauperis
709 2354 943 2419 dicitur
989 2359 1042 2434 ⁸,
1086 2354 1257 2436 quod
1306 2372 1551 2438 pauper
1603 2355 1722 2421 iste

209 2460 462 2527 Christus
486 2465 601 2526 est.
634 2461 658 2498 ⁸
694 2484 726 2522 οι
773 2459 1039 2544 Propter
1073 2479 1194 2525 nos
1227 2479 1479 2542 egenus
1519 2462 1723 2527 factus

208 2574 305 2633 est.
332 2591 364 2629 a
394 2568 656 2634 Ovicula
688 2573 785 2634 ost
810 2568 1016 2633 fidelis
1057 2569 1277 2633 anima
1302 2569 1325 2605 '¹
1362 2590 1377 2632 ε
1418 2591 1450 2629 01
1497 2568 1721 2634 Inveni

210 2692 588 2760 ovemquam
615 2676 1049 2760 perdideram,
1098 2698 1130 2736 n
1165 2680 1288 2741 etc.
1335 2676 1568 2759 Magna
1614 2677 1722 2744 Dei

207 2784 428 2851 dilectio
453 2806 472 2851 ε
495 2786 637 2850 haec
652 2785 796 2852 ovis
813 2785 1018 2867 pretio
1035 2785 1373 2867 sanguinis
1398 2785 1633 2849 emitur
1653 2786 1676 2822 ⁸
1698 2810 1714 2852 :

216 2914 242 2950 ι
284 2890 480 2975 Empti
529 2893 705 2957 enim
749 2893 899 2957 estis
941 2892 1172 2975 pretio.
1214 2913 1246 2952 ι)
1301 2892 1460 2956 Item
1507 2910 1716 2959 sacra-

209 3004 395 3065 mento
437 3001 721 3084 corporis
768 3001 1055 3065 nutritur
1108 3001 1131 3036 ⁹
1185 3022 1201 3063 τ
1242 3021 1275 3061 s
1321 3001 1720 3082 Angelorum

209 3123 328 3171 esca
350 3107 671 3173 nutrivisti
698 3106 1011 3190 populum
1046 3110 1258 3172 tuum.
1301 3130 1332 3167 n
1370 3106 1529 3172 ltem
1571 3108 1722 3173 sinu

210 3214 622 3280 misericordiae
653 3215 927 3294 fovetur,
973 3217 1048 3279 ut
1082 3214 1153 3278 in
1192 3213 1410 3278 sinum
1440 3212 1719 3279 Abrahae

207 3321 515 3404 recipiatur
541 3324 610 3386 ¹⁰.

275 3428 351 3493 De
383 3433 643 3513 quarto,
682 3428 976 3494 Psalmus
1016 3429 1061 3470 ¹¹
1111 3449 1128 3492 z
1171 3449 1202 3488 c
1228 3425 1601 3493 Memoriam
1630 3430 1722 3494 fe-

207 3535 299 3614 cit,
328 3559 358 3596 »
385 3542 527 3615 etc.,
557 3555 764 3619 usque
793 3558 809 3601 ε
854 3558 885 3596 <1
915 3553 1126 3600 escam
1153 3535 1325 3600 dedit
1348 3536 1722 3602 timentibus

207 3660 283 3707 se.
316 3666 345 3704 n
375 3643 547 3709 Sicut
588 3645 763 3708 enim
800 3661 1047 3724 magna
1089 3646 1188 3706 est
1231 3643 1387 3708 unio
1430 3660 1718 3708 escarum

206 3750 272 3815 ad
295 3755 682 3831 sumentem,
726 3751 881 3833 quia
922 3751 1099 3815 carni
1141 3757 1199 3814 et
1243 3750 1552 3832 sanguini
1602 3770 1713 3816 su-

208 3860 412 3925 mentis
436 3861 753 3925 uniuntur
783 3860 884 3942 (b),
915 3860 1007 3923 sic
1033 3877 1152 3923 nos
1175 3859 1552 3925 mirabiliter
1577 3859 1721 3925 uni·

207 3986 334 4032 mur
374 3988 513 4034 esca
548 3968 836 4051 corporis
879 3967 1131 4032 Christi.
1170 3969 1573 4050 Augustinus
1612 3970 1656 4004 ¹²
1698 3989 1714 4031 :

213 4097 238 4132 ι
271 4073 448 4141 Cibus
484 4095 630 4142 sum
667 4075 1047 4159 grandium,
1092 4096 1124 4134 n
1157 4075 1224 4140 id
1265 4079 1400 4155 est,
1455 4074 1721 4157 grandis

205 4184 432 4261 gratiae.
471 4208 502 4245 α
529 4183 672 4251 Non
698 4184 876 4247 enim
903 4201 1032 4264 ego
1057 4184 1358 4249 mutabor
1389 4184 1454 4246 in
1482 4187 1578 4261 te,
1609 4183 1718 4248 sed

207 4292 266 4352 tu
277 4291 613 4357 mutaberis
630 4292 700 4355 in
722 4308 849 4354 me.
865 4313 898 4350 ι)
922 4288 1286 4355 Bernartius
1299 4295 1515 4354 autem
1533 4290 1714 4355 unio·

207 4413 337 4461 nem
367 4398 596 4465 auimae
639 4416 787 4463 cum
827 4398 958 4462 Deo
1006 4397 1149 4461 aliis
1189 4396 1718 4462 similitudinibus

204 4504 512 4586 exprimit,
537 4506 756 4570 dicens
787 4523 932 4568 eam
977 4504 1149 4567 uniri
1193 4521 1343 4568 cum
1382 4502 1511 4568 Deo
1554 4505 1718 4569 sicut

206 4611 404 4676 unitur
426 4613 595 4695 ignis
621 4613 791 4677 ferro
816 4611 1056 4693 ignito,
1096 4628 1208 4676 aer
1233 4628 1383 4675 cum
1418 4611 1568 4676 solis
1606 4630 1717 4677 ra-

207 4716 318 4799 dio,
342 4738 520 4803 aquae
546 4718 717 4784 stilla
742 4737 892 4783 cum
920 4718 1095 4785 vino,

736 4896 1027 4967 SERMO
1072 4896 1159 4969 V.

277 5041 568 5111 Paratum
608 5060 842 5127 panem
889 5043 967 5110 de
1010 5041 1161 5110 coelo
1207 5044 1582 5126 proestitisti
1623 5047 1718 5112 eis

211 5150 334 5216 sine
358 5149 578 5232 labore,
604 5168 786 5220 omne
826 5150 1345 5219 delectamentum
1384 5151 1460 5218 in
1497 5167 1564 5217 se
1599 5150 1715 5217 Ιια-

263 5346 273 5373 ·
303 5346 490 5409 ΕεεεΙι.,
515 5360 630 5411 xvi,
663 5352 741 5400 15.
781 5373 841 5385 -—
877 5350 895 5379 ²
925 5350 1076 5400 Bern.
1105 5373 1168 5384 —
1211 5345 1233 5380 ⁸
1264 5346 1389 5405 Oce„
1426 5357 1533 5409 xiv,
1573 5350 1621 5399 5.
1654 5375 1718 5389 —

209 5414 224 5445 ⁸
254 5415 391 5482 ibid„
419 5421 543 5470 8.-
569 5421 591 5456 ⁸
622 5420 664 5470 ll
696 5420 833 5484 neq„
858 5432 953 5484 ιιι,
979 5424 1028 5471 3.
1059 5445 1120 5457 -
1153 5419 1172 5449 ⁸
1197 5418 1238 5468 ΙΙ
1272 5418 1411 5479 Cor„
1439 5429 1556 5477 vm,
1584 5423 1630 5469 9.
1654 5445 1718 5459 —

211 5486 229 5520 '¹
256 5487 380 5553 Luc„
419 5501 498 5554 xv,
526 5494 574 5543 6.
601 5517 665 5528 -
692 5489 715 5525 ⁸
752 5492 765 5540 Ι
800 5490 931 5556 Cor„
962 5504 1043 5556 vi,
1072 5494 1149 5542 ΞΟ.
1185 5515 1246 5528 -
1272 5488 1295 5523 ⁰
1321 5490 1461 5553 Sap„
1488 5501 1603 5554 xv1,
1635 5494 1715 5543 20.

3258 500 3372 562 19¹1

1830 631 2069 700 bomem
2092 635 2158 699 ¹⁸.
2204 633 2512 700 Mirabilis
2537 635 2734 716 Deum,
2764 636 2918 720 quia
2950 637 3042 701 ita
3067 632 3374 700 mirabili-
3435 648 3439 652 ’

1828 743 1927 804 ter
1953 758 2183 823 panem
2214 742 2346 806 suis
2372 746 2573 824 parat.
2614 742 2953 808 Psalmista
2975 744 3020 781 ¹⁸
3052 765 3114 808 :n
3140 742 3376 807 Memo-

1829 847 1991 911 riam
2047 848 2190 912 fecit
2244 850 2635 914 mirabilium
2656 899 2681 930 ,
2741 872 2772 911 n
2831 856 2950 917 etc.
3009 850 3377 917 ostenditur

1828 958 2046 1019 autem
2074 955 2143 1018 in
2176 956 2278 1019 his
2306 956 2520 1021 verbis
2546 957 2884 1040 propositis
2925 959 2998 1022 in
3025 975 3190 1041 pane
3232 973 3372 1020 cor·

1828 1061 2004 1144 poris
2029 1061 2264 1128 Christi
2291 1063 2599 1128 mirabilis
2625 1065 3004 1145 substantia,
3037 1083 3186 1130 cum
3212 1064 3376 1129 dici-

1828 1171 1938 1233 tur
1959 1187 1977 1232 :
2001 1169 2241 1237 Panem
2264 1170 2343 1237 de
2361 1172 2545 1253 coelo,·
2571 1172 2879 1237 mirabilis
2896 1172 3202 1256 potentia,
3227 1189 3376 1236 cum

1830 1274 2090 1340 additur
2119 1298 2135 1341 t
2171 1277 2364 1345 Omne
2389 1277 2939 1359 delectamentum,
2972 1284 3092 1343 etc.
3127 1278 3373 1343 Inveni·
3402 1292 3511 1333 οοιο
3534 1287 3616 1331 mi-

3427 1354 3585 1399 rabilia

1831 1400 1979 1448 mus
2005 1388 2225 1449 autem
2252 1386 2323 1449 in
2349 1385 2547 1453 veteri
2574 1385 2975 1452 Testamento
3004 1391 3146 1452 octo
3177 1387 3374 1450 mira·
3403 1416 3613 1474 amp..

1829 1489 1984 1554 bilia
1998 1491 2167 1555 circa
2183 1510 2414 1574 panem
2437 1493 2748 1573 exhibita,
2768 1494 3065 1559 videlicet
3085 1493 3376 1558 mirabile
3402 1490 3616 1588 353th

1831 1598 2294 1680 productionis,
2337 1600 2914 1684 multiplicationis,
2961 1600 3370 1665 ministratio·

1831 1705 1961 1786 nis,
1992 1708 2529 1791 consumptionis,
2561 1710 2994 1779 subversionis
3009 1758 3030 1790 ,
3060 1710 3372 1775 conforta·

1829 1813 2045 1892 tionis,
2077 1813 2536 1896 delectationiS,
2567 1817 3090 1882 transmissionis.
3126 1816 3375 1883 Horum

1831 1920 2225 1986 mirabilium
2252 1925 2632 1989 memoriam
2657 1924 2804 1989 fecit
2831 1924 3143 1990 Dominus
3173 1927 3245 1990 in
3270 1944 3376 2009 pa-

1830 2044 1914 2092 ne
1939 2030 2220 2111 corporis
2252 2030 2376 2110 sui,
2408 2031 2489 2096 ad
2516 2020 2713 2114 cujus
2731 2032 3154 2097 substantiam
3180 2035 3376 2117 perti-

1830 2138 1986 2198 nent
2001 2118 2100 2218 {fri
2107 2155 2213 2200 ma
2228 2142 2503 2220 quatuor
2521 2138 2871 2218 mirabilia;
2893 2139 2975 2204 ad
3001 2141 3372 2223 potentiam,

1829 2241 1954 2305 alia
1980 2246 2262 2325 quatuor
2285 2244 2638 2327 sequentia.
2661 2246 3000 2311 Considera
3027 2264 3190 2328 ergo
3211 2248 3379 2314 circa

1830 2349 2255 2416 substantiam
2276 2352 2572 2418 mirabile
2596 2353 3048 2436 productionis,
3075 2355 3147 2419 in
3164 2357 3378 2420 verbis

1829 2459 2525 2541 transubstantialibus3
2564 2461 2857 2527 mirabile
2904 2462 3378 2545 multiplicatio-

1830 2565 1963 2643 niS,
2003 2565 2075 2628 in
2103 2565 2259 2631 locis
2301 2568 2771 2634 continentibus
2785 2592 2804 2648 ;
2858 2570 3151 2635 mirabile
3194 2572 3378 2636 mini·

1830 2672 2182 2751 strationis,
2220 2673 2291 2738 in
2321 2674 2631 2741 ministris
2671 2676 3219 2760 dispensantibus;
3254 2680 3376 2744 mi-

1830 2778 2030 2843 rabile
2076 2782 2607 2865 consumptionis,
2655 2782 2726 2848 in
2775 2783 3000 2848 formis
3044 2789 3379 2853 transeun-

1830 2886 2023 2952 tibus.

1907 2996 1995 3062 De
2021 2998 2232 3081 primo
2260 3000 2306 3040 ¹⁸
2339 3020 2355 3065 ε
2394 3021 2427 3061 α
2445 2999 2603 3065 Ecce
2626 3018 2751 3084 ego
2786 3002 3008 3086 pluam
3051 3005 3235 3071 vobis
3269 3025 3379 3089 pa·

1829 3121 1981 3168 nem
2027 3105 2107 3170 de
2169 3107 2350 3172 coelo·
2400 3129 2433 3168 n
2501 3107 2807 3173 Mirabilis
2860 3111 3086 3195 utique
3148 3114 3378 3180 modus

1828 3211 2221 3293 producendi
2273 3233 2539 3298 panem,
2586 3217 2700 3300 qui
2756 3217 3037 3300 pluendo
3089 3218 3169 3284 de
3217 3220 3377 3285 coelo

1828 3317 2167 3385 descendit.
2218 3320 2322 3386 Sic
2364 3340 2479 3406 per
2535 3323 2737 3388 verba
2791 3326 3378 3392 transubstantialia

1827 3427 2184 3493 ostenditur
2208 3428 2279 3492 in
2305 3431 2519 3495 verbis
2547 3431 2682 3496 istis
2716 3433 2940 3498 formae
2968 3433 3370 3516 sensibilitas,

1831 3535 2061 3615 gratiae
2131 3536 2563 3619 multiplicitas
2582 3587 2602 3618 ,
2670 3543 2922 3605 naturae
2991 3541 3370 3607 sublimitas.

1829 3639 2123 3707 Primum
2159 3644 2248 3708 ibi
2279 3665 2294 3708 ε
2328 3645 2488 3712 Ecce
2506 3694 2523 3724 ,
2573 3647 2648 3711 fit
2690 3647 2864 3712 enim
2911 3648 3369 3715 demonstratio

1827 3750 2053 3814 formae
2081 3751 2162 3815 ad
2189 3752 2473 3816 oculum.
2502 3755 2663 3820 Ecce
2680 3775 2705 3819 .·
2730 3754 2882 3819 dicit
2907 3756 3078 3820 sicut
3097 3755 3375 3822 Joannes

1825 3857 2107 3942 Baptista
2143 3860 2188 3902 ¹⁸
2233 3885 2249 3925 :
2289 3884 2322 3922 α
2348 3860 2508 3926 Εεεε
2532 3880 2747 3944 agnus
2774 3862 2906 3929 Dei.
2937 3884 2968 3923 υ
3006 3862 3371 3930 Secundum

1827 3966 1917 4031 ibi
1951 3990 1966 4032 :
1999 3990 2031 4030 c
2059 3966 2310 4034 Pluam.
2347 3992 2378 4029 ι
2411 3969 2640 4036 Pluvia
2667 3971 2859 4035 habet
2886 3970 3121 4037 multas
3146 3972 3367 4054 stillas,

1825 4079 1891 4139 et
1920 4075 2043 4141 hoc
2084 4082 2556 4142 sacramentum
2599 4078 2835 4144 multas
2879 4079 3143 4161 gratias.
3194 4080 3368 4146 Psal-

1826 4201 1973 4246 mus
2008 4184 2056 4222 ¹⁸¹
2087 4201 2104 4246 ε
2144 4206 2175 4243 α
2198 4182 2366 4249 Pluit
2403 4183 2532 4248 illis
2577 4204 2851 4264 manna,
2907 4191 3026 4251 etc.
3082 4186 3371 4253 Tertium

1825 4290 1916 4354 ibi
1943 4314 1958 4353 :
1985 4313 2016 4352 α
2039 4291 2126 4357 De
2154 4291 2333 4357 coelo,
2359 4314 2388 4352 n
2419 4293 2506 4354 ¹⁸«
2521 4291 2641 4370 Qui
2665 4293 2743 4357 de
2769 4293 2927 4358 ooelo
2950 4294 3149 4375 venit,
3177 4314 3372 4378 super

1825 4416 2050 4463 omnes
2094 4403 2213 4463 est.
2258 4422 2291 4459 »
2347 4400 2423 4464 Et
2470 4401 2627 4483 quia
2664 4401 2744 4465 de
2791 4401 2949 4466 coelo
2988 4402 3184 4483 venit,
3231 4422 3367 4469 cre-

1824 4507 2031 4572 denda
2089 4511 2185 4572 est
2242 4508 2514 4573 coelestis
2573 4509 2814 4574 familia
2872 4510 3092 4575 adesse
3132 4510 3370 4575 ooelesti

1825 4613 1988 4678 cibo.
2023 4613 2372 4695 Gregorius
2399 4615 2445 4652 ¹·
2475 4635 2494 4680 ε
2533 4637 2563 4675 α
2593 4614 2746 4693 Quis
2776 4621 3062 4681 vestrum
3102 4617 3370 4682 dubium

1823 4722 2062 4788 habere
2087 4725 2285 4806 possit
2318 4723 2389 4787 in
2428 4724 2567 4807 ipsa
2590 4723 3045 4789 immolationis
3083 4725 3244 4789 hora
3285 4726 3368 4790 ad

1823 4830 2164 4895 sacerdotis
2204 4847 2430 4895 vocem
2482 4830 2672 4895 coelos
2708 4831 2973 4914 aperiri,
3018 4835 3085 4895 et
3141 4832 3208 4895 in
3256 4832 3366 4897 illo

1823 4936 1978 5001 Jesu
2029 4934 2261 5001 Christi
2322 4939 2629 5020 mysterio
2685 4938 3073 5021 angelorum
3138 4938 3366 5003 choros

1824 5043 2087 5107 adesse?
2112 5063 2142 5101 n

1823 5211 1887 5222 —
1912 5185 1959 5221 ¹⁰
1990 5185 2128 5245 Luc„
2163 5197 2281 5249 xv1‚
2317 5188 2395 5236 22.
2426 5213 2490 5224 —
2525 5188 2563 5222 ¹¹
2603 5187 2738 5238 Psal.
2775 5199 2868 5251 cx,
2897 5190 2944 5237 4.
2971 5214 3036 5224 —
3064 5187 3104 5221 ¹²
3131 5189 3362 5251 August„

1828 5257 2000 5321 Confi,
2033 5256 2125 5306 lib.
2157 5257 2280 5319 vn,
2309 5271 2355 5307 c.
2392 5270 2442 5307 x.
2470 5285 2534 5296 —
2566 5259 2607 5294 1³
2635 5258 2777 5324 Sap„
2811 5271 2930 5323 nx,
2959 5262 3037 5308 20.
3071 5285 3134 5297 -
3160 5259 3201 5293 ί*
3226 5260 3362 5310 Psal.

1825 5341 1920 5391 cx,
1965 5330 2011 5378 4.
2047 5352 2109 5362 -
2157 5329 2193 5364 ¹⁸
2238 5327 2419 5390 Exod„
2458 5341 2574 5395 xv1,
2608 5333 2657 5380 4.
2704 5356 2756 5367 -
2802 5332 2847 5367 ¹⁸
2882 5331 3048 5393 Joan„
3095 5341 3141 5395 1,
3184 5334 3264 5381 29.
3300 5357 3364 5371 —

1829 5401 1869 5437 ¹⁷
1899 5399 2038 5449 I’sal.
2062 5411 2262 5464 Lxxvn,
2291 5403 2368 5452 24.
2397 5427 2461 5438 —
2489 5401 2529 5435 ¹·
2552 5402 2718 5464 Joan„
2748 5413 2829 5466 ιιι,
2856 5404 2932 5452 31.
2960 5429 3024 5440 -
3049 5403 3090 5437 ¹²
3117 5403 3273 5467 Greg.

1892 5489 1958 5554 (a)
1988 5490 2111 5541 caet.
2142 5488 2264 5542 edit.
2296 5488 2399 5554 qui.
2428 5515 2488 5526 -
2522 5489 2587 5554 (ὁ)
2619 5491 2741 5541 Item
2769 5490 2956 5542 unitur.
