4059 6317
981 384 1356 452 DOMINICA
1396 384 1451 451 V
1493 382 1690 449 POST
1735 378 2259 447 EPIPHANIAM.
2305 381 2570 452 SERMO
2613 386 2666 451 l.

236 521 427 605 moth)
486 521 567 604 (α)
613 522 871 586 montes
923 520 1153 586 herbas
1201 521 1422 586 ferunt
1470 541 1487 585 :
1545 534 1772 586 omnes

234 628 442 695 bestiae
468 628 689 695 ludent
714 626 804 693 ei.
826 649 860 687 t
895 626 1058 707 Quia
1091 630 1449 711 mccatoroe
1464 676 1486 709 ,
1517 615 1775 712 propter

234 738 504 803 nimium
541 723 832 802 amorem
872 737 950 800 ad
978 735 1163 802 illum
1213 754 1444 818 agrum
1486 736 1775 801 mundia-

232 843 384 924 lem,
432 844 855 910 contemnunt
892 841 1129 922 Deum;
1170 843 1313 908 ideo
1354 861 1436 909 ex
1475 843 1774 908 cordibus

235 970 453 1016 eorum
485 952 862 1034 gignuntur
886 949 1162 1033 spinosae
1190 950 1413 1016 herbae
1439 950 1770 1028 vitiorum,

233 1059 460 1142 quibus
490 1059 777 1142 pascitur
802 1060 868 1122 et
901 1057 1252 1122 delectatur
1278 1056 1630 1122 Behemoth
1662 1057 1769 1142 (a),

235 1166 459 1230 scilicet
484 1165 822 1230 diabolus:
863 1166 1090 1232 Omnes
1120 1166 1330 1234 bestioe
1357 1165 1506 1249 aqri
1520 1212 1538 1245 ‚
1567 1165 1633 1231 id
1657 1168 1772 1246 est,

235 1272 553 1338 daemones
582 1273 906 1339 latitantes
938 1274 1009 1338 in
1051 1273 1175 1338 hoc
1227 1274 1469 1339 mundo
1490 1322 1508 1354 ‚
1540 1272 1777 1340 ludunt

237 1383 311 1457 ei,
339 1383 403 1445 et
428 1377 868 1464 applaudunt:
917 1385 1162 1445 mentes
1209 1381 1531 1446 humanas
1557 1380 1638 1445 ad
1665 1380 1776 1445 Dei

238 1488 576 1570 imaginem
620 1488 816 1553 factas
853 1488 1040 1554 devio
1085 1488 1320 1554 erroris
1367 1488 1450 1552 ad
1491 1491 1775 1553 terrenas

239 1596 589 1661 affectiones
635 1595 1060 1678 pertrahendo
1074 1644 1096 1675 ,
1140 1596 1324 1660 vanis
1374 1595 1773 1678 cogitationi-

241 1703 350 1767 bus
389 1720 608 1768 errore
645 1701 941 1785 principii
988 1702 1070 1766 ab
1116 1720 1335 1768 amore
1383 1703 1774 1786 poenitentiae

240 1810 630 1890 retrahendo,
660 1814 725 1874 et
753 1809 835 1874 ad
862 1809 1259 1875 dulcedinem
1285 1810 1594 1876 mundani
1616 1828 1775 1893 gau-

241 1919 317 1982 dii
342 1919 689 1985 alliciendo.
721 1917 900 1984 Unde
928 1918 1007 1983 de
1030 1918 1263 2002 loseph
1291 1919 1600 1984 dicitur¹:
1634 1918 1776 1983 ‹iln-

244 2027 403 2090 venit
438 2045 592 2092 eum
641 2026 749 2091 vir
791 2029 1113 2091 errantem
1156 2028 1226 2090 in
1274 2046 1456 2110 agro.
1477 2049 1510 2088 ι)
1542 2027 1774 2111 Joseph

246 2135 531 2200 erransin
559 2153 747 2218 agro,
767 2134 884 2218 qui
906 2135 1362 2217 interpretatur
1381 2135 1712 2218 appositio
1724 2137 1770 2214 ¹,

247 2246 427 2323 potest
468 2243 734 2324 signare
760 2242 834 2307 in
861 2242 980 2307 hoc
1019 2242 1159 2307 loco
1193 2241 1521 2308 hominem
1572 2259 1775 2325 appo-

248 2353 483 2414 nentem
535 2368 649 2415 cor
705 2367 900 2415 suum
955 2349 1034 2415 ad
1089 2349 1459 2415 defluendas
1515 2350 1773 2415 delicias

251 2458 570 2524 mundialis
614 2459 800 2542 agri,
851 2476 1129 2542 quarum
1173 2476 1393 2523 amore
1438 2458 1772 2537 alienatur,

251 2570 312 2630 ut
332 2572 490 2631 erret
514 2586 558 2632 a
587 2567 698 2635 via
721 2566 1087 2650 inquirendi
1113 2583 1400 2648 regnum
1441 2567 1596 2645 Dei,
1626 2583 1776 2630 cum

253 2672 320 2736 sit
341 2674 720 2756 gratuitum,
740 2674 1044 2753 liberum,
1070 2676 1134 2739 et
1151 2673 1769 2739 communissimum.

254 2777 353 2843 Cor
375 2782 552 2845 avari
581 2773 741 2846 adeo
769 2784 962 2859 errat,
996 2780 1165 2862 quod
1193 2780 1282 2860 id,
1312 2780 1479 2865 quod
1509 2785 1603 2844 est
1631 2798 1777 2862 gra-

255 2891 481 2970 tuitum,
508 2887 670 2954 velit
695 2888 907 2954 facere
933 2886 1186 2967 servile,
1215 2889 1277 2952 et
1303 2887 1475 2971 quod
1503 2891 1601 2953 est
1620 2887 1774 2952 libe·

256 3010 402 3074 rum,
427 2995 658 3061 venale
670 3043 695 3076 ,
729 2999 794 3060 et
819 2995 988 3078 quod
1029 2997 1124 3059 est
1151 2994 1771 3074 communissimum,

258 3102 356 3165 sibi
399 3104 809 3188 appropriare
827 3152 844 3184 ,
901 3106 964 3167 et
1010 3102 1257 3168 ratione
1304 3102 1490 3167 istius
1539 3103 1776 3168 erroris

258 3211 310 3271 ct
349 3209 508 3275 devii
529 3256 553 3288 ,
579 3210 700 3274 iste
740 3226 899 3290 ager
939 3209 1278 3274 mundialis
1311 3209 1625 3275 machinae
1680 3212 1777 3274 est

259 3316 752 3396 contemnendus,
784 3316 932 3382 licet
955 3319 1216 3400 propter
1252 3315 1774 3382 sustentationem

260 3427 463 3489 nostrae
491 3423 888 3488 necessitatis
913 3424 992 3487 sit
1017 3441 1094 3488 eo
1123 3422 1452 3488 utendum.

325 3528 601 3595 Secundo
615 3582 634 3613 ‚
682 3547 842 3612 ager
891 3530 1189 3595 mentalis
1231 3530 1632 3595 conscientiae
1677 3534 1773 3594 est

261 3637 614 3703 excolendus
667 3642 927 3721 propter
989 3637 1457 3721 susceptionem
1510 3636 1772 3702 seminis

261 3742 461 3823 divini3
491 3745 666 3810 unde
708 3745 941 3810 dicitur
977 3744 1000 3780 ⁸
1033 3766 1048 3808 ε
1114 3767 1147 3806 α
1163 3744 1510 3826 Diligenter
1548 3762 1774 3809 exerce

264 3868 467 3932 agrum
500 3857 717 3931 tuum,
735 3873 766 3913 n
802 3872 886 3917 ne
929 3852 1162 3917 scilicet
1195 3851 1537 3916 sterilescat
1577 3851 1774 3935 spinis

263 3958 557 4026 vitiorum.
586 3960 766 4027 Unde
794 3959 1059 4044 Sapiens
1076 3959 1229 4025 dicit
1251 3959 1485 4024 ibidem
1503 3958 1564 4022 ἐ
1604 3980 1637 4019 α
1652 3956 1776 4023 Per

265 4083 470 4146 agrum
484 4069 659 4152 pigri
685 4067 967 4133 hominis
983 4066 1275 4147 transivi,
1298 4069 1363 4131 et
1374 4084 1488 4149 per
1513 4066 1772 4130 vineam

265 4174 416 4238 stulti
456 4175 773 4256 hominis,
818 4178 884 4239 et
937 4192 1079 4240 ecce
1117 4178 1326 4239 totum
1375 4173 1775 4256 repleverant

267 4281 493 4361 urtieae;
533 4284 940 4366 superficiem
964 4285 1105 4366 ejus
1145 4284 1603 4365 cooperuerant
1640 4279 1771 4363 spi-

269 4403 373 4467 nae,
399 4389 670 4455 maceria
713 4389 1003 4472 lapidum
1041 4389 1360 4455 destructa
1393 4391 1567 4453 erat:
1600 4387 1773 4471 quod

270 4510 395 4558 cum
416 4497 733 4576 vidissem,
761 4497 1057 4579 exemplo
1081 4496 1273 4562 didici
1298 4494 1718 4578 disciplinam.
1734 4515 1766 4554 υ

273 4597 372 4665 Per
392 4620 620 4685 agrum
649 4621 882 4688 corpus
896 4651 918 4684 ,
948 4621 1061 4687 per
1086 4604 1343 4668 vineam
1367 4602 1584 4666 anima
1608 4600 1776 4666 desi-

276 4712 516 4791 gnatur,
568 4728 712 4794 quae
760 4709 892 4775 nisi
945 4709 1271 4775 excolatur
1319 4727 1434 4792 per
1488 4710 1772 4772 sanctam

276 4811 632 4899 disciplinam
659 4824 723 4882 et
743 4816 991 4882 bonum
1022 4816 1402 4881 exercitium
1423 4863 1442 4894 ,
1470 4814 1774 4896 impletur

278 4922 446 5002 spinis
467 4926 770 4992 vitiorum
795 4928 861 4990 et
883 4924 1107 4990 urticis
1132 4924 1564 5008 prurientium
1609 4921 1771 4988 desi-

334 5132 350 5165 ¹
379 5133 508 5195 Gen„
536 5145 693 5197 xxxv,
722 5135 802 5184 15.
838 5160 892 5170 -
933 5134 957 5168 ²
984 5133 1060 5184 Ab
1095 5134 1242 5187 hebr.
1271 5132 1412 5220 ἢςζ,
1447 5133 1639 5200 iasaph,
1668 5135 1778 5185 Ad-

277 5223 432 5288 iunxit.
468 5260 526 5271 —-
565 5234 588 5270 ⁸
621 5236 789 5299 Pron„
829 5247 972 5300 xxiv,
1015 5237 1096 5285 27.
1140 5261 1204 5273 —
1248 5234 1274 5271 ὁ
1315 5232 1464 5294 ibid„
1509 5234 1672 5284 30-32.
1715 5259 1777 5271 —

283 5297 299 5325 ⁵
322 5300 468 5364 lach„
499 5320 562 5370 x,
589 5308 636 5356 1.
664 5331 724 5343 —
766 5306 789 5339 ⁸
814 5306 953 5356 Psal.
999 5318 1149 5368 xmx,
1186 5304 1265 5357 1¹.
1294 5331 1357 5343 —
1386 5307 1401 5336 ⁷
1438 5304 1584 5368 Gen„
1611 5315 1775 5369 xxvn,

283 5368 351 5419 ²7·
380 5399 434 5410 —
454 5375 477 5411 ⁸
505 5377 666 5438 Cant,
691 5388 786 5440 vn,
814 5380 892 5427 u.

3306 394 3422 455 109

1881 514 2230 581 deriorum.
2260 517 2385 583 Sed
2424 521 2699 586 maceria
2722 520 3005 605 lapidum
3051 521 3418 605 destruitur,

1882 623 2139 707 quando
2193 626 2593 694 munimenta
2636 627 2952 694 virtutum
2991 630 3420 696 deseruntur:

1882 730 2055 813 quod
2090 749 2243 796 cum
2274 733 2487 799 videat
2530 735 2783 820 sapiens
2804 784 2826 817 ,
2850 736 3142 821 exemplo
3185 736 3420 816 didicit,

1883 841 1958 902 ut
1983 843 2306 922 expurget
2331 841 2413 904 ab
2453 859 2613 924 agro
2659 843 2955 907 mentalis
2992 844 3420 925 conscientiae,

1881 948 1945 1011 et
2009 947 2206 1013 totius
2276 949 2558 1032 corporis
2579 999 2597 1030 ‚
2649 950 2956 1016 vitiorum
3024 952 3269 1036 spinaS‚
3310 971 3425 1037 per

1879 1055 2257 1120 exercitium
2285 1057 2589 1123 virtuosae
2625 1059 3006 1142 operationis
3026 1109 3046 1141 ‚
3076 1064 3141 1125 et
3191 1060 3426 1126 urticas

1881 1162 2306 1244 prurientium
2351 1164 2809 1232 desideriorum
2864 1186 2979 1251 per
3030 1167 3424 1250 disciplinam

1882 1269 2202 1334 continuae
2255 1272 2768 1339 commonitionis
2783 1322 2805 1355 ‚
2848 1279 2913 1339 et
2959 1274 3300 1359 impleatur
3344 1276 3422 1339 il-

1879 1375 2066 1441 lud⁸2
2104 1399 2135 1438 α
2158 1377 2339 1444 Dabit
2362 1378 2529 1444 Deus
2553 1380 2831 1464 singulis
2871 1383 3057 1448 annis
3080 1382 3312 1448 herbas
3355 1383 3426 1447 in

1882 1502 2067 1567 agro·
2088 1507 2119 1546 n

1963 1591 2175 1658 Tertio
2191 1641 2212 1673 ‚
2256 1612 2414 1677 ager
2464 1596 2739 1662 coelestis
2778 1599 3002 1682 patriae
3049 1604 3144 1664 est
3190 1599 3426 1665 deside-

1881 1699 2123 1764 randus
2145 1705 2403 1784 propter
2428 1702 2688 1769 odorem
2708 1705 2844 1770 sive
2872 1706 3422 1789 pulchritudinem

1882 1804 2060 1870 floris
2110 1806 2341 1888 divini;
2376 1810 2547 1875 unde
2586 1810 2657 1874 in
2707 1810 2998 1877 Psa1m0⁶
3032 1836 3048 1878 :
3093 1812 3425 1895 «Cognovi

1883 1913 2102 1978 omnia
2146 1915 2426 1980 volatilia
2479 1917 2654 1998 coeli,
2708 1923 2772 1984 et
2823 1919 3229 2003 pulchritudo
3285 1922 3428 2003 agri

1883 2037 2137 2084 mecum
2166 2026 2283 2087 est.
2305 2044 2337 2083 υ
2372 2022 2498 2088 Ista
2524 2026 2698 2090 enim
2723 2026 3130 2109 pulchritudo
3158 2027 3428 2094 coelestis

1882 2126 2129 2208 patriae,
2152 2146 2301 2211 quae
2329 2135 2424 2195 est
2448 2130 2520 2195 in
2549 2129 2679 2196 Deo
2708 2130 2915 2211 Patre,
2943 2134 3107 2198 nihil
3134 2136 3304 2201 aliud
3334 2141 3429 2200 est

1884 2251 2084 2316 quam
2112 2237 2508 2302 sensibilium
2537 2243 2598 2303 et
2625 2240 3117 2321 insensibilium,
3143 2242 3426 2307 rationa-

1883 2341 2045 2407 lium
2088 2346 2151 2407 et
2200 2344 2663 2411 irrationalium
2706 2347 3124 2414 humanitatis
3169 2349 3424 2431 Christi,

1891 2448 1996 2513 Dei
2041 2449 2238 2514 unius
2289 2452 2565 2536 trinique
2613 2455 3024 2536 pulchritudo
3042 2507 3058 2536 ,
3119 2459 3427 2541 quoniam

1886 2559 2148 2640 exponit
2204 2558 2709 2640 glorificantibus
2755 2563 3087 2645 spiritibus
3152 2571 3429 2633 contem-

1880 2665 2140 2746 planda,
2172 2683 2318 2748 quae
2365 2667 2626 2732 nomine
2675 2669 3031 2736 volatilium
3069 2673 3211 2738 coeli
3259 2675 3429 2739 desi-

1881 2778 2197 2857 gnantur,
2246 2793 2322 2840 eo
2376 2777 2546 2859 quod
2599 2779 2826 2860 pennis
2880 2782 3428 2865 contemplationis

1882 2881 2216 2947 elevantur
2264 2902 2469 2966 usque
2523 2884 2604 2950 ad
2657 2887 3031 2954 continuam
3103 2889 3427 2957 Trinitatis

1881 2988 2329 3055 existentiam:
2361 3009 2445 3056 ex
2470 2992 2577 3056 illa
2604 2995 2747 3076 agri
2774 2995 3245 3079 pulchritudine
3277 3003 3422 3065 tan-

1882 3102 1987 3162 tus
2028 3100 2186 3164 odor
2222 3100 2468 3181 fragrat
2511 3106 2849 3184 penetrans
2891 3123 3095 3189 usque
3146 3106 3227 3171 ad
3272 3107 3427 3173 inte-

1881 3205 2055 3270 riora
2072 3206 2520 3286 medullarum,
2544 3213 2617 3273 ut
2633 3212 2831 3274 totam
2846 3211 3162 3278 coelestem
3180 3215 3423 3280 curiam

1879 3312 2170 3378 inebriet.
2239 3313 2423 3379 Hunc
2497 3315 2759 3382 odorem
2825 3318 3096 3383 sentiens
3171 3326 3425 3387 sanctus

1880 3420 2053 3486 Isaac
2091 3420 2192 3504 (b),
2231 3423 2464 3504 spiritu
2511 3424 2880 3507 prophetico
2922 3426 3168 3492 dixit⁷z
3208 3451 3240 3489 α
3267 3428 3425 3495 Ecce

1879 3527 2037 3593 odor
2062 3527 2178 3591 filii
2216 3529 2342 3593 mei
2386 3529 2552 3595 sicut
2594 3531 2752 3595 odor
2790 3533 2932 3614 agri
2969 3533 3163 3616 pleni.
3199 3555 3230 3595 n
3260 3534 3422 3601 Vere

1880 3632 2167 3699 Christus
2193 3634 2316 3700 fuit
2340 3653 2497 3717 ager
2537 3636 2764 3719 plenus
2785 3638 3054 3704 floribus
3080 3641 3419 3725 virtutum,

1880 3740 2119 3805 scilicet
2141 3741 2305 3806 rosis
2329 3742 2669 3822 donorum,
2700 3749 2764 3809 et
2784 3745 2935 3810 liliis
2967 3747 3422 3816 charismatum

1878 3844 2154 3930 Spiritus
2215 3849 2417 3913 sancti
2443 3898 2465 3929 ,
2531 3852 2833 3916 suavium
2895 3855 3418 3922 consolationum.

1880 3953 2077 4039 Cujus
2127 3957 2387 4022 odorem
2446 3959 2720 4024 sentiens
2784 3960 3143 4045 aliqualiter
3207 3965 3422 4030 anima

1880 4063 2407 4146 contemplativa,
2453 4064 2604 4129 dicit
2623 4069 2686 4129 ⁸:
2746 4089 2778 4128 α
2799 4066 2994 4150 Veni,
3044 4070 3266 4136 dilecte
3306 4074 3418 4153 mi,

1877 4170 2295 4252 egrediamur
2316 4171 2386 4234 in
2419 4189 2683 4252 agrum.
2702 4189 2733 4234 n

1960 4278 2194 4358 Tertio,
2223 4280 2606 4362 exprimitur
2643 4282 2875 4348 creatio
2901 4285 3183 4352 hominis
3216 4308 3420 4373 quan-

1879 4391 2019 4452 tum
2047 4386 2128 4451 ad
2155 4391 2375 4452 actum
2402 4388 2854 4455 intermedium
2886 4392 2954 4457 in
2978 4394 3131 4460 boni
3159 4398 3422 4464 seminis

1871 4496 2242 4579 jactatione,
2274 4514 2424 4560 cum
2451 4496 2638 4562 dicit:
2664 4498 3034 4569 Seminavit
3062 4503 3289 4571 bonum
3320 4523 3423 4574 se-

1880 4619 2046 4683 men,
2076 4603 2549 4687 appropriative
2588 4603 2926 4686 loquend0.
2953 4605 3169 4675 Primo
3194 4618 3420 4695 poten-

1877 4711 1968 4775 tia
1994 4728 2215 4775 creans
2241 4711 2312 4774 in
2338 4728 2499 4793 agro
2526 4711 2868 4776 mundialis
2895 4715 3209 4783 machinae
3233 4721 3424 4785 semi-

1879 4819 2058 4884 navit
2086 4818 2444 4902 spirituales
2483 4825 2662 4884 actus
2673 4866 2695 4899 ,
2740 4824 3093 4903 corporales
3136 4826 3423 4893 substan-

1880 4925 2022 5006 tias,
2053 4925 2260 4991 dando
2288 4925 2680 4990 substratum
2713 4924 2787 5008 (c)
2838 4945 2974 4993 esse
3002 4936 3275 4998 naturae.
3308 4934 3422 5002 Se-

1881 5032 2090 5098 cundo
2117 5032 2425 5115 sapientia
2457 5032 2827 5114 gubernans
2851 5034 2919 5099 in
2946 5054 3104 5119 agro
3130 5044 3422 5109 mentalis

1883 5140 2281 5204 conscientiae
2303 5186 2321 5219 ‚
2350 5139 2689 5204 seminavit
2717 5140 2999 5207 coelestes
3023 5144 3415 5228 influentias,

1945 5301 2015 5367 (a)
2044 5299 2164 5351 Cat.
2187 5299 2314 5351 edit.
2334 5299 2630 5366 vehemoth,
2649 5303 2700 5350 et
2718 5302 2791 5352 sic
2807 5301 3051 5370 deinceps.
3068 5335 3122 5344 -
3148 5310 3215 5376 (ὁ)
3238 5312 3419 5367 Jacob.

1885 5398 1945 5410 —
1975 5373 2036 5435 (c)
2067 5371 2386 5423 Subtratum.
