4059 6317
706 528 784 587 10
1790 518 2211 586 SERMONES
2253 517 2354 583 DE
2394 515 2785 583 TEMPORE.

704 677 904 744 quam
929 659 1155 724 beatus
1179 661 1291 738 est,
1336 658 1446 740 qui
1492 658 1561 721 in
1609 657 1820 739 primo
1869 672 1986 720 seu
2021 654 2246 719 intimo

706 766 1109 832 tabernaculo
1135 763 1478 830 habitabit!
1517 765 1626 827 sed
1655 767 1825 827 certe
1847 759 2111 842 beafior,
2135 762 2247 844 qui

707 875 774 939 in
802 874 1097 939 secundo.
1142 872 1247 937 Sic
1285 871 1385 935 dic
1427 888 1632 954 usque
1675 869 1755 935 ad
1800 887 2069 933 nonum.
2118 867 2248 933 Dis·

706 981 1009 1047 cumbent
1051 981 1224 1044 enim
1271 981 1339 1043 in
1394 979 1497 1043 his
1546 977 1970 1043 tabernaculis
2010 976 2247 1040 animae

700 1092 1029 1172 justorum
1094 1085 1447 1151 secundum
1511 1084 1913 1149 excellentias
1987 1083 2247 1148 merito-

707 1214 879 1261 rum.
911 1193 1095 1258 Fient
1132 1194 1304 1258 enim
1345 1193 1624 1276 aequales
1669 1192 1917 1273 angelis
1934 1241 1952 1272 ‚
1991 1196 2055 1256 et
2096 1181 2256 1255 socii*

709 1303 1111 1385 angelorum.
1177 1299 1297 1378 Qui
1362 1297 1620 1382 propter
1683 1317 1800 1363 nos
1857 1300 2070 1364 minor
2133 1318 2245 1364 an-

712 1410 875 1491 gelis
908 1408 1117 1473 extitit
1141 1409 1159 1443 ¹
1177 1456 1196 1487 ,
1228 1406 1507 1490 aequales
1530 1426 1649 1472 nos
1685 1406 1935 1488 angelis
1960 1424 2097 1471 suae
2124 1406 2248 1470 mi-

710 1516 1056 1580 norationis
1084 1515 1319 1581 virtute
1347 1515 1512 1579 fecit.

791 1622 877 1686 De
904 1627 1133 1704 quarto
1160 1623 1186 1662 ²
1218 1643 1234 1685 ε
1275 1621 1539 1704 Virqam
1568 1624 1833 1689 virtutis
1855 1627 1984 1689 tuae
2012 1622 2251 1688 emittet

715 1732 1049 1808 Dominus,
1081 1733 1200 1793 etc.
1225 1729 1363 1805 Quo
1390 1728 1581 1793 modo
1599 1728 1739 1793 haec
1764 1729 1956 1810 virga
1972 1729 2251 1793 domine-

710 1841 913 1905 turin
938 1835 1150 1903 medio
1177 1837 1612 1912 inimicorum,
1644 1836 1708 1899 id
1735 1841 1829 1899 est
1853 1836 2245 1914 daemonum,

713 1947 763 2009 si
770 1946 1148 2028 gnificatum
1166 1948 1260 2007 est
1272 1943 1317 2022 ⁸,
1333 1942 1713 2021 ubidicitur,
1737 1943 1906 2025 quod
1918 1943 2249 2010 devoravit

712 2055 903 2135 virqa
948 2054 1209 2128 Aaron,
1257 2068 1406 2134 quae
1449 2050 1778 2131 significat
1815 2049 2053 2115 Filium
2099 2051 2246 2131 Dei,

713 2163 932 2242 virqas
967 2174 1299 2241 mayorum
1326 2175 1539 2221 versas
1580 2158 1648 2222 in
1681 2157 2006 2222 dracones,
2051 2158 2252 2239 Virga

712 2269 928 2332 Aaron
968 2265 1289 2347 significat
1323 2264 1555 2329 Filium
1592 2264 1721 2329 Dei.
1756 2264 1978 2346 Virgae
2016 2283 2249 2346 mago-

712 2393 861 2439 rum
883 2378 1035 2437 sunt
1059 2373 1273 2454 angeli
1299 2371 1655 2454 apostatici,
1687 2390 1832 2455 quae
1860 2375 2159 2456 projectae
2183 2374 2252 2437 in

711 2482 1018 2546 dracones
1060 2479 1440 2543 efficiuntur.
1485 2479 1605 2543 Sed
1647 2498 1760 2561 per
1802 2479 1991 2561 virga
2037 2480 2252 2544 Aaron

711 2590 1098 2653 devorantur
1120 2635 1138 2663 ‚
1185 2585 1440 2669 quando
1494 2603 1603 2667 per
1649 2586 1971 2651 Christum
2016 2587 2252 2652 daemo-

711 2713 872 2759 num
903 2694 1140 2758 malitia
1168 2693 1625 2776 suppeditatur.

1263 2870 1555 2940 SERMO
1600 2871 1717 2941 IV.

798 3014 962 3094 Quis
974 3015 1209 3094 poterit
1229 3015 1507 3097 coqitare
1518 3013 1691 3079 diem
1709 3013 2023 3081 adventus
2043 3013 2182 3094 ejus
2195 3014 2257 3079 Ῥ

716 3119 1023 3201 Cogitate,
1046 3120 1425 3200 charissimi,
1448 3120 1761 3186 adventus
1784 3121 2035 3186 Domini
2052 3121 2251 3187 diem:

718 3245 863 3309 quae
921 3227 1320 3309 quadruplex
1368 3232 1498 3307 est,
1560 3229 1848 3293 videlicet
1900 3228 1970 3292 in
2023 3247 2252 3308 carne,

719 3333 926 3412 corde,
958 3339 1184 3413 morte,
1215 3352 1362 3398 aere
1393 3356 1407 3397 ε
1442 3335 1709 3418 primuS,
1742 3337 1809 3399 in
1844 3335 1947 3400 die
1978 3336 2259 3400 incarna-

720 3440 940 3519 tionis;
974 3441 1320 3520 secundm,
1351 3442 1419 3505 in
1449 3443 1553 3507 die
1590 3443 2090 3526 justificationis;
2126 3447 2254 3507 ter-

720 3547 871 3626 tiuS,
902 3549 970 3611 in
994 3548 1097 3613 die
1124 3548 1562 3628 resolutionis;
1595 3555 1892 3632 quanm,
1924 3552 1992 3614 in
2025 3552 2126 3615 die
2156 3569 2255 3614 re-

720 3658 1148 3722 surrectionis..
1206 3656 1358 3734 Quis
1423 3662 1640 3722 autem
1693 3659 1923 3741 poterit
1977 3658 2260 3740 cogitare

721 3766 909 3847 primi
939 3766 1250 3831 adventus
1273 3766 1752 3849 plenitudinem,
1772 3767 2028 3831 secundi
2052 3784 2261 3848 prom·

723 3873 1104 3955 ptitudinem
1126 3923 1149 3952 ,
1212 3873 1380 3937 tertii
1438 3873 1945 3938 incertitudinem
1968 3921 1988 3951 ,
2048 3873 2262 3956 quarti

726 3981 1274 4062 magnitudinem,
1321 3980 1423 4045 vel
1465 3980 1942 4045 fortitudinem?

801 4090 886 4154 De
914 4090 1124 4171 primo
1152 4095 1212 4153 ⁵:
1250 4090 1413 4156 Deus
1443 4106 1526 4155 ea·
1550 4092 1788 4156 semine
1807 4090 2022 4156 David
2046 4106 2265 4155 secun·

728 4197 883 4263 dum
906 4195 1392 4279 promissionem
1417 4196 1647 4264 eduxit
1664 4197 1860 4264 Israel
1876 4197 2265 4264 salvatorem

727 4308 957 4386 Jesum,
984 4303 1379 4387 proedicante
1418 4305 1660 4371 Joanne
1702 4313 1847 4372 ante
1886 4308 2114 4385 taciem
2151 4308 2264 4373 ad-

729 4419 955 4480 ventus
983 4411 1144 4494 eJus.
1177 4411 1334 4476 Ecce
1369 4413 1448 4476 ad
1488 4413 2100 4477 commendationem
2141 4414 2264 4478 Do-

728 4519 946 4585 minici
982 4519 1290 4583 adventus
1330 4518 1672 4584 introducit
1711 4520 1818 4584 hic
1863 4519 2099 4584 Paulus
2134 4525 2266 4585 tres

728 4627 1157 4694 sanctissimas
1196 4644 1498 4710 personas
1532 4650 1547 4689 z
1600 4626 1813 4694 David
1853 4627 2080 4691 Christi
2117 4646 2267 4711 pro-

733 4738 1112 4820 genitorem,
1133 4736 1443 4801 Joannem
1469 4752 1952 4817 praecursorem,
1976 4740 2042 4800 et
2052 4736 2268 4801 Jesum

728 4844 1130 4909 salvatorem.
1173 4841 1247 4905 In
1271 4860 1399 4924 quo
1436 4842 1786 4905 ostenditur
1813 4842 2123 4906 adventus
2150 4843 2268 4907 iste

732 4949 1363 5016 convenientissimus
1401 4948 1481 5012 ad
1516 4949 1805 5027 veniam3
1846 4949 2016 5013 unde
2060 4968 2143 5014 ex
2176 4969 2268 5013 se-

734 5059 906 5122 mine
939 5056 1139 5124 David
1166 5055 1339 5120 nasci
1372 5055 1680 5138 dignatur
1698 5104 1715 5136 ‚
1747 5057 1963 5139 quide
1990 5058 2270 5122 enormi-

798 5223 813 5256 ¹
842 5220 1008 5282 Hebr„
1038 5232 1094 5283 11,
1125 5222 1174 5271 9.
1202 5244 1262 5255 -
1290 5217 1311 5249 ¹
1344 5217 1482 5268 Psal.
1512 5230 1621 5280 mx,
1650 5220 1698 5268 2.
1727 5244 1787 5255 —
1816 5218 1836 5252 ³
1856 5218 2040 5282 Exod„
2067 5232 2158 5285 vn,
2189 5225 2266 5273 12.

736 5320 796 5332 —
820 5293 835 5323 ⁴
868 5291 1106 5354 Malaca,
1135 5302 1224 5354 111,
1254 5293 1300 5340 2.
1331 5316 1393 5327 -
1430 5291 1451 5325 ⁸
1476 5290 1606 5352 Act„
1633 5301 1762 5352 1111,
1791 5293 1867 5341 23.
1900 5316 1960 5328 -
1987 5292 2006 5321 ⁶
2035 5292 2198 5355 Joan„
2227 5306 2267 5357 1,

739 5368 816 5418 14.
840 5390 901 5402 -
926 5364 949 5399 '¹
971 5363 1143 5424 Heba„
1166 5374 1219 5426 v,
1251 5366 1300 5415 9.
1324 5389 1387 5400 —
1417 5363 1435 5393 ⁸
1472 5362 1616 5422 Gen„
1643 5372 1789 5421 ltux,
1819 5363 1893 5412 18.
1921 5390 1975 5399 —
1996 5364 2019 5399 ⁹
2037 5364 2203 5431 Joan„
2230 5377 2266 5429 1,

740 5438 904 5488 15-16.
938 5461 999 5472 —
1038 5436 1080 5471 ¹⁰
1107 5436 1248 5500 Sap„
1274 5447 1392 5496 xvi,
1430 5438 1506 5484 ¹0.
1534 5459 1597 5471 —
1631 5433 1667 5467 ¹¹
1696 5432 1868 5496 Deua,
1892 5443 2070 5498 xxxn,
2099 5438 2178 5487 33.
2208 5462 2271 5474 -

738 5507 932 5561 ¹²Psal.
962 5518 1144 5571 cxxui,
1172 5511 1218 5560 6,
1244 5534 1297 5544 -—
1335 5508 1373 5544 ¹³
1393 5504 1531 5562 Psal.
1560 5515 1774 5568 ωηεν,
1807 5508 1853 5556 8.
1875 5530 1932 5542 -
1964 5507 2004 5540 ¹⁴
2028 5505 2168 5557 Psal.
2194 5519 2269 5569 v1,

2355 651 2479 715 bus
2502 652 2877 718 criminibus
2899 653 3193 718 adulterii
3209 657 3276 719 et
3291 652 3618 718 homicidii
3640 652 3886 718 veniam

2357 763 2731 824 consecutus
2799 764 2913 824 est.
2985 760 3143 825 Item
3213 760 3766 825 communissimus
3814 761 3888 825 ad

2359 866 2700 930 amicitiam
2731 889 2746 930 ε
2780 867 2900 931 hoc
2925 872 2990 932 et
3015 867 3084 931 in
3112 868 3306 932 David
3334 868 3750 949 significatur,
3782 869 3886 950 qui

2356 978 2420 1036 et
2461 979 2676 1056 pastor
2719 977 2782 1037 et
2825 992 2942 1037 rex
2990 974 3144 1052 ruit,
3197 974 3349 1057 quia
3393 973 3472 1039 de
3521 975 3661 1057 ipso
3709 979 3891 1040 natus

2357 1080 2743 1164 pauperibus
2768 1085 2832 1145 et
2847 1081 3152 1145 divitibus
3169 1082 3533 1147 communis
3551 1081 3694 1146 fuit.
3723 1081 3893 1147 Unde

2357 1188 2427 1252 in
2473 1189 2804 1254 nativitate
2857 1207 2974 1253 sua
3025 1194 3307 1272 pastores
3355 1194 3419 1253 et
3471 1208 3659 1272 reges
3706 1190 3785 1254 ad
3829 1210 3894 1255 se

2357 1298 2574 1362 traxit.
2606 1298 2766 1362 Item
2791 1298 3194 1380 plenissimus
3220 1298 3301 1361 ad
3327 1298 3604 1380 gratiam
3634 1319 3652 1362 τ
3683 1299 3803 1363 hoc
3831 1300 3895 1363 in

2355 1405 2597 1470 ‚Ioanne
2648 1405 3070 1487 significatur.
3129 1404 3199 1470 In
3249 1409 3538 1488 tempore
3581 1408 3755 1470 enim
3798 1407 3897 1470 ad-

2359 1520 2593 1581 ventus
2628 1515 2884 1580 Domini
2903 1563 2922 1594 ‚
2965 1515 3174 1597 gratia
3210 1515 3573 1597 plenissime
3613 1515 3802 1579 fluxit
3825 1515 3847 1550 ⁸
3875 1538 3890 1578 ε

2360 1623 2623 1688 Plenum
2666 1622 2896 1704 qratia»
2934 1627 2995 1688 et
3020 1623 3346 1701 veritatis,
3379 1626 3500 1686 etc.
3531 1621 3693 1686 Item
3728 1622 3898 1688 salu-

2357 1729 2674 1794 berrimus
2700 1729 2777 1793 ad
2807 1729 3081 1810 gloriam
3108 1751 3123 1791 ε
3157 1729 3278 1792 hoc
3308 1729 3379 1792 in
3412 1727 3561 1794 Jesu
3590 1731 3900 1812 significa—

2359 1841 2489 1914 tur,
2516 1835 2630 1919 qui
2656 1835 3106 1918 interpretatur
3126 1836 3327 1901 salus.
3358 1835 3381 1869 ⁷
3417 1835 3901 1904 consummatus

2357 1944 2568 2023 factus
2583 1947 2677 2009 est
2687 1942 2979 2009 omnibus
2988 1941 3558 2024 obtemperantibus
3569 1943 3704 2010 sibi
3709 1960 3902 2010 causa

2359 2049 2594 2118 salutis
2616 2056 2884 2117 oeternoe.
2915 2049 3296 2114 Anselmus:
3327 2073 3358 2110 α
3391 2051 3552 2126 Quid
3576 2055 3676 2114 est
3701 2050 3736 2117 J
3740 2069 3899 2129 aem,

2361 2158 2483 2222 nisi
2537 2157 2829 2223 Salvator
2864 2158 2895 2220 ⁸?
2948 2156 3124 2237 Ergo
3181 2160 3440 2240 propter
3494 2158 3902 2240 temetipsum

2359 2269 2494 2330 esto
2541 2264 2704 2328 mihi
2744 2264 2952 2328 JesuS.
2982 2285 3014 2322 n
3062 2263 3085 2298 ⁸
3114 2263 3404 2329 Salutare
3452 2273 3642 2331 tuum
3683 2281 3903 2347 expec-

2360 2371 2539 2450 tabo,
2570 2372 2860 2439 Domine.
2909 2369 2955 2435 0
2987 2389 3182 2454 quam
3215 2371 3620 2454 plenissimus
3645 2373 3773 2437 fuit
3797 2373 3905 2437 ad-

2363 2481 2630 2543 ventus!
2663 2478 2685 2512 ⁹
2716 2479 2839 2552 Qui
2859 2484 3004 2560 post
3029 2494 3126 2542 me
3155 2483 3462 2544 venturus
3481 2486 3599 2558 est,
3630 2487 3786 2546 ante
3814 2497 3903 2547 me

2363 2588 2572 2667 tactus
2600 2591 2693 2652 est
2710 2634 2732 2665 ,
2762 2587 2920 2668 quia
2949 2588 3134 2668 prior
3159 2602 3254 2653 me
3295 2593 3432 2652 erat
3464 2608 3481 2650 ε
3511 2586 3677 2653 etde
3697 2589 3901 2669 pleni·

2363 2693 2588 2760 tudine
2617 2694 2756 2774 ejus
2779 2708 2993 2758 omnes
3021 2693 3400 2776 accepimus.

2444 2800 2530 2864 De
2563 2800 2840 2864 secundo
2875 2798 2918 2834 ¹⁰
2953 2822 2968 2859 z
3016 2798 3217 2866 Filios
3252 2805 3393 2866 tuos
3432 2817 3633 2882 neque
3678 2801 3900 2869 draco-

2363 2926 2541 2989 num,
2584 2924 2781 2992 neque
2825 2915 3275 2975 venenatorum
3305 2910 3593 2977 vicerunt
3631 2910 3854 2979 dentes
3884 2934 3898 2975 ε

2364 3015 2815 3083 misericordia
2834 3016 3006 3082 enim
3027 3021 3140 3081 tua
3158 3014 3509 3082 adveniens
3525 3017 3800 3085 sanabat
3823 3020 3900 3085 il·

2365 3123 2478 3188 los.
2514 3121 2709 3186 Draco
2732 3128 2825 3186 est
2851 3122 3158 3186 diabolus.
3173 3120 3474 3187 Venenati
3493 3127 3644 3187 sunt
3673 3142 3820 3188 caro
3846 3128 3907 3188 et

2366 3229 2961 3312 mundu3,quorum
2980 3229 3137 3294 felet
3148 3247 3473 3293 venenum
3493 3230 3558 3292 in
3578 3229 3734 3294 vino
3748 3236 3904 3294 tem-

2365 3335 2599 3418 poralis
2634 3335 3066 3399 delectationis
3092 3335 3275 3399 nobis
3302 3335 3700 3417 propinatur.
3729 3338 3772 3372 ¹¹
3803 3335 3909 3402 Fet

2367 3442 2718 3508 draconum
2741 3459 3049 3508 venenum
3071 3459 3316 3521 eorum,
3347 3446 3467 3505 etc.
3490 3441 3732 3506 Eorum
3755 3442 3904 3508 den-

2365 3556 2460 3614 tes
2487 3556 2635 3615 sunt
2664 3567 2887 3615 eorum
2912 3550 3362 3615 tentationes„
3385 3549 3771 3617 Benedictus
3793 3551 3910 3615 Do-

2367 3659 2607 3737 minus,
2638 3658 2903 3740 quinon
2927 3656 3111 3724 dedit
3136 3673 3253 3723 nos
3281 3659 3354 3723 in
3380 3660 3763 3739 captionem,
3789 3662 3905 3723 etc.

2369 3762 2793 3828 Misericordia
2833 3763 3117 3828 Christus
3156 3768 3272 3827 est.
3301 3765 3348 3801 ¹⁸
3388 3763 3660 3831 Ostende
3702 3765 3904 3843 nobis,

2368 3871 2635 3937 Domine
2653 3918 2672 3949 ,
2713 3870 3223 3936 misericordiam
3252 3875 3429 3936 tuam
3446 3918 3465 3949 ,
3494 3875 3614 3936 etc.
3647 3871 3772 3948 Qui
3797 3872 3906 3936 ad-

2369 3978 2632 4042 veniens
2689 3994 2795 4040 eos
2839 3976 3292 4058 justificatione
3346 3978 3647 4054 sanabat,
3692 3978 3760 4043 id
3812 3982 3904 4042 est

2369 4102 2580 4166 aegras
2607 4084 2874 4148 animas,
2905 4084 2952 4124 ¹⁸
2990 4083 3287 4150 Miserere
3331 4086 3478 4162 mei,
3519 4084 3710 4162 Deus,
3756 4099 3905 4167 quo-

2369 4194 2551 4258 niam
2595 4191 2896 4271 infirmus
2935 4207 3114 4270 sum,
3156 4196 3272 4255 etc.
3331 4191 3659 4257 Adventus
3695 4199 3907 4257 autem

2369 4302 2488 4365 iste
2521 4317 2650 4364 non
2675 4301 2869 4364 solius
2896 4306 2990 4365 est
3015 4300 3191 4380 Filii,
3218 4301 3323 4365 sed
3365 4301 3566 4364 Patris
3595 4300 3641 4339 ¹¹⁵
3674 4323 3689 4364 :
3725 4302 3908 4367 Pater

2371 4424 2546 4473 meus
2598 4407 2827 4490 diliqet
2876 4423 3018 4473 eum
3057 4430 3082 4472 .·
3133 4414 3191 4474 et
3243 4407 3334 4473 ad
3377 4424 3517 4474 eum
3558 4410 3903 4475 veniemus.

2373 4514 2527 4579 Item
2556 4514 2828 4597 Spiritus
2854 4515 3053 4579 sancti
3084 4515 3162 4598 (a)
3185 4513 3229 4550 ¹⁸
3248 4537 3261 4579 ε
3282 4516 3512 4580 Factus
3538 4520 3631 4582 est
3653 4519 3906 4598 repente

2374 4622 2453 4687 de
2476 4623 2647 4703 coelo,
2676 4627 2794 4685 etc.
2826 4620 2874 4686 Ο
2911 4641 3106 4705 quam
3132 4623 3639 4705 promptissimus
3667 4629 3764 4688 est
3791 4623 3907 4688 ad-

2373 4736 2601 4796 ventus
2640 4730 2796 4793 iste!
2850 4730 3150 4794 Dominus
3193 4731 3363 4794 enim
3411 4730 3580 4794 ultro
3620 4730 3810 4795 offert
3842 4750 3909 4795 se

2373 4841 2453 4904 ad
2497 4838 2927 4915 veniendum3
2978 4836 3149 4901 unde
3196 4837 3274 4901 de
3319 4855 3514 4919 puero
3562 4837 3908 4921 paralytico

2374 4947 2523 5012 dicit
2561 4945 2744 5010 Jesus
2777 4947 2821 4986 ¹⁷
2851 4963 2867 5008 ε
2899 4945 3031 5027 qu
3059 4946 3338 5024 veniam,
3369 4950 3428 5012 et
3467 4945 3696 5012 curabo
3737 4962 3904 5011 eum.

2384 5078 2415 5116 α
2442 5053 2677 5118 Praesto
2704 5071 2953 5137 semper
2991 5055 3087 5117 est
3113 5052 3354 5133 gratia,
3394 5070 3541 5136 quae
3569 5070 3906 5135 nunquam

2375 5161 2614 5241 deficit,
2659 5159 2784 5223 nisi
2819 5159 2998 5243 prius
3031 5158 3295 5241 expulsa
3336 5181 3353 5224 ι
3393 5158 3691 5224 continue
3737 5160 3908 5242 quod

2376 5338 2423 5386 3.
2451 5362 2513 5373 —
2537 5335 2584 5455 ἑ·
2606 5333 2768 5397 Ιοαπ.,
2801 5344 2907 5397 xus,
2937 5334 3015 5382 23.
3039 5358 3101 5369 -
3138 5333 3172 5367 ¹⁶
3198 5331 3326 5392 Ace„
3364 5344 3427 5394 u,
3457 5335 3503 5381 2.
3537 5358 3590 5367 -
3625 5332 3666 5367 ¹³
3701 5329 3900 5392 nauh„

2377 5419 2503 5470 vm,
2571 5442 2584 5456 .

2443 5506 2510 5572 (α)
2541 5506 2662 5558 Coee.
2692 5505 2811 5556 edit.
2841 5505 3064 5556 sanctus.
