4059 6317
1047 527 1426 595 sommas
1467 527 1550 596 ιΝ
1590 528 2116 597 SEXAGEfflMA.
2162 528 2428 597 senno
2471 497 2527 594 1.'

3253 532 3363 593 121

202 664 1269 742 movocatione,velconversationis
1286 681 1498 750 opere,
1509 665 1588 731 de
1597 681 1728 749 quo
1835 666 2063 747 Assur,
2082 667 2253 751 quod
2269 666 2721 749 interpretatur
2749 664 2972 733 tollens
2994 663 3370 747 angustias:

201 771 290 835 hic
313 769 576 836 dicitur:
603 771 726 839 Sic
769 777 962 839 erunt
996 772 1363 853 novissimi,
1392 778 1513 839 etc.
1546 772 1730 856 Saepe

202 878 351 943 enim
374 877 630 960 primus
659 879 1077 945 conversione
1103 880 1226 944 erit
1249 881 1636 946 novissimus
1660 881 1733 945 in

204 984 625 1051 retributione.
667 986 850 1052 Unde
890 986 1243 1069 Gregorius
1269 988 1325 1051 ¹:
1356 1010 1388 1050 α
1424 987 1483 1052 Α
1520 987 1733 1053 novis-

204 1091 363 1156 simis
403 1092 692 1178 incoepit,
740 1093 894 1159 dum
949 1094 1131 1178 prius
1178 1094 1490 1160 latronem
1537 1113 1734 1178 quam

205 1198 453 1266 Petrum
507 1200 582 1265 in
647 1200 1016 1284 paradisum
1069 1201 1445 1267 introduxit.
1493 1224 1525 1263 n
1579 1200 1736 1268 item

205 1307 436 1389 primus
475 1311 576 1373 est
617 1308 816 1373 homo
854 1309 1240 1392 quandoque
1286 1307 1412 1373 alia
1456 1309 1734 1373 aestima-

207 1416 385 1496 tione,
417 1415 573 1498 quia
595 1416 685 1499 (a)
711 1415 925 1499 ipsum
955 1415 1310 1496 meliorem,
1338 1415 1440 1481 vel
1479 1415 1739 1496 dignio-

205 1540 330 1587 rem
353 1527 630 1606 reputat,
660 1526 961 1588 ettamen
986 1523 1374 1589 novissimus
1398 1525 1493 1588 est
1519 1523 1739 1588 divino

202 1628 427 1711 judicio
472 1647 672 1713 quam
716 1633 1021 1713 appareat
1057 1630 1128 1694 in
1176 1631 1409 1713 primo.
1475 1628 1734 1695 Glossa:

210 1758 238 1798 ι
265 1735 379 1814 Qui
406 1737 686 1819 maiores
707 1736 1027 1815 videntur,
1061 1737 1267 1802 multo
1296 1741 1445 1802 sunt
1465 1738 1744 1801 minores

207 1843 546 1926 injudicio.
575 1863 609 1903 ι
644 1842 806 1908 Item
844 1844 1097 1928 primus
1136 1847 1232 1909 est
1265 1844 1462 1909 homo
1485 1844 1747 1928 propria

208 1950 725 2034 praesumptione‚
773 1950 1105 2015 meliorem
1151 1953 1213 2015 et
1266 1950 1625 2035 digniorem
1676 1969 1745 2015 se

211 2056 332 2121 aliis
367 2061 674 2141 reputans
696 2106 716 2137 ,
745 2061 809 2123 et
834 2057 939 2123 hic
964 2058 1084 2123 erit
1112 2059 1501 2125 novissimus
1523 2059 1593 2124 in
1619 2077 1746 2124 me-

211 2165 464 2231 ritorum
475 2164 1008 2230 manifestatione.
1034 2170 1059 2205 ²
1086 2187 1117 2227 «ι
1137 2165 1650 2233 Nondiscumbas
1677 2166 1746 2231 in

214 2272 402 2354 primo
427 2271 594 2350 loco,
625 2291 708 2338 ne
731 2273 895 2337 sorte
924 2273 1295 2340 honoratior
1320 2279 1383 2340 te
1412 2273 1492 2338 sit
1516 2274 1747 2339 invita·

216 2380 307 2442 tus
328 2379 408 2443 ab
443 2378 581 2457 illo,
613 2381 678 2442 et
701 2378 973 2443 veniens
1009 2379 1209 2462 quite
1240 2384 1304 2445 et
1328 2380 1511 2446 illum
1550 2398 1747 2445 voea-

226 2487 325 2565 vit,
342 2486 509 2550 dicat
531 2483 654 2549 tibi
682 2506 699 2548 ε
732 2483 825 2549 Da
861 2484 1014 2549 huie
1038 2484 1252 2549 locum
1267 2534 1285 2566 ,
1314 2490 1378 2551 et
1402 2491 1559 2552 tunc
1587 2485 1744 2550 inci-

225 2592 345 2673 pias
357 2611 513 2657 cum
533 2591 773 2657 rubore
785 2591 1209 2656 novissimum
1227 2593 1437 2658 locum
1449 2600 1683 2659 tenere.
1705 2616 1737 2655 ι

220 2698 280 2762 ln
290 2698 468 2764 initio
483 2697 735 2764 eoeteris
750 2697 1158 2764 excellentior
1183 2699 1522 2765 exhibetur
1540 2718 1558 2766 ε
1576 2702 1747 2767 unde

218 2806 419 2872 clarior
463 2807 716 2872 caeteris
755 2806 839 2871 ad
885 2810 1140 2889 tempus
1182 2807 1558 2872 ostenditur.
1588 2806 1747 2872 ltem

218 2916 440 2997 primus
485 2919 584 2979 est
609 2915 809 2978 homo
840 2914 1341 2995 transgressione
1365 2914 1390 2951 ⁸
1419 2936 1436 2979 z
1466 2936 1499 2976 α
1526 2914 1748 2980 Manus

219 3022 598 3106 principum,
645 3026 709 3085 et
751 3020 1199 3101 magistratum
1253 3021 1376 3086 fuit
1427 3022 1494 3086 in
1549 3026 1750 3088 trans·

220 3129 528 3208 gressione
573 3128 699 3192 hac
739 3126 1005 3209 prima:
1035 3147 1068 3187 ι
1103 3132 1167 3192 et
1192 3128 1335 3193 talis
1362 3130 1486 3194 erit
1523 3132 1746 3198 novis-

221 3233 397 3300 simus
436 3236 509 3298 in
550 3250 802 3317 poena:
833 3251 966 3297 non
1004 3234 1397 3299 novissimus
1425 3236 1743 3320 intrando,

220 3342 314 3406 sed
347 3341 742 3408 novissimus
776 3341 849 3405 in
881 3341 1204 3407 reddendo
1235 3342 1303 3381 ⁴·
1287 3366 1374 3406 ,α
1402 3340 1541 3409 Non
1581 3347 1750 3412 exiet

220 3447 369 3528 inde,
385 3450 594 3514 donec
610 3447 955 3512 reddiderit
978 3449 1408 3515 novissimum
1437 3453 1747 3535 quadran-

221 3559 355 3619 tem.
380 3577 412 3616 »
446 3553 713 3620 Primus
736 3559 830 3619 est
851 3554 1141 3621 diabolus
1165 3556 1501 3640 iniquitate
1528 3581 1543 3624 ε
1574 3561 1748 3627 unde

222 3661 427 3727 dicitur
450 3668 496 3740 ⁸,
525 3661 705 3745 quod
731 3683 764 3723 ι
778 3679 1004 3726 omnes
1025 3662 1380 3738 habitantes
1402 3665 1473 3730 in
1495 3669 1689 3748 terra,
1707 3689 1739 3729 s

224 3768 279 3833 id
313 3774 421 3850 est,
449 3767 700 3835 terreni
727 3770 1105 3850 peccatores,
1144 3793 1176 3832 α
1206 3771 1564 3839 adorabunt
1601 3775 1743 3840 bes·

222 3875 355 3940 tiam
380 3877 688 3959 primam.
717 3896 750 3936 a
784 3871 1043 3940 Primus
1066 3882 1283 3942 autem
1310 3882 1407 3943 est
1430 3880 1745 3961 diabolus,

223 3986 275 4046 et
297 3983 684 4050 novissimus
710 3981 1044 4066 iniquitate
1064 4031 1082 4061 ‚
1115 3985 1269 4066 quia
1295 3989 1441 4052 ante
1468 4006 1648 4070 eum,
1686 3994 1750 4055 et

224 4095 344 4171 post
365 4109 516 4157 eum
547 4088 779 4155 nullus
805 4091 1107 4173 peccabit.
1143 4090 1397 4158 Primus
1423 4099 1518 4160 est
1545 4095 1749 4162 homi-

226 4213 365 4262 num
414 4199 737 4263 comestor
755 4243 776 4275 ,
825 4200 889 4261 et
944 4197 1332 4264 novissimus
1397 4207 1744 4269 exossator.

229 4308 279 4361 ‘a
305 4302 551 4370 Primus
577 4302 858 4368 comedit
868 4321 1019 4368 eum
1047 4321 1164 4369 rex
1202 4305 1441 4387 Assur3
1474 4309 1593 4375 iste
1621 4330 1746 4377 no-

231 4411 507 4496 vissimus
572 4412 900 4478 exossavit
954 4432 1106 4478 eum
1170 4413 1751 4486 Nabuchodonosor

232 4536 330 4584 rex
365 4518 738 4605 Babylonis.
766 4539 798 4578 s
829 4519 1028 4584 Assur
1071 4524 1136 4584 et
1170 4519 1750 4593 Nabuchodonosor

232 4623 530 4693 diabolum
550 4625 946 4708 significant,
974 4628 1082 4710 qui
1112 4629 1398 4694 comedet
1422 4631 1749 4699 hominem

232 4729 289 4795 in
308 4734 485 4817 culpa
507 4737 779 4813 aeterna,
812 4733 1069 4816 quando
1094 4752 1315 4800 omnes
1330 4737 1500 4802 vires
1515 4741 1749 4808 animae

235 4842 692 4908 ena-vehuntur
721 4887 738 4919 ,
766 4841 918 4923 quia
938 4840 1086 4905 facit
1106 4842 1394 4909 diabolus
1421 4845 1748 4915 hominem

237 4946 300 5027 (b)
328 4949 659 5031 angustias
689 4952 962 5012 aeternas
1001 4964 1132 5012 non
1170 4949 1394 5017 timere
1427 4953 1498 5017 in
1537 4957 1745 5041 culpa,

235 5052 294 5115 in
322 5056 546 5136 quibus
571 5056 713 5138 ipse
738 5071 890 5120 cum
918 5053 1053 5119 suis
1078 5056 1382 5122 membris
1402 5061 1540 5142 jam
1577 5066 1752 5130 sedet

234 5157 294 5222 in
351 5161 883 5244 gehenna.1deo
936 5161 1007 5227 in
1074 5164 1459 5231 comedendo
1521 5170 1752 5239 dicitur

290 5355 493 5426 ¹Greg„
520 5358 824 5424 istm„
850 5357 998 5413 hom.
1029 5370 1151 5424 xlx,
1176 5373 1233 5413 n.
1262 5363 1313 5413 3.
1340 5365 1611 5430 -ῑὶιιιπ,
1642 5381 1751 5435 xiv,

241 5396 693 5493 ze.—⁸1's·mb·.,
720 5442 796 5495 rx,
808 5396 1235 5536 2.—⁴1’at’t}1.,
1262 5436 1418 5497 v,.26
1448 5463 1503 5474 —
1583 5442 1752 5506 apoc„

239 5468 780 5566 1111‚8.-⁸Jere'm.,
809 5503 1269 5566 1.,17.—⁷nune
1303 5517 1409 5558 non
1446 5507 1748 5565 babetedtt.

1836 775 1905 840 in
1942 765 2293 840 exossando
2335 772 2921 842 Nabuchodonosor.
2962 770 3133 854 quod
3171 770 3373 835 inter-

1837 883 2123 964 pretatur
2146 880 2372 947 sedens
2405 883 2481 948 in
2504 880 2813 963 anau-§tia
2839 880 3075 962 ionica.

1999 1111 2426 1189 DOMINIGA
2479 1111 2566 1186 IN
2623 1108 3222 1190 SEXAGESIMA.

2242 1283 2530 1355 SERMO
2574 1280 2903 1353 PRIMUS
2929 1282 2975 1351 ⁷.

1929 1418 2115 1500 Quod
2152 1423 2368 1485 autem
2409 1419 2486 1483 in
2529 1420 2763 1484 terram
2805 1414 3062 1492 bonam,
3108 1413 3184 1479 hi
3226 1416 3381 1479 sunt

1844 1528 1964 1610 qui
1986 1529 2062 1593 in
2088 1523 2268 1592 corde
2287 1524 2442 1591 bono
2468 1531 2528 1593 et
2545 1525 2779 1606 optimo
2802 1521 3056 1590 verbum
3079 1521 3377 1599 retinent,

1847 1641 1911 1703 et
1937 1636 2218 1716 trucium
2239 1633 2520 1718 afferunt
2543 1637 2618 1701 in
2643 1635 3021 1717 patientia&
3045 1630 3377 1709 Quoniam,

1848 1744 2201 1807 secundum
2229 1744 2487 1807 beatum
2513 1739 2950 1823 Gregorium⁹‚
2981 1760 3013 1801 cr
3034 1739 3253 1802 lumen
3282 1737 3373 1800 in·

1849 1849 2220 1932 telligentiae
2236 1849 2566 1914 humilitas
2578 1848 2783 1932 aperit
2796 1850 2892 1932 (c),
2909 1845 3208 1930 superbia
3227 1860 3383 1908 vero

1849 1957 2214 2036 abscondit3
2242 1979 2274 2017 ι»
2310 1957 2461 2021 hinc
2487 1959 2581 2020 est
2612 1956 2782 2042 quod
2829 1954 3132 2019 Dominus
3172 1954 3385 2017 noster

1849 2064 2033 2131 Jesus
2065 2064 2368 2145 Christus,
2395 2063 2600 2128 sciens
2627 2063 2717 2126 sic
2743 2079 2877 2127 esse
2910 2060 3208 2145 placitum
3240 2062 3388 2123 ante

1852 2170 2053 2235 Deum
2081 2169 2357 2252 Patrem,
2384 2169 2675 2253 superbis
2702 2173 2765 2233 et
2802 2168 2983 2234 elatis
3016 2166 3388 2231 hominibus
3480 2151 3487 2159 ’

1856 2277 1956 2360 (ad
1982 2278 2455 2360 reprimendum
2502 2276 2867 2360 superbiam
2914 2274 3268 2339 intellectus
3318 2272 3389 2337 in

1852 2385 2167 2450 audiendo
2189 2389 2253 2450 et
2263 2384 2697 2466 intelligendo)
2714 2400 2997 2466 regnum
3014 2382 3119 2446 Dei
3141 2380 3392 2445 nuntiat

1851 2488 1920 2551 in
1946 2488 2293 2570 parabolis3
2326 2489 2435 2554 sed
2474 2487 2822 2552 humilibus
2866 2488 3008 2567 ejus
3041 2483 3387 2566 discipulis,

1852 2595 2089 2677 quibus
2109 2596 2330 2661 datum
2357 2598 2451 2659 est
2475 2612 2662 2659 nosse
2690 2593 3065 2677 mysterium
3086 2590 3178 2674 (d)
3194 2588 3392 2671 regni

1855 2702 1987 2779 Dei,
2017 2720 2278 2767 sensum
2306 2702 2415 2767 Dei
2448 2703 2519 2766 in
2545 2700 2849 2786 parabola
2871 2698 3160 2764 hodierni
3190 2714 3388 2763 evan-

1856 2810 2010 2893 gelii
2041 2811 2323 2893 aperuit,
2355 2828 2504 2875 cum
2539 2809 2692 2875 dicit
2718 2808 2789 2873 in
2817 2809 3013 2874 verbo
3039 2804 3388 2891 proposito,

1853 2918 2024 3002 quod
2066 2922 2163 2982 est
2195 2918 2343 2982 fluis
2382 2917 2792 3000 expositionis
2842 2915 3162 2999 praedictae
3208 2931 3390 2996 para-

1852 3026 2017 3091 bolae
2056 3049 2072 3091 :
2134 3025 2309 3101 Quod
2353 3030 2566 3094 autem
2618 3026 2695 3092 in
2740 3029 2975 3093 terram
3020 3021 3245 3088 bonam
3262 3067 3279 3098 ‚
3320 3020 3395 3087 hi

1853 3142 2005 3203 sunt
2054 3138 2171 3219 qui
2192 3134 2410 3215 corde,
2449 3138 2568 3199 etc.
2613 3134 2685 3199 ln
2727 3151 2857 3217 quo
2901 3130 3158 3215 quidem
3195 3128 3393 3194 verbo

1855 3244 2041 3310 valde
2066 3243 2350 3309 ordinate
2374 3242 2775 3325 proceditur:
2804 3258 2952 3305 nam
2971 3288 2992 3321 ,
3020 3239 3185 3303 sicut
3212 3237 3394 3303 vide-

1855 3370 2001 3418 mus
2047 3351 2217 3435 quod
2268 3353 2438 3415 terra
2455 3397 2477 3428 ,
2523 3350 2605 3414 ad
2641 3349 2764 3414 hoc
2814 3347 2986 3431 quod
3037 3346 3388 3425 fructificet,

1854 3457 2062 3540 primo
2116 3454 2300 3520 debet
2353 3451 2702 3536 praeparari
2718 3497 2738 3529 ,
2792 3451 3018 3517 deinde
3068 3448 3391 3529 seminari,

1856 3567 2077 3647 postea
2100 3564 2345 3627 fructus
2366 3579 2447 3625 ex
2473 3579 2549 3625 ea
2572 3560 2733 3641 tolli,
2770 3560 2882 3639 sic,
2920 3558 2990 3621 in
3014 3556 3215 3623 verbo
3248 3573 3395 3638 pro-

1853 3670 2083 3756 posito,
2138 3668 2347 3753 primo
2400 3671 2663 3732 notatur
2705 3665 2912 3731 nostri
2947 3663 3155 3729 cordis
3184 3662 3397 3727 debita

1856 3777 2272 3861 praeparatio;
2312 3775 2588 3840 secundo
2605 3822 2627 3855 ,
2658 3773 2863 3839 divini
2903 3771 3164 3836 seminis
3209 3771 3396 3835 firma

1856 3885 2170 3969 susceptio
2185 3905 2202 3963 3
2224 3884 2433 3961 tertio,
2449 3880 2686 3964 recepti
2708 3879 2971 3945 seminis
2985 3882 3396 3961 temporanea

1855 3992 2275 4058 fructificatio.
2307 3991 2524 4055 Primo
2549 4007 2711 4071 ergo
2738 3991 2996 4054 notatur
3023 3985 3224 4051 nostri
3249 4002 3387 4050 cor-

1854 4102 1952 4166 dis
1978 4100 2186 4165 debita
2219 4099 2621 4183 praeparatio,
2652 4115 2800 4163 cum
2832 4096 3025 4160 dicit:
3076 4091 3254 4172 Quod
3280 4109 3395 4160 au-

1856 4215 1984 4277 tem
2010 4210 2087 4275 in
2114 4213 2348 4274 terram
2375 4205 2621 4273 bonam.
2654 4204 2781 4268 lsta
2804 4203 3056 4268 bonitas
3085 4205 3271 4266 terrae
3297 4200 3396 4265 ni·

1855 4315 1947 4380 hil
1974 4314 2147 4380 aliud
2186 4319 2312 4393 est,
2342 4331 2537 4397 quam
2575 4313 2744 4377 bona
2770 4309 3146 4395 praeparatio
3189 4307 3390 4372 nostri

1856 4422 2087 4487 cordis.
2110 4421 2404 4487 Secundo
2429 4423 2687 4486 notatur
2702 4418 2902 4484 divini
2920 4416 3179 4481 seminis
3203 4416 3388 4480 firma

1856 4529 2190 4612 susceptio,
2213 4546 2364 4594 eum
2384 4527 2571 4593 dicit:
2604 4527 2695 4593 Hi
2710 4529 2862 4593 sunt
2887 4526 3002 4607 qui
3020 4521 3208 4590 corde
3235 4521 3391 4589 bono

1855 4644 1918 4706 et
1937 4639 2200 4721 optimo.
2227 4634 2349 4702 Sed
2374 4636 2562 4702 tertio
2587 4639 2844 4700 notatur
2859 4637 3110 4714 recepta
3132 4630 3391 4696 seminis

1858 4750 2267 4829 temporanea
2291 4743 2712 4822 fructificatio,
2744 4759 2892 4806 cum
2934 4740 3275 4805 subinfert:
3308 4738 3391 4805 Et

1856 4854 2143 4935 mactum
2169 4851 2453 4936 afferunt
2478 4852 2553 4917 in
2571 4849 2916 4935 pacientia,
2945 4864 3022 4911 eo
3045 4844 3219 4928 quod
3247 4861 3393 4927 per-

1858 4962 2213 5027 secutiones
2252 4960 2561 5043 patienter
2604 4956 2918 5021 sustinent
2958 4956 3212 5037 propter
3255 4968 3393 5016 ver-

1860 5069 2017 5133 bum
2046 5068 2201 5148 Dei,
2230 5070 2295 5133 et
2332 5065 2549 5131 omnia
2575 5062 2745 5129 mala
2766 5068 2986 5145 fpoenae
3031 5059 3166 5125 sive
3192 5057 3386 5139 illata,

1855 5176 1991 5241 sive
2018 5176 2257 5240 innata.

1861 5292 2020 5345 Paris.
2041 5305 2123 5342 an
2150 5293 2374 5342 1521.—
2396 5286 2583 5352 nuc„
2604 5297 2723 5349 vm,
2747 5287 2820 5337 ts.
2851 5281 3160 5346 —⁹Greg.,

1858 5364 1950 5415 lib.
1978 5364 2136 5428 xxv,
2165 5376 2214 5413 c.
2241 5359 2579 5424 xrn,a1.xn‚
2614 5372 2670 5409 n.
2698 5357 2776 5409 30.

1922 5445 1971 5508 (a
1973 5450 1989 5504 )
2017 5444 2134 5509 Leq.
2158 5454 2293 5508 qum.
2313 5464 2375 5479 —
2399 5438 2468 5502 (ὁ)
2494 5438 2622 5489 Goet.
2644 5436 2768 5488 edit.
2791 5434 3083 5488 hominum.
3098 5457 3161 5474 —
3185 5433 3391 5502 (entem

1860 5514 2157 5586 aperuit.—
2193 5511 2262 5580 (d)
2290 5513 2414 5565 Item
2438 5508 2795 5565 ministerium-
3216 5551 3227 5562 .

3189 5280 3396 5346 uorat„
