4059 6317
768 472 887 536 628

765 607 884 663 tem
900 603 1243 678 incenderit,
1258 603 1339 662 ad
1356 603 1816 664 innumerabilia
1833 620 2018 681 opera
2034 620 2097 662 se
2113 602 2307 662 exten-

766 698 874 769 dit,
895 719 925 753 »
956 700 1023 756 ut
1048 696 1193 756 dicit
1215 698 1569 773 Augustinus
1599 700 1641 757 ¹.
1683 698 1799 759 Sed
1836 699 1976 756 huic
2003 698 2168 757 bono
2195 695 2306 755 ob·

764 794 877 851 stat
900 791 1250 867 perversitas
1275 791 1534 866 invidias,
1557 792 1634 851 de
1661 809 1783 868 qua
1809 792 2022 851 dicitur
2041 792 2068 829 ²
2098 810 2114 849 ε
2153 809 2182 845 α
2197 789 2307 860 Qui

762 885 1025 961 perversi
1052 886 1251 945 cordis
1276 890 1381 960 est,
1408 903 1532 946 non
1554 887 1813 947 inveniet
1827 887 2077 947 bonum.
2100 906 2127 938 ι»
2160 888 2306 944 Nam

761 978 1073 1054 proprium
1087 984 1174 1039 est
1191 980 1430 1039 invidiae
1449 982 1624 1040 etiam
1643 981 1899 1041 aliorum
1914 980 2092 1039 bonis
2109 978 2307 1037 anxie-

759 1075 876 1132 tate
908 1074 1194 1149 torqueri,
1235 1075 1385 1133 sicut
1419 1076 1686 1134 amicitiae
1727 1091 1835 1151 per
1877 1072 2217 1149 oppositum
2243 1072 2306 1129 in

758 1166 936 1226 bonis
978 1167 1315 1240 jncundari.
1361 1172 1602 1244 Propter
1645 1169 1814 1244 quod
1855 1171 1878 1206 ⁸
1918 1187 1934 1226 :
1971 1186 2000 1221 α
2040 1171 2306 1242 Nequam

759 1266 846 1320 est
899 1261 1107 1320 oculus
1152 1261 1320 1319 lividi
1354 1305 1375 1335 ,
1441 1267 1498 1319 et
1570 1267 1842 1322 avertens
1885 1262 2119 1322 faciem.
2168 1281 2197 1316 n
2245 1264 2308 1317 Et

754 1358 892 1429 post
913 1355 937 1390 ⁸
967 1373 982 1413 ε
1021 1376 1049 1411 α
1076 1356 1291 1415 Oculus
1316 1355 1510 1414 malus
1536 1356 1617 1415 ad
1644 1356 1826 1423 mala,
1849 1376 1880 1409 u
1908 1360 2018 1414 etc.

825 1449 1107 1525 septime,
1119 1450 1181 1508 in
1195 1450 1535 1549 operatione
1563 1449 1873 1508 strenuitas
1892 1446 2300 1524 providentiae.

755 1544 824 1601 Et
832 1543 931 1601 hic
948 1547 1052 1614 est,
1065 1543 1169 1617 qui
1182 1558 1417 1618 semper
1435 1543 1676 1602 oculum
1689 1543 1870 1601 habet
1879 1542 1958 1601 ad
1970 1544 2304 1616 praemium,

755 1637 959 1695 dicens
982 1636 1167 1695 illud⁸
1186 1655 1200 1694 ε
1220 1656 1249 1691 ι
1269 1641 1494 1696 Bonum
1510 1639 1706 1695 autem
1733 1636 2030 1708 facientes,
2058 1650 2182 1692 non
2199 1633 2303 1691 de·

749 1730 1019 1789 ficiamus
1034 1750 1052 1803 3
1082 1732 1349 1805 tempore
1380 1732 1539 1789 enim
1567 1746 1676 1788 suo
1700 1734 2017 1798 metemus3
2067 1749 2096 1785 υ
2132 1726 2303 1803 quasi

631 1864 638 1871 -
752 1823 1006 1883 diceretz
1029 1824 1185 1883 Sicut
1211 1825 1620 1900 multiplicatio
1644 1839 1931 1899 operum,
1963 1823 2048 1880 sic
2063 1837 2304 1897 percep-

751 1918 832 1976 tio
851 1918 1230 1992 praemiorum
1263 1936 1278 1976 ε
1307 1917 1414 1976 illa
1449 1917 1813 1976 seminantur
1826 1917 1887 1974 in
1915 1916 2035 1988 via,
2056 1916 2166 1974 ista
2182 1930 2304 1973 me-

747 2015 949 2071 tuntur
978 2011 1042 2069 ln
1070 2010 1283 2087 patria.
1327 2015 1570 2085 Propter
1605 2011 1773 2086 quod
1799 2010 2046 2069 dicitur⁸
2077 2028 2092 2067 ε
2138 2028 2168 2063 α
2193 2011 2303 2065 Βο-

747 2122 964 2164 norum
996 2105 1275 2164 laborum
1328 2105 1625 2177 gloriosus
1676 2109 1762 2163 est
1798 2104 2039 2162 fructus.
2090 2123 2120 2158 ι
2172 2105 2301 2161 Haec

745 2199 980 2258 bonitas
1013 2199 1122 2257 fuit
1167 2200 1228 2257 in
1259 2200 1535 2271 Martium
1587 2204 1643 2258 et
1685 2198 1822 2257 ideo
1850 2198 2098 2274 plenum
2123 2196 2300 2256 bonis

743 2294 1029 2369 operibus
1051 2295 1114 2351 in
1150 2294 1368 2352 coelum
1397 2293 1594 2367 angeli
1624 2295 1919 2351 cantando
1963 2293 2219 2350 tulerunt
2242 2291 2298 2363 ⁷,

740 2388 890 2446 sicut
927 2391 1164 2446 sanctus
1205 2387 1514 2447 Severinus
1559 2387 1926 2446 coloniensis
1974 2376 2299 2460 Episcopus

741 2481 1017 2557 aspexit,
1071 2486 1127 2540 et
1171 2481 1416 2540 audivit.
1464 2480 1607 2539 Hinc
1648 2480 1926 2539 Martinus
1969 2484 2026 2536 et
2070 2480 2133 2536 in
2184 2495 2293 2536 suo

742 2576 987 2634 hansitu
1013 2575 1266 2633 daemoui
1305 2575 1512 2633 astanti
1558 2573 1864 2649 respondit
1902 2592 1916 2631 ε
1969 2592 1998 2627 α
2022 2572 2177 2642 Quid
2199 2571 2296 2629 hic

741 2668 958 2737 adstas,
987 2674 1230 2727 cruenta
1255 2669 1482 2727 bestia?
1509 2668 1658 2726 nihil
1687 2668 1750 2725 in
1775 2684 1895 2737 me,
1919 2666 2170 2736 funeste,
2199 2681 2292 2722 re-

738 2764 951 2839 peries.
992 2786 1019 2816 »
1052 2766 1281 2822 Poterat
1328 2763 1508 2837 igitur
1554 2761 1706 2819 illud
1743 2761 1940 2818 dicere
1969 2762 1991 2795 ⁸
2031 2779 2046 2817 :
2087 2777 2116 2813 α
2145 2761 2293 2816 Puer

741 2873 905 2917 eram
922 2858 1285 2931 ingeniosus,
1306 2878 1336 2913 n
1359 2856 1422 2914 id
1453 2860 1557 2927 est,
1579 2859 1847 2914 strenuus
1875 2855 1936 2912 in
1957 2851 2288 2928 operando,

746 2971 775 3005 κ
802 2956 859 3010 et
879 2952 1111 3009 sortitus
1137 2967 1270 3009 sum
1299 2950 1562 3008 animam
1580 2950 1828 3020 bonam,
1846 2968 1875 3001 w
1916 2946 2063 3005 boni
2092 2946 2289 3020 operis

738 3044 1015 3103 meritum
1044 3043 1468 3103 continuando.
1490 3042 1605 3101 Sed
1629 3043 1769 3100 huic
1789 3040 1986 3099 obstat
2011 3039 2287 3115 tepiditas

739 3137 1113 3211 negligentiae
1133 3180 1151 3210 ,
1184 3138 1256 3197 de
1285 3153 1406 3210 qua
1433 3138 1456 3173 ⁹
1488 3155 1502 3194 ε
1539 3156 1568 3190 κ
1595 3134 1834 3194 Multam
1866 3134 2153 3192 malitiam
2181 3134 2290 3190 do-

740 3232 859 3290 cuit
886 3231 1163 3313 otiositas,
1193 3250 1223 3286 1·
1265 3232 1427 3289 Unde
1473 3245 1644 3288 servo
1680 3230 1850 3304 pigro
1891 3226 2197 3300 flagellum
2224 3226 2286 3282 iu

738 3325 1026 3383 ultionem
1051 3330 1335 3384 servatur.
1367 3327 1486 3382 Hoc
1514 3323 1672 3381 enim
1707 3321 2018 3397 multiplex
2054 3321 2283 3378 bonum

739 3419 1027 3479 debemus
1053 3419 1359 3494 amplecti,
1400 3434 1537 3476 cum
1574 3416 1717 3476 odio
1746 3420 1804 3474 et
1826 3415 1968 3488 fuga
1998 3413 2144 3471 mali
2171 3429 2284 3488 op-

738 3515 942 3588 positi,
981 3513 1310 3573 seeundum
1333 3511 1488 3570 illud
1517 3512 1561 3549 ¹⁰
1585 3530 1604 3568 ¹:
1643 3529 1672 3564 α
1695 3508 1969 3570 odientes
2014 3508 2284 3579 malum,

738 3607 1098 3666 adhaerentes
1121 3608 1304 3666 bono.
1321 3627 1353 3663 »
1374 3608 1437 3663 Et
1462 3607 1682 3680 quare?
1700 3606 1861 3662 Certe
1884 3602 2025 3677 quia
2042 3602 2084 3639 ¹¹
2112 3616 2286 3675 «pro-

738 3701 966 3774 cedent,
1012 3702 1117 3776 qui
1156 3701 1321 3759 bona
1355 3701 1639 3771 fecerunt,
1683 3697 1747 3755 in
1791 3696 2281 3754 resurrectionem

737 3795 871 3853 vitas
880 3814 899 3868 3
928 3795 1034 3870 qui
1061 3810 1205 3854 vero
1225 3794 1387 3853 mala
1409 3795 1676 3868 egerunt,
1706 3791 1770 3848 iu
1793 3784 2280 3849 resurrectionem

731 3888 961 3962 judicii.
986 3910 1017 3946 »

1050 4086 1158 4163 DE
1216 4087 1282 4162 S.
1344 4082 1845 4162 ELISABETH
1880 4081 1951 4155 ¹¹.

1329 4242 1582 4304 SERMO
1612 4238 1678 4303 ¹⁸.

805 4365 931 4421 Hoee
956 4368 1074 4420 erat
1095 4365 1158 4420 in
1177 4362 1420 4419 omnibus
1445 4362 1850 4431 famosissima:
1887 4355 2108 4413 timebat
2134 4357 2276 4411 enim

739 4461 905 4517 Deum
936 4460 1117 4530 valde,
1158 4472 1251 4514 nec
1279 4461 1422 4527 erat,
1468 4458 1568 4528 qui
1594 4456 1898 4527 loqueretur
1923 4453 2138 4508 verbum
2159 4466 2275 4506 ma-

735 4555 848 4609 lum
875 4552 941 4610 de
965 4569 1028 4609 ea
1054 4553 1119 4609 ¹⁸.
1143 4548 1603 4608 commendatur
1637 4547 1812 4605 beata
1851 4543 2147 4604 Elisabeth
2175 4559 2273 4600 su-

732 4661 841 4720 per
857 4661 1170 4720 personam
1188 4643 1364 4716 hujus
1379 4641 1597 4712 viduae,
1618 4638 2020 4715 aperiectione
2041 4636 2270 4711 operis:

733 4742 860 4799 Hoec
881 4746 996 4798 erat
1015 4739 1417 4810 tamosissima3
1438 4751 1511 4793 ex
1536 4735 1747 4792 timore
1776 4733 2002 4791 cordis:
2033 4733 2275 4790 Timebat

794 4913 814 4948 ¹
843 4912 973 4976 Aug.
1003 4936 1058 4947 -—
1097 4910 1116 4941 ²
1151 4909 1320 4970 Prov„
1353 4917 1496 4969 xvii,
1529 4908 1607 4955 20.
1636 4928 1701 4942 -
1724 4904 1744 4935 ⁸
1775 4904 1958 4966 Eccli„
1995 4914 2107 4966 xiv,
2135 4904 2181 4952 8.
2211 4928 2273 4939 -

734 4985 751 5014 ⁴
786 4984 936 5045 ibid„
976 4984 1049 5032 to.
1091 5007 1154 5018 -
1194 4980 1216 5015 ⁸
1257 4979 1395 5037 Gal„
1433 4989 1513 5041 u,
1555 4980 1601 5026 9.
1643 5002 1699 5013 -
1742 4977 1763 5009 ⁸
1797 4978 1937 5040 sap„
1973 4986 2059 5035 ιιι,
2098 4977 2173 5022 15.
2210 4998 2273 5010 -—

732 5055 752 5091 ⁷
785 5055 980 5116 surius,
1018 5052 1099 5103 die
1144 5057 1194 5102 ll
1232 5052 1394 5114 Nov.;
1446 5049 1545 5099 Vz‘t.
1591 5048 1647 5098 S.
1690 5047 1927 5109 Martia„
1963 5058 2058 5109 per
2090 5047 2267 5094 Sever.

730 5127 938 5192 Sulpit.,
972 5123 1135 5188 ejusd.
1179 5122 1359 5186 discip.
1392 5145 1452 5157 —
1484 5118 1506 5154 ⁸
1531 5119 1673 5183 sap„
1704 5129 1816 5181 vm,
1845 5120 1921 5167 19.
1951 5141 2013 5153 —
2045 5114 2068 5150 θ
2091 5114 2269 5179 Εεοίἱ.,

729 5210 924 5257 xxxin,
954 5198 1032 5246 29.
1066 5221 1129 5233 -
1159 5195 1202 5229 ¹⁰
1236 5194 1391 5252 Rom„
1427 5203 1531 5255 xu,
1574 5192 1624 5240 9.
1657 5215 1718 5225 -
1753 5189 1794 5223 ¹¹
1821 5189 1986 5247 Joan„
2019 5198 2070 5248 v,
2099 5190 2178 5237 29.
2209 5211 2271 5222 -

735 5271 772 5302 ¹²
801 5272 925 5320 llaec
959 5267 1214 5320 Elisabeth
1234 5266 1329 5317 fuit
1360 5264 1496 5330 regis
1529 5260 1802 5328 ilungariae
1836 5260 1963 5324 fllia,
2002 5272 2117 5325 quse
2144 5258 2271 5308 obiit

727 5354 866 5392 anno
906 5342 1056 5392 Dom.
1096 5340 1237 5401 1231,
1282 5338 1364 5388 die
1404 5340 1461 5387 ¹9
1487 5348 1614 5385 nov.
1640 5359 1703 5371 —
1729 5332 1774 5367 ¹⁸
1813 5333 1962 5382 Hunc
1987 5330 2269 5381 nonhabet

728 5412 903 5464 Codex
953 5409 1107 5463 Aesis.
1150 5423 1270 5461 sec.
1318 5419 1437 5460 1111.
1485 5431 1546 5445 —
1595 5406 1640 5441 ⁸⁴
1682 5403 1891 5466 Juditli,
1943 5413 2070 5463 viu,
2115 5404 2163 5451 8.
2202 5426 2268 5439 —

1795 465 2213 536 SERMONES
2253 462 2355 529 DE
2395 460 2750 530 SANCTIS.
2791 463 2946 530 LIV.

2411 603 2553 657 enim
2592 603 2796 670 Deum,-
2827 614 2901 658 ex
2932 597 3266 658 testimonio
3304 597 3425 658 oris
3478 617 3496 658 z
3542 602 3653 662 Nec
3695 604 3833 674 nat,
3856 607 3935 676 qui·

2411 695 2715 767 loqueretur
2732 694 2798 752 de
2824 710 2887 752 ea
2903 694 3118 752 verbum
3142 695 3364 751 malton.

2480 792 2523 848 l.
2553 791 2844 859 Quantum
2885 788 2963 849 ad
2987 789 3254 864 primum
3280 806 3357 848 ex
3380 788 3596 863 tribus,
3641 791 3938 865 acquiritur

2410 881 2575 940 bona
2618 883 2777 941 fama
2804 887 2856 942 1.
2888 899 2959 940 ex
3004 883 3296 959 probitate
3327 903 3343 941 ε
3370 884 3456 942 sic
3494 883 3663 942 enim
3703 883 3938 943 famosus

2408 978 2519 1037 fuit
2553 994 2659 1037 rex
2699 977 2922 1046 David,
2971 978 3075 1052 qui
3117 977 3532 1054 interpretatur
3574 995 3746 1036 mmm
3783 982 3936 1048 tortis.

2409 1075 2463 1129 2.
2494 1075 2577 1131 Ex
2604 1072 2890 1147 sapientia
2919 1092 2934 1130 ε
2972 1073 3057 1129 sic
3093 1071 3252 1130 enim
3286 1072 3552 1130 famosus
3584 1072 3704 1130 fuit
3729 1088 3829 1131 rex
3854 1076 3937 1132 Sa·

2408 1166 2615 1225 lomon
2652 1185 2668 1223 :
2711 1184 2742 1221 α
2783 1169 2997 1227 Omnes
3037 1166 3196 1224 enim
3225 1167 3268 1203 '⁸
3297 1166 3731 1224 desiderabant
3762 1166 3937 1226 audire

2409 1260 2758 1334 sapientiam
2788 1262 2932 1334 ejus.
2962 1282 2991 1316 i>
3022 1263 3076 1320 3.
3107 1264 3186 1319 Ex
3206 1260 3512 1319 sanctitate
3543 1278 3560 1318 z
3592 1259 3937 1318 sit-,famosus

2407 1353 2517 1413 fuit
2541 1371 2646 1414 rex
2672 1356 2879 1415 iosias·
2909 1354 3021 1414 Sed
3048 1354 3223 1413 beata
3249 1354 3552 1413 Elisabeth
3578 1353 3697 1411 fuit
3732 1353 3796 1411 in
3832 1370 3938 1412 om·

2407 1448 2584 1507 nibus
2608 1449 3037 1508 famosissima:
3064 1448 3294 1507 famosa
3321 1447 3483 1507 enim
3511 1448 3628 1506 fuit
3657 1463 3734 1505 ex
3759 1448 3935 1523 probi-

2408 1546 2545 1615 tate,
2575 1559 2758 1618 quam
2784 1543 2993 1602 habuit
3019 1546 3222 1601 contra
3249 1557 3513 1613 carnem,
3546 1540 3744 1617 quam
3758 1541 3935 1615 subju-

2408 1638 2568 1710 gavit
2588 1653 2695 1712 per
2717 1636 2974 1695 cilicium
3002 1636 3359 1711 asperItati53
3392 1638 3606 1695 contra
3632 1636 3935 1706 mundum,

2406 1747 2591 1805 quem
2615 1730 2955 1805 subjugavit
2995 1745 3101 1807 per
3140 1729 3522 1788 eminentiam
3549 1730 3932 1804 paupertatis3

2408 1828 2613 1883 contra
2640 1823 2971 1897 diabolum,
3002 1840 3184 1900 quem
3222 1822 3569 1898 subJugavit
3602 1839 3718 1898 per
3743 1824 3935 1883 exemi-

2404 1917 2552 1975 tium
2578 1917 2941 1976 humilitatis.

2475 2012 2555 2068 De
2580 2010 2776 2085 primo
2803 2010 2846 2048 ¹⁸
2877 2030 2892 2068 :
2922 2030 2953 2066 α
2977 2009 3380 2069 confortatum
3406 2012 3495 2068 est
3530 2026 3641 2068 cor
3662 2014 3849 2081 tuum,
3872 2026 3931 2069 eo

2405 2104 2572 2179 quod
2601 2104 2921 2163 castitatem
2953 2103 3266 2175 amaveris,
3292 2107 3349 2161 et
3373 2107 3516 2178 post
3552 2104 3756 2163 virum
3784 2110 3932 2163 tuum

2404 2197 2588 2256 alium
2616 2199 2928 2271 nescieris3
2959 2201 3015 2256 et
3042 2198 3176 2255 ideo
3211 2212 3427 2255 manus
3454 2199 3696 2256 Domini
3724 2199 3932 2257 confor-

2404 2292 2545 2349 tavit
2582 2297 2656 2364 te‚
2687 2295 2745 2349 et
2769 2292 2882 2350 eris
2917 2291 3231 2351 benedicta
3257 2291 3321 2348 in
3358 2296 3672 2349 aeternum.
3703 2314 3731 2347 n
3776 2292 3931 2349 Maxi·

2403 2401 2514 2442 mae
2551 2386 2710 2442 enim
2754 2385 2863 2443 fuit
2902 2386 3267 2444 austeritatis·
3318 2387 3570 2443 Carnem
3618 2386 3930 2444 austeritate

2401 2478 2792 2552 mortificavit,
2821 2479 3092 2554 spiritum
3108 2477 3383 2537 castitate.
3413 2479 3587 2537 Vovit
3598 2479 3765 2536 enim
3783 2479 3930 2537 casti·

2400 2574 2579 2630 tatem
2605 2572 2727 2630 sive
2769 2572 3187 2631 continentiam
3225 2573 3288 2629 in
3324 2571 3737 2644 matrimonio,
3772 2572 3822 2629 si
3846 2588 3934 2629 su-

2398 2667 2728 2740 perviveret
2748 2668 2984 2739 marito,
3010 2667 3149 2725 etin
3171 2668 3477 2739 juventute
3504 2666 3687 2738 elegit
3710 2666 3933 2724 beatum

2395 2761 2424 2816 J
2428 2775 2682 2818 oannem
2696 2760 3121 2833 Evangelistam
3140 2760 3414 2819 castitatis
3427 2774 3550 2817 suae
3562 2759 3869 2818 custodem
3880 2759 3931 2816 Π.

2397 2853 2559 2911 Unde
2579 2870 2714 2912 cum
2733 2853 2979 2928 quidam
2997 2854 3321 2911 avunculus
3334 2870 3475 2910 suus
3495 2854 3813 2927 episcopus
3828 2852 3936 2910 vel·

2398 2946 2480 3005 let
2509 2947 2564 3005 ei
2591 2947 2734 3005 dare
2761 2947 3069 3020 maritum,
3098 2950 3155 3005 et
3178 2948 3309 3022 ipsa
3336 2948 3659 3020 renuisset,
3687 2947 3935 3023 quasivit

2396 3040 2475 3097 ab
2503 3056 2573 3099 ea
2603 3058 2618 3098 ε
2668 3060 2699 3096 α
2721 3040 2874 3111 Quid
2898 3040 3153 3114 fecisseS,
3184 3041 3234 3098 si
3287 3040 3586 3099 dedissem
3617 3041 3728 3099 tibi
3754 3041 3935 3099 virum

2394 3134 2489 3193 vel
2516 3135 2812 3206 maritum,
2843 3140 2900 3193 et
2931 3135 3200 3193 fecissem
3226 3139 3281 3192 te
3308 3136 3482 3208 cogi?
3512 3155 3545 3190 ι
3573 3135 3931 3210 Respondit:

2397 3248 2427 3282 α
2456 3228 2852 3286 praecidissem
2873 3228 3018 3286 mihi
3044 3244 3277 3301 nasum,
3293 3233 3349 3287 et
3367 3227 3801 3287 deformassem
3825 3245 3927 3295 me.

2392 3336 2470 3378 ne
2510 3320 2768 3395 amplius
2813 3322 3276 3396 concupisceret.
3318 3342 3346 3378 ι
3390 3321 3566 3392 Quod
3608 3327 3671 3381 et
3710 3339 3822 3381 nos
3860 3322 3933 3380 ad

2392 3415 2729 3489 exemplum
2756 3415 2882 3489 ejus
2908 3415 3263 3490 impleamus
3288 3414 3443 3474 illud
3467 3416 3511 3451 ¹⁸
3536 3432 3554 3472 ε
3591 3437 3623 3468 α
3641 3418 3932 3487 Quacum-

2392 3524 2510 3583 que
2540 3514 2675 3568 sunt
2698 3509 2941 3584 pudica,
2972 3526 3366 3585 quaecumque
3386 3513 3523 3568 sunt
3539 3514 3766 3583 sancta,
3788 3527 3929 3586 qute-

2391 3617 2647 3677 cumque
2674 3604 2850 3661 bonae
2874 3603 3069 3676 famae,
3110 3604 3235 3660 haec
3262 3604 3534 3677 cogitate.
3564 3624 3594 3657 ι
3628 3603 3931 3678 Fugiamus

2391 3712 2535 3770 ergo
2554 3713 2680 3770 eos,
2705 3696 2780 3755 de
2798 3697 3016 3772 quibus
3043 3696 3086 3734 ¹⁹
3115 3715 3129 3755 :
3170 3718 3200 3751 α
3226 3699 3493 3767 Quorum
3513 3697 3629 3756 vioe
3654 3716 3929 3774 perversa

2388 3796 2544 3862 sunt,
2582 3796 2639 3849 et
2671 3790 2921 3849 infames
2961 3807 3191 3863 gressus
3229 3808 3438 3850 eorum
3468 3810 3487 3848 ε
3531 3795 3601 3850 ut
3640 3794 3863 3851 eruaris
3894 3809 3928 3851 a

2387 3884 2638 3943 muliere
2666 3884 2881 3955 aliena,
2906 3905 2936 3938 n
2969 3888 3103 3959 ete„
3128 3884 3195 3943 id
3220 3890 3326 3958 est,
3356 3902 3490 3960 quae
3516 3902 3630 3944 nos
3658 3887 3927 3946 alienata

2388 3981 2528 4036 Deo,
2573 3981 2639 4036 Et
2676 3977 3004 4037 secundum
3043 3978 3449 4054 Gregorium²⁰
3479 3998 3497 4038 ε
3534 4000 3565 4035 α
3592 3984 3719 4040 Hoc
3744 3986 3830 4040 em
3853 3980 3927 4038 vi-

2385 4072 2557 4144 tium,
2573 4087 2646 4129 eo
2674 4072 2842 4145 quod
2868 4072 3217 4146 superiores,
3247 4074 3372 4131 sive
3394 4078 3618 4149 patres,
3638 4076 3765 4134 sive
3790 4090 3926 4150 ρω-

2386 4165 2511 4240 lati,
2556 4165 2861 4224 inferiores
2899 4181 3022 4225 non
3061 4165 3405 4241 corripiunt,
3438 4167 3593 4225 sicut
3622 4168 3871 4240 debent,
3893 4188 3921 4221 ι

2386 4258 2604 4318 similes
2641 4258 2765 4317 Heli
2783 4302 2803 4331 ,
2849 4259 2954 4334 qui
2989 4258 3147 4318 filios
3191 4276 3330 4318 suos
3347 4304 3367 4331 ,
3406 4260 3514 4335 qui
3553 4261 3925 4321 dormiebant

2385 4368 2522 4411 cum
2567 4352 2937 4426 mulieribuS,
2981 4369 3113 4427 quae
3154 4353 3555 4413 observabant
3588 4356 3672 4414 ad
3717 4357 3921 4415 ostium

2383 4446 2749 4504 tabernaculi
2766 4490 2785 4519 ‚
2828 4462 2952 4505 non
2993 4447 3274 4522 corripuit
3311 4449 3626 4507 severitate
3673 4450 3919 4523 iudicis,

2384 4546 2487 4598 aut
2514 4541 2588 4614 (a)
2617 4539 2973 4615 negligentia
2997 4542 3197 4615 patris,
3229 4540 3432 4600 dicens
3456 4543 3504 4579 ¹¹
3532 4562 3547 4600 :
3573 4562 3605 4597 ox
3630 4541 3818 4614 Quare
3840 4544 3919 4602 fa—

2384 4635 2511 4692 citis
2554 4651 2647 4693 res
2685 4634 3058 4707 hujusmodi,
3110 4652 3258 4709 quas
3284 4652 3397 4710 ego
3438 4637 3674 4697 audio?
3703 4639 3913 4709 Nolite,

2382 4729 2491 4786 filii
2519 4727 2638 4787 mei
2668 4746 2683 4785 :
2713 4744 2838 4786 non
2865 4729 3025 4787 enim
3052 4734 3136 4787 est
3169 4731 3333 4789 bona
3364 4729 3549 4804 fama,
3586 4748 3771 4808 quam
3808 4746 3912 4805 ego

2382 4821 2585 4894 audi0,
2612 4826 2678 4881 ut
2701 4823 3030 4897 transgredi
3049 4822 3270 4882 faciatis
3295 4825 3592 4900 populum
3620 4826 3904 4886 Domini.»

2381 4955 2422 4990 ¹⁸
2452 4956 2515 5004 ΙΙΙ
2551 4956 2685 5019 Ite-9..
2715 4966 2775 5017 X,
2802 4958 2878 5005 24.
2910 4980 2969 4992 —-
3002 4954 3045 4989 ¹⁸
3073 4952 3265 5015 ludim,
3302 4966 3386 5018 nr,
3420 4959 3494 5006 Η.
3524 4982 3586 4993 -
3617 4957 3659 4991 ¹¹¹
3688 4957 3826 5019 Hac,
3859 4958 3908 5006 et

2378 5026 2573 5090 reliqua
2608 5030 2751 5091 gesta
2788 5040 2901 5090 quoe
2935 5028 3244 5089 sequuntur,
3272 5025 3544 5091 desumpta
3579 5033 3701 5077 sunt
3732 5042 3795 5077 ex
3822 5029 3908 5077 Le-

2379 5100 2531 5162 gend.
2561 5098 2773 5162 Vorag„
2801 5112 2845 5148 c.
2882 5101 2986 5163 ¹64,
3017 5110 3082 5146 ex
3104 5098 3274 5161 Surio,
3302 5097 3387 5148 die
3414 5102 3443 5148 2
3466 5099 3740 5159 Novemb„
3766 5103 3816 5148 et
3842 5111 3908 5148 ex

2380 5167 2603 5234 catalog.
2633 5170 2745 5230 ss,
2775 5168 2862 5218 ub.
2897 5168 2960 5218 v.
2993 5193 3057 5206 -
3082 5168 3126 5204 ¹⁸
3150 5168 3364 5233 Philip„
3396 5180 3469 5233 ιν,
3508 5172 3556 5221 s.
3588 5196 3647 5206 —
3677 5172 3717 5205 ¹³
3742 5172 3903 5232 praa,

2378 5252 2447 5304 11,
2487 5244 2653 5291 15-16.
2694 5266 2748 5276 —
2792 5240 2830 5271 ²⁸
2858 5241 3031 5305 Greg.,
3072 5240 3264 5291 Pastor.
3306 5255 3438 5305 cun,
3478 5244 3610 5305 part.
3654 5244 3715 5305 tl,
3746 5256 3791 5294 c.
3831 5252 3905 5303 vr,

2378 5313 2443 5364 al.
2476 5324 2603 5375 xvii,
2634 5312 2802 5377 quoad
2828 5325 3054 5363 sensum.
3076 5337 3141 5351 —
3165 5313 3203 5347 ²¹
3235 5313 3251 5362 Ι
3282 5312 3422 5377 neq„
3450 5325 3511 5379 υ,
3539 5316 3704 5366 23—24.

2442 5396 2506 5459 (α)
2535 5397 2650 5461 [ις.
2679 5396 2787 5447 sed.
