4059 6317
874 448 883 459 ⁶
998 460 1100 528 DE
1142 461 1207 527 S.
1248 459 1600 527 ANTONIO
1637 456 2036 526 PADUANO.
2080 456 2344 524 SERMO
2388 455 2436 521 Ι.
3193 456 3313 519 563

138 599 215 657 100
249 597 322 672 (α)
359 596 641 657 10001001
678 596 897 657 elevari
937 596 1000 655 in
1034 597 1240 670 001100,
1292 602 1350 656 01
1396 596 1578 656 001100
1604 594 1668 653 10

136 692 435 751 altissimos
460 697 714 751 montes.
754 692 941 751 Hodie
966 692 1042 751 de
1067 691 1366 751 vilissimis
1386 690 1667 750 usurariis

133 785 270 844 fiunt
304 785 561 857 01111100,
592 790 649 844 01
671 801 966 861 pauperes
993 785 1391 844 sublimantur
1419 785 1479 842 in
1506 784 1670 859 prin-

133 879 280 953 cipes
307 883 366 938 et
399 880 677 938 0010000.
713 879 829 937 Sed
858 879 1071 938 dicitur
1094 881 1112 915 ²
1143 897 1157 935 ε
1194 898 1224 934 (1
1252 878 1510 952 Dejecisti
1541 894 1667 949 000,

134 972 270 1031 dum
299 973 691 1032 elevarentur.
717 993 745 1028 n
773 974 1128 1047 Augustinus
1153 971 1176 1006 ²
1207 992 1222 1031 ε
1259 993 1288 1027 1(
1314 977 1444 1032 Non
1488 972 1664 1031 dicit:

132 1069 270 1124 Dum
293 1065 509 1135 elevati
538 1070 750 1141 essent;
772 1068 880 1126 sed
905 1087 919 1124 :
943 1068 1073 1124 dum
1097 1070 1477 1125 elevarentur.»
1504 1066 1668 1124 Unde

132 1160 334 1218 dicitur
363 1163 386 1198 ³
412 1180 427 1218 :
463 1181 492 1215 α
521 1165 663 1220 Ecce
698 1161 1013 1236 parvulum
1040 1160 1181 1218 dedi
1207 1162 1263 1218 te
1287 1160 1351 1218 in
1374 1160 1665 1233 gentibuS,

132 1254 635 1330 contemptibilem
656 1254 807 1313 inter
824 1255 1117 1312 homines.
1142 1276 1172 1309 11
1202 1253 1669 1329 contemptibilis

130 1353 188 1406 tu
224 1365 285 1406 es
311 1348 488 1406 valde
503 1367 522 1420 3
565 1348 674 1406 sed
697 1345 719 1381 ⁸
758 1368 789 1403 α
814 1348 1094 1423 0011011110
1117 1348 1318 1408 cordis
1361 1348 1445 1406 tui
1470 1347 1671 1405 extulit

128 1444 182 1498 te
237 1442 301 1499 in
355 1441 622 1500 scissuris
663 1447 969 1517 petrarum
1035 1442 1388 1502 exaltantem
1451 1442 1669 1500 solium

132 1541 292 1593 tuum
310 1554 331 1610 ;
362 1536 467 1609 qui
512 1536 659 1594 dicis
696 1535 759 1594 in
795 1537 974 1596 corde
1010 1539 1149 1595 tuo:
1185 1537 1323 1607 Quis
1349 1536 1539 1595 trahet
1570 1552 1668 1595 100

131 1628 449 1687 deorsum?
477 1630 594 1688 Sed
624 1630 693 1707 (b)
739 1630 789 1688 si
826 1630 1111 1689 exaltatus
1136 1629 1318 1689 fueris
1353 1634 1419 1688 ut
1444 1629 1668 1704 aquila,

127 1727 182 1780 et
205 1722 355 1780 inter
380 1722 579 1781 sidera
612 1725 885 1798 posueris
914 1724 1126 1783 nidum
1168 1728 1369 1797 tuum,
1397 1722 1537 1781 inde
1566 1723 1669 1781 de-

123 1815 352 1875 traham
378 1820 457 1888 te,
485 1817 629 1875 dicit
647 1814 948 1877 Dominum
987 1840 1016 1874 11

194 1911 414 1979 Quarto
437 1911 675 1985 parvuli
715 1916 850 1971 sunt
894 1912 974 1971 ad
1014 1911 1452 1986 indulgendum
1477 1911 1669 1987 perfa-

124 2001 292 2061 ciles:
316 2019 461 2062 mox
489 2005 649 2063 enim
682 2006 995 2078 verberati,
1024 2007 1099 2065 de
1126 2006 1285 2066 collo
1311 2006 1585 2080 depositi,
1611 2012 1672 2067 et

122 2095 364 2169 repulsi,
390 2112 535 2154 mox
564 2097 643 2155 ad
668 2098 979 2173 amplexus
1007 2100 1260 2158 redeunt
1281 2100 1494 2157 vocati.
1522 2102 1669 2159 Nam

121 2193 177 2248 et
200 2206 379 2249 canes
405 2191 560 2251 adeo
582 2191 831 2251 domino
849 2197 986 2252 sunt
1009 2194 1243 2265 fideles,
1264 2194 1453 2268 quod,
1483 2210 1671 2269 quan-

118 2289 508 2361 tumcumque
533 2289 887 2362 exasperati,
905 2289 1254 2348 verberibus
1275 2288 1489 2362 affecti,
1510 2290 1668 2348 foras

118 2380 521 2455 repulsi,·mox
539 2381 794 2441 redeunt
816 2383 1032 2455 vocati,
1053 2383 1228 2458 00001
1242 2383 1399 2442 nihil
1420 2384 1667 2442 omnino

118 2474 232 2532 sint
255 2474 444 2550 passi.
469 2474 560 2533 Sic
578 2480 636 2534 et
661 2476 897 2552 parvuli
917 2493 1043 2535 non
1065 2481 1203 2535 sunt
1227 2477 1532 2548 malevoli,
1561 2477 1669 2535 sed

116 2567 196 2626 ad
219 2568 473 2643 injurias
493 2569 849 2628 relaxandas
866 2571 1310 2647 promptissimi.
1330 2571 1494 2630 Unde
1515 2572 1669 2630 dice-

114 2660 217 2720 bat
241 2662 562 2738 Apostolus
587 2665 609 2700 ·
641 2683 658 2722 2
689 2682 719 2718 α
747 2665 962 2725 Malitia
982 2666 1216 2740 parvuli
1244 2668 1425 2724 estote
1436 2707 1459 2739 ,
1486 2686 1515 2721 n
1542 2666 1668 2724 sine

113 2757 542 2816 malevolentia
560 2797 577 2826 ‚
622 2758 773 2816 010111
815 2763 903 2817 001
946 2759 1190 2834 puerilis
1222 2762 1458 2818 natura.
1502 2758 1667 2817 Tales

118 2850 279 2908 enim
304 2851 460 2909 nihil
485 2851 711 2910 hahent
735 2837 1072 2928 impietatis,
1099 2851 1249 2910 1111111
1286 2852 1663 2912 crudelitatis.

108 2944 193 3015 Et,
227 2943 387 3019 quia
417 2947 480 3003 B.
511 2945 797 3004 Antonius
825 2962 897 3005 eo
923 2945 1133 3017 modo,
1162 2963 1285 3021 quo
1314 2946 1537 3005 dictum
1558 2950 1666 3019 est,

107 3052 337 3111 parvus
363 3037 498 3111 fuit,
524 3040 678 3097 sicut
698 3040 878 3098 corde
904 3040 1167 3109 1111101110,
1197 3047 1254 3099 01
1276 3041 1488 3100 habitu
1509 3040 1666 3113 vilis,

106 3132 192 3189 sic
227 3132 297 3191 in
327 3133 613 3192 omnibus
639 3136 796 3192 totus
839 3133 950 3193 fuit
975 3134 1110 3210 pius
1142 3138 1200 3193 et
1227 3136 1436 3195 (101010.
1481 3135 1667 3207 Unde,

108 3227 393 3300 quamvis
421 3227 672 3286 haberet
692 3228 1072 3304 prudentiam
1106 3230 1528 3303 serpentinam,
1554 3231 1666 3288 ha-

104 3317 296 3377 bebat
342 3326 544 3379 tamen
590 3320 970 3382 dulcedinem
1020 3322 1427 3387 columbinam
1448 3364 1470 3394 ,
1516 3323 1668 3382 nulli

105 3413 293 3473 corde
323 3414 643 3473 detrahens
661 3456 683 3487 ,
710 3416 1014 3473 neminem
1058 3432 1163 3474 ore
1199 3416 1421 3475 laedens
1437 3459 1457 3488 ,
1488 3433 1668 3490 opere

103 3511 347 3571 nullum
378 3512 712 3571 offendens.
755 3513 989 3572 Sciebat
1020 3514 1182 3572 enim
1213 3514 1553 3589 apostolum
1579 3514 1668 3573 di·-

104 3607 262 3667 xisse
294 3612 538 3668 Petrum
555 3610 618 3668 ⁸:
649 3610 1221 3693 «‚Conversationem
1235 3611 1492 3667 vestram
1517 3608 1670 3667 inter

101 3706 318 3773 gentes
339 3702 630 3762 habentes
654 3703 916 3775 bonam,
942 3702 1095 3761 utin
1120 3719 1223 3775 00,
1249 3702 1417 3777 quod
1444 3702 1666 3761 detrec·

101 3798 233 3855 tant
260 3798 338 3855 de
369 3797 547 3856 vobis
559 3839 583 3870 ,
609 3801 895 3873 tanquam
934 3798 1013 3856 de
1050 3797 1527 3856 malefactoribus
1546 3841 1567 3865 ,
1595 3812 1669 3855 ex

101 3888 289 3948 bonis
339 3891 629 3965 operibus
668 3907 778 3950 vos
820 3891 1263 3951 considerantes
1276 3932 1298 3962 ,
1339 3890 1669 3964 glorificent

105 3987 322 4044 Deum.
374 4003 406 4040 11
452 3985 568 4043 Sed
596 3984 661 4042 in
701 3984 932 4051 mundo
967 3984 1101 4059 quis
1134 3985 1318 4043 hodie
1343 3985 1666 4060 parvulus?

103 4077 268 4153 quis,
296 4081 372 4137 ut
396 4077 705 4154 parvulus,
734 4078 908 4153 pius?
934 4081 1161 4152 Regnat
1185 4079 1249 4137 in
1273 4079 1504 4137 mundo
1532 4095 1667 4137 cru-

102 4170 352 4246 delitas,
396 4175 455 4230 01
487 4171 727 4247 repulsa
755 4174 843 4230 est
865 4171 1010 4230 foris
1035 4171 1243 4246 pietas.
1276 4175 1422 4232 Sunt
1447 4172 1668 4233 similes

99 4262 393 4324 homines
421 4265 636 4324 avibus
658 4264 1000 4324 viventibus
1020 4264 1095 4324 de
1122 4265 1353 4339 rapina,
1381 4281 1516 4340 0001
1538 4265 1667 4324 nul-

95 4357 234 4417 lum
285 4359 552 4433 diligunt
601 4377 618 4416 1
669 4358 943 4417 01001010
1003 4359 1341 4418 societatem
1391 4359 1626 4432 fugiunt
1642 4402 1664 4432 ,

100 4467 354 4526 0111000,
376 4470 530 4528 0000
545 4457 826 4527 possunt,
846 4452 1175 4525 invadunt,
1196 4452 1349 4510 nulli
1375 4457 1625 4526 parcunt
1643 4495 1664 4525 ,

91 4564 326 4623 pacem
354 4563 671 4623 nunquam
705 4547 1138 4622 00101001,οώ
1174 4548 1298 4605 sine
1336 4562 1552 4619 guerra
1577 4548 1665 4606 vi-

91 4657 244 4700 vere
291 4656 432 4699 non
473 4644 746 4716 possunt.
792 4641 953 4699 Siout
995 4642 1053 4698 et
1092 4640 1261 4699 multi
1288 4644 1425 4699 sunt
1458 4640 1662 4715 hodie,

90 4736 239 4809 001,
272 4736 431 4810 quia
458 4751 758 4810 pauperes
792 4739 966 4805 sunt,
1000 4739 1067 4794 01
1101 4734 1355 4811 11110ᾱωί
1379 4734 1530 4793 01100
1555 4751 1665 4794 va-

87 4827 296 4902 leant,
327 4844 580 4902 guerras
608 4828 925 4902 concitant,
951 4844 1165 4903 pacem
1191 4828 1446 4887 aliorum
1468 4831 1664 4888 extur-

86 4923 273 4997 bant,
309 4928 399 4993 et,
424 4926 831 4995 0100000010
856 4938 976 4996 pax
1001 4922 1126 4994 fiat,
1152 4937 1263 4997 pro
1285 4938 1461 4997 posse
1487 4922 1664 4982 labo-

0 5052 60 5085 m·
84 5021 258 5081 rant.
307 5015 432 5075 Sed
473 5018 760 5087 caveant,
798 5030 876 5073 ne
917 5015 1216 5087 contingat
1258 5015 1513 5075 finaliter
1556 5016 1664 5091 eis,

82 5113 251 5171 sicut
286 5109 587 5183 contingit
629 5107 894 5184 accipitri
922 5108 1237 5185 praedatori
1264 5127 1281 5168 ε
1322 5110 1470 5170 (1010
1503 5109 1666 5170 00110

148 5260 171 5297 ¹
203 5258 364 5311 Psal.
399 5269 580 5322 mxu,
611 5258 690 5308 ¹8.
716 5281 781 5295 —
806 5257 826 5287 ²
852 5259 1005 5321 Aug„
1035 5258 1213 5309 Enarr.
1241 5258 1297 5308 in
1321 5258 1461 5311 Peal.
1489 5272 1663 5325 mn,

80 5345 141 5385 n.
196 5332 303 5395 24,
355 5328 529 5399 quoad
580 5340 815 5380 sensum.
859 5354 922 5366 —
970 5328 994 5364 ⁸
1030 5329 1233 5390 Imm„
1274 5330 1433 5396 xmx,
1477 5330 1556 5383 15.
1601 5358 1665 5371 —

82 5407 102 5437 ⁴
135 5403 308 5469 dod„
347 5406 405 5452 3.
433 5428 497 5439 —
539 5400 561 5436 ⁸
591 5401 612 5451 1
649 5401 789 5461 Cor„
829 5412 938 5463 nv,
972 5403 1050 5451 20.
1087 5426 1152 5438 —
1182 5401 1204 5435 ⁸
1246 5401 1262 5449 1
1295 5404 1459 5466 Petr„
1487 5415 1553 5468 n,
1582 5407 1661 5454 12.

1770 593 1961 652 stellio
1976 636 1996 667 ,
2025 593 2246 651 animal
2266 607 2545 668 parvum,
2572 588 2636 648 in
2667 587 2886 649 rimula
2908 600 3018 647 sua
3041 585 3313 664 quiescit,

1774 689 1919 747 dum
1945 706 2125 764 supra
2154 706 2216 747 00
2245 689 2579 764 accipitrem
2607 686 2814 745 volare
2834 683 3138 761 prospicit,
3168 699 3316 759 0110-

1774 781 1915 839 (1001
1942 799 2081 841 0010
2110 783 2343 841 occulta
2367 783 2428 841 vi
2456 782 2536 839 ad
2554 798 2615 839 se
2643 779 2839 850 trahit,
2862 782 2919 837 et
2938 794 3076 837 eum
3095 778 3315 836 discer-

1770 891 1941 949 11000,
1975 875 2188 934 avibus
2229 877 2310 934 ad
2334 873 2825 934 manducandum
2851 871 3110 947 exponit.
3139 868 3316 940 Quasi

1773 970 1934 1027 enim
1962 969 2219 1028 diceret:
2248 973 2394 1029 Ecce
2412 975 2476 1028 tu
2503 969 2567 1027 in
2588 968 2855 1043 praedam
2877 966 3048 1024 datus
3076 982 3139 1023 es
3161 963 3313 1036 aliis,

1774 1062 1880 1138 qui
1906 1068 2143 1122 eaeteros
2160 1064 2464 1139 praedaris.
2490 1068 2805 1137 Nunquam
2829 1060 2989 1119 enim
3014 1058 3163 1130 vidi,
3192 1059 3315 1118 imo

1771 1160 1873 1219 vix
1900 1161 2106 1219 audivi
2131 1161 2436 1219 hominem
2463 1158 2874 1231 praedatorem,
2902 1155 3148 1213 fratrum
3172 1169 3316 1210 suo-

1771 1270 1908 1313 rum
1948 1270 2400 1329 oppressorem,
2433 1254 2588 1313 bene
2634 1252 2819 1310 vitam
2858 1249 3031 1308 finire
3060 1267 3076 1307 ε
3127 1247 3268 1323 quia
3293 1249 3315 1285 '¹

1779 1372 1808 1408 (1
1835 1353 1940 1428 001
1962 1352 2096 1411 ferit
2120 1352 2344 1427 gladio,
2373 1352 2577 1426 gladio
2603 1350 2838 1425 peribit.
2869 1370 2898 1405 n

1845 1448 2059 1516 Quinto
2087 1447 2323 1522 parvuli
2349 1448 2486 1504 sunt
2511 1445 2592 1503 ad
2619 1444 3033 1518 accipiendum
3053 1441 3318 1501 veloces:

1772 1555 2084 1616 nunquam
2123 1542 2203 1599 ita
2241 1539 2513 1615 plorant,
2559 1539 2707 1613 quin
2751 1536 2948 1597 statim
2985 1539 3223 1596 currant
3265 1537 3327 1593 01

1771 1635 2027 1706 rideant,
2058 1635 2107 1692 si
2134 1634 2268 1709 quis
2295 1634 2380 1692 eis
2408 1632 2725 1708 pulchrum
2763 1647 3012 1706 pomum
3034 1629 3320 1705 porrigat,

1771 1728 1870 1786 vel
1900 1727 2212 1787 denarium
2230 1728 2438 1786 album
2457 1726 2684 1785 offerat.
2706 1724 2889 1784 Valde
2917 1723 3076 1782 enim
3106 1734 3322 1780 munu-

1773 1823 1940 1881 scula
1965 1827 2207 1895 amant3
2238 1839 2372 1896 quoe
2399 1821 2449 1879 si
2473 1820 2673 1881 ablata
2699 1820 2785 1878 eis
2809 1817 3044 1890 fuerint,
3063 1817 3319 1892 plorant.

1773 1921 1981 1977 Beatus
1999 1935 2144 1992 ergo
2170 1918 2479 1990 AntoniuS,
2506 1916 2650 1992 quia
2667 1931 2843 1974 verus
2863 1913 3149 1989 parvulus
3177 1916 3321 1984 erat,

1774 2013 1854 2071 ad
1881 2012 2114 2071 coeleste
2152 2028 2406 2086 regnum
2435 2010 2550 2068 sibi
2598 2009 2959 2084 promissum
2985 2006 3123 2064 totis
3147 2005 3323 2064 affec-

1772 2106 1932 2165 tibus
1956 2106 2274 2182 aspirabat.
2310 2107 2474 2181 Soepe
2501 2104 2583 2162 ad
2610 2102 2762 2162 illud
2795 2102 3004 2163 oculos
3031 2100 3322 2171 elevabat,

1775 2204 1832 2259 et
1859 2216 1971 2274 pro
1991 2199 2323 2275 accipiendi
2352 2197 2651 2256 desiderio
2678 2195 3191 2255 irremediabiliter
3216 2193 3324 2252 sse·

1772 2293 1895 2352 bat.
1927 2293 2158 2352 Sciebat
2183 2293 2364 2365 enim,
2393 2292 2561 2367 quod
2576 2292 2746 2365 juxta
2762 2305 3101 2349 mensuram
3127 2288 3325 2364 parvi-

1774 2388 1907 2446 tatis
1949 2388 2014 2445 in
2056 2386 2156 2445 via
2176 2427 2198 2457 ,
2225 2390 2352 2445 erat
2386 2401 2667 2444 mensura
2696 2384 2984 2443 felicitatis
3021 2384 3085 2443 in
3110 2382 3318 2459 patria.

1773 2480 1972 2552 Unde,
2016 2496 2153 2538 cum
2199 2479 2476 2554 discipuli
2521 2482 2848 2553 quaererent
2891 2495 2930 2537 a
2979 2478 3227 2536 Domino
3247 2478 3270 2514 ⁸
3300 2496 3317 2536 ε

1778 2595 1809 2630 ι
1837 2574 1978 2644 Quis
2005 2577 2182 2649 putas
2208 2574 2402 2647 major
2443 2576 2532 2632 est
2556 2572 2621 2631 in
2648 2588 2834 2646 regno
2861 2572 3191 2631 coelorum?
3216 2571 3320 2630 Ille

1775 2667 2080 2726 advocans
2106 2667 2463 2743 parvulum,
2491 2666 2690 2725 statuit
2726 2683 2866 2725 eum
2905 2666 2968 2723 in
3003 2665 3236 2738 medie,
3266 2668 3325 2723 et

1776 2762 1924 2820 dixit
1952 2782 1967 2820 :
1997 2764 2187 2820 Amen
2231 2761 2368 2818 dico
2402 2760 2577 2819 vobis
2597 2802 2618 2831 ,
2658 2759 2772 2819 nisi
2808 2759 3147 2819 efficiamini
3176 2758 3325 2818 sicut

1772 2854 2041 2930 parvuli,
2094 2869 2217 2913 non
2260 2855 2549 2916 intrabitis
2592 2855 2658 2912 in
2708 2870 2963 2928 regnum
3011 2854 3321 2913 eoelorum.

1777 2948 2151 3022 Quicumque
2177 2947 2358 3021 igitur
2374 2963 2437 3006 se
2454 2947 2855 3007 humiliaverit
2872 2948 3022 3006 sicut
3037 2947 3323 3023 parvulus

1774 3041 1881 3101 iste
1899 3084 1919 3115 ,
1941 3042 2040 3100 hie
2068 3042 2176 3100 erit
2202 3042 2396 3114 major
2437 3042 2501 3100 in
2539 3057 2727 3114 regno
2769 3041 3075 3100 coelorum.
3104 3062 3135 3097 ι»
3169 3041 3325 3112 Quid

1775 3135 1974 3209 igitur,
2000 3134 2212 3193 fratres
2241 3135 2595 3208 charissimi,
2624 3151 2733 3210 per
2760 3135 2997 3194 diversa
3022 3134 3275 3193 nitimini
3291 3135 3322 3191 ⁴?

1776 3229 1925 3304 quid
1946 3229 2232 3288 laboratis
2258 3229 2321 3287 in
2346 3233 2587 3291 ventum
2602 3231 2632 3287 ‘i
2661 3230 2811 3301 Nisi,
2838 3230 3115 3305 superbia
3142 3229 3326 3304 depo·

1775 3322 1905 3395 sita,
1936 3323 2277 3382 efficiamini
2296 3324 2563 3399 parvuli,
2600 3340 2853 3398 regnum
2876 3339 3002 3382 non
3028 3321 3324 3397 accipietis

1774 3419 2058 3475 aeternum
2109 3438 2124 3475 z
2183 3421 2243 3476 et
2288 3420 2453 3477 tanto
2499 3418 2586 3476 ibi
2640 3419 2930 3492 majorem
2982 3416 3323 3477 obtinebitis

1774 3510 1974 3569 locum
2002 3553 2021 3582 ,
2076 3514 2302 3586 000010
2351 3512 2449 3570 hic
2499 3528 2623 3571 esse
2674 3512 2939 3587 poteritis
2991 3511 3316 3587 pai-viores.

1774 3610 1922 3665 Nm
1967 3609 2025 3666 0²
2052 3624 2277 3682 vapor,
2326 3613 2551 3682 quanto
2591 3608 2783 3682 magis
2827 3608 2904 3667 ab
2945 3607 3069 3668 imo
3104 3607 3317 3682 surgit,
3402 3625 3559 3668 axom-

1777 3702 1940 3759 tanto
1966 3700 2105 3776 plus
2132 3700 2195 3758 in
2220 3701 2409 3760 altum
2435 3703 2719 3761 ascendit.
2749 3702 2914 3761 Unde
2940 3718 3131 3778 vapor
3156 3717 3319 3761 reso-
3346 3687 3486 3743 ¹³¹¹²¹²¹·

1774 3792 1931 3851 lutus
1970 3811 2007 3852 a
2044 3799 2200 3853 terra
2214 3836 2234 3868 ,
2265 3811 2400 3870 0001
2425 3795 2561 3855 1000
2589 3800 2675 3855 001
2699 3796 2936 3869 infima,
2960 3811 3186 3871 vapore
3215 3796 3320 3870 qui

1774 3889 2089 3947 resolvitur
2114 3888 2194 3947 ab
2220 3904 2398 3965 aqua,
2423 3889 2738 3949 sublimius
2763 3891 3049 3951 elevatur.

1844 3986 2010 4041 Nunc
2049 3982 2260 4042 ultimo
2297 3983 2722 4057 praedicabitur
2766 3985 2841 4042 (10
2882 3983 3047 4044 fama
3085 3984 3319 4057 Sancti,

1775 4091 1961 4150 quam
1983 4077 2251 4136 excelsus
2271 4076 2337 4134 in
2364 4078 2539 4149 00110,
2563 4094 2749 4153 quam
2771 4079 3037 4137 famosus
3064 4078 3129 4136 in
3150 4093 3321 4137 mun-

1775 4167 1878 4228 do.
1907 4168 2072 4228 Unde
2098 4170 2196 4229 hic
2237 4170 2519 4245 ponenda
2564 4175 2701 4231 sunt
2741 4174 2869 4246 ejus
2908 4170 3233 4244 miracula,
3263 4176 3321 4231 et

1772 4263 2003 4338 11011010
2029 4263 2432 4338 praedicanda.
2477 4268 2599 4339 Ego
2625 4281 2816 4325 unum
2839 4264 3123 4337 referam,
3153 4264 3320 4340 quod

1773 4357 1892 4432 legi
1919 4359 2117 4434 ipsum
2139 4359 2344 4419 fecisse
2368 4361 2433 4419 in
2458 4360 2599 4419 vita.
2630 4362 2781 4420 Dum
2801 4360 2983 4432 enim,
3011 4358 3094 4419 ad
3114 4375 3321 4435 quem-

1775 4450 1918 4510 dam
1942 4456 2249 4512 mortuum
2273 4458 2340 4513 ut
2363 4454 2734 4529 praedicaret,
2753 4454 3032 4513 invitatus
3051 4470 3091 4513 a
3112 4468 3320 4529 paren·

1773 4545 1932 4604 tibus
1959 4550 2131 4621 esset,
2157 4547 2274 4606 hoc
2302 4547 2369 4606 in
2396 4548 2597 4607 thema
2616 4549 2930 4622 proposuit
2952 4548 2975 4586 ⁹
3005 4566 3020 4607 ε
3048 4568 3079 4603 a
3102 4548 3213 4606 Ubi
3235 4553 3323 4607 est

1771 4641 2083 4701 thesaurus
2110 4647 2279 4716 tuus,
2308 4644 2395 4703 ibi
2433 4647 2521 4702 est
2556 4648 2614 4702 et
2653 4659 2757 4702 cor
2792 4648 2995 4714 tuum3
3038 4662 3068 4699 11
3102 4641 3320 4702 deinde

1774 4735 2028 4809 addidit,
2080 4737 2248 4813 quod
2293 4754 2433 4796 cum
2478 4741 2749 4797 mortuus
2792 4752 2919 4796 non
2961 4739 3167 4807 Deum,
3206 4736 3317 4795 sed

1774 4845 1989 4888 aurum
2016 4834 2335 4900 amaverat,
2357 4847 2462 4891 cor
2485 4831 2669 4906 ipsius
2696 4846 2820 4892 non
2847 4833 2972 4890 erat
2999 4830 3065 4888 in
3091 4845 3189 4902 eo,
3210 4829 3319 4888 sed

1775 4939 1914 4982 cum
1955 4924 2101 4998 ipsis
2135 4924 2394 4984 denariis
2432 4924 2498 4983 in
2548 4924 2874 5000 marsupio.
2922 4930 3189 4999 Cumque
3226 4922 3317 4981 illi

1775 5018 2091 5093 diligenter
2117 5019 2513 5095 inquirerent,
2539 5035 2666 5080 noa
2690 5018 2935 5094 inipso,
2963 5017 3071 5077 sed
3097 5018 3316 5093 inipso

1773 5196 1836 5208 —
1859 5171 2109 5295 ''gram‘’
2138 5184 2287 5238 mn,
2310 5175 2393 5224 52.
2412 5197 2474 5210 -
2501 5173 2520 5202 ⁸
2548 5171 2695 5234 thid„
2722 5181 2875 5235 xvm,
2906 5173 3003 5222 1-4.
3025 5195 3089 5209 —
3112 5171 3134 5203 ⁹
3162 5169 3311 5237 ibid„

1775 5256 1828 5295 v1
1938 5280 1954 5295 .

1774 5279 1912 5456 ω’(α)
1956 5334 2083 5455 (ξεί.
2114 5334 2234 5388 edit.
2265 5333 2433 5386 valde.
2459 5359 2524 5372 —
2562 5331 2633 5398 (ὁ)
2680 5330 2832 5396 Vulq.
2867 5331 3099 5385 deu-chet
3136 5345 3221 5387 me
3254 5331 3310 5383 in

1827 5418 1967 5457 rram
2449 5414 2461 5433 ·
