4059 6317
1273 468 1377 537 DE
1419 464 1484 536 S.
1525 460 1884 536 NIGOLAO.
1930 464 2195 534 salmo
2238 467 2317 534 11.

201 594 519 673 christum,
558 607 852 680 quantum
900 600 981 663 ad
1040 604 1287 678 vestigia
1329 604 1634 682 potestatis
1677 603 1742 663 in

198 708 378 772 opere
406 708 734 770 agnorum.
765 700 913 756 Nam
935 698 1089 756 inter
1112 701 1349 757 sanctos
1372 708 1579 758 omnes
1600 702 1742 756 temae

193 789 442 865 poribus
467 791 589 849 suis
622 791 912 849 maximis·
932 791 1236 850 miraculis
1279 791 1491 852 claruit
1530 795 1588 851 et
1617 797 1741 850 stu·-

191 882 425 958 pendis,
452 883 604 942 sicut
630 883 707 943 de
735 899 808 943 eo
838 888 1041 944 sancta
1078 885 1333 945 Ecclesia
1370 886 1432 945 in
1473 886 1740 945 oratione

194 976 337 1035 dicit
364 995 381 1036 ε
413 982 577 1050 Dm,
601 983 703 1052 qui
726 980 940 1037 beatum
979 981 1265 1040 Nicolaum
1302 983 1601 1038 innumeris
1647 981 1741 1037 de-

192 1075 396 1129 corasti
427 1075 709 1130 miraculis
753 1093 773 1130 ε
821 1073 895 1131 de
950 1073 1169 1148 quibus
1214 1073 1491 1148 mdam
1530 1074 1593 1131 in
1637 1075 1742 1132 Le-

193 1164 390 1239 genda
418 1171 553 1225 sunt
577 1167 789 1242 posita,
812 1168 1090 1243 quaedam
1108 1185 1289 1243 supra
1313 1172 1571 1229 narrata.
1592 1170 1739 1228 Nam

194 1274 308 1333 ego
335 1276 526 1318 unum
558 1276 813 1335 ponam,
841 1264 898 1319 et
930 1261 1074 1321 alibi
1104 1262 1387 1338 scriptum
1416 1267 1522 1334 est,
1556 1278 1739 1338 quam

191 1353 255 1411 in
281 1353 412 1429 ipsa
432 1355 723 1428 Legenda.
752 1358 898 1414 Nam
928 1355 1051 1414 duo
1078 1352 1375 1416 scholares
1413 1354 1647 1416 nobiles
1682 1361 1742 1417 et

193 1446 403 1507 divites
423 1490 444 1520 ‚
499 1449 874 1525 multumque
927 1466 1132 1510 secum
1185 1452 1313 1510 auri
1374 1451 1701 1510 deferentes
1716 1492 1737 1522 ‚

189 1542 445 1603 Athenas
484 1543 565 1601 ad
600 1543 1150 1620 philosophandum
1184 1549 1528 1619 pergentes,
1574 1544 1739 1620 prius

190 1642 457 1698 sanctum
494 1634 803 1698 Nicolaum
838 1638 1045 1699 videre
1071 1641 1359 1712 volenteS,
1405 1642 1470 1701 ut
1505 1656 1568 1699 se
1613 1641 1739 1714 eius

190 1731 556 1792 orationibus
578 1733 1087 1804 commendarent,
1106 1734 1170 1792 in
1189 1735 1505 1807 civitatem,
1528 1734 1591 1793 in
1616 1749 1738 1809 qua

190 1826 449 1900 degebat
491 1827 843 1907 Episcopus,
891 1828 1279 1887 advenerunt.
1323 1831 1481 1900 Quos
1517 1828 1736 1903 hospes

190 1921 309 1978 tam
338 1918 548 1978 divites
586 1936 852 1992 cernens,
897 1921 1160 1995 maligno
1198 1922 1408 1998 spiritu
1442 1922 1737 1998 pulsatae,

190 2028 293 2072 eos
327 2012 561 2086 occidit,
603 2019 662 2072 et
687 2030 855 2074 more
880 2031 1203 2091 porcorum
1229 2018 1292 2074 in
1329 2016 1514 2075 frusta
1542 2013 1735 2074 conci-

190 2106 296 2178 dit,
321 2111 603 2166 eteorum
631 2124 838 2167 carnes
863 2109 927 2167 in
952 2126 1093 2169 vase
1122 2110 1333 2170 salivit.
1368 2110 1545 2181 Quod
1568 2125 1736 2168 sano-

187 2204 281 2260 tus
307 2200 580 2260 Nicolaus
608 2202 755 2260 dum
798 2203 876 2261 ab
913 2203 1140 2277 Angelo
1180 2205 1489 2278 cognovit,
1523 2204 1587 2262 in
1623 2204 1734 2262 do-

186 2310 353 2354 mum
380 2295 629 2371 hospitis
645 2313 788 2355 mox
816 2298 1079 2369 accessit,
1098 2301 1156 2356 et
1172 2298 1473 2373 quidquid
1494 2297 1731 2371 fecerat,

186 2387 501 2461 indicavit,
555 2405 812 2466 eumque
865 2390 1044 2450 valde
1108 2391 1331 2465 arguit,
1381 2395 1440 2451 et
1489 2392 1733 2451 tandem

187 2482 420 2541 orando
456 2498 675 2558 pueros
718 2483 1035 2543 suscitavit.
1076 2484 1224 2555 Quia
1267 2501 1410 2560 ergo
1449 2486 1513 2544 in
1550 2501 1731 2561 opere

184 2576 613 2636 miraculorum
641 2577 900 2636 imitatus
941 2579 1029 2636 est
1070 2578 1383 2650 Christum,
1417 2583 1611 2655 potest
1653 2579 1731 2638 de

186 2686 257 2730 eo
301 2669 523 2745 exponi
567 2669 720 2728 illud
768 2672 936 2745 quod
991 2671 1068 2730 de
1119 2673 1344 2731 Christo
1391 2672 1607 2732 dicitur
1650 2676 1669 2712 ¹
1709 2693 1726 2733 z

189 2782 220 2820 ι
244 2764 493 2823 Venient
515 2764 596 2823 ad
621 2768 711 2836 te,
739 2765 845 2840 qui
887 2765 1277 2826 detrahebant
1295 2767 1419 2826 -uhi
1434 2809 1455 2839 ‚
1491 2769 1550 2826 et
1575 2768 1727 2827 ado-

182 2857 400 2917 rabunt
440 2858 691 2933 vestigia
740 2854 966 2934 pedum
1029 2863 1287 2920 tuorum.
1343 2881 1373 2916 ιι
1429 2866 1727 2936 Rogemus

183 2967 326 3026 ergo
351 2952 693 3011 Dominum.

741 3107 1000 3171 SERMO
1043 3108 1096 3170 11
1119 3107 1166 3169 ¹.

246 3234 445 3293 smus
468 3250 616 3293 mem
643 3250 697 3293 es
735 3237 816 3307 tu,
851 3238 1025 3294 lsrael
1050 3234 1092 3290 ⁸.
1130 3237 1198 3294 Ut
1221 3235 1417 3296 verbis
1441 3238 1575 3296 utar
1607 3240 1723 3296 Au·

180 3328 394 3402 gustini
419 3330 467 3401 ⁸,
503 3349 532 3381 α
551 3327 700 3387 duas
724 3329 874 3388 vitas
900 3328 1014 3388 sibi
1051 3328 1333 3387 divinitus
1376 3330 1723 3404 praedicatas

177 3423 342 3481 novit
376 3421 668 3496 Ecclesia,
707 3438 962 3499 quarum
1002 3438 1124 3481 una
1151 3422 1365 3482 dicitur
1390 3424 1600 3496 activa,
1629 3424 1720 3484 al-

174 3518 296 3576 tera
321 3516 784 3591 contemplativa
811 3534 827 3575 ε
863 3518 1058 3593 prima
1083 3521 1170 3576 est
1204 3519 1266 3577 in
1303 3518 1425 3591 via,
1454 3520 1721 3579 secunda

174 3614 258 3669 em
277 3611 339 3669 in
364 3610 565 3687 p‘atria
601 3628 618 3668 t
655 3609 852 3686 prima
873 3610 936 3669 in
968 3612 1198 3684 labore,
1228 3613 1491 3671 secunda
1515 3613 1579 3671 in
1622 3630 1717 3673 re·

174 3706 350 3781 quie:
378 3706 582 3780 prima
607 3705 865 3765 declinat
906 3722 943 3764 a
968 3706 1153 3779 malo,
1192 3710 1251 3765 et
1282 3706 1420 3765 facit
1452 3707 1715 3783 bonum;

172 3798 434 3859 secunda
458 3798 694 3858 nullum
734 3798 977 3858 habeta
1002 3815 1126 3875 quo
1166 3799 1421 3859 declinet
1465 3800 1716 3874 malum,

171 3894 228 3952 et
265 3909 562 3968 magnum
602 3892 818 3966 habet,
873 3907 996 3968 quo
1048 3893 1414 3968 perfruatur,
1462 3893 1712 3954 bonum.

171 3991 488 4063 Propterea
520 3987 718 4063 prima
750 4000 888 4046 cum
929 3987 1097 4046 hoste
1142 3990 1369 4062 pugnat
1386 4006 1405 4061 3
1451 3987 1716 4047 secunda

170 4081 292 4140 sine
314 4082 488 4140 hoste
512 4085 740 4155 regnat.
768 4081 962 4139 Prima
988 4080 1253 4139 carnales
1280 4080 1560 4139 libidines
1587 4081 1716 4141 frae-

168 4181 294 4251 nat;
321 4175 588 4236 secunda
606 4176 823 4235 divinis
840 4174 1439 4251 contemplationibus
1464 4181 1656 4237 vacat.
1677 4199 1707 4234 ιι

168 4272 233 4330 Bt
256 4269 606 4331 concludit:
651 4288 681 4327 ι
706 4275 858 4344 Ergo
897 4269 1113 4345 prima,
1154 4269 1220 4328 id
1258 4274 1344 4327 est
1387 4270 1599 4342 activa,
1626 4276 1715 4330 est

165 4364 347 4438 bona,
377 4365 490 4424 sed
529 4364 726 4423 adhuc
761 4365 978 4423 misera
987 4383 1005 4437 3
1043 4363 1151 4422 sed
1190 4364 1482 4437 secunda,
1523 4365 1588 4423 id
1626 4369 1713 4425 est

168 4458 660 4534 contemplativa,
697 4462 784 4518 est
827 4457 1059 4529 melior,
1103 4458 1160 4515 et
1198 4457 1391 4516 beata.
1437 4478 1467 4513 ιι
1498 4459 1588 4517 Ab
1617 4459 1711 4518 his

165 4552 401 4613 duabus
425 4552 565 4611 vitis
581 4552 645 4610 in
667 4552 857 4611 verbo
876 4550 1184 4628 proemisso
1206 4551 1414 4610 beatus
1440 4551 1711 4612 Nicolaus

164 4646 621 4706 commendatur
649 4661 689 4705 a
714 4638 956 4704 Clu-isto.
998 4648 1144 4704 Nam
1181 4646 1374 4719 primo
1410 4662 1711 4705 commen-

164 4740 335 4800 datur
387 4740 470 4799 ab
519 4738 864 4798 excellentia
916 4739 1148 4814 operis,
1198 4740 1261 4797 in
1306 4739 1532 4812 activa,
1588 4756 1709 4815 qua

163 4834 358 4894 adbuc
384 4832 657 4893 mortalis
689 4832 967 4906 emicuit3
1021 4833 1283 4892 secundo
1321 4834 1708 4893 commenda-

160 4933 255 4987 tur
312 4928 395 4987 ab
457 4926 803 4985 excellentia
855 4925 1185 4984 dulcedinis
1239 4927 1303 4985 in
1349 4928 1708 5003 contempla·

160 5022 282 5080 tiva
303 5062 324 5093 ,
384 5034 574 5096 quam
622 5034 782 5079 nunc
842 5021 1085 5078 Sanctus
1139 5019 1490 5079 immortalis
1540 5037 1713 5080 acce·.

160 5114 267 5190 pit.
311 5115 579 5174 Primum
624 5126 769 5188 ergo
812 5114 1035 5189 spectat
1088 5113 1169 5172 ad
1224 5115 1534 5187 meritum,
1581 5131 1704 5191 quo

161 5207 509 5269 laboramus
551 5208 615 5267 in
658 5208 787 5283 via;
832 5205 1161 5267 seeundum
1198 5211 1395 5267 autem
1440 5208 1519 5267 ad
1559 5220 1708 5285 prae-

227 5334 243 5367 ¹
261 5335 383 5398 1³00,
404 5345 495 5397 u,
519 5336 596 5386 u.
615 5356 676 5373 -·
698 5334 718 5365 ²
737 5334 886 5385 Hunc
903 5332 1061 5384 habet
1075 5332 1200 5383 edit.
1223 5334 1419 5398 Hagen.
1443 5348 1526 5386 an.
1562 5338 1704 5386 1496.

164 5429 224 5443 —
249 5406 269 5437 ⁸
294 5407 417 5469 lca..
445 5417 589 5467 xmv,
616 5409 697 5458 21.
731 5431 785 5443 -
821 5404 845 5440 ὅ
870 5411 1024 5469 Aug„
1054 5406 1108 5454 in
1134 5405 1302 5466 loon„
1337 5409 1488 5457 tract.
1526 5416 1704 5471 cmv,

3277 459 3396 534 803

1849 601 2060 674 iulum,
2077 616 2200 677 quo
2215 603 2536 679 quiescitur
2550 603 2612 662 in
2627 602 2838 681 patria.
2859 603 3121 662 Primum
3135 604 3393 676 notatur,

1847 713 1986 755 cum
2008 696 2224 755 dicitur
2262 715 2278 755 :
2308 698 2502 756 Servus
2526 715 2675 757 metas
2703 715 2758 757 es
2796 705 2887 771 tu;
2930 697 3261 757 secundum
3285 706 3391 755 ve-⁶

1844 806 1937 859 ro,
1965 806 2103 849 cum
2130 791 2372 850 additur
2416 809 2432 849 ε
2476 794 2666 850 Israel.
2709 794 2886 852 lsrael
2910 792 3075 861 enim
3109 793 3391 867 iuterpre·
3459 797 3597 843 rur-01

1844 886 2001 942 tatur
2014 887 2106 942 vir
2123 887 2311 943 videns
2333 887 2518 945 Deum.
2537 890 2601 945 Et
2617 884 2910 961 siguificat
2921 886 3114 945 virum
3127 886 3387 957 beatum,
3462 861 3587 917 ΨΜ·

1848 979 1906 1036 et
1932 977 2138 1036 divina
2160 978 2391 1038 visione
2420 980 2712 1040 dotatum.
2758 980 3029 1038 Dicamus
3073 992 3239 1053 ergo,
3268 980 3392 1039 sive

1844 1071 2044 1147 potius
2073 1072 2231 1131 dicat
2255 1073 2516 1132 Christus
2547 1093 2563 1132 ε
2590 1077 2947 1134 Servusmeus
2974 1086 3029 1132 es
3056 1079 3136 1132 tn.
3168 1077 3263 1133 Est
3283 1073 3393 1147 igi·

1844 1168 1939 1224 tur
1980 1165 2313 1225 notandum
2366 1168 2444 1226 ad
2498 1166 2943 1227 instructionem
2983 1168 3352 1227 audientium
3372 1211 3390 1241 ,

1844 1259 2012 1334 quod
2041 1259 2288 1334 quidam
2320 1261 2636 1321 hominum
2676 1263 2939 1321 serviunt
2972 1262 3223 1335 mundo,
3262 1276 3392 1321 cor·

1841 1354 1976 1427 pori
2001 1370 2133 1424 suo,
2160 1354 2430 1427 diaboIO,
2457 1356 2704 1415 Christo.
2746 1359 2893 1415 Nam
2927 1358 3189 1415 serviunt
3219 1368 3393 1415 mun-

1845 1447 1926 1506 do
1955 1447 2178 1523 cupidi,
2212 1452 2270 1507 et
2296 1449 2490 1524 avari3
2523 1451 2787 1509 serviunt
2818 1450 3009 1510 ventri
3035 1464 3144 1511 suo
3171 1451 3387 1525 gulosi,

1845 1544 1904 1600 et
1928 1540 2163 1616 lascivi;
2204 1544 2468 1603 serviunt
2492 1544 2738 1605 diabolo
2763 1544 2978 1604 tumidi
3010 1546 3067 1604 et
3111 1544 3352 1621 superbi
3367 1565 3387 1619 ς

1843 1635 1951 1693 sed
1976 1636 2240 1695 serviunt
2267 1636 2491 1696 Christo
2518 1638 2776 1697 humiles
2802 1642 2860 1697 et
2886 1639 3120 1713 abjecti.

1912 1730 2059 1788 Sunt
2083 1729 2262 1803 igitur
2302 1730 2550 1806 quidam
2594 1732 2907 1791 bominum
2927 1776 2946 1805 ,
2987 1733 3091 1809 qui
3121 1734 3390 1794 serviunt

1840 1823 2243 1898 principaliter
2267 1824 2521 1896 mundo,
2548 1826 2697 1884 sicut
2724 1840 2932 1886 omnes
2959 1827 3141 1899 avari,
3162 1830 3387 1887 etmer-

1841 1926 2069 1980 catores
2087 1922 2253 1996 mali,
2273 1927 2560 1998 raptoreS,
2582 1928 2639 1982 et
2663 1924 2937 1997 usurarii,
2952 1925 3179 1999 judices
3205 1928 3384 1986 etad-

1838 2017 2035 2074 vocati
2053 2058 2073 2087 ,
2102 2020 2158 2074 et
2190 2018 2583 2076 communiter
2609 2018 2906 2093 principes
2947 2022 3004 2077 et
3036 2021 3290 2095 tyranni.
3319 2020 3385 2080 Hi

1842 2110 2010 2183 quasi
2036 2124 2244 2167 omnes
2274 2110 2529 2184 diligunt
2553 2111 2690 2188 plus
2716 2126 2929 2171 aurum
2960 2129 3143 2188 quam
3174 2116 3384 2185 Deum,

1837 2200 1962 2260 lmo
2006 2202 2143 2277 plus
2186 2218 2439 2278 equum,
2490 2220 2680 2263 unum
2724 2205 2994 2279 asinum,
3043 2206 3230 2265 immo
3275 2222 3381 2266 εω-

1836 2295 1973 2370 pius
1998 2313 2189 2355 unum
2230 2299 2538 2357 modicum
2576 2315 2924 2371 nummum,
2965 2316 3150 2376 quam
3190 2300 3381 2360 Chris·

1836 2392 1983 2447 tum.
2024 2390 2297 2449 Probatio
2333 2391 2511 2465 hujus
2540 2397 2626 2450 est
2654 2410 2669 2450 ε
2701 2392 2970 2469 quiapro
2992 2408 3115 2453 uno
3130 2410 3380 2454 nummo

1836 2483 2203 2557 acquirendo
2217 2529 2236 2559 ‚
2279 2485 2513 2543 mentiri
2555 2489 2614 2543 et
2652 2487 2959 2561 periurare
2998 2503 3123 2546 non
3151 2492 3381 2563 curant,

1837 2582 1894 2635 et
1916 2592 2232 2636 nummum
2275 2579 2322 2635 si
2362 2580 2650 2653 perdant,
2676 2581 2988 2654 pulverem
3024 2590 3194 2641 more
3237 2582 3380 2655 galli

1834 2670 2081 2729 sollicite
2106 2674 2365 2743 versant,
2397 2688 2507 2731 nec
2538 2677 2787 2747 cessant,
2818 2674 3012 2734 donec
3036 2676 3377 2749 inveniant3

1833 2764 1940 2822 sed
1967 2764 2044 2823 de
2084 2765 2310 2826 Christo
2339 2766 2571 2841 perdito
2609 2768 2760 2826 nihil
2802 2770 3043 2842 curant,
3087 2769 3170 2828 ita
3210 2772 3378 2846 quod

1832 2873 1987 2932 saepe
2011 2857 2075 2915 in
2120 2860 2244 2918 tota
2285 2859 2409 2919 vita
2449 2877 2559 2919 sua
2600 2861 2704 2919 vix
2746 2861 2929 2921 semel
2967 2864 3376 2937 poenitentiam

1830 2952 2142 3028 accipiant,
2189 2955 2332 3013 Sunt
2358 2956 2517 3012 enim
2554 2954 2700 3013 tales
2723 2955 2877 3014 luda
2917 2958 3149 3031 pejores
3182 2976 3199 3016 ε
3231 2958 3377 3034 quia

1828 3045 1932 3104 ille
1957 3046 2197 3119 triginta
2242 3047 2498 3106 denariis
2534 3048 2802 3107 vendidit
2850 3048 3164 3123 Christum,
3192 3060 3375 3128 quem

1826 3139 1977 3200 forte
2002 3140 2310 3200 hominem
2352 3142 2633 3201 credebat
2671 3158 2798 3202 esse
2845 3160 3092 3219 purum3
3137 3146 3231 3204 isti
3257 3160 3370 3222 pro

1827 3248 1952 3294 uno
2023 3235 2272 3295 denario
2329 3235 2599 3295 vendunt
2650 3236 2941 3296 Christum
2972 3281 2994 3310 ,
3066 3238 3189 3298 imo
3261 3240 3373 3298 ali-

1827 3327 2072 3402 quando
2106 3345 2219 3387 neo
2245 3328 2549 3388 lucrantur
2579 3346 2894 3389 nummum
2908 3373 2929 3403 ,
2955 3349 3066 3407 pro
3096 3346 3219 3408 quo
3245 3335 3367 3392 tra·

1827 3422 1978 3481 dunt
2001 3438 2160 3495 eum,
2190 3439 2371 3498 quem
2399 3426 2598 3482 tamen
2626 3424 2874 3482 credunt
2900 3441 3027 3484 esse
3057 3428 3272 3498 Deum,
3312 3432 3370 3486 et

1819 3516 2084 3589 judicem
2112 3530 2237 3573 esse
2262 3519 2602 3587 venturum,
2619 3516 2717 3576 vel
2730 3517 3012 3577 futurum.
3036 3520 3204 3578 Tales
3220 3530 3364 3594 ergo

1823 3614 2140 3668 monentur
2176 3609 2239 3668 in
2272 3611 2467 3685 prima
2507 3612 2804 3670 canonica
2837 3614 3156 3671 loannis⁸z
3192 3633 3223 3669 α
3244 3616 3359 3674 No-

1822 3701 1923 3762 lite
1951 3702 2200 3776 diligere
2228 3702 2542 3775 mundum,
2559 3720 2757 3780 neque
2785 3721 2877 3778 ea,
2897 3707 3106 3780 quasin
3137 3708 3365 3767 mundo

1822 3799 1960 3854 sunt
1989 3796 2171 3871 :quia
2194 3813 2372 3856 omne
2401 3798 2568 3872 quod
2593 3798 2657 3856 in
2683 3798 2944 3872 mundo,
2967 3818 2998 3855 ιι
3033 3803 3142 3859 etc.
3172 3802 3364 3871 Quare

1823 3889 2084 3948 mundus
2111 3889 2448 3964 diligendus
2473 3907 2598 3950 non
2626 3896 2733 3965 est,
2762 3907 2872 3950 neo
2898 3892 2953 3950 ei
2982 3893 3363 3952 serviendum

1819 3988 1937 4056 est,
1968 3983 2113 4059 quia
2138 3987 2256 4042 Deo
2284 3986 2612 4043 contrarius
2651 3989 2756 4044 est.
2805 3989 3050 4062 Propter
3075 3987 3243 4062 quod
3270 3987 3360 4046 di·

1819 4079 1969 4136 citur
1991 4077 2016 4112 ⁸
2060 4095 2075 4135 :
2121 4100 2149 4129 κ
2195 4080 2379 4137 Nemo
2414 4082 2607 4154 potest
2652 4079 2891 4139 duobus
2936 4080 3196 4140 dominis
3238 4097 3359 4140 ser-

1816 4172 1965 4244 vire,
1995 4192 2028 4226 »
2059 4171 2280 4229 scilicet
2304 4174 2455 4246 Deo,
2489 4177 2546 4231 et
2584 4189 2963 4233 mammonas.
3002 4176 3141 4233 {tem
3180 4186 3358 4234 mun·-

1817 4265 1930 4323 dus
1957 4264 2296 4338 diligendus
2331 4281 2456 4324 non
2491 4270 2597 4338 est,
2626 4283 2737 4325 nec
2763 4268 2818 4325 ei
2845 4267 3221 4327 serviendum
3249 4272 3354 4342 est,

1816 4359 1958 4435 quia
1984 4376 2123 4418 eum
2150 4359 2224 4418 sit
2246 4376 2468 4432 vanus,
2496 4375 2700 4420 servos
2739 4378 2879 4421 suos
2921 4363 3209 4438 adjuvare
3232 4376 3355 4424 non

1813 4457 2006 4529 potest
2035 4471 2050 4510 :
2079 4453 2187 4512 ubi
2210 4454 2370 4512 enim
2398 4459 2534 4513 sunt
2557 4456 2821 4530 tyranni,
2851 4457 2956 4531 qui
2987 4457 3172 4516 modo
3218 4457 3355 4516 facti

1813 4550 1948 4605 sunt
1976 4547 2169 4606 servi?
2194 4550 2342 4605 Nam
2364 4547 2695 4607 Alexander
2721 4552 2765 4622 ⁷,
2795 4554 3113 4626 postquam
3166 4555 3355 4611 totum
3405 4556 3568 4601 ⁸¹⁸0·

1814 4641 2024 4701 orbem
2050 4641 2115 4699 in
2143 4641 2366 4701 oriente
2393 4642 2671 4715 obtinuit,
2702 4646 2760 4702 et
2789 4644 2967 4703 totius
3001 4644 3249 4720 europus
3274 4646 3354 4705 10-
3418 4618 3558 4674 μω·

1812 4740 1981 4809 gatos
2008 4736 2254 4811 accepit,
2281 4736 2479 4796 subito
2505 4752 2740 4797 veneno
2765 4738 3003 4798 interiit.
3034 4741 3097 4797 ln
3125 4744 3351 4799 tantum

1810 4830 1968 4889 enim
2024 4829 2356 4889 Alexander
2406 4831 2659 4905 cupidus
2712 4832 2849 4906 luit,
2897 4837 2964 4892 ut
3008 4832 3122 4892 sibi
3165 4838 3352 4892 totum

1810 4925 2105 4985 mundum
2152 4926 2422 4986 sufficere
2465 4944 2640 5003 posse
2689 4944 2815 4988 non
2860 4929 3145 4988 crederet.
3184 4929 3349 4989 Unde

1811 5034 1947 5079 cum
2001 5020 2250 5095 quidam
2299 5019 2692 5096 philosophus
2741 5022 2856 5081 sibi
2912 5023 3133 5081 diceret
3179 5024 3348 5097 quod

1809 5114 1979 5173 multi
2021 5118 2212 5172 essent
2255 5114 2499 5187 mundi,
2547 5112 2870 5190 cogitabat,
2917 5120 2975 5175 et
3021 5116 3349 5175 aestimabat

1809 5207 2121 5285 quomodo
2149 5208 2432 5267 omnibus
2474 5208 2767 5284 imperare
2802 5212 3020 5285 posset.
3048 5211 3216 5270 Ratio
3243 5225 3350 5270 au-

1809 5349 1865 5385 n.
1901 5337 1950 5385 5.
1981 5361 2041 5371 —
2080 5334 2102 5370 ⁸
2138 5336 2149 5383 Ι
2184 5335 2351 5395 Ιοαη.,
2392 5347 2460 5399 ιι,
2499 5339 2667 5387 15-16.
2700 5363 2760 5375 -
2792 5338 2812 5368 ⁸
2842 5336 3044 5400 North„
3070 5339 3347 5400 v1,2t.-·

1811 5408 1828 5437 ⁷
1851 5405 2105 5458 Plutarch.
2346 5428 2351 5431 Δ
