4059 6317
726 462 848 528 450

728 597 796 662 in
820 614 1104 663 errorem
1127 596 1321 682 lapsi,
1365 599 1607 665 tardius
1658 599 2097 682 corrigantur,
2126 616 2264 664 rec-

725 710 868 772 tum
907 707 1297 772 aestimantes
1338 709 1649 793 quidquid
1691 708 1971 786 faciunt,
2011 711 2076 772 et
2102 707 2268 771 sicut

724 815 1121 880 extolluntur
1149 816 1411 897 virtute,
1441 816 1532 881 sic
1547 817 1703 882 vitio
1722 814 2265 900 perseverantiam

716 921 1036 1004 jungunt.
1062 945 1094 983 n

803 1029 1114 1110 Secunde,
1145 1047 1332 1114 surae
1359 1032 1441 1096 ab
1467 1030 1780 1096 illecebris
1806 1028 2077 1094 carnalis
2103 1046 2264 1093 con-

721 1137 1123 1221 cupiscentiae
1146 1140 1580 1204 deformantiS.
1611 1138 1789 1204 Unde
1819 1139 1873 1201 ¹:
1904 1160 1936 1198 α
1954 1137 2259 1217 Surgam,

721 1250 785 1310 et
809 1247 915 1311 ibo
943 1248 1026 1313 ad
1052 1252 1298 1330 patrem
1325 1267 1567 1327 meum,
1590 1253 1653 1313 et
1674 1248 1880 1313 dicam
1907 1247 1967 1311 ei
1997 1267 2013 1309 :
2051 1245 2260 1324 Pater,

720 1354 976 1437 peccavi
1001 1354 1071 1419 in
1097 1356 1353 1436 coelum,
1385 1359 1449 1421 et
1475 1373 1691 1421 coram
1719 1359 1804 1420 te.
1843 1377 1874 1415 n
1914 1352 2036 1419 Per
2062 1353 2261 1417 istum

718 1460 1046 1527 hominem
1073 1464 1415 1548 prodigum
1438 1463 1820 1546 intelligitur
1846 1463 2044 1527 homo
2063 1460 2260 1525 luxu-

718 1569 949 1636 riosus,
974 1569 1150 1637 Unde
1167 1577 1231 1637 et
1247 1571 1713 1640 adolescentior
1725 1571 1980 1648 dicitur,
1995 1588 2073 1634 eo
2090 1568 2261 1652 quod

717 1678 968 1757 vanior,
1004 1683 1067 1744 et
1117 1680 1198 1746 ad
1245 1681 1527 1745 carnalia
1572 1680 2024 1744 delectamenta
2050 1676 2262 1758 magis

716 1783 995 1850 intentus
1024 1809 1040 1851 ι
1071 1806 1200 1869 qua
1226 1789 1311 1871 (a)
1341 1793 1550 1853 erecta
1565 1787 1809 1852 cervice
1839 1786 1993 1868 petit
2022 1785 2259 1869 portio-

716 1910 865 1958 nem
891 1894 1284 1975 suhstantiae,
1315 1896 1587 1961 volendo
1618 1897 1714 1960 uti
1741 1896 1943 1960 libero
1964 1893 2255 1971 arbitrie,

714 2006 789 2064 ut
811 2019 943 2065 non
964 2004 1101 2084 jam
1123 2003 1474 2068 secundum
1507 2004 1852 2086 imperium
1882 2003 2119 2068 divinae
2140 2019 2255 2066 vo·-

714 2106 976 2173 luntatis
985 2156 1007 2188 ,
1050 2109 1160 2174 sed
1208 2110 1565 2176 secundum
1618 2115 1853 2177 nutum
1910 2109 2259 2180 voluntatis

712 2232 850 2280 suae
875 2215 1145 2281 incedat.
1173 2215 1344 2282 Beda
1367 2220 1391 2254 ¹
1415 2241 1430 2284 ι
1462 2241 1494 2278 α
1513 2215 1969 2298 Substantiam,
1988 2222 2052 2282 et
2065 2234 2257 2281 omne

713 2323 886 2406 quod
911 2325 1196 2407 agimus,
1229 2326 1511 2393 vivimus
1538 2332 1602 2394 et
1629 2328 1915 2411 sapimus
1935 2374 1956 2405 ,
2002 2325 2250 2406 cogita·

714 2449 859 2494 mus
884 2437 948 2495 et
971 2432 1318 2515 loquimur,
1351 2436 1596 2519 rumpit
1640 2435 2024 2519 petulantia,
2072 2433 2256 2497 malis

711 2537 1029 2621 dispensat
1053 2539 1332 2606 libertas.
1361 2564 1392 2603 υ
1445 2542 1523 2607 Et
1549 2548 1703 2607 tunc
1744 2543 1910 2609 abiit
1944 2544 2019 2608 in
2043 2542 2248 2624 reqio-

708 2661 852 2711 nem
896 2645 1318 2730 lonqinquam
1337 2696 1360 2728 ,
1411 2650 1835 2734 perpetrando
1892 2653 2249 2733 peceatum.

710 2751 926 2818 Glossa
947 2759 971 2794 ⁸
1001 2776 1016 2818 ε
1059 2778 1090 2815 α
1116 2756 1291 2820 Abiit
1318 2757 1387 2821 in
1426 2758 1761 2840 regionem
1817 2758 2246 2839 longinquam

707 2879 841 2926 non
868 2863 1172 2928 mutando
1202 2865 1446 2944 locum,
1488 2866 1599 2931 sed
1641 2867 1955 2930 animum.
2002 2865 2253 2942 Quanto

707 2968 851 3050 quis
877 2970 948 3033 in
970 2989 1167 3053 pravo
1194 2972 1528 3056 delinquit,
1557 2977 1737 3038 tanto
1763 2991 1802 3036 a
1821 2971 1931 3037 Dei
1952 2970 2250 3036 similitu-

706 3074 856 3140 dine
879 3077 1114 3141 recedit
1138 3077 1575 3162 longinquius.
1605 3101 1635 3139 »
1666 3078 1975 3143 Adhaeret
2002 3082 2125 3144 uni
2151 3079 2247 3143 oi-

703 3184 909 3262 vium,
940 3183 1007 3248 id
1049 3189 1145 3248 est
1180 3185 1430 3250 diabolo
1450 3234 1469 3266 ,
1528 3188 1670 3268 ejus
1711 3188 2110 3251 voluntatem
2153 3186 2248 3249 fa-

706 3290 968 3369 ciendo;
999 3295 1065 3355 et
1087 3293 1315 3358 merito
1351 3293 1652 3358 recedens
1700 3311 1740 3357 a
1789 3293 1901 3357 Dei
1947 3292 2249 3357 similitu-

707 3396 886 3475 dine,
934 3398 1172 3463 accedit
1214 3405 1502 3482 peccator
1536 3400 1617 3465 ad
1655 3400 2023 3465 daemonum
2068 3398 2250 3463 simi-

706 3501 1074 3585 litudinem,
1133 3524 1296 3589 quos
1346 3509 1644 3573 continue
1696 3507 2034 3591 pascebat,
2092 3507 2249 3571 dum

707 3611 917 3675 carnis
941 3612 1297 3696 voluptates
1336 3632 1467 3678 non
1510 3614 1858 3680 deserebat.
1909 3612 2252 3696 Propterea

707 3718 1007 3801 expendit
1019 3719 1239 3783 omnia
1254 3719 1422 3783 bona
1438 3721 1754 3784 naturalia
1772 3721 2049 3785 vivendo
2064 3720 2250 3783 luxu·
2292 3809 2303 3820 ι

707 3824 896 3904 riose,
928 3830 990 3890 et
1015 3826 1192 3909 cupit
1223 3825 1488 3910 implere
1511 3833 1803 3893 ventrem
1831 3846 2025 3892 suum
2057 3827 2135 3891 de
2160 3825 2244 3889 si-

706 3930 919 4014 liquis,
949 3951 1110 4014 quas
1139 3933 1313 4016 porci
1339 3935 1780 4016 comedebant,
1828 3935 1894 3999 id
1922 3938 2041 4014 est,
2073 3934 2246 4016 cupit

707 4039 1076 4105 adinvenire
1119 4045 1375 4124 peccata
1422 4042 1670 4106 diversa
1697 4043 1929 4106 carniS.
1969 4041 2243 4125 Siliqua,

705 4151 781 4211 ut
807 4147 955 4228 dicit
981 4147 1221 4229 Glossa,
1250 4152 1348 4213 est
1381 4150 1701 4232 quoddam
1728 4167 1938 4230 genus
1972 4149 2249 4230 legumi-

703 4255 805 4319 nis
830 4274 1138 4321 sonorum
1164 4260 1228 4321 et
1255 4276 1554 4336 vacuum,
1578 4275 1709 4339 quo
1723 4258 1937 4339 magis
1955 4260 2246 4322 ventrem

705 4366 928 4428 onerat
954 4382 1149 4446 quam
1176 4363 1454 4443 reficiat;
1500 4370 1564 4427 et
1607 4364 1931 4444 significat
1970 4362 2242 4427 delecta-

708 4469 907 4533 tiones
953 4470 1291 4550 vitiorum,
1335 4487 1482 4550 quae
1530 4470 1760 4533 satiant
1815 4475 1879 4534 et
1935 4467 2247 4533 delectant

704 4577 987 4641 exterius
1014 4594 1273 4660 corpus,
1305 4581 1370 4640 et
1393 4578 1569 4641 intus
1610 4577 1893 4641 animam
1937 4595 2069 4642 non
2095 4577 2243 4641 refl-

705 4684 920 4763 ciunt,
977 4686 1109 4749 imo
1166 4690 1454 4749 onerant.
1510 4685 1597 4753 Et
1639 4701 1821 4752 nemo
1867 4686 1973 4754 illi
2025 4685 2243 4765 dabat,

704 4791 858 4875 quia
886 4810 1005 4855 nec
1030 4793 1101 4855 in
1130 4790 1231 4855 his
1245 4794 1543 4857 omnibus
1560 4793 1851 4873 satiatur,
1874 4797 1937 4857 et
1953 4793 2243 4877 frequen-

703 4903 801 4964 ter
828 4900 942 4964 ubi
969 4901 1167 4965 credit
1192 4900 1481 4965 invenire
1504 4901 1968 4979 delectationeS,
2001 4901 2248 4966 invenit

705 5009 1186 5074 amaritudines.
1219 5008 1344 5073 Sed
1378 5007 1636 5073 tandem
1662 5009 1886 5073 videns
1914 5027 1982 5073 se
2006 5009 2074 5072 in
2101 5013 2242 5072 tan-

703 5116 788 5181 tis
826 5118 1363 5183 amaritudinibus
1395 5120 1460 5182 et
1511 5117 1785 5184 miseriis
1838 5122 2246 5200 peccatorum

775 5318 792 5352 ¹
826 5314 964 5379 Luc,
1004 5327 1093 5381 ιν,
1135 5319 1209 5367 18.
1244 5342 1300 5354 —
1338 5319 1362 5352 ²
1396 5315 1521 5366 ned.
1548 5339 1613 5352 -—·
1647 5314 1669 5349 ⁸
1703 5315 1868 5366 Glons.
1904 5329 1967 5366 ex
2007 5316 2154 5377 Bed„
2192 5319 2248 5367 in

706 5383 968 5508 ff5''1‹¹>ib‘
1012 5387 1099 5451 lv,
1133 5399 1181 5438 c.
1219 5389 1298 5438 63.
1336 5412 1398 5425 -
1439 5386 1457 5416 ⁴
1496 5387 1624 5450 Act„
1659 5397 1768 5449 ιη,
1805 5388 1854 5436 Ἰ.
1885 5412 1947 5424 -
1986 5388 2008 5423 ⁸
2048 5388 2062 5437 Ι
2102 5388 2241 5452 Req„

798 5493 818 5521 ,
913 5494 923 5507 .

1827 431 2243 530 scaliones
2284 459 2387 528 na
2426 460 2814 530 TEMPORE.

2372 602 2785 681 prostratum,
2820 599 2913 665 ad
2945 615 3011 665 se
3034 615 3324 667 reversus
3372 601 3448 683 (b)
3480 620 3593 685 per
3635 604 3742 670 sui
3761 622 3900 669 con-

2373 706 2850 787 siderationem,
2880 711 2945 771 et
2984 708 3222 791 peccati
3260 710 3800 791 recognitionem,
3824 711 3907 776 di·

2371 814 2458 878 cit
2502 816 2576 898 (c)
2619 817 2988 898 :Surqam,
3047 835 3164 899 per
3215 816 3367 880 mali
3415 817 3655 899 peccati
3703 818 3904 882 deser-

2372 920 2607 986 tionem
2654 922 2795 987 sive
2836 922 3322 989 declinationem
3337 946 3355 1002 ;
3407 924 3492 991 Et
3534 924 3645 1000 ibo,
3682 924 3776 991 ad
3792 942 3900 1007 pa·

2372 1034 2531 1094 trem
2570 1046 2805 1108 meum,
2838 1048 2951 1112 per
2992 1030 3145 1095 boni
3188 1032 3679 1115 incoeptionem
3713 1033 3795 1100 Et
3817 1032 3904 1099 dt-

2368 1153 2532 1215 cam,
2560 1155 2674 1219 per
2700 1137 2831 1202 oris
2857 1138 3315 1203 confessionem
3358 1161 3373 1203 :
3406 1137 3631 1220 Pater,
3654 1142 3902 1221 peccavi

2368 1245 2445 1310 in
2470 1246 2717 1325 coelum,
2748 1245 2817 1309 in
2842 1251 3280 1329 contemptum
3300 1249 3654 1331 majestatis
3679 1249 3899 1315 divinae

2366 1353 2673 1418 omnibus
2699 1354 3212 1436 praeeminentis3
3260 1355 3347 1423 Et
3371 1371 3589 1422 coram
3615 1361 3701 1436 te,
3733 1375 3901 1440 prop-
3992 1338 4005 1358 ⁸

2366 1464 2464 1524 ter
2489 1464 2930 1544 contemptum
2975 1453 3258 1526 vei-itatis
3302 1463 3522 1527 omnia
3566 1466 3896 1529 cernentis.

2370 1568 2515 1634 Ideo
2570 1585 2702 1636 non
2751 1585 2897 1635 sum
2936 1569 3176 1654 di'qnus
3232 1574 3453 1638 vocari
3498 1571 3691 1652 filius
3746 1580 3912 1664 ntus„

2364 1682 2625 1761 propter
2680 1682 3118 1761 contemptum
3174 1679 3471 1744 bonitatis
3490 1728 3510 1760 ,
3577 1681 3791 1746 bonos
3846 1683 3898 1745 in

2364 1784 2530 1850 filios
2555 1785 2931 1869 adoptantis.
2964 1787 3166 1864 Quem
3195 1786 3358 1851 Deus
3386 1786 3579 1852 Pater
3615 1788 3897 1870 astringit

2363 1909 2479 1973 per
2506 1892 2878 1976 amplexum
2904 1893 3232 1957 charitatis
3252 1942 3271 1974 ,
3302 1899 3366 1959 et
3394 1895 3670 1978 suscipit
3706 1896 3789 1960 ad
3815 1915 3896 1960 os·

2365 2000 2587 2065 culum
2632 2002 2806 2083 pacis
2825 2049 2842 2077 ,
2885 2001 3259 2085 proferendo
3304 2001 3533 2068 stolam
3592 2002 3900 2068 interior‘ss

2364 2107 2680 2188 puritatis,
2709 2112 2773 2172 et
2798 2108 3120 2174 induendo
3149 2115 3389 2175 vestem
3418 2111 3774 2175 exterioris
3794 2110 3900 2175 ho-

2364 2215 2648 2278 nestatis.

2444 2319 2676 2399 Tei-tin,
2725 2339 2915 2406 surae
2956 2342 2998 2388 a
3050 2324 3473 2407 praesidentiis
3512 2325 3903 2391 crudelitatis

2361 2429 2715 2495 diabolicae.
2756 2431 2934 2498 Unde
2957 2433 2979 2468 ⁸
3018 2456 3033 2498 :
3072 2457 3103 2496 ι
3130 2433 3341 2517 Surge
3380 2435 3737 2516 yelociter,
3762 2437 3907 2519 quia

2361 2538 2724 2604 ceciderunt
2750 2543 2989 2605 catenae
3018 2541 3094 2606 de
3115 2543 3408 2607 manibus
3421 2544 3578 2608 tuis.
3616 2567 3650 2602 a·
3684 2542 3904 2608 Petrus

2361 2647 2605 2729 positus
2648 2647 2720 2711 in
2763 2648 3039 2713 vinculis
3076 2650 3297 2715 ferreis
3315 2699 3332 2727 ,
3370 2669 3452 2715 ex
3480 2651 3569 2733 (d)
3601 2651 3905 2718 diabolica

2361 2755 2824 2836 suggestione,
2871 2761 2934 2821 et
2974 2757 3097 2821 sub
3135 2758 3423 2823 custodia
3474 2758 3757 2823 militum
3780 2808 3798 2838 ,
3834 2765 3908 2823 ut

2361 2862 2805 2944 interficiatur,
2846 2865 3168 2947 significat
3207 2871 3601 2949 peccatorem
3626 2868 3907 2951 ligatum

2360 2968 2634 3036 vinculis
2652 2972 2978 3037 diabolicae
2993 2973 3260 3052 fraudiS,
3282 2978 3346 3038 et
3360 2975 3642 3057 positum
3680 2977 3756 3058 (e)
3786 2975 3907 3041 suh

2361 3080 2644 3145 custodia
2691 3081 3059 3146 daemonum
3111 3081 3193 3147 ad
3243 3082 3641 3165 perdendum
3698 3087 3908 3147 morte

2360 3186 2786 3252 damnationis
2831 3193 3131 3255 aeternae.
3163 3188 3281 3253 Hic
3325 3193 3543 3254 autem
3588 3190 3911 3254 excitatur

2358 3294 2441 3359 ad
2467 3294 2866 3376 surgendum
2916 3297 3209 3378 angelica
3249 3295 3721 3375 admonitione,
3753 3297 3911 3380 quia

2357 3419 2473 3484 per
2508 3403 2827 3467 auxilium
2859 3403 3114 3468 virtutis
3156 3404 3408 3482 Christi,
3439 3404 3911 3485 conti-ingentis

2358 3527 2558 3574 aereas
2583 3514 2797 3592 portas
2824 3510 3146 3575 diabolicae
3174 3511 3477 3575 custodiae
3496 3560 3515 3588 ,
3540 3510 3913 3575 ceciderunt

2358 3624 2596 3683 catenae
2634 3617 2965 3684 diabolieae
3004 3617 3247 3682 fraudis
3289 3618 3368 3682 de
3414 3618 3715 3682 manibus
3761 3636 3909 3682 ma-

2358 3725 2570 3791 lorum
2599 3745 2868 3809 operum
2908 3729 3072 3809 ejus.
3115 3725 3203 3790 De
3252 3725 3355 3790 his
3394 3725 3692 3789 similiter
3742 3725 3905 3790 dici-

2356 3838 2465 3900 tur
2493 3841 2515 3876 ⁸
2546 3856 2561 3899 :
2600 3858 2631 3897 ι
2655 3833 2950 3908 Surrexit
2984 3832 3184 3898 David
3227 3833 3296 3896 in
3332 3833 3435 3898 die
3459 3832 3567 3897 illa
3587 3882 3606 3912 ,
3640 3837 3705 3897 et
3732 3832 3909 3914 fugit

2356 3962 2397 4007 a
2419 3942 2577 4007 facie
2602 3940 2777 4007 Saul.
2808 3965 2842 4002 ι)
2890 3941 3045 4006 Saul
3088 3941 3201 4025 qui
3243 3942 3703 4024 interpretatur
3744 3939 3909 4006 abu-

2356 4053 2528 4126 len-8,
2571 4056 2635 4114 et
2677 4050 2998 4131 significat
3038 4048 3365 4113 diabolum
3388 4097 3406 4128 ,
3459 4048 3571 4131 qui
3613 4049 3909 4114 abutitur

2355 4158 2662 4222 creaturis
2696 4155 2839 4236 Dei,
2870 4157 2949 4220 de
2974 4157 3162 4239 cujus
3190 4159 3494 4237 potestate
3535 4155 3747 4221 bonus
3780 4154 3907 4220 Da·

2356 4264 2464 4329 vid
2490 4264 2702 4345 surgit
2737 4283 2852 4347 per
2877 4263 3197 4328 auxilium
3224 4263 3479 4328 virtutis
3507 4261 3763 4342 Christi,
3794 4261 3905 4325 fu-

2357 4368 2541 4448 giens
2570 4367 2651 4431 ab
2678 4369 2818 4450 ejus
2839 4368 3065 4432 notitia
3092 4367 3198 4448 (f).

2437 4470 2727 4535 Secundo
2761 4470 2832 4534 in
2858 4470 3054 4535 verbo
3083 4469 3402 4553 proposito
3449 4471 3729 4552 imperat
3775 4468 3912 4533 for-

2356 4578 2693 4642 titudinem
2736 4580 2917 4642 actus
2961 4595 3076 4660 per
3120 4577 3569 4641 executionem
3607 4577 3912 4658 justitiae,

2330 4703 2505 4750 ‚cum
2529 4684 2786 4748 subdit:
2826 4682 2990 4752 Tolle
3038 4683 3267 4750 lectum
3307 4689 3515 4751 tuum.
3564 4681 3677 4746 Ille
3712 4681 3921 4747 habet

2354 4792 2791 4857 fortitudinem
2845 4792 2914 4856 in
2960 4789 3334 4874 exequendo
3380 4790 3698 4873 iustitiam
3720 4838 3741 4870 ,
3795 4788 3921 4873 qui

2355 4898 2518 4964 tollit
2542 4918 2582 4962 a
2607 4898 2932 4982 prophetis
2972 4902 3035 4962 et
3073 4897 3372 4981 apostolis
3415 4898 3628 4980 primo
3674 4914 3923 4980 pecea-

2358 5010 2521 5083 tum,
2550 5025 2664 5090 per
2689 5006 3148 5070 documentum
3194 5004 3658 5070 instructivum
3703 5003 3927 5070 fidelis

2358 5115 2825 5195 intelligentiae;
2869 5111 3169 5190 secundo,
3198 5129 3239 5175 a
3262 5110 3646 5193 patriarchis
3686 5117 3758 5177 et
3778 5112 3929 5178 vir-

2421 5313 2491 5377 (α)
2524 5312 2674 5362 Forte
2702 5309 2801 5377 leq.
2831 5325 3009 5376 quare.
3037 5337 3099 5349 —
3135 5309 3208 5375 (ὁ)
3246 5311 3369 5362 ‹2oe1.
3399 5310 3528 5361 edit.
3569 5309 3713 5362 deest
3746 5323 3933 5361 rever-

2358 5399 2465 5435 sus.
2507 5409 2569 5421 —
2614 5384 2679 5449 (c)
2728 5386 2852 5436 Cart.
2902 5383 3026 5433 edit.
3078 5382 3280 5433 dicitur.
3326 5409 3389 5420 —
3438 5382 3518 5447 (d)
3571 5383 3699 5434 uem
3743 5387 3813 5434 et.
3860 5407 3931 5420 —

2363 5457 2421 5520 (e)
2456 5458 2582 5508 Item
2608 5456 2833 5521 ponitur.
2856 5481 2919 5496 —-
2948 5455 3018 5520 (s)
3047 5455 3161 5519 Lep.
3194 5453 3402 5506 malitia.
