4059 6317
1384 474 1486 541 DE
1522 474 1589 542 S.
1634 476 2102 546 ELISABETH.

217 617 300 674 De
332 612 598 691 wcundo
625 616 644 652 ¹
676 629 692 669 ε
727 628 757 667 α
782 613 848 671 ln
874 610 1153 670 omnibus
1168 610 1552 671 exhibeamus
1577 627 1690 671 nos

146 707 300 766 sicut
322 706 425 766 Dei
449 706 768 780 ministroS,
804 707 870 764 in
897 704 1062 765 omni
1084 705 1383 779 patientia,
1411 705 1474 763 in
1505 705 1689 765 tribu—

145 801 391 872 latione,
416 821 445 855 »
495 803 603 859 etc.
641 803 708 858 Et
733 798 996 873 sequitur
1035 816 1050 856 z
1101 802 1256 856 «Per
1290 797 1595 857 infamiam
1632 804 1691 858 et

142 896 373 954 bonam
397 892 638 953 famam.
662 912 692 949 s
724 896 836 953 lsta
858 892 1018 952 enim
1039 892 1385 951 ministravit
1401 893 1689 967 patienter

145 989 397 1047 Domino
443 988 509 1044 in
549 987 874 1046 ministerio
908 985 1284 1061 paupertatis.
1331 988 1479 1043 Cum
1528 987 1686 1044 enim

143 1085 296 1141 esset
328 1081 454 1141 filia
486 1083 664 1154 regis,
702 1081 950 1155 expulsa
974 1080 1083 1138 fuit
1109 1095 1146 1137 a
1172 1079 1442 1138 dotalitio
1483 1079 1685 1154 sponsi

140 1180 281 1252 post
304 1179 558 1236 mortem
583 1178 731 1250 ejus,
759 1176 1067 1251 compulsa
1096 1176 1161 1235 in
1186 1179 1532 1252 paupertate
1560 1192 1687 1235 ma-

141 1288 305 1345 nere,
335 1271 435 1331 vel
453 1269 675 1343 vivere,
699 1270 765 1330 in
788 1271 936 1329 hara
958 1280 1281 1345 porcorum
1315 1273 1685 1345 pernoctare,

141 1371 199 1426 et
220 1365 424 1425 media
443 1368 616 1424 nocte
640 1365 885 1423 veniens
912 1363 991 1423 ad
1013 1367 1236 1423 Fratres
1262 1364 1685 1437 Minore3,1'ecit

141 1476 246 1520 eos
281 1461 516 1519 cantare
548 1479 562 1517 :
610 1464 683 1519 Te
720 1463 888 1518 Deum
930 1459 1244 1532 laudamus,
1297 1475 1420 1533 pree
1457 1460 1681 1533 gaudio

140 1555 504 1630 paupertatis
546 1555 816 1613 inventae.
875 1556 1005 1612 Haec
1044 1550 1352 1611 confundit
1402 1569 1537 1624 eos,
1577 1554 1683 1628 qui

136 1652 547 1723 paupertatem
572 1652 883 1720 voverunt,
913 1651 972 1706 et
996 1646 1191 1706 eidem
1217 1646 1493 1705 libellum
1509 1662 1684 1722 repu-

139 1742 224 1801 dii
249 1741 579 1816 porrigunt.
605 1745 675 1801 Et
697 1744 841 1800 nota
865 1740 1033 1817 quod
1060 1741 1220 1813 dicit,
1249 1757 1345 1814 per
1367 1744 1678 1814 insaniam,

140 1841 190 1894 et
213 1837 406 1894 bonam
433 1837 637 1905 famam
677 1854 691 1894 ε
720 1835 902 1894 hodie
937 1835 1095 1893 enim
1136 1850 1431 1909 pauperes
1470 1834 1679 1893 Christi

138 1928 522 2001 infamantur,
547 1929 652 2005 qui
678 1929 856 1988 bonas
892 1928 1063 1987 famae
1104 1933 1243 1987 sunt
1276 1928 1441 2002 apud
1470 1932 1678 2001 Deum,

140 2023 286 2083 dum
308 2040 349 2082 a
371 2024 543 2083 malis
577 2023 923 2083 hominibus
949 2023 1435 2098 blasphemantur
1455 2065 1474 2095 ,
1511 2027 1569 2081 et
1594 2023 1680 2081 eis

137 2119 420 2177 molestias
447 2123 504 2176 et
524 2118 753 2193 injuriae
778 2117 1109 2177 inseruntur
1127 2159 1148 2190 ,
1185 2121 1243 2176 et
1264 2117 1676 2177 detractiones·

204 2216 286 2272 De
314 2212 484 2271 tertio
510 2214 533 2246 ¹
563 2230 579 2269 ε
615 2233 644 2266 «
680 2211 937 2271 Auribus
973 2212 1187 2270 nostris
1226 2212 1566 2271 audivimus
1589 2212 1678 2272 fa-

133 2322 296 2366 mam
316 2307 462 2380 ejus.
491 2327 519 2358 »
553 2306 747 2365 verba
771 2309 909 2364 sunt
933 2306 1286 2379 angelorum
1312 2305 1535 2365 famam
1562 2307 1675 2366 lob

133 2397 702 2461 commendantium.
729 2399 907 2473 Cujus
942 2399 1244 2459 humilitas
1276 2402 1500 2475 patuit,
1540 2418 1679 2461 cum

132 2495 352 2566 vetula,
393 2494 490 2552 cui
524 2493 796 2552 benefica
829 2492 1041 2566 fuerat,
1071 2510 1203 2552 eam
1231 2494 1295 2552 in
1321 2493 1515 2554 lutum
1559 2496 1674 2555 im-

131 2590 300 2664 pulit.
333 2592 399 2648 Et
434 2588 670 2662 signum
696 2587 806 2647 fuit
830 2588 1099 2663 perfectas
1123 2588 1468 2648 humilitatis
1495 2590 1676 2649 corde

133 2687 188 2741 et
197 2684 268 2758 (a)
281 2683 490 2742 habitu
503 2683 814 2751 minorum,
827 2698 1029 2757 quem,
1046 2685 1112 2740 ut
1120 2683 1675 2759 potuit,assumpsit,

134 2777 282 2835 sicut
307 2792 422 2849 ego
464 2776 589 2851 ipse
631 2775 835 2834 audivi
860 2776 939 2834 ab
971 2777 1098 2849 ejus
1124 2775 1483 2849 confessore,
1511 2781 1569 2836 et
1594 2779 1673 2837 ab

134 2875 259 2948 ejus
283 2873 524 2944 ancilla,
553 2889 685 2948 quae
709 2872 901 2931 fuerat
923 2888 1126 2930 secum
1156 2874 1375 2932 nutrita
1402 2890 1440 2932 a
1461 2875 1675 2948 juven-

133 2969 274 3026 tute.
304 2968 445 3038 Quoe
469 2972 643 3026 tantae
669 2966 1016 3026 austeritatis
1044 2970 1198 3037 erat,
1232 2966 1398 3042 quod
1433 2984 1544 3026 nec
1568 2985 1676 3044 pa-

133 3077 296 3134 nem,
324 3077 437 3122 nec
459 3076 684 3134 carnes,
709 3075 823 3119 nec
847 3060 1039 3135 pisces
1066 3060 1304 3132 edebat,
1326 3076 1438 3119 nec
1463 3063 1672 3121 vinum

134 3155 403 3228 bibebat,
443 3157 502 3213 et
527 3171 703 3230 super
729 3154 963 3214 tabulas
1007 3154 1088 3214 ad
1124 3154 1545 3214 dormiendum
1575 3157 1668 3230 Ja-

133 3249 326 3309 cahat.

199 3347 256 3403 2.
276 3343 408 3403 Fuit
431 3343 610 3403 etiam
635 3342 866 3402 famosa
885 3342 957 3419 (b)
991 3343 1056 3401 in
1093 3344 1416 3420 sapientia:
1438 3344 1675 3422 sapiens

131 3440 288 3497 enim
309 3438 420 3497 fuit
444 3437 826 3509 thesauraria,
849 3438 1215 3511 scholastica,
1239 3439 1530 3513 operaria,
1562 3442 1671 3497 etc.

202 3536 279 3591 De
314 3532 513 3606 primo
551 3533 573 3569 ⁸
606 3551 621 3590 ε
666 3550 698 3587 α
739 3536 979 3592 inventa
1020 3533 1280 3607 pretiosa
1317 3532 1672 3605 margarita,

131 3628 296 3687 dedit
318 3627 527 3685 omnia
551 3642 681 3700 sua,
710 3629 768 3684 et
793 3625 1159 3700 comparavit
1185 3643 1341 3685 eam.
1369 3646 1397 3682 s
1432 3629 1561 3685 Non
1596 3626 1672 3686 de

129 3721 371 3793 vilibus,
399 3720 516 3780 hoc
542 3723 649 3794 est,
680 3720 756 3779 de
793 3720 1240 3793 temporalibus,
1279 3720 1387 3778 sed
1417 3720 1493 3779 de
1515 3720 1669 3795 lapi·

131 3816 307 3874 dibus
345 3814 615 3890 pretiosis
650 3812 785 3872 fecit
816 3813 1157 3872 thesaurum
1195 3829 1388 3886 suum,
1417 3814 1534 3872 hoc
1562 3817 1668 3885 est,

130 3909 206 3968 de
231 3908 414 3968 bonis
452 3907 876 3983 spiritualibus,
914 3907 1131 3968 scilicet
1158 3907 1442 3967 virtutum
1480 3900 1671 3983 operi-

129 4004 260 4063 bus.
289 4003 454 4062 Unde
497 4003 575 4062 ab
603 4002 850 4062 infantia
885 4002 1132 4063 ludebat
1155 4019 1267 4078 pro
1312 4006 1429 4062 Ave
1461 4006 1667 4065 Πανία.

127 4101 401 4173 Regnum
452 4096 663 4155 mundi
701 4096 1085 4155 commutavit
1122 4096 1186 4154 in
1216 4113 1466 4171 regnum
1511 4099 1669 4158 coeli.

137 4197 368 4253 «Fama
403 4192 663 4251 nominis
698 4192 824 4265 eJ'us
867 4192 1186 4264 crescebat,
1224 4196 1282 4250 et
1313 4208 1422 4268 per
1462 4198 1673 4253 cuncta

133 4305 239 4350 ora
277 4287 572 4347 volitabat
603 4285 645 4344 ⁸.
681 4307 711 4342 ιι
746 4286 946 4353 Unde,
995 4285 1075 4343 ad
1119 4288 1460 4361 exemplum
1504 4289 1671 4362 ejus,

132 4383 331 4442 multoe
356 4381 591 4440 nobiles
609 4382 858 4455 egerunt
872 4379 1300 4455 paenitentiam,
1321 4385 1380 4439 et
1394 4381 1673 4455 ingressae

129 4480 263 4538 sunt
286 4474 665 4549 religionem.
688 4472 1124 4532 «consideravit
1148 4473 1585 4549 enim⁸agrum‚
1615 4480 1673 4535 et

129 4572 267 4630 emit
289 4569 483 4629 illum.
514 4588 544 4624 n
574 4571 738 4626 Bona
771 4566 930 4626 enim
966 4567 1274 4625 mercatrix
1307 4568 1462 4627 bene
1505 4570 1674 4629 scivit

129 4680 349 4732 emere,
375 4663 530 4722 bene
558 4662 727 4720 scivit
749 4660 1028 4721 vendere.
1068 4662 1218 4718 Emit
1242 4661 1403 4719 enim
1442 4663 1672 4723 coeleste

131 4774 406 4832 regnum,
436 4773 559 4833 quo
585 4755 736 4815 nihil
749 4759 836 4815 est
859 4754 1058 4829 vilius,
1088 4772 1226 4814 cum
1253 4757 1494 4828 emitur;
1525 4758 1673 4818 nihil

130 4857 217 4911 est
244 4850 509 4921 charius,
541 4865 679 4908 cum
697 4849 1047 4925 possidetur.
1077 4850 1100 4885 ⁸
1123 4868 1154 4905 α
1180 4849 1395 4909 nalum
1412 4854 1518 4923 est,
1541 4869 1671 4911 ma·

128 4946 254 5005 lum
280 4948 392 5017 est,
411 4943 555 5003 dicit
579 4943 775 5002 omnis
802 4946 1064 5018 emptor:
1087 4945 1299 5002 etcum
1323 4944 1669 5020 discesserit,

130 5039 500 5114 gloriabitur.
521 5056 551 5093 n

197 5135 278 5192 De
302 5131 595 5206 secundo,
640 5131 792 5192 sicut
832 5131 992 5191 enim
1029 5131 1331 5193 Salomoni
1366 5131 1561 5192 infusa
1586 5138 1674 5193 est

196 5283 214 5317 ¹
244 5282 288 5332 ΙΙ
321 5281 462 5345 Con,
487 5292 567 5346 vl,
595 5283 694 5335 4-8.
734 5308 789 5319 —
820 5282 838 5312 ²
862 5280 975 5344 Ιοὸ,
998 5291 1193 5345 xxvm,
1223 5283 1304 5332 22.
1331 5307 1393 5319 —
1418 5280 1442 5317 ⁸
1468 5280 1674 5347 naeth„

138 5363 264 5417 xm,
306 5355 386 5404 46.
419 5378 482 5391 -
520 5352 539 5384 ⁴
591 5352 753 5418 Beth„
789 5364 867 5418 rx,
899 5355 948 5403 4.
986 5377 1049 5391 -
1083 5351 1106 5388 ⁸
1137 5353 1308 5417 Prov„
1342 5357 1671 5418 xxx1,16.-

136 5421 158 5459 ⁸
184 5423 353 5492 Pron„
377 5435 471 5489 xx,
501 5424 577 5475 ¹4.
604 5449 666 5462 —
696 5425 713 5455 2
744 5425 786 5475 ll
819 5423 1010 5490 Par-al„
1043 5435 1117 5489 ix,
1148 5427 1194 5476 6.
1225 5450 1287 5462 -
1316 5426 1334 5456 ⁸
1360 5427 1424 5477 ΙΙΙ
1453 5424 1589 5490 Rea„
1617 5438 1671 5489 x,

3224 490 3342 550 629

1798 614 2087 689 sapientia
2113 616 2490 692 dormiendo,
2519 619 2605 679 sic
2632 619 2727 679 isti
2763 620 2952 679 heatae
2984 619 3050 678 in
3086 619 3343 694 orando,

1798 712 1863 767 ut
1902 709 2249 784 impleretur
2291 712 2355 770 in
2400 730 2471 772 ea
2509 713 2662 774 illud
2703 716 2726 751 ⁷
2758 734 2774 772 :
2827 734 2855 769 α
2883 714 3078 772 Vicisti
3115 714 3341 773 famam

1796 802 2112 861 virtutibus
2136 805 2270 864 tuis„
2300 827 2329 861 n
2363 809 2431 864 Et
2451 807 2473 843 ⁸
2504 825 2519 864 ε
2556 826 2587 862 α
2612 807 2765 865 Dixit
2788 807 2995 882 regina
3023 807 3181 867 Saba
3211 809 3340 882 regi

1796 896 2098 955 Salomoni
2130 917 2145 955 ε
2176 901 2356 973 uajor
2375 904 2462 958 est
2482 901 2769 976 sapientia
2784 906 2885 960 tua
2903 917 3088 976 quam
3107 917 3335 974 rumor,

1797 1006 1978 1065 quem
2007 992 2231 1051 audivi.
2252 1013 2281 1047 n
2305 995 2561 1068 Legebat
2585 996 2745 1053 enim
2770 995 2833 1053 in
2860 995 3016 1054 libro
3035 996 3339 1054 conscien-

1794 1084 1906 1157 tiae,
1937 1089 1996 1144 et
2040 1086 2383 1147 conferebat
2420 1104 2559 1146 cum
2605 1089 2854 1147 Domino
2901 1090 3252 1162 orationem,
3282 1093 3342 1149 et

1796 1179 1947 1237 Deus
1971 1178 2298 1255 inspirabat
2330 1182 2445 1239 sibi
2477 1183 2825 1257 sapientiam
2851 1198 3020 1241 suam
3061 1182 3126 1240 in
3154 1182 3335 1242 devo-

1795 1272 1973 1332 tione.
2019 1274 2194 1344 Quod
2231 1275 2527 1349 signatum
2561 1280 2647 1334 est
2681 1276 2745 1333 in
2779 1277 3000 1349 iuvene
3026 1276 3132 1336 illo
3160 1276 3336 1336 scho-

1793 1366 1926 1438 lari,
1952 1384 2066 1443 pro
2094 1385 2217 1444 quo
2245 1370 2453 1442 oravit,
2482 1373 2541 1428 et
2567 1370 2833 1429 oratione
2859 1369 3054 1429 infusa
3080 1387 3221 1429 eum
3244 1371 3340 1430 in·

1793 1459 2142 1535 flammavit,
2163 1466 2248 1520 ‚et
2289 1463 2373 1521 sic
2408 1463 2808 1523 inflammatus
2843 1463 3116 1523 ordinem
3158 1465 3335 1525 Mino·

1791 1570 1928 1613 rum
1949 1554 2207 1629 intravit,
2233 1558 2294 1615 in
2322 1573 2444 1633 quo
2473 1557 2579 1615 diu
2605 1561 2664 1616 et
2689 1560 2889 1615 sancte
2922 1557 3085 1616 vixit.

1864 1651 1944 1706 De
1985 1649 2154 1707 tertio
2192 1653 2354 1724 patet
2390 1652 2454 1708 in
2501 1652 2628 1726 ejus
2675 1651 2975 1709 miraculis
3003 1669 3019 1708 ε
3068 1651 3337 1712 infirmos

1793 1743 2059 1816 curabat,
2087 1749 2353 1804 mortuos
2373 1744 2710 1817 suscitabat,
2730 1747 2796 1803 ut
2820 1744 3164 1818 impleretur
3179 1745 3244 1804 in
3265 1763 3337 1806 ea

1791 1836 1945 1896 illud
1971 1841 1994 1875 ⁹
2026 1858 2042 1895 :
2083 1859 2111 1891 α
2132 1838 2320 1897 Exivit
2351 1837 2512 1897 fama
2553 1839 2680 1911 ejus
2722 1838 2786 1896 in
2830 1838 3334 1901 universam.ter—

1788 1948 1921 1990 ram
1944 1932 2133 1990 illam.
2151 1952 2181 1987 ιο

1862 2028 1916 2084 3.
1939 2026 2067 2084 Fuit
2083 2026 2258 2084 etiam
2279 2025 2509 2084 famosa
2525 2042 2637 2101 pro
2656 2026 2943 2100 religione
2961 2031 3018 2086 et
3034 2029 3336 2088 sanctitate

1789 2136 1919 2179 sua.
1940 2122 2152 2179 Sancta
2168 2121 2325 2178 enim
2348 2120 2457 2178 tuit
2480 2136 2586 2195 per
2605 2120 2922 2195 puritatem
2937 2126 3205 2197 respectu
3221 2123 3335 2196 sui,

1789 2230 1898 2288 per
1920 2214 2201 2289 pietatem
2242 2217 2509 2292 respectu
2540 2215 2823 2289 proximi,
2849 2230 2958 2289 per
2993 2215 3336 2276 charitatem

1797 2312 2066 2381 respectu
2091 2307 2213 2365 Dei.
3168 2324 3186 2345 ⁰

1862 2403 1942 2458 De
1968 2400 2165 2476 primo
2184 2401 2261 2459 ¹⁰:
2300 2421 2329 2456 σι
2355 2401 2537 2460 Velox
2560 2402 2724 2478 apud
2751 2406 2993 2463 cunctos
3018 2402 3178 2463 fama
3205 2421 3336 2480 per-

1793 2495 2023 2554 crebuit
2044 2513 2059 2552 :
2086 2496 2343 2555 Haeccine
2367 2498 2455 2553 est
2478 2496 2582 2554 illa
2595 2496 2745 2555 inter
2766 2496 3046 2572 pulchras
3067 2498 3335 2573 pulcher·

1787 2589 1940 2648 rima
1956 2592 1986 2645 ἵ
1999 2610 2028 2643 ιι
2046 2588 2293 2648 Pulchra
2313 2590 2473 2647 enim
2491 2588 2602 2648 fuit
2614 2589 2677 2648 in
2696 2590 3073 2663 conscientia,
3089 2596 3147 2651 et
3160 2608 3330 2666 pura.

1790 2686 1938 2741 Cum
1966 2683 2127 2742 enim
2170 2683 2367 2742 adhuc
2404 2687 2555 2743 esset
2595 2684 3019 2760 quinquennis,
3048 2685 3173 2743 ibat
3200 2689 3334 2745 ante

1787 2777 1970 2835 altare
1995 2777 2340 2851 psalterium
2384 2778 2729 2852 aperiendo,
2777 2780 3221 2854 genuflexiones
3245 2780 3333 2839 fa-

1786 2870 2019 2930 ciendo.
2065 2876 2130 2930 Et
2164 2872 2315 2929 sicut
2353 2871 2565 2931 dicitur
2592 2873 2636 2909 ¹¹
2665 2891 2679 2929 ε
2714 2890 2746 2927 ι(
2771 2873 3126 2932 Adolescens
3165 2875 3336 2949 juxta

1786 2965 1946 3023 viam
1968 2982 2159 3037 suam,
2179 2966 2357 3023 etiam
2383 2981 2521 3024 cum
2546 2967 2822 3040 senuerit,
2846 2983 2968 3025 non
2989 2967 3227 3025 recedet
3253 2969 3331 3027 ab

1786 3074 1875 3116 ea.
1899 3079 1928 3114 s
1961 3062 2029 3118 Et
2053 3063 2295 3134 propter
2321 3060 2476 3117 hauc
2502 3059 2815 3133 puritatem
2857 3060 3146 3118 contraxit
3184 3060 3333 3118 divi·

1783 3168 1929 3211 nam
1961 3153 2280 3212 amicitiam
2314 3154 2357 3190 ¹²
2391 3171 2406 3210 ε
2442 3172 2473 3207 α
2500 3154 2612 3223 Qui
2639 3153 2831 3227 diligit
2867 3153 3064 3212 cordis
3089 3153 3331 3212 mundi-

1785 3246 1951 3321 tiam,
1994 3250 2237 3322 propter
2283 3247 2534 3320 gratiam
2568 3247 2869 3307 labiorum
2900 3246 3148 3306 habebit
3182 3246 3330 3306 ami·

1788 3359 1928 3402 cum
1978 3359 2202 3416 regem.
2898 3418 2903 3425 ,

1859 3440 1936 3496 De
1956 3439 2220 3497 secundo
2240 3438 2286 3475 ¹³
2308 3456 2323 3496 ε
2345 3456 2374 3492 ι
2389 3440 2570 3496 Fama
2589 3439 2754 3497 bona
2770 3436 3103 3512 impinguat
3128 3453 3325 3497 ossa.»

1785 3534 1920 3590 Erat
1945 3531 2103 3589 enim
2128 3531 2309 3605 plena
2333 3531 2695 3606 pinguedine
2724 3531 3171 3606 compassionis,
3192 3548 3328 3607 quae

1785 3625 1990 3699 irrigat
2016 3624 2349 3682 ariditatem
2368 3625 2601 3697 mentiS,
2632 3623 2936 3682 condonat
2961 3625 3122 3683 enim
3148 3623 3331 3683 facili-

1785 3724 1871 3778 ter
1898 3718 2400 3794 delinquentibus.
2428 3722 2743 3793 Nunquam
2771 3718 2951 3790 enim,
2988 3718 3137 3778 sicut
3162 3719 3329 3795 lego,

1784 3813 2084 3872 invenitur
2105 3813 2276 3883 irata,
2303 3812 2402 3871 vel
2428 3813 2699 3872 turbata:
2729 3813 2995 3873 donabat
3016 3815 3331 3888 indigenti-

1784 3908 1920 3980 bus,
1950 3906 2245 3966 serviebat
2282 3907 2726 3981 impotentibus,
2765 3907 2968 3966 ulcera
3002 3911 3061 3966 et
3101 3911 3331 3983 aposte-

1781 4006 1943 4061 mata
1956 4000 2356 4060 contrectabat
2367 4000 2623 4075 propriis
2647 4000 2946 4072 manibuS,
2962 4001 3003 4037 ¹⁸
3022 4020 3053 4057 α
3068 4003 3328 4062 esurien-

1779 4098 1867 4154 tes
1882 4096 2100 4167 alebat,
2112 4094 2290 4153 nudis
2312 4094 2659 4153 vestimenta
2676 4095 3001 4169 praebebat,
3020 4096 3330 4154 etmortuis

1784 4189 2150 4264 sepulturam
2184 4187 2425 4245 sollicite
2465 4187 2801 4246 exhibebat.
2839 4209 2867 4239 »
2900 4191 2965 4246 Et
2991 4188 3107 4247 hoc
3140 4191 3330 4264 patuit

1783 4283 1847 4342 in
1869 4281 2167 4357 hospitali,
2197 4281 2365 4355 quod
2390 4281 2522 4355 ipsa
2556 4280 2901 4352 construxit,
2927 4282 3034 4340 ubi
3062 4298 3328 4357 compas-

1788 4378 2014 4436 sionem
2042 4391 2212 4434 suam
2236 4391 2344 4449 per
2370 4390 2555 4449 opera
2572 4375 2803 4450 pietatis
2837 4376 3110 4434 ostendit.

1858 4473 1935 4528 De
1962 4471 2133 4528 tertio
2153 4469 2195 4506 ¹⁵
2224 4486 2240 4527 ε
2272 4487 2301 4522 α
2321 4470 2501 4526 Fama
2526 4468 2753 4526 virtutis
2782 4470 2908 4542 ejus
2943 4469 3323 4529 diffundeba-

1786 4568 1880 4623 tur
1906 4563 2153 4637 ubique,
2179 4581 2208 4617 n
2243 4562 2386 4636 quia
2412 4560 2454 4596 ¹⁸
2481 4562 2720 4619 charitas
2747 4564 2851 4619 Dei
2876 4566 3002 4621 erat
3019 4563 3227 4635 diffusa
3264 4566 3327 4619 in

1788 4658 1914 4732 ejus
1941 4657 2115 4727 corde,
2148 4660 2211 4713 ut
2253 4653 2472 4712 scilicet
2496 4654 2606 4713 soli
2633 4654 2858 4714 Christo
2900 4671 3009 4729 per
3056 4655 3323 4715 dilectio-

1786 4767 1924 4809 nem
1952 4749 2295 4820 adhaereret,
2324 4747 2491 4806 omni
2506 4747 2627 4806 alio
2657 4747 2990 4806 delectabili
3023 4749 3101 4807 ab
3132 4765 3206 4808 eo
3229 4764 3323 4809 re-

1784 4849 1972 4903 moto.
2001 4846 2147 4901 Nam
2181 4841 2493 4917 proprium
2517 4841 2711 4900 filium
2751 4843 2894 4900 anni
2927 4844 2985 4900 et
3025 4841 3258 4901 dimidii
3286 4860 3324 4902 a

1783 4957 1846 4998 se
1873 4937 2137 5011 elongari
2164 4935 2300 4994 iecit
2312 4953 2332 5007 3
2380 4934 2530 4993 duas
2567 4934 2831 5009 ancillas,
2871 4951 3021 5011 quas
3047 4952 3085 4994 a
3105 4937 3321 5010 juven·

1782 5037 1903 5092 tute
1921 5031 2232 5102 habuerat,
2254 5029 2333 5089 ab
2351 5045 2422 5089 ea
2443 5030 2571 5104 ejus
2589 5028 2886 5088 confessor
2908 5029 3166 5103 amovit,
3188 5046 3324 5104 pos-

1786 5193 1834 5242 Ἰ.
1863 5216 1926 5227 --
1949 5190 1970 5219 ⁹
1995 5184 2201 5248 nauh„
2232 5196 2307 5248 11,
2333 5186 2414 5235 26.
2441 5209 2501 5221 —
2532 5186 2572 5218 ¹⁰
2602 5183 2758 5245 nuth,
2794 5195 2842 5247 1,
2875 5186 2954 5234 19.
2985 5209 3047 5222 -
3074 5185 3114 5220 ¹¹
3143 5184 3322 5249 prov„

1786 5272 1921 5323 xm,
1951 5262 2000 5310 6.
2021 5285 2086 5297 -
2114 5257 2153 5292 ¹²
2177 5255 2327 5319 thid„
2360 5259 2437 5307 1¹.
2463 5281 2525 5293 —
2556 5255 2597 5290 ¹⁸
2622 5254 2773 5318 ibid„
2803 5266 2891 5317 xv,
2917 5256 2997 5306 30.
3024 5282 3079 5293 -
3111 5255 3151 5291 ¹⁸
3184 5254 3321 5323 rob„

1783 5347 1823 5397 1,
1849 5334 1928 5384 2⁰.
1964 5356 2028 5369 —
2054 5330 2095 5366 ¹⁸
2123 5329 2162 5379 ll
2188 5325 2375 5393 flach„
2407 5338 2519 5389 vm,
2546 5328 2593 5376 Ἰ.
2619 5352 2681 5364 -
2710 5327 2754 5363 ¹⁸
2783 5326 2940 5388 Rom„
2973 5336 3024 5388 v,
3054 5328 3099 5376 6.

1848 5422 1919 5489 (α)
1947 5421 2094 5473 For-te
2112 5417 2207 5483 leq.
2240 5431 2323 5468 ex.
2350 5442 2414 5454 —
2442 5414 2511 5480 (b)
2541 5416 2664 5468 Coet.
2695 5415 2814 5467 edit.
2843 5415 3086 5469 formosa.
