4059 6317
943 489 1320 560 DOMINIGA
1358 489 1444 556 IN
1482 487 2113 564 SEPTUAGESIMA.
2156 495 2420 566 SERMO
2462 501 2513 567 1.

159 631 301 698 duci.
327 628 494 695 Nam
516 627 733 713 primo
759 630 950 693 vocat
974 643 1229 692 aversos
1259 625 1339 690 ad
1365 624 1675 690 amaritu-

159 741 344 804 dinem
362 735 787 822 poenitentiae‚
806 734 879 798 in
898 734 1252 799 necessaria
1262 732 1674 798 detestatione

159 847 474 925 vitiornm;
501 844 785 910 secundo
808 845 994 908 vocat
1019 860 1358 908 conversos
1383 841 1464 907 ad
1488 841 1677 907 recti-

163 954 426 1019 tudinem
448 951 721 1036 justitiae
742 997 760 1027 ,
791 951 861 1015 in
890 950 1270 1032 obligatoria
1311 948 1676 1032 impletione

164 1060 590 1126 mandatorum
611 1080 631 1137 ;
659 1057 847 1123 tertio
874 1060 1061 1122 vocat
1082 1055 1389 1139 perfectos
1414 1055 1493 1119 ad
1530 1072 1678 1138 per-

167 1169 481 1234 fectionem
507 1167 662 1231 vitae
680 1214 703 1246 ,
747 1167 821 1230 in
860 1165 1223 1230 voluntaria
1259 1181 1679 1248 supereroga-

164 1275 313 1340 tione
333 1274 765 1339 consiliorum.

231 1380 440 1446 Primo
465 1380 641 1445 enim
667 1384 856 1445 vocat
890 1395 1150 1444 aversos
1177 1377 1259 1443 ad
1298 1375 1675 1443 amaritudi-

170 1511 298 1558 nem
336 1492 730 1576 poenitentiae
774 1492 844 1555 in
885 1490 1242 1556 necessaria
1274 1488 1678 1554 detestatione

166 1599 483 1681 vitiorum3
512 1598 686 1664 unde
720 1596 914 1662 Isaias
933 1598 953 1633 ¹
983 1614 1001 1661 ε
1033 1618 1064 1657 c
1085 1595 1346 1660 Vocahit
1372 1594 1680 1661 Dominus

166 1706 220 1770 in
247 1707 341 1771 die
363 1706 474 1770 illa
496 1706 579 1770 ad
608 1705 836 1771 fletum
865 1708 929 1767 et
952 1702 1275 1785 planctum
1298 1749 1315 1780 ‚
1359 1701 1439 1766 ad
1475 1702 1674 1766 calvi-

168 1813 314 1878 cium
358 1818 423 1877 et
460 1813 540 1877 ad
584 1810 931 1893 cingulum
976 1811 1164 1872 sacci.
1195 1831 1226 1869 n
1259 1805 1459 1874 Vocat
1502 1808 1675 1873 enim

171 1917 448 1984 Dominus
481 1921 847 2002 peccatores
889 1915 968 1981 ad
994 1915 1216 1981 fletum
1265 1919 1328 1979 et
1353 1915 1677 1999 planctum
1692 1964 1706 1972 .

169 2025 514 2109 lacrymosae
541 2023 967 2101 contritioniS‚
1010 2025 1074 2087 et
1114 2021 1447 2087 calvicium
1481 2041 1675 2087 mun-

171 2133 356 2197 dantis
406 2130 844 2209 confessionis,
896 2132 961 2194 et
1007 2127 1343 2210 cingulum
1395 2129 1677 2194 luxurias

171 2240 503 2305 arctationis
534 2259 552 2303 ε
581 2241 656 2302 ut
697 2237 789 2300 sic
817 2235 1073 2300 ruinam
1114 2239 1516 2318 peccatorum
1565 2236 1675 2302 de-

167 2346 463 2429 ploremus
487 2364 604 2429 per
644 2344 1088 2410 contritionem
1111 2393 1133 2423 ,
1177 2343 1540 2409 sorditatem
1582 2345 1681 2410 vi·

165 2453 378 2519 tiorum
418 2454 713 2518 lavemus
747 2469 865 2535 per
892 2451 1347 2516 confessionem
1362 2498 1382 2530 ‚
1432 2455 1495 2515 et
1534 2469 1676 2515 car-

165 2560 354 2624 nalem
399 2559 732 2625 luxuriam
770 2575 888 2641 per
913 2557 1247 2640 cingulum
1274 2558 1678 2625 continentiae

167 2671 554 2733 coarctemus.
588 2666 718 2733 Sed
744 2665 899 2749 quia
925 2665 1003 2731 de
1030 2665 1442 2730 interioribus
1470 2666 1550 2731 ad
1574 2685 1681 2732 ex-

167 2778 373 2842 teriora
407 2777 650 2859 egressi
695 2792 923 2839 sumus
947 2824 967 2855 ,
1014 2776 1093 2839 de
1139 2774 1571 2857 superioribus
1598 2776 1679 2841 ad

167 2884 438 2949 inferiora
459 2882 908 2949 descendimus
922 2930 944 2961 ‚
975 2886 1039 2946 et
1053 2899 1170 2964 pro
1196 2880 1484 2946 Creatore
1512 2899 1680 2947 crea-

167 2993 353 3056 turam
394 2990 737 3057 dileximus
789 3010 807 3053 :
849 2987 991 3055 ideo
1029 2988 1234 3054 noluit
1276 3007 1394 3053 nos
1426 2993 1676 3054 tantum

168 3115 367 3164 vocare
415 3118 531 3184 per
579 3102 835 3164 sanctos
890 3097 1229 3181 prophetas
1248 3145 1268 3177 ,
1327 3098 1460 3161 imo
1500 3098 1679 3162 venit

164 3205 549 3285 personaliter
583 3205 667 3269 ad
703 3222 827 3269 nos
853 3204 1209 3270 vocandum
1238 3202 1316 3268 de
1356 3203 1675 3269 interiori-

164 3309 268 3376 bus
288 3313 360 3377 ad
387 3313 740 3392 exteriora,
773 3315 850 3377 ut
874 3329 994 3376 nos
1035 3310 1116 3375 ad
1157 3310 1462 3376 interiora
1484 3329 1672 3376 revo-

164 3424 331 3498 oeret3
359 3419 679 3486 descendit
696 3418 775 3484 de
794 3416 1226 3503 superioribus
1244 3415 1323 3481 ad
1349 3416 1670 3497 inferiora,

160 3529 222 3588 ut
243 3544 353 3590 nos
376 3526 453 3591 ad
480 3525 819 3608 superiora
843 3524 1162 3603 traheret,
1191 3523 1328 3588 sive
1353 3523 1629 3590 elevaret
1650 3547 1668 3605 ;

160 3632 403 3697 ulterius
423 3634 563 3716 ipse
608 3632 866 3698 Creator
893 3630 1232 3713 assumpsit
1273 3635 1626 3695 creaturam
1644 3682 1667 3714 ,

160 3740 222 3801 ut
242 3756 352 3803 nos
392 3739 475 3803 ah
508 3755 728 3803 amore
753 3741 1063 3803 creaturae
1087 3737 1471 3818 retraheret,
1500 3743 1563 3804 et
1592 3740 1672 3803 ad

161 3860 417 3909 amorem
438 3843 553 3909 Dei
579 3846 976 3927 provocaret.
1007 3842 1183 3909 Unde
1208 3844 1345 3926 ipse
1366 3843 1674 3910 Dominus

162 3948 375 4017 dicit’:
417 3949 617 4016 «Non
658 3949 816 4016 veni
842 3968 1072 4015 vocare
1105 3953 1345 4033 justos,
1377 3950 1486 4015 sed
1524 3970 1670 4034 pec-

163 4062 370 4132 catores
398 4058 485 4123 ad
505 4057 971 4142 paenitentiam.
994 4079 1026 4117 ι»
1065 4056 1262 4137 Unde,
1292 4057 1666 4138 charissimi,

160 4181 254 4228 nos
274 4184 505 4232 sumus
531 4164 879 4230 incuriales
919 4167 982 4229 et
1007 4165 1248 4247 ingrati
1264 4214 1282 4245 ,
1315 4166 1369 4229 si
1395 4184 1524 4231 non
1553 4185 1670 4232 vo-

160 4267 344 4338 lumus
370 4275 521 4357 eJ'us
542 4271 870 4355 justitiam
895 4271 1260 4353 formidare,
1288 4271 1508 4338 saltem
1531 4276 1671 4357 ejus

164 4377 411 4445 charitati
437 4380 658 4446 vicem
701 4377 1126 4460 rependamus
1149 4426 1169 4459 ,
1198 4384 1263 4443 et
1287 4397 1437 4445 eum
1463 4397 1669 4463 usque

164 4483 222 4547 ad
240 4487 546 4568 palatium
565 4484 838 4550 coelestis
858 4485 1105 4567 patriae,
1133 4504 1171 4550 a
1193 4504 1321 4569 quo
1347 4504 1464 4570 pro
1486 4487 1669 4552 nobis

164 4590 446 4660 deseendit
459 4643 480 4675 ,
510 4592 926 4662 associemus.

220 4697 492 4766 Secundo
521 4702 715 4766 vocat
742 4713 1081 4763 conversos
1107 4698 1188 4764 ad
1226 4700 1668 4766 rectitudinem

156 4801 377 4882 iustitiae
403 4807 478 4873 in
506 4805 898 4887 obligatoria
931 4805 1294 4888 impletione
1319 4812 1665 4891 praecepto-

158 4926 301 4993 mm,
333 4914 508 4980 unde
536 4912 779 4979 dicitur
801 4914 858 4975 ἐ
892 4933 925 4973 α
947 4910 1086 4992 Ego
1116 4911 1418 4977 Dominus
1443 4916 1666 4981 vocavi

156 5018 206 5080 te
226 5018 287 5083 in
315 5019 603 5103 justitia,
633 5021 702 5083 et
740 5016 1133 5099 apprehendi
1159 5036 1424 5083 manum
1447 5024 1662 5101 tuam,

156 5128 205 5186 et
223 5128 460 5194 servavi
484 5132 574 5193 te.
600 5147 632 5187 n
670 5123 843 5189 Deus
867 5125 1038 5189 enim
1065 5130 1249 5192 vocat
1271 5125 1565 5192 homines
1592 5128 1664 5193 in

202 5249 351 5316 ¹1³0„
386 5266 534 5316 xxu,
573 5255 652 5303 12.
687 5276 754 5289 —
789 5250 813 5284 ¹
845 5250 982 5313 Luc„
1023 5261 1074 5313 ν,
1107 5252 1184 5301 32.
1217 5276 1278 5288 —
1319 5250 1341 5286 ⁸
1373 5254 1494 5314 Isa„
1532 5263 1662 5319 xm,

155 5321 193 5370 8.
212 5347 265 5359 —-
286 5323 304 5353 ⁴
324 5322 431 5388 λοῦ,
459 5335 576 5386 xlv,
601 5325 683 5372 15.
707 5345 774 5358 —
800 5320 822 5350 ⁵
848 5323 999 5384 Aug„
1024 5320 1192 5384 confi,
1218 5320 1304 5373 lib.
1340 5323 1404 5387 X,
1433 5336 1481 5372 c.
1514 5335 1660 5388 xxix,

154 5401 198 5440 n.
220 5394 286 5444 40.
309 5419 368 5432 -
401 5395 422 5426 ⁸
449 5392 670 5454 nauh„
697 5401 778 5454 w,
813 5392 894 5442 18.
919 5417 982 5428 —
1015 5391 1038 5425 '¹
1063 5390 1342 5457 Chrysen„
1375 5395 1430 5444 in
1458 5394 1661 5458 Manli„

155 5457 272 5513 hom.
294 5476 399 5528 nv,
423 5479 482 5516 n.
506 5469 563 5515 2.

3188 515 3306 582 ns

1772 627 2043 711 justitia,
2065 632 2322 714 quando
2348 635 2621 719 imponit
2632 646 2946 726 praecepta
2966 645 3311 714 observan-

1780 733 1896 798 da:
1928 736 2040 801 sed
2058 738 2400 821 quiatanta
2422 748 2517 807 a&
2532 744 2820 814 humana
2840 751 3114 835 miseria,
3139 756 3311 839 quod

1781 835 1906 905 nisi
1919 843 1999 926 (a)
2021 846 2242 911 omnia
2260 864 2454 930 opera
2475 850 2780 921 humanae
2798 858 3068 939 J’ustitiae
3093 862 3314 929 divina

1781 948 2217 1018 misericordia
2252 956 2589 1038 aspirando
2626 966 2976 1044 praeveniat
3015 971 3081 1033 et
3123 971 3315 1054 adju-

1781 1055 1993 1121 vando
2030 1066 2451 1144 prosequatur
2460 1111 2482 1144 ,
2524 1072 2675 1132 sunt
2690 1143 2701 1154 ,
2718 1070 2792 1154 (b)
2840 1072 3018 1139 velut
3063 1095 3315 1159 pannus

1783 1161 2073 1226 mulieris
2099 1171 2536 1251 menstruatae3
2567 1173 2711 1240 ideo
2747 1179 3033 1262 sequitur
3070 1204 3087 1247 ε
3126 1206 3157 1245 α
3184 1186 3319 1269 Ap-

1783 1268 2091 1349 prehendi
2120 1289 2389 1340 manum
2406 1279 2584 1342 tuam
2613 1285 2678 1345 et
2696 1288 2949 1350 servavi
2966 1291 3053 1368 te,
3075 1309 3108 1349 n
3133 1294 3316 1373 quasi

1783 1376 1992 1441 dicat:
2021 1376 2166 1460 Ego
2217 1380 2522 1449 Dominus
2549 1389 2776 1456 vocavi
2825 1396 2889 1458 te
2932 1394 3316 1479 imponendo

1784 1489 2105 1567 praecepta
2131 1487 2211 1552 ad
2232 1492 2616 1558 servandum
2629 1542 2650 1573 ,
2679 1499 2743 1561 et
2769 1502 3157 1583 apprehendi
3182 1524 3317 1572 ma-

1784 1605 1944 1652 num
1971 1591 2187 1671 tuam,
2219 1593 2284 1658 id
2328 1600 2424 1660 est
2455 1602 2569 1663 tua
2607 1601 2877 1687 incoepta
2909 1625 3102 1690 opera
3119 1611 3316 1692 justi-

1782 1696 1916 1775 tiae,
1944 1715 2095 1779 quae
2113 1700 2374 1767 nomine
2402 1722 2632 1771 manus
2659 1709 3124 1795 intelliguntur,
3154 1736 3317 1801 prae-

1783 1804 1932 1868 veni
1960 1805 2298 1887 aspirando
2311 1857 2333 1888 ‚
2375 1815 2438 1877 et
2480 1817 2732 1880 servavi
2759 1822 2822 1883 te
2836 1866 2858 1900 ,
2910 1821 3315 1907 adimplendo

1784 1928 1929 1975 mea
1953 1919 2293 1996 praecepta.
2322 1915 2403 1981 Et
2439 1925 2696 2004 propter
2724 1924 2844 1990 hoc
2868 1927 3031 1994 hene
3074 1931 3321 1998 dicebat

1783 2016 2009 2083 beatus
2037 2018 2157 2085 Joh
2179 2021 2202 2056 ⁴
2233 2045 2248 2086 :
2288 2045 2320 2083 α
2347 2022 2614 2091 vocabis
2639 2047 2774 2110 me,
2805 2036 2869 2096 et
2894 2051 3022 2115 ego
3047 2054 3317 2121 respon-

1784 2123 1947 2189 debo
1975 2125 2089 2190 tihi
2118 2148 2132 2190 :
2164 2129 2340 2210 operi
2381 2147 2692 2198 manuum
2725 2140 2986 2204 tuarum
3018 2144 3317 2226 porriges

1784 2227 2136 2296 dexteram.
2161 2254 2193 2293 n
2226 2233 2418 2311 Quasi
2443 2236 2651 2304 dicat:
2686 2240 2953 2318 vocabis
2985 2266 3123 2329 me,
3153 2269 3319 2334 prae-

1781 2343 2035 2422 ceptum
2065 2341 2435 2409 obedientiae
2464 2346 2626 2412 mihi
2655 2350 3068 2437 imponendo,
3099 2363 3164 2423 et
3190 2377 3316 2442 ego

1785 2450 2176 2530 respondebo
2202 2451 2315 2515 tihi
2332 2500 2351 2532 ,
2377 2472 2454 2519 ea
2474 2472 2665 2539 opere
2683 2460 3106 2546 adimplendO.
3131 2468 3319 2552 Operi

1785 2571 2101 2619 manuum
2143 2561 2402 2623 tuarum
2449 2565 2746 2647 porriges
2796 2568 3121 2638 dexteram
3134 2622 3157 2653 ,
3214 2595 3318 2643 me

1784 2661 2149 2745 adjuvando
2175 2665 2244 2728 in
2272 2672 2761 2748 perseverando.
2801 2674 2978 2742 Unde
3016 2681 3320 2763 Augusti·

1786 2774 1947 2832 nus⁸
1976 2787 1994 2832 ε
2022 2792 2054 2831 ι
2078 2771 2169 2835 Da
2193 2773 2365 2850 quod
2394 2778 2686 2862 praecipis
2702 2828 2725 2860 ‚
2750 2784 2908 2864 jube
2932 2788 3106 2868 quod
3132 2790 3251 2855 vis.
3278 2813 3312 2853 ι

1862 2875 2077 2943 Tertio
2131 2886 2319 2946 vocat
2376 2886 2683 2967 perfectos
2738 2892 2817 2956 ad
2873 2894 3319 2977 perfectionem

1783 2982 1936 3047 vitae
1978 2984 2046 3048 in
2092 2985 2451 3054 voluntaria
2498 3001 3059 3079 supererogatione
3112 3007 3317 3071 consi-

1782 3088 2054 3172 liorum3
2081 3095 2252 3160 unde
2278 3096 2508 3163 dicitur
2534 3107 2557 3142 ⁸
2589 3123 2605 3165 ε
2634 3101 2852 3170 «Vidit
2874 3107 3037 3173 duos
3060 3111 3316 3195 fratres,

1780 3194 2086 3263 «Iacobum
2129 3200 2413 3269 Zebedaei
2459 3211 2524 3270 et
2564 3207 2875 3277 «loannem
2916 3217 3175 3283 trabem
3196 3268 3219 3300 ,
3249 3221 3318 3285 in

1781 3304 1934 3368 navi
1970 3324 2120 3370 cum
2147 3307 2452 3376 Zebedaeo
2482 3319 2661 3396 patre
2704 3336 2925 3385 eorum
2971 3326 3320 3393 reficientes

1782 3411 1941 3476 retia
1982 3432 2102 3479 sua
2119 3462 2136 3493 ,
2178 3423 2243 3481 et
2269 3422 2521 3486 vocavit
2546 3440 2656 3489 eos
2691 3430 2801 3491 :at
2837 3428 2929 3494 illi
2968 3434 3273 3500 continuo
3288 3482 3313 3515 ,

1779 3519 2023 3586 relictis
2051 3524 2295 3590 retibus
2319 3530 2384 3592 et
2408 3533 2588 3612 patre
2613 3579 2632 3611 ,
2676 3537 2867 3601 secuti
2896 3542 3048 3604 sunt
3073 3559 3246 3608 eum.
3274 3566 3306 3605 n

1780 3625 2088 3694 Dominus
2111 3638 2325 3699 noster
2373 3635 2557 3703 lesus
2604 3639 2889 3708 Christus
2915 3648 3170 3713 vocavit
3205 3668 3314 3716 eos

1780 3736 1856 3798 ut
1881 3738 2138 3802 terrena
2163 3744 2672 3826 contemnerent,
2706 3752 2770 3812 et
2794 3749 2986 3816 etiam
3015 3754 3313 3823 affectum

1779 3842 2101 3909 carnalem
2143 3853 2632 3933 postponerent,
2675 3856 2832 3937 quia
2856 3858 3094 3925 volenti
3130 3865 3312 3948 sequi

1780 3946 2096 4014 Christum
2114 3998 2136 4031 ,
2166 3953 2231 4018 id
2263 3960 2392 4037 est,
2426 3960 2670 4042 apicem
2698 3964 3095 4046 perfectionis
3115 3988 3314 4037 evan-

1778 4054 2000 4135 gelicae
2022 4104 2045 4137 ,
2073 4076 2325 4144 necesse
2351 4069 2449 4129 est
2480 4064 2794 4151 deponere
2818 4072 3138 4141 exitialem
3163 4095 3309 4144 con-

1778 4161 2235 4244 cupiscentiam
2265 4173 2667 4237 terrenorum
2682 4222 2708 4255 ,
2738 4179 2801 4240 et
2825 4177 3139 4263 deponere
3164 4202 3308 4250 car-

1778 4267 1990 4333 nalem
2018 4270 2511 4342 demulcentiam
2546 4286 3167 4366 consanguineorum
3199 4314 3215 4355 t
3247 4296 3310 4357 et

1778 4373 1903 4438 hoc
1928 4381 2025 4441 em
2049 4381 2222 4462 quod
2249 4382 2483 4450 dicitur
2507 4387 2578 4451 in
2606 4390 2908 4471 praedicto
2933 4397 3170 4464 verbo:
3198 4399 3311 4466 Re-
3394 4393 3397 4396 ’

1778 4483 1953 4551 lictis
2003 4487 2245 4574 retibus
2300 4497 2364 4560 et
2397 4499 2584 4577 patre
2608 4545 2627 4577 ,
2677 4503 2886 4569 secuti
2931 4513 3089 4570 sunt
3139 4523 3303 4573 m.

1777 4588 2105 4666 Quomodo
2150 4601 2366 4663 autem
2402 4603 2680 4668 totaliter
2705 4604 3009 4674 debemus
3034 4612 3130 4676 ire
3166 4619 3307 4696 post

1778 4697 2099 4765 Christum
2118 4748 2136 4780 ,
2181 4704 2331 4770 dicit
2375 4707 2862 4793 chrysostomus
2914 4733 3108 4801 super
3149 4719 3305 4787 illud

1777 4806 2076 4875 Matthaei
2097 4809 2146 4873 ⁷.
2177 4810 2325 4876 Tria
2349 4820 2499 4880 sunt
2523 4835 2672 4900 quae
2705 4823 3086 4901 generaliter
3109 4827 3304 4893 relin-

1775 4930 1972 4995 quere
1998 4916 2187 4982 debet
2211 4920 2326 5002 qui
2350 4922 2493 4987 vult
2517 4923 2613 4990 ire
2636 4927 2715 4991 ad
2743 4927 3096 5013 Christum,
3127 4935 3303 4999 scili-

1775 5022 1873 5085 cet
1904 5026 2085 5088 actus
2112 5030 2491 5112 corporales,
2520 5034 2633 5116 qui
2666 5054 2781 5119 per
2802 5038 2981 5120 retia3
3012 5041 3303 5110 substan·
3344 5107 3357 5116 c

1771 5127 1929 5192 tiam
1957 5133 2368 5218 mundialem,
2399 5158 2546 5222 quae
2570 5161 2687 5226 per
2706 5163 2943 5213 navem
2964 5170 2981 5227 ;
3011 5157 3303 5233 parentes

1772 5237 1837 5299 et
1884 5242 2417 5325 consanguineos,
2466 5249 2583 5332 qui
2623 5270 2738 5335 per
2782 5258 3029 5337 patrem
3067 5258 3299 5325 intelli·

1769 5346 2047 5426 guntur.»

1839 5467 1907 5529 (a)
1939 5470 2206 5548 censedit.
2230 5487 2358 5528 non.
2379 5503 2443 5516 —
2469 5479 2537 5546 (ὁ)
2566 5483 2692 5533 nom
2710 5488 2850 5539 tunc.
