4059 6317
660 517 781 580 458

661 646 912 715 Stultus
949 652 1165 714 autem
1205 652 1405 727 esset,
1452 647 1566 732 qui
1610 646 1688 712 de
1726 647 1927 731 spinis
1969 647 2202 711 vinum

659 760 959 840 speraret.
1003 757 1184 824 Unde
1225 759 1244 794 ¹
1280 779 1296 822 z
1336 780 1369 819 ι
1403 755 1729 841 Numquid
1770 754 2086 837 colligunt
2124 755 2202 819 de

658 862 860 946 spinis
883 866 1089 930 uvas?
1111 886 1142 923 ι)
1174 862 1390 948 Spinae
1419 867 1636 929 autem
1663 865 1814 926 sunt
1839 866 2202 945 peccatores

658 971 986 1055 proximos
1027 989 1178 1036 suos
1215 968 1522 1050 odiend0,
1561 968 1983 1048 detrahendo,
2025 968 2199 1051 inju-

656 1079 905 1161 riando,
935 1080 1387 1159 contristando,
1416 1083 1779 1163 pungentes
1819 1083 1883 1143 et
1920 1078 2202 1143 laceran-

657 1194 773 1255 tes..
801 1189 1350 1267 Praevarieatores,
1382 1188 1564 1272 quasi
1589 1187 1811 1270 spinae,
1843 1185 2198 1251 evellentur

656 1296 966 1376 universi,
997 1301 1117 1363 etc.
1155 1296 1477 1375 Quamdiu
1504 1313 1636 1359 non
1663 1312 1732 1359 es
1760 1294 1999 1377 palmes
2023 1292 2199 1358 Chri-

656 1406 759 1485 sti,
804 1404 914 1469 sed
942 1404 1126 1488 spina
1158 1403 1414 1481 diaboli,
1445 1420 1578 1485 non
1617 1406 1797 1485 potes
1834 1402 1999 1467 ferre
2041 1420 2202 1469 uvas

659 1509 935 1596 Spiritus
960 1510 1189 1575 sancti.

738 1619 826 1683 De
861 1618 1139 1684 secunda
1172 1620 1196 1653 ²
1242 1640 1257 1683 ε
1305 1642 1336 1680 α
1376 1616 1729 1700 Elegerunt
1767 1615 2197 1699 Stephanum,

657 1728 876 1792 virum
902 1728 1168 1811 plenum
1195 1725 1324 1793 fide
1350 1730 1414 1792 et
1441 1725 1685 1811 Spiritu
1710 1730 1949 1791 sancto.
1978 1748 2007 1785 ι)
2043 1725 2201 1792 Ecce

655 1835 878 1920 quales
899 1852 1036 1900 esse
1061 1835 1323 1914 debent,
1367 1836 1481 1918 qui
1507 1833 1586 1899 ad
1622 1833 1973 1898 ministeria
2000 1833 2197 1899 eccle-

657 1942 907 2007 siastica
936 1942 1291 2024 eliguntur.
1323 1942 1459 2006 Imo
1485 1941 1553 2006 in
1580 1942 1862 2025 qualibet
1897 1942 2201 2007 electione

655 2050 826 2116 istud
862 2050 1091 2116 debent
1131 2050 1424 2114 homines
1464 2051 1810 2129 attendere,
1861 2055 1935 2116 ut
1979 2049 2196 2115 condi-

657 2158 862 2224 tiones
888 2159 1110 2238 bonas,
1129 2158 1323 2223 fidem
1345 2158 1580 2222 scilicet
1594 2163 1657 2223 et
1684 2157 1996 2241 Spiritum
2016 2176 2199 2222 sanc-

657 2269 820 2347 tum,
850 2265 920 2330 in
943 2265 1036 2330 eis
1073 2283 1384 2351 quaerere,
1423 2283 1584 2349 quos
1610 2265 1887 2346 eligunt,
1918 2265 2054 2330 sive
2081 2265 2202 2328 eli-

657 2392 811 2458 gere
847 2374 1101 2455 debent,
1142 2377 1457 2457 conjuges
1496 2374 1563 2437 in
1593 2373 2034 2453 matrimonio,
2066 2374 2201 2440 sive

655 2481 963 2546 famiFam
989 2481 1058 2545 in
1082 2481 1296 2562 domo,
1326 2482 1464 2547 sive
1501 2481 1792 2546 consules
1817 2481 1885 2545 in
1920 2481 2198 2561 civitate,

657 2588 794 2653 sive
812 2588 1063 2670 judices
1087 2587 1158 2652 in
1183 2592 1374 2668 terra,
1407 2588 1543 2653 sive
1585 2588 1888 2671 plebanos
1915 2587 1983 2652 in
2012 2606 2204 2671 paro-

655 2696 835 2775 chiis,
863 2695 1000 2760 sive
1025 2696 1394 2779 episcopum
1427 2695 1495 2759 in
1537 2695 1813 2760 dioecesi.
1846 2694 2075 2773 Quales
2092 2715 2203 2761 au-

657 2807 786 2868 tem
840 2803 1231 2868 conditiones
1292 2804 1363 2866 in
1430 2801 1743 2884 eligendis
1800 2804 2201 2869 attendendae

656 2911 781 2976 sint
802 2958 820 2990 ‚
872 2912 1035 2977 bene
1078 2910 1461 2994 exprimitur
1483 2958 1500 2990 ,
1549 2929 1700 2976 cum
1752 2910 1787 2976 J
1789 2915 1925 2977 etro
2000 2912 2203 2997 Moysi

656 3018 817 3084 dixit
846 3022 870 3059 ⁸
899 3037 917 3083 ι
954 3041 987 3080 c
1015 3018 1287 3084 Provide
1315 3018 1431 3082 tibi
1468 3018 1549 3083 de
1587 3018 1765 3083 omni
1805 3018 1989 3101 plebe
2027 3020 2202 3085 viros

655 3128 993 3210 sapientes,
1036 3131 1100 3192 et
1139 3126 1440 3191 timentes
1468 3126 1694 3206 Deum,
1722 3127 1789 3191 in
1840 3128 2078 3211 quibus
2121 3130 2205 3194 sit

656 3234 915 3311 veritas,
944 3238 1010 3299 et
1033 3234 1147 3317 qui
1183 3234 1460 3299 oderunt
1496 3234 1862 3314 avaritiam,
1904 3257 1936 3296 n
1974 3240 2093 3301 etc.
2126 3235 2203 3302 Et

655 3340 823 3405 infra
878 3362 895 3406 τ
952 3365 983 3402 «
1042 3341 1267 3406 Electis
1311 3341 1472 3409 viris
1530 3342 1806 3407 strenuis
1846 3343 1927 3408 de
1972 3349 2203 3411 cuncto

656 3449 851 3515 Israel
891 3450 1216 3515 constituit
1261 3468 1370 3515 eos
1410 3450 1745 3534 principes.
1782 3472 1813 3511 υ
1866 3449 2006 3516 Non
2042 3470 2204 3534 ergo

657 3557 823 3639 elige
843 3557 1059 3637 talem,
1089 3556 1202 3641 qui
1243 3560 1308 3622 te
1349 3557 1541 3622 ducat
1579 3557 1649 3621 in
1693 3557 1941 3639 ignem,
1997 3559 2205 3642 qualis

657 3666 763 3731 ille
787 3664 930 3745 fuit,
968 3664 1047 3729 de
1087 3683 1216 3748 quo
1260 3663 1620 3729 Bernardus
1652 3664 1746 3729 ait
1768 3664 1792 3700 ⁸
1827 3687 1843 3730 z
1884 3688 1914 3726 «
1960 3664 2083 3743 Qui
2110 3669 2202 3731 tot

656 3772 997 3857 discipulos
1047 3790 1163 3855 per
1216 3790 1401 3839 suam
1458 3771 1925 3854 negligentiam
1981 3773 2061 3837 ad
2111 3773 2205 3838 in-

658 3884 910 3947 fernum
956 3882 1184 3960 duxit,
1233 3881 1497 3965 reliquis
1538 3882 1858 3964 numquid
1916 3882 2202 3966 praeponi

658 3991 919 4056 debuit?
946 4013 977 4051 n

739 4097 824 4163 De
864 4098 1051 4163 tertia
1090 4100 1114 4135 ⁸
1158 4118 1175 4162 z
1225 4121 1257 4160 α
1301 4097 1654 4180 Elegerunt
1690 4098 1895 4163 bonos
1940 4097 2009 4161 in
2053 4116 2206 4177 vasa

658 4224 800 4286 sua,
847 4206 1049 4271 malos
1086 4211 1301 4272 autem
1344 4207 1512 4271 foras
1559 4205 1895 4270 miserunt.
1939 4203 2045 4269 Sic
2086 4204 2208 4269 erit

658 4313 728 4377 in
748 4312 1295 4378 consummatione
1315 4311 1558 4378 saeculi.
1590 4310 1875 4377 Exibunt
1900 4311 2139 4394 angeli,
2166 4332 2197 4371 n

656 4424 778 4486 etc.
820 4418 985 4486 Nota
1029 4419 1418 4503 parabolam.
1470 4419 1722 4502 Sagena
1765 4423 1862 4484 est
1906 4419 2202 4485 Ecclesia.

659 4527 872 4593 Pisces
892 4531 1044 4593 sunt
1069 4526 1387 4606 homines,
1418 4545 1580 4612 quos
1607 4526 1895 4591 doctores
1919 4527 2201 4610 capiunt,

657 4636 816 4703 dum
857 4655 968 4702 eos
1010 4636 1295 4702 converti
1332 4636 1595 4700 faciunt.
1640 4637 1662 4673 ⁸
1715 4658 1745 4696 «
1791 4635 2045 4701 Faciam
2089 4655 2208 4704 vos

657 4745 1000 4832 piscatores
1045 4743 1405 4810 hominum.
1461 4766 1491 4803 n
1542 4744 1617 4808 ln
1661 4744 1872 4810 littore
1925 4744 2207 4810 soliditas

662 4850 1158 4919 immortalitatis
1186 4851 1586 4934 significatur
1607 4852 1675 4917 ⁷:
1716 4876 1747 4914 α
1781 4852 1966 4918 Mane
1991 4859 2205 4918 autem

663 4967 848 5042 facto,
878 4963 1051 5029 stetit
1069 4961 1251 5028 ‚Iesus
1283 4961 1353 5026 in
1391 4962 1625 5043 littore,
1675 4985 1705 5022 n
1733 4965 1851 5028 etc.
1905 4961 2047 5028 Non
2076 4963 2203 5028 dis-

664 5077 1015 5139 cernuntur
1056 5072 1280 5155 pisces,
1321 5089 1532 5155 neque
1570 5071 1792 5156 vipera
1835 5092 1875 5138 a
1912 5090 2205 5153 murena,

666 5201 876 5268 neque
911 5200 1170 5268 serpens
1217 5182 1299 5248 ab
1343 5182 1656 5266 anguilla,
1709 5201 1918 5268 neque
1959 5187 2145 5249 tenca
2170 5202 2209 5249 a

731 5310 749 5344 ¹
780 5309 985 5375 lauh„
1009 5321 1115 5370 vn,
1145 5313 1285 5361 16.—
1316 5310 1335 5341 ²
1360 5310 1492 5373 Act„
1526 5320 1597 5370 vi,
1628 5312 1675 5361 5.
1707 5334 1767 5348 -
1797 5309 1821 5346 ⁸
1853 5309 2029 5367 Exod„
2059 5320 2209 5372 xvm,

1759 509 2182 578 SERMONES
2221 509 2322 576 DE
2360 508 2753 578 TEMPORE.

2310 663 2491 722 rana,
2544 664 2754 729 neque
2793 646 3026 731 aliquis
3065 648 3276 712 bonus
3318 644 3511 729 piscis
3555 663 3599 708 a
3646 641 3857 721 malo;

2308 754 2441 819 imo
2469 772 2681 838 neque
2704 755 2858 820 boni
2884 774 2925 819 a
2948 755 3156 835 bonis,
3185 772 3397 837 neque
3425 751 3583 817 mali
3604 769 3648 814 a
3672 749 3861 815 malis

2307 861 2756 927 discernuntur
2786 862 2855 927 in
2881 880 3071 947 aqua,
3114 862 3224 926 sed
3272 861 3341 925 in
3378 877 3624 941 sagena
3656 862 3862 923 tracta

2307 968 2388 1033 ad
2415 969 2630 1033 littus:
2660 970 2752 1034 sic
2777 970 3023 1053 utique,
3053 968 3365 1053 quamdiu
3389 984 3632 1049 sagena
3650 964 3862 1030 Eccle-

2308 1074 2420 1139 siae
2461 1076 2583 1139 sub
2629 1076 2815 1159 aquis
2863 1077 3185 1160 praesentis
3225 1075 3501 1140 miseriae
3552 1073 3860 1152 trahitur,

2306 1182 2422 1247 vix
2446 1182 2614 1248 inter
2629 1184 2831 1249 bonos
2856 1186 2920 1247 et
2944 1182 3167 1271 malos,
3209 1187 3273 1248 et
3300 1184 3551 1266 pejores
3573 1229 3592 1260 ‚
3623 1182 3861 1246 discer-

2307 1309 2462 1356 nere
2492 1309 2851 1373 possumus.
2895 1290 3019 1356 Sed
3046 1295 3381 1375 postquam
3409 1290 3492 1355 ad
3536 1290 3719 1355 littus
3746 1291 3863 1354 im-

2306 1398 2709 1464 mortalitatis
2732 1399 2802 1464 in
2831 1399 2933 1464 die
2964 1399 3192 1482 judicii
3220 1401 3610 1483 perventum
3636 1399 3858 1478 fuerit,

2307 1507 2766 1572 discernentur.
2810 1504 3212 1587 Augustinus
3238 1512 3263 1546 ⁸
3295 1528 3309 1570 :
3345 1530 3375 1567 α
3404 1506 3568 1571 Cum
3609 1507 3867 1571 venerit

2307 1614 2643 1694 Dominus,
2674 1636 2706 1675 n
2738 1617 2857 1679 etc.
2894 1614 3166 1698 Require
3194 1632 3387 1697 supra
3411 1613 3483 1678 in
3513 1632 3861 1680 sermone:

2306 1722 2451 1790 Iam
2477 1726 2710 1804 parata
2735 1726 2781 1786 ⁸.
2822 1721 3004 1787 Tunc
3029 1721 3177 1787 boni
3201 1723 3283 1787 ab
3326 1722 3579 1804 angelis
3605 1722 3865 1806 eligen-

2306 1831 2514 1896 turin
2551 1849 2705 1895 vasa
2740 1830 2813 1894 in
2853 1830 3141 1897 diversas
3185 1831 3579 1911 mansiones,
3628 1850 3863 1896 secun-

2306 1937 2465 2003 dum
2510 1937 2906 2003 diversitates
2950 1938 3355 2004 meritorum.
3374 1939 3443 2033 ‚¹⁹
3490 1961 3522 1999 ι
3552 1937 3626 2002 ln
3671 1939 3865 2004 domo

2309 2046 2533 2127 Patris,
2566 2070 2595 2107 ι)
2631 2051 2754 2112 etc.

2388 2154 2476 2220 De
2503 2159 2735 2238 quarta
2762 2157 2803 2191 ¹¹
2833 2176 2848 2220 ε
2877 2179 2908 2217 α
2933 2155 3285 2221 Incrassata
3302 2160 3400 2221 est
3428 2176 3584 2241 pars
3610 2161 3781 2242 ejus,
3803 2163 3867 2224 et

2309 2263 2490 2328 cibus
2512 2264 2656 2345 ejus
2683 2262 2940 2328 electus..
2982 2284 3013 2323 n
3060 2263 3326 2349 Propter
3369 2264 3492 2330 hoc
3530 2284 3700 2349 ergo
3740 2286 3862 2332 ex·

2313 2374 2527 2458 pandit
2548 2391 2857 2454 sagenam
2886 2393 3095 2454 suam,
3126 2379 3189 2440 et
3215 2393 3465 2459 semper
3493 2376 3864 2443 interficere

2309 2500 2518 2565 genus
2545 2500 2681 2546 non
2706 2485 2930 2547 cessat.
2963 2481 3144 2548 Sicut
3181 2483 3347 2548 Deus
3382 2487 3445 2548 et
3484 2484 3708 2567 angeli
3744 2485 3863 2550 eli-

2314 2593 2485 2671 gunt
2511 2589 2810 2669 mundoS,
2834 2594 2897 2655 et
2920 2590 3154 2656 diaboli
3178 2590 3432 2673 eligunt
3459 2591 3859 2659 immundos.

2310 2694 2487 2761 Unde
2514 2701 2836 2780 serpentes
2875 2701 2939 2761 et
2974 2696 3184 2763 aliena
3225 2703 3576 2779 venenata,
3625 2700 3695 2767 id
3739 2708 3858 2781 est,

2309 2807 2690 2886 peccatores,
2716 2808 2869 2869 sunt
2893 2805 3071 2870 cibus
3088 2806 3181 2870 eis
3207 2806 3466 2871 electus.
3492 2806 3683 2873 Nunc
3700 2827 3864 2892 ergo

2310 2910 2541 2976 electos
2584 2930 2736 2977 suos
2786 2912 3096 2977 devorant
3144 2913 3213 2976 in
3258 2913 3474 2997 culpa,
3524 2919 3601 2979 ut
3640 2934 3861 2982 secum

2313 3024 2693 3101 mergantur
2731 3019 2801 3084 in
2853 3020 3176 3103 gehenna.
3208 3022 3252 3057 ¹⁸
3297 3044 3326 3081 «
3356 3021 3685 3106 Principes
3721 3026 3863 3108 ejus

2311 3127 2629 3192 submersi
2656 3132 2830 3208 sunt,
2865 3151 2895 3189 »
2931 3133 3051 3194 etc.
3085 3129 3207 3208 Qui
3232 3134 3383 3195 sunt
3415 3130 3653 3195 diaboli
3682 3134 3858 3215 prin-

2311 3235 2506 3318 cipeS,
2543 3235 2666 3300 nisi
2694 3235 2809 3319 qui
2850 3237 2917 3301 in
2959 3236 3303 3302 sceleribus
3346 3244 3495 3302 sunt
3533 3240 3859 3324 principa-

2311 3343 2446 3407 les?
2475 3342 2658 3408 Tales
2685 3343 2755 3408 in
2781 3344 2946 3409 mari
2977 3345 3294 3428 gehennae
3320 3347 3860 3429 submerguntur,

2312 3449 2477 3514 sicut
2487 3451 2659 3533 porci
2676 3451 2782 3535 qui
2804 3452 3170 3517 luxuriosos
3187 3454 3624 3536 significant.¹⁸
3642 3480 3676 3519 α
3690 3456 3866 3519 Abiit

2311 3559 2483 3622 totus
2515 3575 2680 3640 grex
2720 3576 2833 3642 per
2864 3577 3147 3643 praeceps
3171 3560 3239 3624 in
3264 3577 3463 3640 mare,
3494 3582 3523 3619 ι)
3560 3566 3709 3642 etc„
3738 3587 3771 3623 α
3802 3568 3864 3628 et

2313 3665 2553 3729 mortui
2581 3666 2816 3730 suntin
2832 3666 3040 3749 aquis.
3067 3688 3096 3725 υ
3125 3666 3304 3731 Sicut
3319 3686 3481 3749 ergo
3508 3669 3695 3751 gluto
3723 3690 3868 3754 por-

2312 3792 2419 3839 cos
2446 3773 2842 3856 pinguiores»,
2867 3778 2932 3839 et
2960 3774 3164 3857 pisces
3182 3776 3458 3858 majores
3482 3776 3727 3859 eligere
3747 3780 3868 3843 scit

2312 3880 2395 3946 ad
2441 3880 2915 3962 devorandum,
2966 3883 3057 3946 sic
3102 3886 3167 3947 et
3220 3882 3529 3948 diabolus.
3579 3884 3861 3951 Ambro-

2313 3988 2448 4052 sius
2470 3987 2516 4024 ¹⁸
2546 4009 2561 4052 :
2590 4012 2619 4049 «
2648 3988 2753 4053 Sic
2778 3991 2951 4053 amat
2973 3987 3262 4054 diabolus
3290 3990 3608 4055 famulum
3635 4010 3861 4073 suum,

2314 4099 2391 4161 ut
2431 4096 2677 4180 perdat,
2724 4096 2889 4161 sicut
2923 4099 3096 4161 amat
3132 4096 3316 4179 gluto
3357 4098 3747 4181 porcellum,
3791 4106 3865 4166 ut

2319 4203 2629 4267 comedat.
2668 4226 2698 4261 υ

2404 4436 2773 4513 DOMINIGA
2816 4436 2938 4511 XX
2981 4435 3169 4512 POST
3212 4436 3767 4516 PENTEGOSTEN.

2745 4605 3034 4677 SERMO
3078 4606 3428 4678 PRIMUS.

2398 4744 2562 4811 Erat
2587 4741 2856 4826 quidam
2890 4742 3172 4826 ravulas,
3210 4743 3397 4825 cnjus
3439 4735 3620 4826 filius
3668 4746 3864 4826 infir-

2318 4852 2620 4919 mabatur
2649 4849 3102 4933 capharnaum
3124 4849 3192 4915 ¹⁸.
3222 4851 3587 4916 Secundum
3615 4856 3857 4935 septem

2318 4960 2473 5025 vitia
2499 4958 2811 5042 capitalia,
2839 4960 3081 5040 septem
3109 4962 3259 5022 sunt
3286 4957 3692 5025 infirmitates
3714 4961 3853 5025 ani-

2322 5086 2601 5133 marum.

2398 5177 2621 5243 Primo
2664 5192 2827 5258 ergo
2860 5178 2957 5241 est
3002 5175 3344 5241 infirmitas
3384 5176 3701 5261 superbiai
3744 5178 3791 5220 ¹⁸
3837 5199 3853 5242 ε

670 5380 760 5443 2¹,
805 5383 884 5431 25.
929 5406 983 5418 -
1027 5381 1046 5412 ⁴
1090 5380 1335 5432 Ber-nard.
1368 5406 1430 5418 —
1468 5381 1488 5411 ⁸
1523 5378 1729 5442 Mami„
1769 5392 1905 5443 xm,
1943 5383 2110 5434 48-49.
2148 5405 2211 5417 —
2326 5382 2428 5434 col.
2476 5386 2523 5432 ι.
2561 5407 2624 5422 -
2667 5383 2713 5419 ¹⁸
2750 5382 2914 5443 Joan„
2953 5393 3064 5447 xw,
3104 5385 3155 5433 2.
3186 5406 3249 5419 —
3290 5382 3324 5416 ¹¹
3362 5378 3571 5442 Habea,
3612 5392 3662 5445 1,
3699 5382 3773 5431 16.
3801 5402 3859 5418 -

676 5451 696 5479 ⁸
722 5449 930 5504 March..
959 5463 1031 5515 ιν,
1069 5456 1146 5503 ¹9.
1175 5477 1235 5490 -
1268 5452 1291 5487 ‘¹
1315 5452 1483 5514 Joan„
1519 5463 1639 5515 1¹1,
1667 5455 1715 5503 4.
1756 5479 1811 5490 -
1858 5453 1878 5482 ⁸
1908 5453 2119 5517 August.
2144 5479 2207 5492 —

677 5523 697 5551 ⁸
726 5520 840 5574 Vid.
876 5535 1011 5588 sup„
1041 5524 1191 5573 Dom.
1222 5524 1285 5585 ll,
1318 5528 1437 5588 post
1461 5525 1626 5587 Pent-,
1651 5537 1805 5575 serm.
1837 5535 1920 5586 ιιι,
1946 5538 2064 5589 pag.
2095 5527 2208 5587 335,

2322 5454 2366 5489 ¹⁸
2396 5452 2580 5517 Emod„
2609 5466 2694 5517 xv,
2725 5458 2772 5505 4.
2806 5480 2870 5494 -
2902 5455 2942 5490 ¹⁸
2972 5452 3184 5518 nauh„
3213 5464 3329 5516 vul,
3356 5455 3436 5503 32.
3464 5479 3528 5492 —
3555 5453 3600 5490 ¹⁸
3626 5452 3855 5507 Ambros-

2325 5551 2389 5565 —-
2418 5527 2455 5561 ¹⁸
2478 5531 2648 5589 ,Ιοωιυ
2672 5539 2744 5593 ιν,
2772 5530 2850 5579 46.
2880 5551 2943 5567 -
2978 5529 3015 5557 ¹⁸
3042 5529 3161 5589 lm„
3191 5536 3334 5590 xxiv,
3361 5526 3409 5577 ὁ.
