4059 6317
728 464 844 527 {78

721 595 883 674 thio,
924 596 1110 678 cujus
1149 591 1399 676 pullum
1435 591 1739 658 Salomon
1775 593 1944 659 vitro
1974 594 2256 660 incluse-

718 707 848 781 rat,
877 701 1025 767 tulit
1069 699 1515 777 vermiculum,
1567 702 1755 781 cujns
1802 702 2121 782 sanguine
2150 702 2254 765 vi·

715 814 891 872 trum
931 807 1182 885 linivit,
1211 810 1273 871 et
1297 806 1568 871 fractum
1596 811 1692 871 ost
1713 855 1730 883 ‚
1761 812 1823 871 et
1850 808 2066 891 pullus
2101 809 2255 873 libe-

714 919 894 981 ratus
918 919 1013 979 est
1041 934 1058 978 ε
1091 914 1183 979 sic
1208 914 1495 979 Christus
1519 915 1746 980 electos
1782 933 1933 980 suos
1960 916 2255 981 liberavit

710 1025 910 1090 tracto
934 1023 1182 1087 interno
1201 1040 1315 1105 per
1338 1023 1728 1104 sanguinem
1754 1023 2090 1088 vermiculi
2118 1043 2254 1088 car-

710 1132 812 1199 nis
846 1149 1004 1195 suae.
1054 1130 1341 1195 Psalmus
1368 1132 1387 1167 ¹
1420 1152 1436 1194 ε
1479 1154 1511 1192 α
1539 1130 1684 1213 Ego
1715 1131 1955 1196 vermis
1974 1178 1994 1211 ,
2027 1136 2091 1195 et
2117 1150 2250 1197 non

707 1239 942 1318 hom0‚
979 1260 1011 1298 n
1048 1243 1166 1302 etc.
1219 1236 1509 1302 Infernus
1550 1237 1725 1302 enim
1773 1236 2020 1302 Christo
2072 1237 2247 1302 sran-

710 1348 891 1431 genti
930 1348 1051 1412 fuit
1100 1347 1283 1431 quasi
1321 1348 1597 1427 vitreus;
1639 1348 1747 1413 sed
1801 1348 2102 1412 damnato
2154 1351 2251 1413 est

705 1457 891 1540 quasi
921 1458 1185 1520 ferreus,

719 1608 724 1613 -
785 1563 871 1630 De
939 1562 1128 1627 tertio
1164 1567 1188 1602 ¹
1229 1584 1245 1625 t
1308 1584 1338 1623 α
1392 1546 1572 1627 Βεαῑῖ
1615 1563 1731 1646 qui
1780 1561 1999 1628 lavant
2053 1563 2243 1628 stolas

704 1689 852 1736 suas
887 1670 956 1734 in
990 1668 1305 1752 sanguine
1329 1668 1529 1751 Agni‚
1566 1674 1640 1733 ut
1682 1669 1764 1732 sit
1796 1673 2104 1752 postestas
2133 1687 2241 1734 eo·

700 1798 853 1846 rum
892 1779 958 1843 in
1002 1778 1185 1859 ligno
1227 1776 1379 1841 vitae
1401 1824 1420 1856 ‚
1467 1783 1530 1842 et
1577 1795 1692 1860 per
1742 1782 1956 1860 portas
2001 1779 2246 1842 intrent

700 1890 771 1955 in
819 1888 1167 1955 civitatem.
1218 1886 1399 1952 Foris
1440 1889 1691 1965 autem,
1726 1909 1757 1946 n
1797 1892 1918 1951 etc.
1956 1885 2240 1969 Lignum

700 1997 853 2060 vitae
902 2000 999 2060 est
1052 1994 1378 2073 Christus,
1428 2012 1541 2076 per
1579 2012 1774 2076 quem
1828 1993 2243 2075 spirituahter

699 2108 763 2168 et
800 2101 1183 2168 aeternaliter
1217 2102 1451 2165 animae
1509 2104 1740 2165 nostrae
1782 2101 2044 2177 vivunt,
2093 2118 2241 2183 quae

699 2216 972 2276 mortuae
1015 2213 1197 2273 erant
1250 2209 1316 2272 in
1374 2207 1667 2291 peccatis.
1721 2207 1899 2273 Unde
1951 2207 2240 2271 Christus

697 2321 860 2385 bene
904 2321 995 2384 ait
1038 2320 1109 2382 in
1150 2317 1405 2383 Psalmo
1431 2323 1455 2358 ⁸
1490 2340 1505 2383 ε
1544 2339 1576 2377 α
1604 2317 1841 2382 Similis
1867 2318 2067 2381 factus
2091 2336 2238 2381 sum

697 2428 1037 2510 pollinam,
1070 2449 1102 2487 n
1153 2426 1513 2491 pellicanus
1555 2425 1767 2506 enim,
1815 2424 1978 2488 sicut
2019 2424 2240 2489 Glossa

695 2535 886 2615 dicit,
918 2539 1013 2599 est
1050 2532 1257 2617 pullos
1295 2550 1445 2597 suos
1474 2532 1689 2597 triduo
1715 2532 1964 2613 lugens,
1996 2536 2061 2596 et
2082 2537 2241 2597 tunc

694 2645 899 2706 rostro
926 2659 1036 2704 san
1045 2640 1311 2721 guinem
1338 2657 1532 2705 suum
1559 2639 1854 2718 fundens,
1885 2643 1948 2703 et
1965 2640 2237 2702 revivis-

694 2753 848 2812 cunt
880 2771 895 2813 ι
931 2748 1024 2811 ita
1058 2746 1342 2810 Christus
1382 2746 1701 2827 sanguine
1739 2764 1858 2810 suo
1903 2763 2018 2809 nos
2062 2747 2233 2810 revi-

695 2855 998 2920 vificavit.
1046 2853 1170 2918 Sed
1205 2871 1347 2917 ecce
1383 2852 1461 2916 ad
1493 2852 1679 2932 ligna
1704 2852 1854 2916 vitae
1883 2871 1993 2934 per
2020 2857 2236 2936 portas

694 2961 965 3025 civitatis
1008 2977 1304 3042 supernae
1331 2958 1551 3023 nullus
1581 2962 1787 3040 potest
1815 2959 2076 3036 intrare,
2110 2960 2235 3023 nisi

691 3069 862 3133 lotus
901 3066 1128 3132 Christi
1158 3066 1473 3147 sanguine
1504 3084 1520 3128 ε
1556 3065 1731 3129 solus
1756 3065 1928 3128 enim
1960 3068 2233 3147 sanguis

691 3175 869 3257 Agni
915 3173 1163 3256 aperire
1210 3177 1422 3255 portas
1476 3174 1701 3255 potuit.
1736 3171 2122 3261 ‚Bernardus
2149 3173 2171 3209 ⁸
2211 3196 2226 3237 ε

694 3303 726 3344 α
755 3282 1035 3364 Sanguis
1062 3280 1288 3346 Christi
1315 3284 1411 3344 est
1438 3278 1633 3344 clavis
1660 3279 1954 3362 paradisi.
1985 3300 2017 3338 »
2055 3278 2231 3344 Unde

591 3464 596 3471 ⁴
690 3388 978 3471 claviger
1025 3391 1241 3452 noster
1284 3386 1530 3468 primus
1562 3404 1678 3470 per
1722 3385 2051 3468 proprium
2087 3405 2231 3450 san-

690 3495 957 3578 guinem
985 3493 1272 3559 introivit
1298 3493 1491 3557 semel
1517 3492 1585 3555 in
1613 3497 1854 3556 sancta.

767 3603 855 3669 De
882 3606 1111 3686 quarto
1132 3601 1190 3665 ⁸:
1230 3624 1260 3662 α
1286 3598 1697 3665 Commendat
1733 3618 1918 3664 suam
1944 3600 2226 3664 charita-

687 3713 817 3774 tem
859 3708 1025 3774 Deus
1063 3708 1133 3772 iu
1174 3707 1382 3787 nobis,
1413 3729 1444 3767 ιι
1485 3710 1603 3771 etc.
1634 3725 1842 3789 usque
1874 3728 1889 3771 ε
1929 3730 1960 3767 α
1991 3707 2228 3772 Justifl-

685 3821 810 3886 cati
852 3821 922 3885 in
959 3819 1271 3902 sanguine
1314 3818 1536 3901 ipsius,
1565 3816 1727 3882 salvi
1752 3818 1995 3884 erimus
2020 3820 2102 3883 ab
2131 3821 2225 3884 ira

1811 456 2232 527 SERMONES
2273 458 2376 526 DE
2416 458 2813 528 TEMPORE.

2360 594 2524 672 Quia
2547 614 2709 679 ergo
2749 596 3018 678 sanguis
3048 596 3279 662 Christi
3314 599 3385 663 in
3412 598 3653 682 judicio
3690 596 3895 665 salvat

2360 702 2614 782 eIectoe,
2638 708 2704 767 et
2730 704 3055 769 confundit
3074 705 3416 786 reprobos3
3449 706 3589 772 ideo
3614 707 3846 772 dicitur
3870 713 3891 748 ¹

2360 810 2529 891 quod
2578 808 2853 874 Joannes
2903 810 3062 875 vidit
3099 812 3403 876 vestitum
3451 817 3625 878 veste
3648 833 3898 897 aspersa

2359 917 2712 997 sanguine,
2766 917 3111 981 habentem
3165 917 3517 984 diademata
3569 922 3771 986 multa
3829 922 3896 988 in

2358 1024 2560 1105 capite
2582 1072 2599 1099 ‚
2629 1027 2692 1088 et
2722 1024 3010 1104 gladium
3037 1025 3105 1090 iu
3137 1029 3411 1111 utraque
3437 1033 3615 1111 parte
3635 1035 3897 1095 acutum

2355 1129 2426 1193 in
2450 1147 2602 1194 ore:
2634 1130 2986 1195 diademata
3025 1132 3108 1197 ad
3145 1136 3584 1200 coronandum
3613 1136 3847 1201 electos
3877 1161 3894 1199 ε

2357 1236 2672 1319 gladium,
2724 1238 2806 1303 ad
2855 1239 3267 1305 refellendum
3316 1243 3644 1325 reprobos.
3699 1242 3901 1329 Caput

2357 1343 2589 1409 Christi
2629 1346 2925 1411 divinitas
2958 1352 3054 1413 est
3091 1367 3109 1412 ε
3142 1349 3209 1413 in
3240 1352 3442 1434 capite
3479 1370 3638 1434 ergo
3680 1353 3899 1418 diade-

2355 1456 2529 1517 mata
2555 1452 2803 1533 habuit,
2830 1456 2983 1536 quia
3005 1456 3071 1519 in
3096 1459 3625 1542 contemplatione
3653 1465 3722 1525 et
3747 1462 3904 1525 frui·

2354 1559 2524 1625 tione
2567 1560 2812 1625 deitatis
2834 1610 2853 1639 ,
2902 1561 3109 1627 honor
3147 1582 3511 1650 coronaque
3561 1568 3899 1634 beatorum

2353 1667 2496 1731 erit.

2911 1830 3200 1903 SERMO
3244 1834 3331 1902 Π.

2429 1992 2516 2058 Si
2544 1993 2880 2060 veritatem
2906 1992 3051 2060 dico
3077 1992 3276 2073 vobis,
3305 2009 3501 2077 quare
3528 2011 3663 2063 non
3688 1999 3901 2066 credi·

2352 2102 2443 2166 tis
2464 2100 2625 2167 mihi
2647 2102 2692 2142 ¹⁰
2708 2102 2743 2165 P
2769 2099 2998 2165 Adhuc
3024 2100 3328 2165 Dominus
3346 2102 3487 2183 jam
3514 2104 3744 2169 multis
3761 2105 3902 2171 haec

2352 2208 2551 2272 verba
2574 2208 2779 2272 dicere
2818 2211 3061 2290 potest,
3110 2226 3390 2291 quorum
3431 2228 3628 2292 opera
3675 2218 3897 2278 osten·

2348 2315 2511 2379 dunt
2562 2334 2671 2381 eos
2708 2315 2997 2380 debiliter
3043 2316 3320 2381 credere.
3366 2318 3405 2353 ¹¹
3446 2340 3479 2379 α
3522 2316 3709 2384 Fides
3760 2322 3903 2386 sine

2346 2424 2644 2505 operibus
2680 2429 2933 2488 mortua
2975 2429 3091 2488 est.
3129 2446 3161 2484 n
3197 2422 3354 2490 Cum
3393 2443 3553 2507 ergo
3598 2427 3903 2494 hominen

2345 2530 2588 2595 soleant
2614 2532 3274 2613 crederejuramento,
3296 2531 3528 2614 sigillo,
3550 2536 3898 2616 promisso,

2344 2641 2710 2706 testimonio
2731 2688 2751 2719 ,
2804 2657 3003 2723 quare
3052 2657 3169 2704 vos
3220 2657 3349 2703 non
3394 2642 3653 2707 creditis
3702 2647 3900 2726 jura-

2346 2752 2563 2810 mento
2620 2754 2901 2827 paternae
2944 2745 3230 2810 veritatis
3245 2794 3262 2824 ,
3325 2746 3537 2829 sigillo
3581 2754 3903 2817 maternae

2342 2852 2723 2934 virginatis,
2770 2853 3081 2936 promisso
3122 2870 3283 2917 meae
3325 2854 3662 2934 felicitatis,
3702 2859 3900 2923 *testi-

2342 2959 2561 3024 monio
2583 2959 2968 3043 propheticae
2995 2962 3383 3025 auctoritatis
3398 2964 3430 3024 ⁴?

2421 3066 2507 3131 De
2557 3068 2765 3149 primo
2794 3070 2839 3109 ²²
2873 3085 2891 3131 ε
2926 3091 2956 3128 α
2987 3066 3206 3133 Omnis
3243 3070 3695 3136 controversiae
3747 3074 3900 3137 fluis

2339 3174 2421 3239 ad
2447 3174 3001 3239 confirmationem
3029 3179 3604 3259 aetjuramentum.
3635 3200 3667 3238 n
3712 3179 3898 3245 Glos-

2338 3300 2452 3345 sa:
2496 3305 2527 3341 a
2554 3279 2627 3346 Si
2667 3281 2934 3360 homini,
2978 3285 3090 3366 qui
3129 3286 3403 3350 mendax
3444 3291 3572 3363 est,
3603 3287 3901 3353 creditur

2337 3408 2452 3472 per
2493 3389 2571 3471 (b)
2600 3392 3065 3472 juramentum,
3119 3392 3325 3456 multo
3370 3393 3580 3474 magis
3611 3395 3898 3460 creden-

2335 3498 2491 3562 dum
2546 3503 2640 3562 est
2692 3496 2821 3561 Deo
2853 3545 2871 3574 ‚
2928 3497 3039 3580 qui
3093 3499 3345 3562 mentiri
3391 3517 3523 3563 non
3573 3503 3815 3582 potest.
3857 3524 3893 3563 n

2333 3603 2584 3669 Iuravit
2632 3605 2853 3668 autem
2918 3603 3042 3666 tria
3092 3605 3430 3669 credenda.
3484 3605 3896 3673 Credendum

2333 3716 2428 3775 est
2467 3710 2638 3775 enim
2683 3710 2883 3775 Deum
2925 3728 3059 3775 esse
3090 3712 3406 3775 bonorum
3434 3719 3897 3780 remunerato·

2332 3837 2471 3882 rem
2491 3819 2582 3882 ¹⁸:
2626 3841 2657 3877 α
2685 3816 3015 3882 Revocabo
3063 3835 3170 3882 eos
3222 3817 3306 3882 ad
3359 3822 3651 3899 terram„
3688 3841 3894 3905 quam

685 3946 797 4011 per
842 3929 1077 4011 ipsum.
1140 3949 1170 3986 ι)
1221 3924 1400 3990 Sicut
1441 3924 1618 3989 electi
1666 3943 1780 4007 per
1833 3928 2220 4008 sanguinem
2322 3925 2545 4005 ,iuravi
2602 3924 2892 4009 patribus
2955 3941 3205 3989 eorum.
3246 3947 3277 3985 n
3327 3925 3485 3991 Item
3527 3927 3892 4009 impiorum

685 4037 911 4103 Christi
935 4037 1098 4101 iram
1124 4033 1349 4118 judicii
1374 4033 1683 4112 evadunt,
1715 4034 1802 4098 ita
1827 4035 2081 4117 reprobi
2111 4054 2223 4117 per

683 4144 1067 4226 sanguiuem
1140 4141 1466 4206 habebunt
1536 4140 1802 4222 gravius
1856 4142 2175 4224 judicium
2197 4191 2213 4223 ‚

681 4254 836 4335 quia
890 4248 1159 4331 sanguis
1211 4249 1444 4314 Christi
1495 4248 1727 4312 clamat
1766 4254 1987 4314 contra
2012 4268 2121 4314 eos
2146 4251 2211 4314 ⁸:

683 4384 714 4422 α
732 4360 949 4439 Terra,
967 4377 1049 4423 ne
1074 4357 1324 4441 operias
1348 4358 1730 4438 sanguinem
1757 4374 1999 4436 meum,
2030 4376 2112 4422 ne
2128 4361 2220 4422 in·

678 4467 891 4532 veniat
915 4466 1066 4529 inte
1091 4464 1302 4528 locum
1329 4464 1408 4545 (a)
1436 4463 1672 4528 latendi
1691 4463 1928 4529 clamor
1956 4484 2159 4530 meus.
2179 4488 2212 4527 ι»

677 4573 855 4640 Tunc
904 4572 1164 4656 quidem
1200 4576 1452 4648 contra3
1489 4572 1611 4635 sed
1653 4590 1823 4635 nunc
1849 4592 1965 4655 pro
1995 4593 2217 4656 pecca-

675 4681 923 4747 toribus
940 4679 1211 4761 sanguis
1246 4679 1472 4743 Christi
1506 4678 1818 4743 clamabat
1840 4680 1861 4715 ⁷
1890 4703 1903 4743 :
1945 4681 2214 4746 «Acces-

672 4788 840 4852 sistis
878 4788 958 4852 ad
997 4786 1384 4868 sanguinem
1423 4787 1804 4870 aspersionis
1843 4788 2073 4853 melius
2109 4789 2210 4855 lo-

670 4900 972 4979 quentem
998 4912 1194 4977 quam
1230 4894 1411 4958 Abel.
1439 4914 1471 4955 1>
1506 4892 1853 4975 Gregorius
1879 4900 1902 4936 ⁸
1933 4919 1948 4959 :
1987 4920 2017 4957 α
2046 4895 2207 4962 San·

671 5005 821 5085 guis
846 5002 1006 5067 Abel
1034 5007 1304 5066 mortem
1331 5001 1668 5066 fratricida».
1694 5003 1903 5084 petiit3
1934 5006 2205 5086 sanguis

667 5110 917 5176 Domini
960 5110 1159 5174 vitam
1197 5108 1704 5190 persecutoribus
1745 5108 2131 5193 impetravit.
2164 5132 2196 5171 n

724 5236 742 5270 ¹
775 5233 912 5287 Peal.
941 5246 1055 5296 xxi,
1084 5235 1130 5284 7.
1154 5258 1209 5270 -
1241 5232 1265 5267 ¹
1285 5232 1455 5297 Apoc„
1479 5244 1610 5296 xxn,
1641 5236 1808 5284 14-15.
1835 5260 1888 5270 -
1919 5233 1941 5268 ⁸
1970 5234 2101 5287 Paul.
2132 5248 2201 5302 cr,

666 5308 713 5356 8.
740 5333 802 5345 -
835 5308 856 5341 ⁸
893 5307 1043 5357 Bern.
1074 5331 1128 5342 —
1160 5305 1183 5341 ⁸
1209 5304 1367 5366 Rom„
1400 5315 1454 5369 v,
1480 5306 1586 5355 8-9.
1614 5330 1668 5341 -
1700 5305 1723 5340 ⁶
1748 5304 1861 5363 Iob,
1893 5316 2002 5369 xvl,
2033 5309 2109 5358 ¹9.
2138 5333 2201 5346 -—

665 5377 681 5408 ‘¹
703 5377 870 5440 Hebr„
893 5389 991 5441 xn,
1016 5381 1096 5428 24.
1120 5403 1177 5414 —
1206 5377 1225 5407 ⁸
1250 5377 1427 5439 Greg„
1453 5376 1657 5437 uorat„
1684 5376 1775 5428 lib.
1808 5377 1940 5440 xlll,
1967 5390 2016 5426 c.
2045 5388 2198 5440 xxm,

664 5447 732 5499 al.
763 5460 882 5512 vm,
917 5461 971 5499 n.
1009 5451 1085 5499 26.
1116 5473 1179 5486 -
1217 5449 1236 5479 ²
1268 5446 1443 5511 apoc„
1481 5459 1600 5511 xix,
1643 5448 1727 5509 13,
1764 5450 1837 5497 15.
1875 5472 1939 5485 —
1965 5447 2004 5482 ¹·
2027 5448 2194 5512 ioan„

2330 4031 2632 4110 ultorem;
2666 4031 2956 4096 Psalmus
2982 4032 3027 4071 ¹⁴
3059 4054 3074 4096 ε
3115 4053 3146 4092 α
3167 4030 3291 4115 Ipsi
3315 4050 3470 4099 vero
3492 4052 3625 4099 non
3643 4054 3894 4118 cogno·

2330 4141 2564 4202 verunt
2628 4139 2767 4202 vias
2827 4157 3002 4203 meas
3027 4188 3047 4220 ‚
3104 4139 3340 4222 quibus
3385 4141 3606 4222 juravi
3660 4143 3740 4207 in
3796 4144 3896 4208 ira

2329 4263 2505 4327 mea,
2556 4273 2584 4304 a
2617 4249 2739 4310 etc.
2769 4246 2816 4287 ¹⁸
2849 4268 2883 4307 α
2910 4244 3162 4311 Juravit
3209 4246 3513 4312 Dominus
3554 4248 3623 4312 in
3664 4252 3897 4317 anima

2326 4372 2443 4417 sua
2472 4376 2487 4417 ε
2522 4353 2804 4418 Detestor
2840 4371 2968 4436 ego
3004 4355 3370 4437 superbiam
3413 4355 3607 4421 Jacob
3627 4405 3649 4437 ,
3686 4380 3721 4418 ι)
3762 4364 3890 4425 etc.

2327 4461 2485 4526 Item
2548 4460 2992 4544 poenitentium
3054 4461 3635 4542 reconciliatorem;
3701 4464 3889 4530 Psal-

2324 4588 2473 4634 mus
2494 4569 2579 4633 ¹⁸:
2617 4567 2913 4633 «Juravit
2938 4567 3266 4648 DominuS,
3296 4572 3360 4633 et
3384 4586 3514 4632 non
3543 4571 3895 4651 poeuitebit

2323 4694 2502 4757 eum,
2529 4698 2560 4737 ι)
2596 4678 2717 4741 etc.
2752 4675 3104 4740 Sacerdotis
3135 4676 3310 4740 euim
3336 4678 3892 4745 estreconciliare

2323 4785 2694 4868 pcenitentes
2720 4781 2847 4847 Deo
2878 4799 2895 4845 ε
2932 4798 3213 4864 magnus
3239 4783 3531 4847 sacerdos
3556 4790 3657 4848 est
3690 4784 3893 4851 Chri-

2321 4895 2486 4969 stus,
2519 4894 2583 4954 et
2618 4907 2890 4970 magnas
2930 4889 3264 4954 consucvit
3312 4889 3465 4953 dare
3516 4889 3889 4973 indulgen-

2318 4999 2475 5078 tias,
2521 4996 2804 5061 maxime
2843 4995 3001 5073 illis,
3040 4996 3157 5078 qui
3183 5013 3436 5060 crucem
3476 4997 3889 5079 poenitentiae

2316 5110 2570 5190 portare
2620 5103 2942 5186 accipiunt
2972 5103 3054 5168 ad
3084 5108 3323 5167 terram
3350 5108 3659 5184 sanctam,
3693 5113 3767 5171 et
3804 5110 3883 5172 ad

2317 5234 2440 5282 vm,
2471 5225 2548 5275 46.
2579 5247 2631 5260 —
2672 5221 2708 5257 11
2740 5221 2866 5281 lac„
2898 5230 2965 5281 11,
2994 5222 3076 5282 20,
3110 5222 3190 5271 26.
3220 5246 3277 5257 —
3308 5220 3354 5256 ¹2
3380 5220 3553 5285 θεὸν,
3585 5233 3670 5285 vl,
3706 5226 3790 5276 16.
3820 5251 3885 5263 —

2315 5297 2355 5331 ¹⁸
2378 5297 2580 5355 Barac„
2619 5305 2687 5358 ιι,
2713 5297 2793 5345 34.
2823 5319 2886 5331 —-
2914 5294 2947 5325 ¹⁴
2975 5292 3114 5345 Paul.
3149 5306 3289 5358 κων,
3329 5299 3408 5346 11.
3429 5321 3484 5333 -
3514 5297 3560 5332 ¹⁸
3584 5298 3773 5359 Amos,
3809 5312 3884 5363 vi,

2313 5369 2362 5418 8.
2387 5393 2450 5404 —
2475 5367 2517 5403 ¹⁸
2546 5365 2682 5417 Pml.
2712 5377 2819 5430 ctx,
2848 5370 2897 5416 4.

2379 5448 2445 5512 (α)
2476 5448 2601 5498 coet.
2626 5446 2753 5497 edit.
2789 5446 2950 5496 locus.
2978 5470 3031 5482 -
3060 5446 3135 5512 (b)
3156 5447 3271 5513 Leq.
3300 5454 3528 5514 propter.
