4059 6317
736 477 817 538 34
1821 471 2236 543 SERMONES
2278 468 2380 540 mi:
2418 470 2812 540 TEMPORE.

733 610 1066 692 mpeaiu
1084 606 1266 676 illius
1285 610 1783 692 sanctificabunt
1804 611 2062 677 animas
2089 623 2272 688 suas,-

733 712 918 797 quasi
944 713 1153 780 dicat:
1189 715 1311 790 Qui
1349 716 1571 784 timent
1611 718 1990 796 Dominum,
2035 714 2270 802 scilicet

732 820 963 886 timore
989 820 1199 885 filialis
1221 823 1620 904 reverentias,
1646 822 2105 907 praeparabunt
2131 836 2269 887 cor-

737 925 828 993 da
851 943 975 994 sua
1000 945 1114 1010 per
1138 930 1524 996 amotionem
1541 932 1827 996 mortalis
1841 931 2066 1014 culpae.
2093 928 2270 995 Unde

734 1032 1078 1117 Gregorius
1094 1036 1112 1072 ¹
1146 1057 1162 1101 ε
1201 1059 1234 1098 α
1257 1036 1497 1120 Tergat
1541 1039 1757 1104 sordes
1801 1039 1983 1122 pravi
2033 1037 2266 1121 operiS,

732 1141 843 1225 qui
896 1142 1023 1208 Deo
1067 1149 1383 1228 praeparat
1421 1147 1686 1212 domum
1732 1146 1984 1212 mentis.
2021 1167 2054 1207 u
2083 1146 2168 1212 Et
2194 1145 2270 1211 in

730 1255 1056 1332 conspectu
1090 1252 1297 1333 illius,
1338 1253 1571 1319 scilicet
1596 1253 1735 1333 Dei,
1764 1252 2270 1334 sanctificabunt

732 1357 988 1425 animas
1015 1374 1191 1440 suas,
1223 1360 1291 1426 id
1318 1363 1413 1427 est
1437 1361 1699 1426 affectus
1724 1360 1959 1427 amoris
1985 1363 2050 1425 et
2073 1359 2271 1425 bene-

730 1465 1058 1532 volentiae.

807 1569 1018 1638 Tertio
1052 1575 1314 1638 notatur
1350 1573 1418 1638 in
1459 1574 1661 1639 verbo
1706 1574 2027 1658 proposito
2067 1575 2269 1640 infor-

727 1679 925 1744 matio
971 1678 1297 1759 directiva,
1337 1685 1412 1745 ut
1442 1681 1741 1762 regulam
1795 1681 1960 1745 bene
2008 1680 2267 1746 vivendi

731 1804 1090 1868 sumamus,
1137 1806 1285 1852 cum
1326 1788 1519 1853 dicit:
1561 1788 1771 1856 Viam.
1798 1788 2068 1854 Summo
2094 1791 2267 1854 enim

730 1894 942 1962 studio
981 1894 1154 1960 viam
1197 1896 1487 1961 mentalis
1529 1897 1875 1963 habitaculi
1915 1897 1997 1962 ad
2046 1915 2264 1963 exem-

730 2000 870 2084 plar
894 2001 1018 2067 viae
1047 2001 1387 2067 materialis
1413 2021 1869 2087 praeparemus.
1912 2003 2050 2070 Nisi
2090 2006 2268 2070 enim

729 2112 838 2174 via
862 2109 1151 2174 mentalis
1192 2110 1541 2177 habitaculi
1570 2111 1693 2176 sibi
1722 2112 1883 2178 bene
1911 2119 2268 2195 praeparata

728 2214 939 2297 suerit,
963 2235 1295 2301 nunquam
1322 2216 1607 2283 Christus
1636 2217 1847 2283 veniet
1871 2218 1946 2282 ad
1975 2236 2117 2298 nos,
2149 2238 2268 2286 nec

728 2341 848 2389 nos
864 2324 1215 2407 poterimus
1239 2341 1571 2390 occurrere
1590 2324 1858 2390 Christo.
1888 2325 2065 2391 Sicut
2089 2328 2264 2393 enim

730 2429 837 2495 via
862 2430 1200 2496 materialis
1226 2430 1390 2496 bene
1414 2437 1815 2515 praeparatur
1833 2479 1851 2513 ,
1894 2433 2105 2515 primo
2151 2454 2264 2518 per

728 2536 1017 2602 sordium
1064 2538 1480 2618 amotionem,
1508 2540 1785 2605 secundo
1831 2558 1944 2623 per
1983 2543 2262 2608 vestium

727 2645 1207 2729 prostrationem
1222 2692 1244 2727 ,
1274 2646 1461 2711 tertio
1488 2665 1601 2729 per
1625 2646 1862 2712 florum
1899 2650 2265 2732 superposi-

727 2752 1001 2818 tionem:
1027 2752 1117 2818 sic
1142 2754 1247 2817 via
1270 2752 1619 2836 spiritualis
1642 2754 1805 2819 bene
1834 2761 2259 2838 praeparatur,

727 2859 936 2943 primo
982 2877 1098 2943 per
1136 2859 1563 2924 immunditiae
1606 2866 1671 2925 et
1705 2861 2005 2926 foeditatis
2033 2865 2264 2945 expul-

729 2966 999 3036 sionem.
1026 2969 1097 3032 in
1123 2965 1436 3049 completa
1477 2968 1906 3049 confession03
1956 2971 2260 3050 secunde,

729 3091 845 3156 per
888 3074 1166 3140 lascivias
1207 3074 1474 3140 carnalis
1514 3077 2020 3158 prostrationem,
2053 3078 2121 3142 in
2149 3078 2269 3143 dis-

730 3186 902 3246 creta
944 3187 1007 3247 et
1039 3182 1248 3248 debita
1286 3183 1733 3265 castigatione;
1766 3184 1974 3265 tertio,
2003 3204 2118 3269 per
2142 3187 2266 3252 flo-

730 3286 889 3353 ridae
934 3289 1237 3354 castitatis
1283 3291 1933 3373 supererogationem,
1985 3293 2055 3360 in
2106 3311 2268 3376 pura

732 3394 963 3459 mentis
1014 3398 1079 3460 et
1130 3395 1412 3480 corporis
1482 3398 1977 3463 conservatione.
2051 3398 2269 3466 Primo

731 3504 950 3567 autem
973 3499 1083 3566 via
1107 3502 1402 3566 mentalis
1436 3501 1781 3568 habitaculi
1822 3504 1986 3569 bene
2015 3523 2264 3589 praepa-

733 3611 913 3702 ratur
953 3627 1067 3693 per
1112 3609 1538 3676 immunditiae
1584 3615 1648 3675 et
1700 3612 1995 3679 foeditatis
2037 3615 2263 3699 expul-

734 3716 1015 3800 sionem,
1046 3716 1116 3780 in
1159 3716 1474 3801 completa
1529 3718 1951 3800 confessione3
2000 3723 2173 3788 unde
2193 3730 2216 3765 ⁸
2248 3746 2263 3788 ε

740 3821 958 3891 Statue
987 3822 1111 3891 tibi
1133 3823 1452 3908 speculam
1477 3825 1587 3908 (a),
1612 3841 1777 3907 pone
1805 3827 1930 3894 tibi
1956 3830 2270 3900 amaritu-

735 3927 922 4022 dines
946 3930 1467 4013 compunctionis,
1488 3933 1569 3998 ad
1595 3935 1929 3999 commissa
1945 3936 2272 4021 deploran-

734 4035 929 4117 dum;
959 4036 1173 4120 diriqe
1209 4054 1315 4106 cor
1356 4043 1540 4106 tuum
1581 4042 1660 4107 in
1702 4042 1879 4109 viam
1902 4051 2159 4123 rectam,
2190 4046 2271 4110 ad

733 4143 897 4222 bene
920 4145 1411 4227 comparandam
1440 4147 1542 4230 (b).
1572 4148 1864 4215 Secundo
1889 4151 1995 4216 via
2021 4156 2265 4219 menta-

733 4249 813 4314 lis
836 4251 1179 4317 habitaculi
1220 4251 1385 4318 bene
1427 4259 1822 4338 praeparatur
1849 4275 1963 4340 per
1993 4260 2270 4325 vestium

734 4358 1218 4439 prostrationem
1262 4361 1331 4425 in
1375 4361 1652 4428 lasciviae
1688 4365 1958 4429 carnalis
2002 4366 2272 4434 discreta

732 4469 797 4527 et
830 4464 1039 4529 debita
1076 4467 1506 4549 castigatione.
1550 4468 1727 4535 Unde
1766 4471 1995 4537 dicitur
2037 4477 2097 4554 ’,ε
2126 4475 2271 4542 Non

733 4569 1142 4639 declinabitis
1166 4589 1280 4640 nec
1307 4573 1398 4640 ad
1419 4574 1776 4657 άεωεεταηι,
1811 4595 1926 4645 nec
1951 4579 2043 4646 ad
2062 4582 2271 4649 sinis-

734 4685 922 4760 tram,
967 4679 1084 4746 sed
1116 4696 1234 4763 per
1272 4682 1450 4749 viam
1496 4700 1691 4765 quam
1740 4687 2048 4769 precepit
2099 4689 2269 4756 Deus

734 4794 955 4870 vester,
987 4790 1418 4873 ambulabitis,
1463 4797 1536 4861 ut
1573 4796 1837 4861 vivatis.
1889 4794 2071 4862 Tunc
2095 4799 2269 4863 enim

733 4894 803 4959 in
832 4896 942 4961 via
983 4899 1364 4964 austeritatis
1388 4904 1454 4964 et
1482 4902 1869 4984 poenitentiae
1909 4922 2041 4968 non
2078 4906 2269 4971 decli-

734 5006 924 5067 natur
962 5022 1082 5070 nec
1124 5007 1207 5071 ad
1247 5007 1574 5072 dexteram
1591 5055 1609 5084 ,
1638 5027 1756 5073 nec
1796 5009 1879 5074 ad
1918 5011 2265 5094 sinistram,

796 5127 816 5162 ¹
844 5128 1017 5250 Grae„
1052 5131 1111 5182 in
1144 5131 1356 5195 Evam„
1389 5131 1537 5182 hom.
1571 5143 1709 5197 xxx,
1749 5147 1803 5185 n.
1836 5137 1885 5187 2.
1917 5161 1973 5172 -
2014 5137 2034 5167 ²
2064 5138 2270 5200 lev-em„

734 5205 890 5264 1111,
983 5237 996 5249 .
1028 5227 1088 5240 —
1122 5197 1149 5237 Ι
1181 5202 1350 5266 Dent„
1388 5212 1438 5267 ν,
1477 5205 1559 5253 33.
1592 5228 1656 5240 -
1694 5203 1711 5233 ⁴
1750 5205 1926 5271 Greg.,
1972 5208 2025 5257 in
2065 5210 2269 5272 Ezech„

733 5264 876 5321 hom.
900 5277 1000 5322 m.
1027 5295 1089 5311 --
1110 5273 1138 5309 ⁸
1160 5272 1299 5323 Psal.
1325 5283 1377 5336 c,
1409 5275 1486 5324 te.
1511 5297 1576 5312 -—
1600 5273 1623 5304 ⁸
1646 5274 1785 5340 Sap..
1819 5286 1859 5339 1,
1886 5280 1935 5327 3.
1952 5303 2014 5316 -
2044 5281 2113 5344 (a)
2143 5280 2267 5331 (ζει.

736 5338 857 5395 edit.
887 5341 1187 5408 specum-
1201 5344 1269 5411 (ὁ)
1296 5344 1449 5396 Forte
1475 5345 1733 5413 leyendum
1746 5347 1884 5399 bona
1902 5352 2266 5416 comparanda.

2376 609 2630 689 quando
2671 626 2818 674 caro
2862 606 3074 684 obedit
3119 607 3370 691 spiritui
3417 609 3779 695 imperanti,
3824 632 3901 678 ne

2375 720 2639 797 proruat
2682 715 2764 780 ad
2810 714 3234 798 peccandum,
3263 721 3330 782 et
3357 718 3617 801 spiritus
3647 720 3906 786 condes-

2376 822 2585 887 cendit
2618 821 2688 905 (c)
2719 821 3208 887 necessitatibus
3233 824 3475 905 carnis,
3505 845 3590 891 ne
3615 846 3900 893 succum-

2376 930 2484 994 bat
2527 930 2609 995 ad
2653 931 3081 995 moriendum.
3124 930 3248 996 Per
3291 932 3487 998 talem
3531 934 3705 999 enirn
3740 936 3908 1000 viam

2376 1035 2668 1102 discretae
2707 1037 3143 1119 castigationis
3185 1037 3393 1103 carnis
3416 1040 3703 1123 praecipit
3731 1042 3911 1107 nobis

2377 1142 2542 1208 Deus
2578 1145 2930 1221 ambulare,
2960 1148 3034 1209 ut
3058 1144 3360 1210 vivamus
3396 1145 3466 1210 in
3489 1165 3585 1212 ea.
3618 1146 3783 1214 Nam
3807 1151 3913 1214 via

2375 1250 2527 1315 vitae
2569 1250 2913 1334 increpatio
2944 1253 3042 1315 est
3087 1249 3459 1334 disciplinae,
3504 1255 3763 1336 quando
3803 1274 3915 1338 per

2376 1355 2690 1422 dictamen
2742 1356 3031 1422 discretae
3081 1356 3433 1440 disciplinae
3485 1358 3724 1425 lasciva
3771 1379 3913 1426 caro

2374 1462 2768 1546 reprimitur,
2811 1468 2878 1528 et
2920 1462 3168 1546 spiritui
3200 1464 3439 1529 servire
3477 1466 3755 1548 cogitur.
3796 1467 3915 1546 Qui

2375 1568 2548 1632 enim
2587 1567 3159 1652 concupiscentiam
3201 1568 3489 1652 castigat,
3519 1571 3782 1655 culpam
3805 1574 3913 1639 de-

2373 1677 2555 1757 vitat,
2599 1697 2683 1744 ex
2724 1696 2854 1762 qua
2903 1678 3073 1744 mala
3113 1678 3331 1743 omnia
3371 1679 3690 1745 oriuntur.
3743 1681 3917 1748 Unde

2375 1783 2719 1866 Gregorius
2747 1790 2769 1826 ⁸
2815 1807 2829 1848 ε
2869 1808 2901 1845 «
2950 1785 3126 1850 Mens
3181 1789 3400 1850 nostra
3448 1786 3504 1850 si
3558 1789 3919 1856 carnalibus

2376 1891 2699 1958 desideriis
2743 1893 2936 1958 fuerit
2988 1892 3287 1976 depressa
3302 1942 3321 1975 ,
3364 1912 3776 1980 nequaquam
3819 1898 3918 1962 sui

2374 2005 2673 2065 naturam
2699 1999 2932 2064 sufficit
2958 2000 3379 2080 considerare,
3397 2001 3550 2084 quia
3568 2019 3682 2085 per
3711 2007 3806 2067 tot
3831 2003 3913 2087 (d)

2374 2107 2792 2189 cogitationes
2818 2107 3096 2188 ducitur,
3126 2111 3283 2190 quot
3325 2110 3399 2189 (e)
3429 2108 3778 2174 obstaculis
3803 2112 3913 2175 ob·

2375 2218 2672 2279 caecatur.
2687 2236 2717 2274 »
2739 2212 2916 2280 Unde
2951 2213 3104 2298 quia
3131 2214 3420 2279 diabolus
3449 2216 3733 2280 multum
3761 2234 3916 2299 prae·

2373 2319 2571 2384 sumit
2594 2319 2672 2385 de
2697 2340 2816 2386 sua
2843 2323 3170 2405 potestate,
3202 2322 3417 2385 carnis
3442 2322 3828 2405 fragilitate,
3856 2328 3917 2389 et

2376 2426 2602 2491 mundi
2634 2428 2944 2507 vanitate;
2975 2428 3115 2493 ideo
3145 2426 3378 2492 diaboli
3403 2428 3917 2495 machinamenta

2377 2534 2682 2600 debemus
2746 2537 3145 2619 contringere
3173 2583 3192 2614 ,
3264 2554 3523 2603 carnem
3586 2540 3915 2622 propriam

2374 2642 2651 2722 vincere,
2704 2647 2768 2708 et
2811 2644 3034 2709 mundi
3092 2643 3406 2710 vanitates
3456 2645 3778 2729 despicere
3808 2666 3826 2712 x
3855 2651 3918 2713 et

2373 2753 2527 2813 tunc
2546 2750 2615 2814 in
2637 2750 2765 2831 via,
2795 2769 2991 2834 quam
3015 2752 3316 2835 praecepit
3341 2752 3524 2817 nobis
3550 2751 3743 2832 Deus,
3773 2772 3915 2819 am-

2373 2857 2697 2938 bulanteS,
2753 2876 2885 2923 non
2930 2857 3391 2923 declinabimus
3437 2858 3519 2925 ad
3559 2861 3912 2941 dexteram,

2373 2982 2492 3027 nec
2518 2965 2598 3029 ad
2624 2964 2965 3029 sinistram.
2997 2964 3211 3030 Tertio
3247 2965 3355 3030 via
3391 2966 3690 3032 mentalis
3730 2968 3911 3032 habi-

2374 3075 2471 3134 tae
2480 3070 2568 3135 uli
2595 3071 2756 3136 bene
2783 3077 3183 3156 praeparatur
3208 3092 3321 3157 per
3345 3073 3588 3162 floridae
3614 3074 3916 3140 castitatis

2378 3176 3031 3257 supererogationem,
3047 3176 3114 3238 in
3129 3193 3296 3258 pura
3309 3175 3539 3239 mentis
3556 3179 3619 3240 et
3634 3178 3917 3261 corporis

2375 3281 2851 3346 conservatione
2882 3283 2987 3365 (Γ).
3021 3281 3198 3346 Unde
3214 3282 3284 3346 in
3308 3280 3560 3347 Psalmo
3587 3289 3610 3324 ⁸
3642 3305 3658 3347 :
3690 3284 3918 3350 Ambu-

2379 3387 2523 3452 lans
2547 3390 2622 3453 in
2649 3390 2762 3455 via
2787 3389 3223 3469 immaculata,
3253 3390 3361 3455 hic
3386 3390 3552 3457 mihi
3588 3393 3917 3460 ministra·

2381 3494 2506 3561 bat.
2538 3495 2648 3560 Ille
2675 3496 2959 3561 ambulat
2985 3497 3055 3561 in
3079 3497 3186 3562 via
3228 3497 3638 3564 immaculata
3674 3500 3917 3564 castita·

2376 3602 2478 3681 tis,
2521 3603 2632 3685 qui
2670 3602 2917 3669 Christo
2941 3604 3130 3669 flores
3164 3604 3547 3687 virginitatis
3573 3605 3911 3683 ministrat,

2377 3709 2488 3791 qui
2536 3728 2667 3774 non
2709 3710 2917 3775 solum
2951 3710 3143 3776 habet
3170 3711 3550 3777 munditiam
3576 3714 3788 3779 carnis
3814 3732 3917 3779 ex-

2377 3815 2598 3895 terius,
2648 3817 2757 3882 sed
2805 3817 2995 3882 etiam
3033 3820 3374 3902 perfectam
3422 3819 3627 3886 cordis
3654 3821 3915 3886 ordina-

2379 3917 2621 3983 tionem
2646 3919 2912 3986 interius
2940 3938 3054 4004 per
3083 3921 3444 3987 affectiones
3479 3923 3702 3987 bonas.
3757 3922 3916 3989 Nam

2379 4025 2542 4089 sicut
2578 4026 2647 4089 in
2687 4026 2973 4092 humano
3017 4046 3301 4112 corpore,
3332 4029 3577 4095 cumin
3607 4048 3686 4096 eo
3711 4031 3915 4096 abun-

2378 4133 2532 4198 dant
2574 4133 2757 4199 multi
2798 4134 2951 4200 mali
2976 4135 3303 4215 humores,
3347 4141 3660 4217 generant
3685 4154 3916 4220 quam-

2379 4242 2529 4307 dam
2576 4243 2853 4310 scabiem
2880 4247 2946 4309 et
2974 4244 3495 4328 impruriginem,
3526 4249 3590 4310 et
3616 4243 3918 4328 frequen-

2379 4353 2477 4413 ter
2503 4349 2763 4433 lepram,
2809 4355 2872 4415 et
2913 4350 3145 4416 tollunt
3181 4352 3561 4416 munditiam
3604 4352 3916 4436 corporis;

2379 4455 2469 4520 sic
2493 4456 2676 4521 malae
2710 4462 2774 4521 et
2798 4458 3151 4523 immundas
3190 4459 3626 4541 cogitationes,
3665 4460 3922 4543 quando

2379 4561 2744 4644 abundant,
2791 4569 3101 4645 generant
3156 4566 3468 4649 quosdam
3515 4571 3729 4633 motus
3782 4586 3922 4633 cor·-

2381 4675 2605 4753 ruptos
2650 4675 2713 4735 et
2756 4671 3064 4738 desideria
3101 4673 3169 4738 in
3197 4692 3409 4754 carne,
3438 4692 3586 4758 quae
3608 4679 3924 4757 generant

2381 4779 2652 4843 scabiem
2696 4778 3191 4860 incontinentiae,
3239 4785 3302 4846 et
3347 4780 3593 4865 lepram
3617 4780 3918 4861 luxuriae,

2382 4890 2446 4950 et
2467 4885 2700 4951 tollunt
2740 4886 3128 4952 munditiam
3158 4888 3461 4952 castitatis
3491 4894 3556 4955 et
3581 4888 3922 4954 sanctimo-

2380 4995 2527 5057 niae.
2547 4993 2724 5059 Unde
2750 4994 2772 5031 ⁸
2802 5016 2816 5059 :
2849 4995 3165 5062 Perversoe
3180 4998 3598 5080 coqitationes
3620 5002 3925 5080 separant

2378 5101 2705 5166 hominem
2735 5118 2777 5167 a
2805 5100 2954 5170 Deo.
2985 5101 3309 5185 Rogemus
3334 5121 3518 5186 ergo,
3545 5107 3664 5169 etc.
3709 5135 3724 5156 .

2380 5313 2444 5326 —
2479 5287 2535 5351 (c)
2565 5287 2976 5340 condescendat.
3003 5315 3065 5329 -—
3095 5288 3162 5355 (d)
3186 5289 3302 5356 [ις.
3332 5294 3475 5357 quot.
3500 5315 3564 5330 -
3590 5291 3660 5358 (e)
3684 5291 3801 5356 Lep.
3828 5292 3921 5343 tot.

2379 5385 2441 5397 —
2473 5357 2543 5422 (f)
2573 5358 2688 5422 Leq.
2716 5360 3125 5413 conversatione.
