4059 6317
255 537 367 586 166.
393 532 559 584 δοται.
588 529 637 581 3.
659 528 788 585 ,Cum
813 531 1004 581 venerit
1022 528 1113 580 ille
1140 527 1367 595 Spiritus
1386 527 1635 590 veritatis,

315 600 510 657 docebit
536 615 621 652 uos
651 614 840 650 omnem
868 602 1152 652 veritatem.

257 679 366 729 166.
389 677 558 727 δοται.
581 674 629 723 4.
646 672 874 738 Spiritus
891 673 1123 726 veritatis
1143 668 1333 724 docebit
1352 685 1436 723 vos
1452 683 1645 721 omnem

317 748 600 799 veritatem.

256 821 370 870 167.
395 816 666 870 Dominice
685 819 731 866 4.
757 818 875 880 post
891 819 1002 870 Oct.
1030 816 1257 869 Paschoe.
1286 817 1456 869 serm.
1480 819 1525 866 1.
1556 814 1647 863 Ρο-

319 892 412 942 tite
438 892 486 940 et
513 888 783 954 accipietis,
807 892 862 939 ut
882 891 1122 955 qaudium
1149 893 1383 940 vestrum.

254 965 367 1014 168.
392 964 558 1014 δοται.
580 964 629 1012 2.
660 961 816 1010 Petite
841 967 891 1012 et
911 962 1183 1028 accipietis,
1203 963 1260 1011 ut
1278 958 1519 1027 gaudium
1540 971 1646 1008 ves·

319 1038 455 1085 trum
479 1032 685 1097 plenum
711 1032 797 1083 sit.

254 1105 367 1157 169.
395 1106 564 1157 δοται.
594 1106 644 1155 3.
674 1104 782 1166 Ipse
806 1103 939 1153 enim
973 1103 1127 1154 Pater
1153 1105 1293 1154 amat
1317 1118 1420 1153 voS.

254 1179 364 1229 160.
389 1176 557 1227 δοται.
587 1177 631 1224 4.
663 1174 808 1224 Nunc
841 1176 1025 1224 scimus
1054 1176 1176 1240 quia
1206 1177 1304 1226 scis
1335 1174 1524 1225 omnia.

254 1249 367 1298 161.
386 1248 440 1296 tn
456 1246 636 1296 diebus
647 1245 1007 1309 Rogationum.
1023 1247 1190 1299 δοται.
1210 1251 1257 1298 1.
1267 1246 1452 1298 Esther
1466 1245 1645 1311 reqina

316 1318 549 1382 consuyit
572 1316 641 1367 ad
663 1318 946 1367 Dominum.

254 1392 364 1441 162.
392 1391 558 1441 δοται.
575 1391 625 1439 2.
658 1389 980 1453 confitemini
1002 1388 1074 1438 ad
1096 1389 1400 1440 alterutrum
1422 1388 1640 1454 peccata.

254 1462 369 1512 163.
402 1464 568 1513 δοτιιι.
600 1462 650 1512 3.
675 1461 857 1521 Petite,
876 1464 926 1510 et
951 1460 1157 1510 dabitur
1183 1460 1339 1512 vobis.

253 1533 369 1582 164.
396 1534 563 1584 δοται.
593 1533 642 1582 4.
672 1534 846 1593 Petite,
877 1534 929 1581 et
957 1531 1163 1581 dabitur
1187 1532 1344 1582 vobis.

254 1606 369 1654 166.
400 1606 566 1656 δοται.
599 1606 649 1655 6.
679 1604 1000 1668 Confitemini
1021 1604 1093 1655 ad
1116 1603 1423 1657 alterutrum
1443 1602 1644 1669 peccata

318 1677 501 1727 vestra.

253 1748 366 1799 166.
395 1747 559 1798 δοται.
589 1750 636 1798 6.
669 1747 909 1809 Qua-rite,
931 1752 980 1798 et
1005 1748 1282 1800 invenietis.

252 1820 369 1869 167.
399 1821 565 1870 δοται.
587 1821 634 1870 7.
662 1819 896 1883 Quoerite,
920 1822 969 1868 et
996 1819 1274 1870 invenietis.

252 1891 362 1941 168.
403 1891 569 1942 δοται.
601 1893 650 1941 8.
681 1890 1003 1954 confitemini
1027 1890 1098 1940 ad
1118 1889 1424 1941 alterutrum
1445 1892 1644 1956 peccata

316 1964 501 2013 vestra.

251 2034 366 2084 169.
400 2036 566 2088 δοται.
594 2036 642 2086 9.
670 2033 894 2098 Pulsate,
918 2037 968 2085 et
995 2035 1256 2099 aperietur
1283 2033 1437 2084 vobis.

251 2106 366 2157 170.
397 2104 562 2157 δοται.
591 2108 665 2156 10.
688 2104 916 2158 Pulsate,
942 2106 991 2155 et
1019 2107 1275 2169 aperietur
1299 2103 1457 2156 vobis.

253 2178 367 2226 171.
395 2178 450 2226 tn
469 2175 778 2226 Ascensione
802 2176 1021 2227 Domini.
1046 2176 1213 2228 δοται.
1228 2180 1276 2226 1.
1300 2171 1562 2242 Numquid
1576 2173 1647 2225 ad

314 2250 614 2312 preceptum
643 2254 782 2298 tuum
810 2248 1090 2299 elevabitur
1114 2248 1308 2314 aquila.

252 2321 368 2371 172.
392 2322 562 2371 δοται.
579 2323 630 2371 2.
660 2320 752 2370 Hic
777 2321 921 2370 Iesus
942 2321 1032 2385 qui
1058 2324 1339 2385 assumptus
1356 2323 1433 2372 est
1453 2334 1488 2371 a
1508 2317 1645 2369 vobis

317 2389 374 2440 in
397 2390 591 2440 coelum.

252 2463 366 2514 173.
396 2464 563 2513 δοται.
594 2466 644 2514 3.
671 2463 828 2513 Homo
860 2463 1067 2528 quidam
1093 2464 1281 2515 nobilis
1307 2462 1439 2515 abiit
1477 2465 1531 2514 in
1561 2478 1641 2515 re-

315 2535 512 2598 qionem
546 2534 888 2600 lonqinquam.

255 2607 366 2657 174.
398 2608 564 2658 δοται.
595 2608 644 2657 4.
672 2607 904 2658 Ascendit
933 2608 1062 2659 Deus
1091 2608 1143 2659 in
1164 2607 1487 2673 jubilatione.

256 2680 366 2730 176.
396 2679 662 2730 Dominica
680 2678 772 2730 inf.
802 2682 979 2731 octav·
1006 2680 1350 2733 Ascensionis.
1390 2683 1556 2734 δοται.
1592 2684 1639 2733 1.

322 2751 416 2802 Vos
442 2754 778 2802 testimonium
800 2753 1144 2816 perhibebitis.

252 2825 365 2876 176.
398 2825 565 2876 δοται.
594 2829 643 2874 2.
677 2824 773 2873 Vos
801 2826 1138 2876 testimonium
1167 2824 1514 2889 perhibebitis,

255 2895 366 2945 177.
396 2896 561 2946 δοται.
597 2897 643 2946 3.
673 2894 749 2947 Ab
776 2896 925 2945 initio
951 2910 1141 2947 mecum
1170 2898 1308 2948 estis.

250 2967 365 3017 178.
396 2966 453 3016 ln
481 2966 563 3017 die
591 2968 768 3017 sancto
809 2969 1156 3019 Pentecosten.
1187 2970 1356 3020 δοται.
1388 2972 1433 3020 1.
1475 2967 1644 3019 Nolite

316 3039 614 3088 contristare
639 3039 890 3103 Spiritum
914 3042 1160 3090 sanctum.

254 3109 364 3160 179.
381 3109 548 3161 δοται.
564 3112 613 3160 2.
630 3109 803 3160 Nolite
819 3112 1115 3162 contristare
1129 3111 1379 3176 Spiritum
1396 3112 1640 3161 sanctum.

257 3182 365 3231 180.
387 3181 551 3233 δοται.
568 3183 616 3232 3.
633 3180 804 3231 Nolite
820 3183 1116 3232 contristare
1135 3183 1386 3247 Spiritum
1396 3186 1639 3233 sanctum.

253 3253 364 3303 181.
394 3252 559 3303 δοται.
593 3254 641 3302 4.
670 3253 903 3303 Ascendit
931 3255 1066 3318 iynis
1091 3253 1151 3304 de
1171 3257 1334 3319 petra.

251 3324 365 3373 182.
395 3325 563 3376 δοται.
592 3326 639 3374 6.
668 3325 854 3375 Factus
878 3328 954 3375 est
973 3328 1172 3391 repente
1196 3325 1256 3376 de
1275 3324 1396 3377 coelo
1414 3339 1578 3376 sonus.

255 3395 367 3446 183.
397 3396 563 3446 δοται.
594 3397 644 3446 6.
673 3396 855 3445 Factus
880 3400 955 3447 est
977 3400 1174 3461 repente
1195 3396 1255 3447 de
1280 3397 1396 3447 coelo
1417 3411 1584 3447 sonus.

255 3469 364 3519 184.
400 3469 569 3521 δοται.
596 3470 645 3519 7.
678 3469 960 3519 paraclitus
993 3472 1165 3521 autem
1182 3470 1408 3534 Spiritus
1425 3472 1641 3534 sanctus,

316 3553 462 3605 quem
484 3540 652 3590 mittet
679 3541 849 3590 Pater.
1169 3600 1178 3609 .

257 3613 364 3662 185.
396 3613 562 3665 δοται.
590 3613 642 3662 8.
668 3611 958 3663 Paraclitus
981 3614 1150 3663 autem
1177 3611 1408 3677 Spiritus
1424 3616 1639 3675 sanctus,

237 3678 242 3683 ’
316 3697 464 3749 quem
490 3684 660 3733 mittet
691 3684 862 3735 Pater.

255 3758 365 3807 186.
397 3756 566 3807 δοται.
595 3756 643 3805 9.
677 3755 902 3820 Spiritus
925 3756 1129 3807 Domini
1150 3756 1350 3806 ornavit
1370 3755 1532 3807 coelos.

252 3829 366 3880 187.
387 3829 553 3880 δοται.
576 3831 654 3878 10.
677 3828 716 3878 Ο
732 3843 882 3893 quam
903 3827 1055 3878 bonus
1070 3829 1297 3880 etsuavis
1307 3830 1400 3891 est,
1415 3828 1641 3892 Domine,

318 3899 548 3963 Spiritus
569 3902 686 3949 tuus
714 3900 767 3949 in
798 3899 1043 3950 omnibus.

255 3973 364 4023 188.
383 3972 549 4023 δοται.
565 3975 642 4022 11.
666 3971 866 4036 Oquam
889 3971 1288 4023 bonusetsuavis
1304 3973 1398 4035 est,
1419 3970 1644 4033 Domine,

318 4043 546 4108 Spiritus
571 4045 685 4093 tuus
712 4044 767 4092 in
797 4042 1042 4096 omnibus.

257 4116 366 4165 189.
396 4116 566 4167 δοται.
597 4116 674 4166 12.
703 4115 744 4165 0
764 4129 914 4180 quam
939 4115 1090 4166 bonus
1111 4117 1160 4166 et
1179 4115 1366 4165 suavis.

257 4186 364 4236 190.
391 4185 541 4235 Feria
562 4189 610 4235 2.
648 4186 994 4237 Pentecosten.
1021 4189 1188 4237 δοται.
1221 4189 1266 4236 1.
1291 4183 1376 4235 Sic
1404 4184 1539 4235 Deus
1564 4183 1643 4235 di·

319 4255 449 4307 lexit
476 4256 736 4308 mundum.

257 4330 366 4381 191.
398 4329 563 4379 δοται.
594 4332 642 4380 2.
670 4328 754 4379 Sic
783 4329 911 4379 Deus
930 4328 1114 4379 dilexit
1139 4326 1396 4379 nutndum.

258 4400 370 4450 192.
400 4402 565 4451 δοται.
591 4402 638 4450 3.
667 4399 860 4467 Repteti
873 4402 990 4451 sunt
1015 4414 1180 4450 omnes
1206 4401 1405 4465 Spiritu
1431 4402 1620 4450 sancto.

259 4472 366 4521 193.
396 4471 543 4521 Feris
575 4473 624 4521 3.
661 4472 1006 4524 pentecostes.
1046 4473 1211 4523 Serm.
1251 4475 1297 4523 1.
1338 4471 1460 4522 Oves
1486 4469 1640 4520 illum

315 4543 608 4606 sequuntur.

255 4616 366 4665 194.
397 4615 564 4665 δοται.
595 4617 643 4664 2.
672 4614 780 4665 Fur
804 4629 901 4665 non
928 4614 1084 4669 venit,
1121 4614 1227 4665 nisi
1248 4616 1306 4665 ut
1338 4612 1562 4672 furetur.
1590 4616 1641 4664 et

319 4688 521 4739 mactet,
550 4688 600 4736 et
622 4686 822 4752 perdat.

254 4759 365 4809 196.
396 4758 563 4807 δοται.
589 4759 638 4807 3.
667 4758 854 4821 Repteti
879 4760 995 4809 sunt
1021 4771 1188 4808 omnes
1209 4757 1408 4822 Spiritu
1435 4760 1622 4809 sancto.

254 4829 365 4880 196.
395 4827 543 4879 Feria
563 4829 612 4883 4.
643 4829 989 4881 Pentecostes.
1019 4831 1185 4883 δοται.
1214 4831 1264 4880 1.
1291 4828 1448 4880 Nemo
1480 4832 1642 4894 potest

315 4899 483 4948 venire
513 4899 584 4949 ad
619 4914 715 4950 me.

255 4972 364 5021 197.
397 4973 562 5027 δοται.
586 4974 634 5025 2.
663 4972 818 5025 Nemo
844 4975 1004 5040 potest
1027 4974 1193 5030 venire
1218 4972 1288 5024 ad
1308 4987 1406 5023 me.

252 5043 364 5094 198.
391 5042 656 5095 Βοαιίαἰοο
673 5044 727 5094 in
746 5044 859 5095 Oct.
879 5044 1202 5096 Pentecostes
1225 5045 1289 5095 de
1304 5047 1360 5098 S.
1376 5042 1637 5097 Trinitats.

315 5115 484 5166 δοται.
515 5121 562 5167 1.
595 5116 822 5178 Sanctus,
843 5118 1062 5179 sanctus,
1086 5120 1303 5170 sanctus.

253 5187 362 5237 199.
395 5186 560 5238 δοται.
590 5189 641 5241 2.
666 5186 788 5251 Quis
806 5185 1042 5253 appendit
1067 5186 1230 5238 tribus
1256 5187 1443 5254 diqitis
1456 5185 1639 5239 molem

249 5333 362 5383 2⁰⁰·
382 5333 557 5454 [Sem.
587 5333 637 5392 3.
661 5332 777 5389 Tres
799 5335 941 5389 sunt.
963 5332 1055 5401 qui
1074 5332 1413 5387 testimonium
1438 5332 1562 5387 dant
1587 5332 1642 5385 in

311 5416 382 5453 σω
403 5418 452 5454 o.

1713 388 1976 465 INDEX.

1706 598 1797 651 255

1707 742 1797 792 258

1706 885 1798 934 259

1708 1028 1799 1079 262

1706 1099 1797 1149 263

1708 1171 1798 1221 265

1708 1313 1798 1364 266

1705 1386 1798 1434 269

1705 1456 1796 1505 270

1707 1528 1792 1577 271

1705 1669 1797 1720 272

1707 1743 1796 1795 274

1708 1817 1796 1866 276

1705 1960 1798 2011 276

1705 2033 1797 2082 278

1705 2104 1796 2153 279

1706 2248 1796 2298 280

1705 2392 1790 2442 281

1705 2539 1798 2586 282

1706 2610 1796 2659 284

1705 2756 1796 2804 286

1703 2827 1795 2875 287

1704 2897 1794 2946 288

1705 3040 1794 3090 290

1703 3112 1790 3161 291

1705 3182 1797 3231 292

1704 3254 1794 3303 293

1704 3327 1794 3374 295

1704 3398 1794 3447 296

1705 3543 1795 3592 297

1705 3685 1797 3734 298

1705 3758 1797 3806 299

1706 3899 1796 3948 303

1704 4042 1797 4092 304

1704 4113 1796 4164 305

1706 4257 1796 4306 307

1706 4329 1795 4377 308

1704 4400 1797 4450 309

1705 4543 1792 4594 311

1704 4689 1797 4737 312

1703 4759 1791 4808 313

1704 4903 1795 4951 314

1703 4974 1793 5022 316

1702 5119 1793 5169 317

1700 5261 1791 5311 318

1700 5404 1791 5454 320

1903 528 2018 576 201.
2047 527 2215 578 δοται.
2244 527 2293 579 4.
2318 521 2579 575 Benedicat
2616 536 2706 573 nos
2735 521 2893 588 Deus,
2929 525 3064 579 Deus
3101 533 3292 589 noster³

1969 594 2222 647 benedicat
2248 610 2337 645 nos
2364 595 2515 647 Deus.

1905 670 2013 718 202.
2041 667 2312 719 Dominica
2330 671 2374 718 1.
2398 670 2517 731 post
2541 667 2898 720 Pentecosten.
2923 671 3089 724 δοται.
3115 675 3161 725 1.
3194 676 3291 728 Es-

1967 742 2067 790 tote
2092 738 2451 797 misericordes,
2480 738 2609 788 sicut
2630 742 2678 787 et
2702 738 2854 789 Pater
2879 746 3056 795 vester.

1904 813 2014 861 203.
2047 814 2212 861 δοται.
2242 813 2294 862 2.
2333 811 2505 861 Estote
2543 824 2661 877 erqo
2686 811 3056 870 misericordes,
3080 818 3207 870 sicut
3241 823 3294 870 et

1965 883 2120 934 Pater
2142 885 2321 932 vester.

1904 956 2016 1005 204.
2044 955 2208 1007 δοται.
2240 955 2287 1004 3.
2324 952 2514 1004 Eadem
2538 966 2788 1009 mensura.
2819 970 2919 1021 qua
2945 960 3103 1011 mensi
3136 961 3295 1025 sueri..

1968 1026 2056 1079 tis,
2076 1025 2366 1074 remetietur
2394 1024 2547 1075 uobis.

1905 1100 2017 1148 205.
2035 1096 2303 1148 Dominice
2320 1100 2367 1147 2.
2383 1102 2501 1160 post
2517 1099 2871 1150 Pentecosten.
2894 1100 3060 1154 δοται.
3077 1104 3128 1155 1.
3140 1102 3294 1156 Homo

1967 1169 2175 1234 quidam
2200 1169 2320 1232 fecit
2341 1183 2528 1218 coenam
2551 1184 2804 1234 maynam.

1905 1244 2014 1292 206.
2047 1244 2211 1292 δοται.
2242 1244 2290 1291 2.
2322 1241 2474 1290 Homo
2495 1241 2702 1306 quidam,
2724 1243 2853 1306 fecit
2870 1257 3074 1296 coenam.

1902 1315 2013 1364 207.
2047 1314 2212 1364 δοται.
2242 1313 2290 1363 3.
2317 1313 2433 1363 Jam
2457 1315 2639 1375 parata
2665 1318 2781 1365 sunt
2808 1316 2995 1366 omnia.

1905 1386 2015 1436 208.
2045 1388 2211 1435 δοται.
2234 1386 2280 1434 4.
2313 1380 2564 1447 Compelle
2585 1385 2798 1449 intrare,
2828 1389 2881 1435 ut
2909 1386 3182 1453 impleatur
3206 1387 3295 1440 do-

1965 1469 2077 1504 mus
2106 1469 2233 1504 mea.

1903 1528 2013 1578 209.
2043 1526 2312 1577 Dominice
2338 1529 2386 1577 3.
2415 1531 2534 1591 post
2561 1527 2916 1578 Pentecosten.
2947 1528 3115 1581 δοται.
3139 1534 3187 1583 1.
3212 1532 3294 1583 In-

1967 1599 2082 1648 veni
2106 1612 2242 1647 ovem
2270 1612 2419 1663 quam
2449 1598 2785 1663 perdideram.

1901 1671 2012 1720 210.
2029 1671 2196 1720 δοτιιι.
2215 1673 2261 1721 2.
2283 1669 2453 1720 Inveni
2464 1669 2772 1732 drachmam,
2791 1686 2940 1737 quam
2956 1673 3291 1738 perdideram.

1901 1742 2014 1790 211.
2034 1741 2200 1791 δοται.
2229 1744 2276 1792 3.
2306 1741 2559 1793 Gaudium
2583 1745 2657 1793 est
2682 1744 2880 1808 anqelis
2900 1745 2998 1796 Dei
3020 1760 3170 1812 super
3195 1761 3292 1798 uno

1962 1818 2235 1881 peccatore.

1904 1889 2013 1938 212.
2046 1888 2210 1938 δοται.
2242 1890 2288 1939 4.
2311 1889 2565 1942 Gaudium
2584 1893 2657 1939 est
2675 1889 2875 1957 anqetis
2901 1892 2996 1944 Dei
3020 1906 3172 1959 super
3197 1910 3294 1946 uno

1962 1963 2231 2023 peccatore.

1904 2031 2014 2080 213.
2040 2030 2306 2083 Dominice
2331 2033 2379 2082 4.
2402 2035 2521 2096 post
2548 2035 2901 2087 Pentecosten.
2934 2037 3101 2090 δοται.
3122 2040 3170 2088 1.
3195 2036 3292 2089 As-

1963 2102 2170 2154 cendens
2194 2107 2361 2154 autem
2389 2108 2442 2154 in
2467 2119 2620 2155 unam
2640 2108 2825 2158 navim.

1902 2177 2011 2226 214.
2043 2176 2209 2226 δοται.
2228 2180 2276 2226 2.
2298 2176 2652 2228 concluserunt
2669 2176 3051 2231 multitudinem
3075 2182 3290 2247 piscium

1963 2261 2229 2311 copiosam.

1902 2320 2011 2370 216.
2044 2320 2208 2370 δοται.
2239 2321 2285 2371 3.
2319 2321 2400 2370 Ex
2431 2319 2519 2370 hoc
2528 2320 2648 2385 jam
2674 2322 2776 2372 eris
2801 2321 3022 2373 homines
3047 2325 3259 2389 capiens.

1903 2390 2012 2440 216.
2045 2391 2211 2441 δοται.
2241 2394 2287 2441 4.
2316 2389 2522 2440 Relictis
2544 2391 2793 2457 omnibus,
2818 2396 2976 2444 secuti
3001 2400 3117 2446 sunt
3143 2411 3273 2449 eum.

1902 2465 2012 2512 217.
2034 2463 2301 2514 Dominics
2319 2465 2369 2513 5.
2392 2470 2513 2527 post
2541 2466 2896 2519 Pentecosten.
2922 2471 3085 2521 δοται.
3114 2475 3159 2521 1.
3181 2471 3293 2522 Om-

1965 2536 2048 2585 nis
2068 2534 2158 2600 qui
2182 2535 2422 2585 irascitur
2445 2536 2609 2598 fratri
2628 2550 2730 2600 suo,
2758 2552 2874 2587 reus
2891 2540 3002 2591 erit.

1904 2609 2013 2658 218.
2039 2610 2203 2660 δοται.
2237 2611 2281 2657 2.
2313 2608 2373 2657 Si
2403 2622 2522 2672 erqo
2548 2607 2702 2673 offers
2728 2624 2904 2661 munus
2929 2613 3083 2663 tuum.

1903 2681 2015 2728 219.
2046 2680 2210 2728 δοται.
2241 2681 2289 2728 3.
2318 2679 2377 2728 Si
2399 2678 2551 2742 offers
2577 2693 2758 2729 munus
2787 2684 2927 2732 tuum
2953 2682 3023 2734 ad
3044 2683 3225 2735 altare.

1903 2749 2014 2799 220.
2049 2752 2213 2799 δοται.
2244 2751 2290 2800 4.
2328 2749 2461 2800 Vade
2483 2751 2628 2815 prius
2654 2753 2972 2804 reconciliari
2995 2755 3157 2819 fratri
3185 2759 3285 2809 tuo.

1903 2822 2012 2868 221.
2046 2818 2311 2871 Domini'cs
2328 2824 2374 2871 6.
2393 2826 2511 2885 post
2528 2824 2888 2877 Pentecosten.
2914 2828 3080 2878 δοται.
3096 2831 3146 2877 1.
3166 2828 3293 2880 Cum

1967 2891 2114 2942 turba
2140 2891 2302 2942 multa
2331 2896 2457 2943 esset
2484 2908 2595 2943 cum
2621 2896 2758 2946 Iesu.
3132 2890 3139 2899 ’

1903 2965 2014 3012 222.
2047 2965 2211 3015 δοται.
2247 2967 2296 3015 2.
2333 2963 2466 3014 Unde
2493 2964 2613 3015 illos
2632 2968 2819 3031 poterit
2846 2970 2959 3033 quis
2985 2974 3242 3023 saturare.

1902 3036 2013 3084 223.
2044 3036 2208 3086 δοται.
2238 3038 2286 3086 3.
2316 3036 2557 3087 Misereor
2575 3052 2724 3103 super
2751 3039 2969 3091 turbam.

1903 3107 2015 3156 224.
2045 3108 2212 3158 δοται.
2240 3109 2288 3157 4.
2316 3106 2770 3165 Manducaverunt,
2801 3115 2851 3161 et
2876 3114 3099 3165 saturati
3127 3117 3264 3166 sunt.

1903 3180 2012 3228 226.
2046 3177 2310 3229 Dominice
2338 3180 2386 3229 7.
2405 3184 2525 3244 post
2542 3182 2898 3234 Pentecosten.
2923 3186 3089 3237 δοται.
3112 3189 3159 3236 1.
3181 3185 3293 3236 Om-

1963 3249 2048 3298 nis
2072 3248 2225 3298 arbor
2250 3264 2360 3314 quoe
2387 3250 2630 3314 non‘facit
2655 3252 2899 3316 fructum.

1903 3324 2012 3373 226.
2045 3324 2209 3373 δοται.
2238 3325 2287 3373 2.
2317 3322 2487 3373 Omnis
2504 3322 2659 3373 arbor
2682 3339 2793 3390 quoe
2819 3340 2917 3377 non
2941 3327 3084 3391 facit.

1903 3396 2012 3443 227.
2027 3394 2195 3444 δοται.
2212 3396 2259 3443 3.
2280 3393 2451 3445 Omnis
2464 3393 2620 3444 arbor
2638 3394 2762 3445 bona
2774 3397 2970 3458 fructus
2984 3398 3130 3450 bonos
3143 3399 3291 3463 facit.

1902 3467 2013 3515 228.
2033 3465 2196 3515 Serm.
2223 3468 2270 3516 4.
2301 3465 2399 3527 Qui
2416 3467 2543 3529 facit
2567 3465 2872 3519 voluntatem
2893 3470 3065 3521 Patris
3087 3471 3206 3521 mei.

1903 3539 2011 3587 229.
2045 3536 2316 3588 Dominice
2334 3540 2380 3587 8.
2400 3540 2520 3600 post
2540 3536 2894 3592 Pentecosten.
2925 3543 3089 3593 δοται.
3120 3546 3165 3595 1.
3208 3542 3291 3593 Vo-

1965 3610 2095 3660 cavit
2123 3607 2294 3665 illum,
2322 3612 2371 3658 et
2397 3610 2473 3658 ait
2500 3607 2586 3658 illi
2612 3624 2631 3659 .·
2662 3609 2797 3671 Quid
2819 3611 2907 3662 hoc
2933 3613 3101 3663 audio.

1905 3682 2015 3731 230.
2046 3681 2212 3731 δοται.
2244 3684 2291 3730 2.
2319 3678 2482 3730 Redde
2512 3681 2760 3730 rationem
2784 3682 3116 3737 villicationis
3144 3686 3264 3736 tuoe.

1903 3754 2016 3802 231.
2045 3751 2211 3801 δοται.
2239 3753 2287 3800 3.
2320 3751 2492 3801 Facite
2514 3751 2652 3801 vobis
2676 3754 2881 3805 amicos.

1903 3826 2013 3874 232.
2043 3826 2207 3874 δοται.
2237 3825 2286 3873 4.
2314 3823 2489 3872 Facite
2512 3822 2655 3873 vobis
2681 3826 2884 3876 amicos.

1903 3897 2015 3945 233.
2039 3893 2307 3945 Dominiee
2326 3896 2370 3944 9.
2394 3898 2512 3959 post
2529 3896 2884 3950 Pentecosten.
2907 3900 3074 3951 δοται.
3096 3905 3143 3953 1.
3164 3900 3289 3952 Cum

1964 3967 2390 4031 appropinquaret
2413 3966 2554 4016 Iesus
2577 3968 2873 4021 Jerusalem.

1904 4040 2013 4090 234.
2043 4041 2209 4090 δοται.
2240 4041 2288 4089 2.
2318 4038 2378 4088 Si
2402 4040 2707 4102 coqnovisses
2733 4043 2784 4090 et
2812 4045 2885 4093 tu.

1902 4112 2015 4162 236.
2037 4112 2203 4162 δοται.
2228 4112 2275 4161 3.
2304 4108 2692 4160 circumdabunt
2723 4114 2788 4175 te,
2806 4116 2855 4162 et
2877 4113 3286 4178 coanqustabunl.

1903 4184 2013 4303 232.
2043 4186 2211 4234 δοται.
2239 4182 2285 4232 4.
2321 4181 2507 4232 Domus
2529 4195 2658 4235 mea.
2681 4181 2856 4233 domus
2879 4186 3127 4236 orationis
3150 4200 3290 4237 voca·

1999 4254 2122 4303 itur.

1903 4328 2012 4378 237.
2038 4324 2311 4376 Dominice
2328 4328 2402 4376 10.
2428 4327 2545 4389 post
2564 4328 2917 4380 Pentecosten.
2940 4329 3108 4380 δοται.
3127 4333 3173 4380 1.
3195 4329 3290 4379 Pu-

1966 4395 2191 4448 blicanus
2216 4412 2248 4447 a
2274 4396 2418 4461 lonqe
2444 4398 2600 4448 stans.

1902 4471 2013 4520 238.
2054 4471 2220 4521 δοται.
2253 4472 2301 4519 2.
2347 4468 2501 4522 Deus.
2537 4470 2788 4534 propitius
2822 4475 2927 4523 esto
2957 4471 3085 4524 mihi
3118 4488 3289 4539 pecca-

1965 4543 2085 4592 tori.
2206 4586 2213 4593 .

1902 4616 2013 4665 239.
2036 4616 2206 4665 Serm.
2229 4614 2274 4663 3.
2301 4611 2561 4662 Descendit
2583 4611 2663 4663 hic
2675 4612 2994 4679 justificatus
3015 4616 3067 4666 in
3089 4614 3288 4668 domum

1961 4699 2107 4735 suam
2133 4683 2199 4734 ab
2227 4683 2341 4735 illo.

1901 4760 2011 4808 240.
2043 4759 2207 4808 δοται.
2238 4759 2284 4807 4.
2316 4756 2412 4818 Qui
2436 4769 2488 4804 se
2514 4754 2729 4816 exaltat,
2754 4755 3129 4811 humiliabitur.

1900 4830 2012 4880 241.
2033 4827 2301 4879 Dominice
2320 4831 2395 4878 11.
2412 4829 2528 4890 post
2546 4827 2902 4880 Pentecosten.
2921 4831 3088 4882 δοται.
3110 4834 3157 4881 1.
3171 4831 3285 4884 Sta·

1965 4902 2058 4950 tim
2085 4902 2269 4965 apertce
2290 4900 2408 4948 sunt
2434 4913 2582 4948 aures
2608 4898 2737 4963 ejus.

1900 4974 2009 5023 242.
2044 4974 2207 5024 δοται.
2237 4974 2284 5021 2.
2306 4969 2535 5021 Solutum
2562 4974 2636 5020 est
2663 4969 2918 5021 vinculum
2948 4971 3136 5040 lin9uoe
3153 4974 3280 5040 qius.

1900 5047 2011 5096 243.
2043 5047 2211 5096 δοται.
2243 5044 2291 5093 3.
2320 5041 2550 5094 Solutum
2572 5044 2645 5092 est
2671 5042 2927 5095 vinculum
2947 5044 3131 5109 linouoe
3154 5046 3282 5111 eius.

1900 5119 2009 5169 244.
2040 5119 2205 5171 δοται.
2236 5116 2283 5164 4.
2308 5116 2437 5165 Bene
2466 5115 2634 5165 omnia
2657 5115 2796 5179 fecit.

1898 5192 2009 5243 246.
2026 5186 2296 5240 Dominics
2310 5190 2382 5237 12.
2395 5190 2512 5250 post
2530 5187 2883 5239 Pentecosten.
2902 5189 3068 5243 δοται.
3082 5192 3129 5240 1.
3139 5189 3287 5240 Beati

1961 5261 2121 5319 oculi,·
2144 5260 2236 5326 qui
2260 5259 2427 5311 vident
2448 5271 2559 5323 quoe
2583 5273 2669 5310 vos
2692 5260 2895 5311 videtis.

1900 5334 2010 5383 246.
2041 5334 2205 5387 δοται.
2236 5334 2286 5382 2.
2312 5330 2508 5396 Diliqes
2533 5331 2803 5382 Dominum
2830 5331 2988 5383 Deum
3017 5334 3172 5386 amm.

1899 5406 2010 5455 247.
2040 5404 2204 5456 δοται.
2231 5405 2278 5453 3.
2307 5401 2619 5467 Appropians
2638 5401 2876 5468 alliqavit
2898 5403 3109 5458 vulnera
3124 5405 3257 5472 qius.

3353 609 3441 660 321
3452 568 3457 573 ·

3353 752 3444 802 323

3356 894 3446 944 326

3355 1036 3443 1086 328

3356 1179 3447 1228 329

3354 1250 3447 1299 332

3354 1321 3446 1371 334

3354 1462 3446 1512 335

3354 1605 3444 1656 337

3354 1677 3444 1726 338

3354 1826 3447 1875 339

3355 1968 3445 2019 340

3355 2113 3445 2163 344

3355 2258 3445 2306 346

3355 2328 3445 2377 347

3355 2401 3444 2449 348

3354 2547 3439 2595 351

3352 2620 3443 2667 355

3353 2690 3444 2738 356

3351 2760 3442 2809 357

3352 2902 3445 2952 359

3353 2975 3445 3023 362

3355 3044 3446 3095 363

3354 3118 3445 3167 364

3353 3258 3444 3307 366

3353 3330 3445 3378 369

3354 3401 3444 3449 370

3352 3472 3439 3522 371

3352 3616 3442 3666 373

3351 3688 3443 3737 375

3352 3759 3443 3806 377

3353 3830 3443 3879 378

3352 3975 3446 4024 379

3351 4046 3444 4095 380

3350 4118 3443 4167 382

3349 4260 3440 4310 383

3351 4405 3443 4454 386

3351 4548 3442 4599 388

3349 4691 3441 4741 389

3349 4765 3440 4813 390

3347 4906 3438 4956 393

3346 4978 3438 5027 394

3346 5048 3437 5098 397

3345 5118 3437 5170 399

3345 5263 3437 5313 ιοο
3464 5318 3471 5325 ,

3343 5336 3432 5384 τοι

3344 5407 3435 5457 402
