4059 6317
668 490 790 553 6¹8

668 622 837 698 quod
882 623 1064 699 possit
1105 622 1322 683 auferri
1364 622 1561 696 deest,
1605 624 1704 682 vel
1751 623 1878 697 qui,
1906 623 1982 698 (α)
2022 621 2211 697 possit

667 717 916 790 auferri,
942 717 1148 776 abesse
1185 722 1444 794 putatur.
1472 718 1633 776 Time
1673 733 1849 791 ergo,
1896 717 1995 775 vel
2043 716 2211 791 quod

632 814 725 869 ‚te
778 810 1007 869 invenis
1054 827 1178 871 non
1231 812 1573 889 timentem3
1625 812 1722 871 vel
1762 813 1857 870 sao
1894 815 1961 869 ut
2003 812 2212 870 timeas

669 904 838 981 quod
879 905 1086 964 timere
1122 909 1179 963 te
1219 906 1477 976 invenis,
1518 905 1580 964 id
1621 909 1743 978 est,
1781 906 1988 965 oeulos
2023 907 2210 980 aperi,

669 1002 774 1057 aut
784 1014 1013 1073 pauper
1033 1004 1177 1059 esto.
1207 1000 1295 1059 Ab
1317 999 1430 1058 hac
1451 1000 1816 1060 habitatione
1843 1000 2215 1076 repelluntur

669 1093 994 1169 hypocritas
1030 1094 1048 1129 ¹
1095 1111 1112 1151 ε
1160 1113 1190 1149 ι
1216 1093 1349 1153 Scio
1371 1093 1477 1153 ubi
1502 1094 1764 1168 habitas,
1794 1094 1900 1153 ubi
1928 1094 2104 1154 sedes
2129 1097 2216 1154 est

670 1194 906 1248 satanae.
937 1210 968 1246 ι

742 1285 945 1352 Sexto,
987 1284 1207 1342 domus
1228 1283 1353 1342 haec
1386 1288 1472 1342 est
1497 1282 1746 1354 munda,
1775 1282 1924 1342 nihil
1945 1283 2107 1343 enim
2128 1283 2218 1341 in-

674 1378 1041 1453 quinamenti
1068 1377 1352 1436 sustinere
1376 1381 1606 1453 potest:
1636 1381 1694 1435 et
1719 1377 1858 1436 ideo
1884 1377 1962 1436 ab
1991 1394 2064 1436 ea
2091 1394 2217 1436 cor-

673 1473 793 1531 ruit
838 1472 1118 1531 diabolus
1137 1491 1154 1546 ;
1205 1476 1341 1547 post
1393 1472 1561 1544 quus
1612 1471 1849 1546 lapsum
1901 1471 2217 1548 impolluta

675 1573 761 1626 est
785 1564 809 1598 ¹
841 1585 856 1625 z
892 1586 921 1621 ι
947 1570 1139 1638 Nunc,
1168 1567 1370 1625 Sancte
1408 1569 1745 1624 sanctorum
1785 1566 2055 1624 omnium
2107 1569 2219 1624 Do-

675 1661 873 1734 mine,
920 1675 1208 1720 conserva
1252 1660 1315 1718 in
1358 1663 1644 1718 aeternum
1687 1659 2064 1735 impollutam
2107 1661 2216 1719 do-

674 1772 842 1815 mum
885 1756 1100 1826 istam,
1144 1771 1280 1829 quoe
1318 1770 1512 1829 nuper
1554 1753 1844 1813 mundata
1884 1759 1989 1813 est.
2018 1776 2048 1811 ι
2078 1755 2217 1815 ideo

673 1849 943 1909 habitant
973 1849 1037 1907 in
1067 1864 1140 1907 ea
1173 1848 1431 1921 virgines
1469 1854 1526 1907 et
1562 1849 1924 1907 continentes
1947 1851 1969 1887 ⁸
2001 1867 2017 1907 ε
2052 1870 2082 1903 ι
2110 1852 2221 1908 Do·

675 1943 865 2015 mine,
905 1942 1039 2017 quis
1073 1941 1363 2000 habitabit
1397 1942 1460 1999 in
1497 1942 1882 2001 tabernaculo
1919 1947 2020 2001 tuo
2060 1943 2091 2001 t
2117 1949 2221 2004 aut

677 2037 812 2110 quis
835 2036 1164 2111 requiescet
1188 2035 1252 2094 in
1278 2040 1479 2093 monte
1503 2040 1706 2094 sancto
1733 2039 1882 2095 tuo?
1900 2058 1928 2092 ι
1945 2035 1968 2071 ⁸
1986 2059 2015 2092 ι
2043 2040 2220 2096 inno-

677 2147 816 2189 cens
842 2130 1140 2203 manibu3‚
1169 2136 1227 2189 et
1247 2130 1477 2188 mundo
1504 2129 1707 2201 corde,
1731 2150 1760 2184 n
1785 2131 1807 2166 ⁸
1841 2150 1867 2183 α
1895 2130 1997 2206 qui
2026 2131 2223 2204 ingre-

679 2226 837 2284 ditur
870 2225 997 2283 sine
1038 2225 1295 2283 macula.
1325 2245 1353 2279 ι
1383 2230 1727 2287 innocentes
1762 2227 1945 2286 corde
1983 2226 2224 2287 ruerunt

679 2318 966 2391 virgines,
1006 2317 1134 2377 sine
1177 2318 1415 2377 macula
1450 2319 1514 2377 in
1548 2336 1726 2378 carne
1751 2320 1847 2379 vel
1875 2321 2058 2380 corde
2075 2341 2095 2394 3
2124 2323 2222 2381 vel

681 2412 822 2471 dicit
855 2414 1197 2471 innocentes
1240 2413 1451 2486 corde,
1497 2414 1623 2472 sine
1669 2414 1904 2473 macula
1942 2415 2218 2475 infamiae.

680 2509 748 2565 Et
797 2506 937 2564 ideo
988 2505 1264 2565 fruuntur
1309 2507 1422 2565 hac
1474 2507 1841 2566 beatitudine
1883 2510 1906 2546 ⁸
1949 2528 1963 2567 ε
1999 2529 2028 2564 α
2064 2512 2223 2570 Beati

679 2600 907 2659 mundo
936 2601 1151 2671 corde,
1183 2600 1469 2676 quoniam
1496 2602 1608 2675 ipsi
1637 2603 1822 2660 Deum
1847 2603 2156 2665 videbunt.
2187 2628 2216 2661 ι

680 2694 815 2753 Sine
846 2694 1193 2754 castimonia
1218 2711 1398 2754 nemo
1429 2699 1622 2770 potest
1643 2697 1847 2756 videre
1876 2701 2079 2757 Deum.
2107 2701 2223 2759 Sed

680 2805 770 2847 vae
795 2788 1122 2847 immundis
1148 2792 1207 2847 et
1229 2789 1575 2858 luxuriosiS,
1607 2790 1710 2865 qui
1738 2792 2103 2867 repelluntur
2141 2795 2221 2854 ab

679 2882 794 2941 hac
820 2882 1201 2941 habitatione.

752 2975 913 3035 Dices
953 2977 1031 3053 (b)
1076 2993 1218 3051 ergo
1266 2996 1282 3036 ε
1329 2979 1482 3036 Rara
1534 2979 1766 3038 castitas
1822 2980 2226 3042 ecclesiasticis

680 3071 893 3129 nostris
921 3089 936 3128 ε
968 3071 1216 3129 ubinam
1239 3071 1510 3131 habitant
1539 3073 1647 3148 (c)‘?
2050 3118 2057 3125 .

753 3167 815 3223 tn
842 3164 1074 3225 inferno
1105 3182 1242 3223 cum
1272 3166 1514 3225 Plutone
1537 3169 1559 3204 ‘¹
1588 3186 1604 3225 ι
1641 3186 1671 3222 α
1699 3170 1873 3228 Facta
1911 3173 1996 3228 est
2042 3170 2226 3247 Baby-

682 3259 786 3318 lon
806 3275 1024 3331 magna
1050 3259 1335 3317 habitatio
1365 3259 1831 3335 daemoniorum,
1867 3268 1925 3321 et
1956 3265 2225 3324 custodia

684 3352 879 3412 omnis
906 3353 1141 3426 spiritus
1167 3352 1460 3411 immundi
1495 3373 1509 3411 :
1537 3373 1566 3409 n
1591 3354 1734 3429 quia
1753 3355 1866 3413 viri
1895 3357 2227 3432 spirituales

683 3445 819 3504 facti
847 3450 982 3503 sunt
1006 3461 1114 3520 per
1138 3444 1438 3504 luxuriam
1465 3448 1676 3506 incolae
1703 3450 1864 3522 ejus»,
1894 3454 1951 3508 et
1977 3450 2064 3508 ihi
2101 3467 2230 3509 cus-

684 3540 1016 3610 todiuntur,
1061 3539 1209 3597 sicut
1250 3538 1312 3596 in
1354 3556 1622 3613 carcere,
1663 3542 1744 3600 ad
1781 3559 2024 3617 poenam
2068 3551 2228 3603 eeter-

682 3647 844 3691 nam.
895 3635 987 3704 Et,
1031 3634 1266 3705 Magna,
1314 3633 1460 3691 dicit
1499 3639 1742 3710 propter
1785 3636 2227 3696 multitudinem

683 3721 1106 3793 habitantium,
1148 3723 1293 3798 quia
1329 3725 1457 3797 ,iam
1494 3724 1614 3782 fere
1654 3726 1875 3799 passim
1917 3743 2127 3786 omnes
2149 3728 2228 3786 ad

681 3816 839 3874 hanc
873 3815 1313 3876 immunditiam
1344 3823 1790 3890 convertuntur,
1820 3824 1878 3878 et
1901 3822 2231 3895 specialiter

685 3908 902 3968 clerici.
934 3910 1095 3968 Unde
1125 3915 1326 3970 Petrus
1356 3912 1672 3971 Damianus
1696 3910 1720 3946 ⁸
1746 3933 1762 3971 z
1791 3935 1819 3967 «
1848 3915 2051 3974 Veniet
2077 3916 2226 3988 dieS,

683 4004 808 4063 imo
835 4019 956 4062 nox
973 4046 993 4076 ,
1020 4004 1266 4079 quando
1293 4004 1486 4064 libido
1514 4009 1648 4079 tua,
1679 4024 1718 4066 o
1752 4007 1997 4081 clerice,
2034 4014 2226 4068 verte·

683 4101 778 4155 tur
820 4098 883 4155 in
927 4097 1153 4171 picem,
1197 4114 1321 4173 qua
1367 4116 1429 4157 se
1472 4105 1792 4174 perpetuus
1831 4102 1986 4176 ignis
2023 4103 2087 4160 in
2114 4104 2228 4163 tuis

681 4191 1010 4250 visceribus
1035 4192 1548 4267 inextinguibilem
1573 4195 1819 4265 nutriat,
1850 4200 1907 4254 et
1932 4196 2229 4256 medullas

684 4288 849 4356 tuas,
877 4284 1055 4343 simul
1083 4291 1139 4344 et
1164 4301 1333 4359 ossa,
1362 4286 1724 4346 indeficienti
1764 4290 2228 4364 conflagratione

692 4488 815 4546 qua
839 4472 1054 4545 fronte,
1081 4489 1203 4547 qua
1227 4473 1477 4533 audacia
1494 4477 1674 4533 sacris
1699 4475 1981 4535 altaribus
2009 4494 2228 4553 appro-

682 4566 984 4640 pinquas?
1029 4570 1224 4640 Certe,
1274 4574 1498 4642 quanto
1543 4571 1797 4629 sanctius
1842 4575 1928 4629 est
1970 4571 2230 4631 ministe-

682 4660 870 4730 rium,
919 4663 1081 4719 tanto
1134 4661 1513 4720 mundiorem
1563 4665 1807 4739 requirit
1869 4665 2223 4726 ministrum.

685 4754 912 4813 Electus
938 4770 1023 4827 es,
1051 4759 1117 4813 ut
1143 4754 1361 4815 doceas
1385 4755 1647 4815 officium
1669 4758 1976 4830 castitatis„
2004 4776 2130 4819 non
2163 4762 2230 4818 ut

679 4847 792 4906 fias
819 4848 1162 4923 exemplum
1188 4848 1396 4907 alienae
1421 4849 1706 4919 libidinis,
1733 4871 1764 4907 ι
1796 4856 1904 4910 etc.

753 4942 1011 5017 Septimo
1057 4941 1277 5000 domus
1322 4942 1448 5002 haec
1493 4947 1580 5002 est
1623 4946 1923 5021 jucunda,
1971 4952 2027 5006 et
2082 4965 2229 5022 gau-

749 5066 761 5094 “
802 5064 974 5128 Αροο.,
1014 5075 1082 5127 11,
1115 5066 1193 5115 13.
1220 5091 1286 5102 —
1327 5066 1348 5098 ²
1387 5065 1425 5115 tl
1467 5065 1653 5128 Maeli„
1681 5078 1788 5129 xiv,
1828 5070 1908 5119 36.
1936 5095 2000 5105 —
2035 5069 2057 5105 ⁸
2084 5070 2224 5120 Psal.

686 5147 797 5197 ειν,
843 5138 889 5188 1.
930 5162 992 5174 -
1032 5135 1055 5171 ⁸
1101 5136 1238 5186 Psal.
1283 5148 1441 5200 xxm,
1484 5140 1532 5188 4.
1576 5164 1637 5176 -
1680 5140 1702 5175 ⁸
1739 5139 1876 5189 Psal.
1918 5144 2118 5205 xiv„2.
2164 5169 2227 5180 —

684 5208 704 5237 ⁸
727 5207 932 5270 matth„
964 5218 1013 5269 v,
1044 5208 1088 5257 8.
1120 5234 1180 5246 -
1208 5210 1226 5239 ·’
1255 5210 1426 5272 Apoc.‚
1449 5219 1599 5273 xvm,
1628 5213 1679 5261 2.
1699 5237 1759 5247 —
1782 5210 1806 5246 ⁸
1826 5212 1962 5262 Petr.
1991 5213 2226 5264 Damian.

685 5304 745 5315 -
774 5278 798 5313 ⁹
826 5279 945 5342 Isca,
974 5290 1056 5341 Lt,
1084 5281 1131 5330 3.
1159 5305 1219 5317 —
1249 5281 1291 5316 ¹·
1326 5281 1367 5331 ΙΙ
1399 5280 1568 5345 Eadm,
1598 5293 1700 5344 ιιι,
1734 5283 1811 5334 39.
1839 5308 1901 5321 -
1933 5284 1968 5314 ⁸⁸
1998 5284 2118 5343 Isa„
2153 5298 2226 5347 vt,

691 5352 828 5400 3.-
863 5350 904 5385 ²²
943 5349 1091 5414 thid,
1130 5363 1237 5414 ιιι,
1274 5355 1322 5404 6.
1367 5380 1422 5390 -
1468 5352 1511 5389 ¹⁸
1551 5353 1796 5418 Paraphr.
1851 5355 2127 5421 Pachyme.
2175 5356 2228 5406 in

693 5420 815 5481 Coel.
843 5422 1008 5492 Ilien,
1036 5437 1083 5474 c.
1108 5435 1202 5490 vu,
1230 5423 1263 5497 5
1290 5428 1417 5475 2.-
1443 5427 1485 5465 ¹⁸
1509 5426 1710 5495 uatem,
1731 5430 1848 5489 x·‚9.
1872 5453 1932 5465 —
1954 5427 1998 5467 ¹⁸
2019 5429 2227 5491 lev-em„

1731 483 2152 555 SERMONES
2192 482 2295 552 DE
2333 482 2679 552 SANCTIS.
2722 486 2794 552 L.

2317 620 2537 679 diosa⁹
2575 640 2591 680 ε
2628 641 2657 676 ι
2696 622 2873 692 Quasi
2908 622 2988 698 (d)
3028 623 3318 697 gaudium
3360 628 3419 682 et
3460 622 3655 683 lautitia
3692 625 3853 684 inve·

2315 715 2510 774 nietur
2534 715 2598 774 in
2624 732 2723 784 ea,
2756 716 3079 790 gratiarum
3105 718 3295 787 actio,
3328 722 3386 776 et
3414 734 3539 776 vox
3577 718 3784 777 laudis.
3819 739 3850 774 ι

2315 810 2488 880 Quod
2511 810 2856 885 exprimitur
2880 811 2943 868 in
2964 814 3226 871 Nehemia
3255 810 3333 870 ¹⁸:
3364 830 3393 865 ι
3419 814 3710 871 Steterunt
3732 813 3852 871 dno

2318 906 2484 964 chori
2523 906 2897 965 laudantium
2939 907 3002 964 in
3045 906 3232 965 domo
3278 907 3533 964 Domini.
3564 928 3597 962 n
3629 909 3699 964 ni
3729 912 3855 965 sunt

2317 999 2539 1073 angeli,
2566 1004 2624 1058 et
2642 998 2914 1058 homines
2934 1000 3091 1059 beati
3106 1043 3125 1071 ,
3152 1006 3431 1058 vacantes
3457 1001 3746 1059 laudibus
3770 1001 3850 1059 di-

2318 1094 2490 1152 viniS.
2513 1097 2576 1152 ln
2593 1093 2706 1151 hac
2724 1109 2864 1167 erga
2886 1093 3069 1152 domo
3087 1094 3358 1153 habitant
3374 1095 3599 1168 angeli,
3616 1096 3725 1171 qui
3740 1111 3850 1154 non

2320 1190 2553 1246 cessant
2579 1186 2838 1245 clamare
2864 1186 3125 1246 dicentes
3153 1188 3192 1223 ¹¹
3225 1207 3240 1246 ε
3267 1210 3295 1243 α
3313 1190 3583 1260 Sanctus,
3602 1192 3853 1261 Sanctus,

2319 1283 2582 1340 Sanctus.
2604 1301 2635 1337 ι
2668 1282 2742 1339 ¹²:
2780 1301 2809 1335 α
2837 1282 3065 1354 Exulta,
3093 1285 3153 1340 et
3174 1282 3359 1342 lauda
3379 1282 3678 1341 habitatio
3708 1285 3852 1355 Sion,

2322 1375 2465 1450 quia
2487 1392 2738 1449 magnus
2755 1376 2819 1434 in
2837 1376 3037 1435 medio
3058 1377 3141 1434 tui
3158 1382 3395 1434 sanctus
3417 1377 3618 1435 lsrael.
3634 1378 3857 1436 »Omnis

2322 1469 2482 1527 enim
2508 1469 2838 1528 hierarchia
2863 1469 3130 1544 angelica
3157 1470 3235 1528 ad
3269 1474 3457 1528 Deum
3490 1470 3856 1529 laudandum

2324 1569 2410 1623 est
2436 1563 2739 1638 ordinata3
2766 1568 2822 1622 et
2848 1564 2953 1638 qui
2976 1563 3231 1638 amplius
3255 1564 3532 1637 laudant,
3555 1565 3858 1623 sublimius

2321 1662 2774 1717 remunerantur
2800 1657 2862 1715 in
2896 1658 3232 1731 cognitione
3258 1662 3317 1716 et
3351 1673 3597 1730 amore,
3634 1664 3703 1717 ut
3736 1660 3859 1718 dicit

2325 1754 2764 1810 commentator
2795 1752 2838 1789 ¹⁸
2861 1767 3040 1825 super
3090 1754 3408 1823 Anqelicam
3463 1755 3857 1810 Hier-archim.

2325 1845 2596 1904 Laudant
2644 1849 2841 1903 autem
2900 1847 3116 1918 Deum,
3166 1849 3458 1919 quantum
3513 1860 3555 1903 a
3610 1850 3859 1905 creatura

2327 1945 2413 1999 est
2446 1940 2733 2015 possibile
2766 1939 3001 1998 laudari
3029 1956 3186 1998 cum.
3230 1943 3377 1998 Cum
3414 1941 3585 1997 enim
3617 1940 3858 1999 irrever-

2326 2037 2533 2095 berata
2558 2034 2770 2092 mentis
2804 2035 2930 2093 acie
2958 2035 3056 2092 Dei
3083 2035 3433 2109 sapientiam
3463 2037 3860 2111 contemplan-

2327 2135 2423 2189 tur
2441 2172 2461 2203 ,
2517 2129 2582 2187 in
2639 2128 2835 2204 ipsum
2886 2144 3025 2186 suas
3082 2128 3405 2187 extendunt
3458 2130 3860 2204 intelligentias

2327 2221 2796 2297 infatigabiliter,
2848 2226 2905 2279 et
2950 2223 3016 2278 in
3069 2221 3392 2295 gratiarum
3446 2224 3715 2281 actiones
3760 2226 3853 2281 toti

2329 2320 2668 2390 assurgunt3
2702 2319 2760 2375 et
2786 2316 2930 2374 dum
2954 2314 3319 2374 admirantur
3343 2332 3530 2391 supra
3561 2333 3630 2375 se
3658 2320 3859 2390 Deum,

2330 2413 2436 2485 qui
2480 2415 2567 2469 est
2594 2427 2745 2469 unus
2771 2411 2834 2468 in
2859 2409 3215 2481 substantia,
3250 2409 3439 2468 trinus
3472 2411 3541 2467 in
3576 2412 3863 2485 personis,

2329 2505 2392 2562 in
2436 2520 2560 2579 quo
2607 2507 2694 2562 est
2747 2520 2981 2562 summa
3032 2519 3187 2580 pax,
3249 2520 3487 2563 summa
3544 2507 3864 2580 tranquilli-

2329 2601 2420 2656 tas
2444 2642 2463 2671 ‚
2524 2614 2759 2656 summa
2808 2598 2972 2672 pacis
3026 2597 3448 2673 tranquillitate
3515 2603 3575 2657 et
3627 2600 3867 2674 plenitu-

2333 2692 2470 2750 dine
2508 2691 2917 2767 pert'ruuntur,
2946 2692 3247 2750 studentes
3284 2707 3475 2750 unum
3510 2692 3644 2751 fieri
3686 2692 3745 2750 in
3778 2710 3863 2763 se,

2332 2790 2622 2859 quantum
2678 2788 2955 2859 possunt,
3013 2790 3257 2861 propter
3323 2785 3616 2845 unitatem
3683 2778 3866 2861 pacis,

2332 2895 2516 2953 quam
2538 2878 2745 2937 vident
2771 2894 2953 2952 supra
2978 2895 3071 2951 se,
3102 2884 3158 2936 et
3182 2878 3262 2937 ad
3287 2894 3501 2953 pacem
3530 2884 3588 2939 et
3613 2881 3693 2938 ad
3717 2884 3868 2938 timi·

2332 2973 2678 3048 quillitatem
2739 2972 2904 3046 pacis
2956 2976 3238 3030 revocant
3294 2973 3502 3032 omnia
3556 2975 3668 3032 suh
3716 2990 3797 3032 se.
3828 2977 3867 3012 ¹⁸

2339 3088 2368 3123 ι
2396 3066 2549 3125 Beati
2576 3065 2830 3141 pacifici,
2846 3065 3135 3140 quoniam
3158 3065 3266 3123 filii
3291 3066 3390 3124 Dei
3426 3067 3816 3127 vocabuntur.
3834 3092 3861 3121 ι

2334 3164 2402 3220 Ut
2429 3177 2570 3233 ergo
2609 3161 2728 3230 eie,
2764 3161 2869 3234 qui
2914 3160 3098 3219 vitam
3126 3159 3469 3233 abjecerunt
3513 3162 3864 3237 angelicam,

2333 3272 2445 3314 nec
2469 3255 2693 3312 faciunt
2713 3254 2774 3311 in
2803 3254 3062 3312 ecclesiis
3087 3255 3208 3311 suis
3233 3253 3648 3327 residentiam,
3676 3260 3796 3330 aut,
3820 3259 3867 3316 si

2332 3349 2585 3421 faciunt,
2614 3354 2856 3424 propter
2878 3349 3193 3423 pecuniam
3221 3348 3473 3421 faciunt,
3521 3352 3699 3409 horas
3740 3368 3868 3411 snas

2334 3459 2458 3501 non
2479 3443 2685 3507 dicunt
2708 3459 2781 3500 ex
2808 3442 3145 3513 devotione,
3174 3458 3283 3501 nec
3311 3446 3492 3501 Deum
3521 3444 3771 3503 laudant
3792 3445 3863 3503 ¹¹:

2344 3558 2372 3592 α
2395 3536 2684 3608 visitab0‚
2724 3536 2867 3594 dicit
2913 3536 3223 3606 Dominus,
3265 3551 3445 3610 super
3485 3553 3727 3611 omnes,
3772 3539 3865 3612 qui

2338 3630 2551 3689 attonsi
2579 3635 2714 3688 sunt
2738 3630 2802 3687 in
2828 3646 3064 3688 comam
3080 3647 3098 3701 3
3126 3629 3265 3704 quia
3293 3645 3503 3688 omnes
3536 3636 3737 3704 gentes
3770 3633 3868 3690 ha·

2335 3726 2478 3784 beni
2503 3725 2876 3799 praeputium.
2908 3743 2938 3778 n
2972 3726 3039 3782 Et
3066 3723 3110 3761 ¹⁸
3134 3723 3241 3782 ubi
3263 3727 3349 3781 est
3373 3724 3528 3782 illud
3554 3746 3570 3783 :
3602 3726 3673 3802 (e)
3702 3745 3732 3781 ι
3760 3726 3868 3784 Dis-

2334 3821 2499 3878 tricte
2540 3818 2940 3894 praecipiendo
2981 3818 3366 3891 mandamuS,
3398 3819 3460 3875 in
3502 3820 3715 3878 virtute
3743 3821 3871 3880 obe-

2338 3914 2593 3985 dientiae,
2611 3916 2678 3971 ut
2705 3911 2967 3971 officium
2992 3914 3369 3984 nocturnum,
3395 3913 3620 3986 pariter
3648 3917 3704 3972 et
3728 3914 3871 3971 diur-

2336 4022 2515 4078 num,
2570 4010 2858 4080 quantum
2912 4008 3061 4063 Deus
3115 4004 3372 4077 dederit,
3417 4006 3685 4065 studiose
3727 4007 3867 4065 cele-

2341 4101 2518 4159 brent
2542 4100 2782 4174 pariter,
2813 4104 2871 4157 et
2897 4098 3128 4157 devote.
3154 4118 3182 4152 1·
3215 4098 3323 4157 Ubi
3351 4099 3495 4157 dicit
3515 4104 3865 4175 Apparatus:

2344 4214 2375 4249 α
2413 4193 2525 4263 Qui
2567 4197 2774 4251 contra
2813 4192 2930 4250 hoc
2968 4198 3328 4267 praeceptum
3364 4192 3618 4267 faciunt,
3676 4194 3867 4252 inobe-

2339 4289 2622 4348 dientiam
2658 4288 2987 4346 incurrunt.
3030 4308 3060 4343 n
3099 4291 3163 4346 Et
3191 4287 3523 4346 Bernardus
3546 4290 3591 4326 ²¹¹
3621 4307 3639 4346 :
3680 4309 3712 4343 κ
3738 4291 3866 4347 Cum

2336 4383 2570 4458 psaIHs,
2603 4398 2707 4440 cor
2737 4382 2816 4439 ad
2839 4397 3076 4439 sensum
3116 4380 3330 4455 psalmi
3364 4381 3617 4455 habeas,
3654 4382 3766 4439 nisi
3796 4381 3866 4439 ad

2336 4477 2654 4535 sublimius
2679 4475 2961 4550 rapiatur,
2986 4478 3045 4532 et
3072 4475 3370 4547 omnium,
3398 4491 3533 4549 quae
3558 4476 3647 4533 ibi
3674 4474 3867 4533 dicun·

2337 4574 2461 4644 tur,
2491 4570 2592 4628 vel
2618 4568 2855 4627 dicendi
2881 4569 2946 4626 in
2972 4572 3075 4627 tuo
3104 4568 3317 4639 chore,
3360 4569 3458 4627 vel
3495 4569 3777 4628 audiendi
3810 4569 3866 4625 in

2337 4663 2481 4737 alio,
2510 4680 2700 4738 usque
2727 4663 2808 4722 ad
2834 4678 3022 4720 unum
3047 4662 3195 4733 iota,
3227 4662 3378 4719 scias
3406 4667 3462 4746 te
3487 4678 3615 4721 esse
3642 4663 3863 4721 debito·

2336 4773 2486 4816 rem.
2517 4779 2546 4811 »
2572 4758 2666 4815 Isti
2691 4772 2835 4830 ergo
2858 4772 2995 4814 cum
3024 4754 3317 4830 stipendia
3343 4756 3652 4831 accipiant,
3673 4762 3729 4815 et
3752 4754 3864 4829 offi:

2339 4852 2499 4909 cium
2546 4867 2671 4909 non
2715 4850 3036 4924 impleant,
3087 4848 3432 4922 injustitiam
3478 4854 3768 4908 exercent.
3808 4852 3864 4907 st

2336 4946 2477 5006 ideo
2510 4944 2581 5004 ¹⁸:
2620 4966 2649 5001 ι
2677 4946 2942 5019 Domine,
2970 4960 3093 5005 non
3119 4945 3412 5004 habitabit
3436 4947 3608 5019 iuxta
3631 4949 3687 5005 te
3707 4945 3861 5004 mali·

2342 5137 2417 5187 tx,
2441 5128 2520 5176 25.
2546 5150 2607 5163 -
2630 5125 2671 5160 ¹³
2697 5123 2957 5179 clement..
2984 5121 3073 5172 lib.
3101 5122 3188 5186 m,
3214 5121 3291 5172 tit.
3322 5124 3397 5185 u,
3420 5121 3484 5172 de
3507 5122 3683 5175 celebr.
3710 5122 3858 5182 Min„

2340 5211 2387 5247 c.
2414 5209 2451 5261 1,
2482 5197 2641 5248 Gravi
2664 5196 2925 5245 nimirum.
2955 5220 3019 5233 —
3047 5194 3089 5230 ¹⁷
3121 5195 3272 5246 Bern.
3304 5220 3360 5230 —
3392 5195 3434 5229 ¹⁸
3457 5194 3596 5244 Paul.
3627 5207 3675 5255 v,
3701 5197 3749 5244 6.

2408 5288 2477 5350 (α)
2524 5284 2700 5349 Suppl.
2748 5298 2865 5336 cum
2904 5284 3022 5349 ipsi.
3066 5310 3129 5322 —
3171 5283 3241 5348 (ὁ)
3291 5283 3415 5334 Coet.
3454 5283 3578 5333 edit.
3622 5283 3773 5334 Dicet.
3806 5306 3855 5320 -

2342 5359 2410 5421 (c)
2436 5359 2559 5408 Item
2580 5356 2669 5407 ubi
2691 5370 2828 5407 nuuc
2850 5356 3065 5408 habitas.
3089 5381 3150 5394 —
3169 5355 3240 5418 (ιη
3266 5352 3381 5405 Del.
3400 5355 3565 5420 quasi.
3580 5381 3642 5394 —
3665 5356 3722 5419 (e)
3748 5355 3853 5406 Coet.

2340 5429 2463 5479 edit.
2496 5429 2667 5482 Extra.
2698 5429 2762 5479 de
2790 5428 3131 5482 celebratione
3160 5428 3448 5479 missarum.
