4059 6317
980 874 1194 960 INDEX
1237 870 1703 959 mmmm
1750 869 1910 969 01]AE
1949 869 2023 956 IN
2067 870 2264 954 ’10110
2308 869 2565 954 mmo
2611 870 2883 957 01101110

1783 1097 2083 1165 omnum

454 1304 992 1419 SANCTI
1091 1299 2232 1415 BONAVENTURAE
2331 1296 3418 1416 CONTINENTUR

342 1769 713 1820 murxoms
740 1775 902 1825 noco,
939 1777 1004 1815 ex
1030 1762 1332 1814 prodromo.

344 1843 392 1891 1.
430 1841 715 1891 Snuousss
759 1849 828 1888 nn
857 1847 1120 1888 ττιιτοιιτ.
1149 1833 1415 1886 Βοαιίαἰοο
1443 1837 1488 1884 1.
1527 1832 1728 1886 Adven-

406 1914 489 1960 tus
514 1908 734 1959 Domini.
761 1909 930 1960 δοται.
961 1912 1007 1959 1.
1038 1906 1132 1956 His
1150 1907 1317 1956 autem
1343 1905 1462 1971 fieri
1487 1904 1726 1969 incipien-

407 1981 561 2031 tibus.
1131 1996 1150 2013 ι

343 2054 391 2102 2.
417 2052 584 2104 Serm.
609 2053 658 2102 2.
691 2049 862 2101 Veniet
891 2047 1205 2099 desideratus
1223 2049 1413 2098 cunctis
1441 2046 1691 2111 qentibus.

342 2123 392 2174 3.
422 2123 586 2175 Serm.
619 2124 668 2172 3.
696 2122 886 2172 Emitte
917 2134 1122 2170 manum
1154 2123 1293 2170 tuam
1318 2119 1379 2169 de
1403 2120 1525 2169 atto.

342 2195 393 2243 4.
423 2197 589 2245 δοται.
617 2196 665 2244 4.
698 2192 819 2255 Quis
851 2193 1036 2256 poterit
1068 2192 1292 2256 coqitare
1322 2190 1460 2240 diem
1490 2188 1730 2240 adventus

403 2279 536 2330 eJus.

343 2339 393 2388 5.
421 2339 587 2389 δοται.
616 2339 666 2387 5.
695 2336 830 2386 Hora
855 2334 1056 2399 estjam
1081 2349 1171 2384 nos
1195 2334 1255 2385 de
1281 2348 1449 2385 somno
1474 2347 1697 2399 surqere.

342 2411 391 2461 6.
422 2412 587 2461 δοται.
617 2412 666 2460 6.
699 2409 821 2458 Ecce
841 2420 936 2456 rex
963 2408 1078 2456 tuus
1103 2408 1237 2457 venit
1266 2406 1379 2456 tibi.

342 2481 392 2530 7.
421 2481 587 2531 δοται.
630 2482 679 2530 7.
713 2478 1003 2529 Benedictus
1031 2479 1122 2542 qui
1152 2478 1284 2528 venit
1320 2478 1374 2528 in
1406 2477 1601 2528 nomine
1639 2475 1733 2526 Do-

402 2566 553 2601 meni.

342 2625 391 2674 8.
428 2620 695 2674 nomtnica
719 2624 769 2673 2.
795 2621 1056 2673 Adventus
1078 2620 1301 2674 Domini.
1326 2623 1492 2672 δοται.
1526 2625 1570 2672 1.
1602 2619 1734 2670 Deus

406 2697 572 2744 autem
595 2695 855 2758 patientioe
878 2697 928 2743 et
957 2693 1149 2742 solatii.

344 2766 392 2817 9.
422 2768 590 2817 δοται.
629 2765 774 2816 alius,
811 2766 936 2817 Cum
959 2763 1185 2815 audisset
1202 2764 1414 2814 Ioannes
1441 2764 1492 2813 in
1521 2762 1733 2813 vinculis

403 2851 551 2902 opera
583 2837 799 2888 Christi.

346 2910 427 2959 10.
442 2910 607 2960 δοται.
624 2911 654 2958 2
674 2908 757 2972 (al.
781 2909 851 2973 3).
867 2908 1053 2959 Excita
1073 2907 1348 2971 potentiam
1368 2907 1584 2968 tuam‚et
1600 2905 1731 2956 veni.

347 2984 424 3031 11.
452 2982 616 3031 Serm.
650 2982 679 3029 3
710 2978 795 3044 (al.
824 2979 894 3041 4).
932 2979 1256 3042 Qua-cumque
1280 2978 1468 3040 scripta
1494 2979 1629 3027 sunt.

349 3054 424 3102 12.
444 3052 608 3102 δοται.
633 3053 659 3100 4
682 3051 770 3115 (al.
790 3052 857 3113 5).
882 3049 1008 3100 Tunc
1035 3047 1273 3099 videbunt
1289 3046 1484 3098 Filium
1502 3046 1733 3098 hominis.

346 3125 425 3174 13.
448 3127 613 3177 δοται.
642 3126 671 3174 5
698 3123 792 3188 (al.
816 3124 887 3187 6).
912 3124 1098 3175 Scitote
1117 3124 1237 3188 quia
1257 3134 1412 3188 prope
1428 3124 1502 3171 est
1527 3134 1735 3187 reqnum

350 3270 427 3318 14.
447 3266 717 3318 Dominioo.
730 3266 779 3315 3.
806 3265 1084 3317 Adventus.
1106 3267 1273 3318 δοται.
1296 3269 1343 3315 1.
1365 3261 1554 3317 Medius
1570 3264 1736 3313 autem

407 3343 626 3389 vestrum
650 3341 813 3388 stetit.

349 3413 424 3461 15.
456 3411 623 3461 δοται.
649 3411 698 3461 2.
729 3411 862 3461 Deus
889 3408 954 3459 ab
978 3410 1151 3460 austro
1179 3409 1360 3458 veniet.

348 3482 426 3532 16.
457 3484 623 3533 δοται.
665 3483 712 3531 3.
755 3483 970 3532 loannes
1010 3494 1123 3531 cum
1166 3478 1384 3530 audisset
1423 3478 1480 3527 in
1522 3473 1738 3527 vinculis

407 3567 559 3617 opera
580 3552 793 3604 Christi.

348 3626 426 3676 17.
456 3627 620 3676 δοται.
651 3627 698 3675 4.
728 3625 798 3675 Tu
820 3638 873 3675 es
894 3626 986 3691 qui
1013 3624 1248 3675 ventio-us
1272 3635 1343 3672 es.

349 3698 426 3747 18.
453 3696 724 3748 Dominica
742 3699 790 3749 4.
814 3697 1097 3748 Adventus.
1121 3697 1288 3746 δοται.
1316 3697 1365 3744 1.
1392 3694 1578 3745 Parate
1602 3692 1738 3742 viam

407 3768 628 3818 Domini.

347 3842 426 3891 19.
450 3843 617 3892 δοται.
645 3843 695 3894 2.
729 3840 934 3892 Veniens
958 3840 1142 3904 veniet,
1169 3839 1219 3888 et
1243 3851 1342 3887 non
1371 3833 1614 3887 tardabit.

346 3915 429 3963 2⁰.
455 3915 623 3966 δοται.
651 3916 699 3964 3.
729 3915 838 3980 Ipse
869 3916 963 3977 est,
995 3912 1086 3977 qui
1100 3913 1215 3977 post
1241 3923 1320 3960 me
1351 3913 1586 3959 venturus
1610 3909 1704 3958 est.

347 3987 427 4035 21.
456 3989 623 4037 δοται.
653 3990 699 4037 4.
732 3986 957 4049 Diriqite
981 3985 1118 4034 viam
1142 3982 1366 4033 Domini.

346 4057 426 4106 22.
453 4057 512 4106 ln
533 4056 708 4123 vigilia
731 4056 940 4107 Nativit.
974 4056 1124 4106 Dom.
1152 4056 1318 4107 δοται.
1346 4057 1394 4104 1.
1422 4049 1553 4103 Vade
1571 4049 1739 4115 adpo·

406 4127 603 4192 pulum,
630 4132 680 4178 et
703 4126 963 4191 sanctifica
986 4123 1123 4176 illos.

348 4200 426 4250 23.
456 4200 627 4250 δοται.
651 4203 699 4251 2.
741 4199 868 4250 Cras
901 4197 1256 4264 egrediemini,
1285 4198 1334 4244 et
1368 4194 1609 4246 Dominus
1634 4195 1734 4244 erit

410 4268 680 4321 vobiscum,

350 4342 428 4391 24.
458 4345 624 4394 δοται.
654 4344 705 4393 3.
737 4341 865 4393 Cras
890 4341 988 4391 erit
1017 4338 1157 4391 vobis
1181 4337 1337 4389 salus.

348 4414 429 4464 25.
459 4414 623 4464 δοται.
654 4416 701 4464 4.
733 4413 859 4465 Cras
889 4410 1247 4478 eqrediemini‚
1272 4412 1321 4460 et
1360 4409 1602 4459 Dominus
1637 4407 1737 4458 erit

412 4483 674 4535 vobiscum.

350 4556 428 4606 26.
458 4558 518 4606 ln
549 4556 819 4608 Nativitate
855 4556 1008 4607 Dom.
1047 4556 1213 4606 δοται.
1250 4557 1296 4604 1.
1333 4551 1374 4604 Δ
1401 4565 1594 4602 summo
1616 4548 1737 4600 coelo

412 4628 629 4692 eqressio
654 4627 784 4693 ejus.
877 4654 882 4659 ·

350 4701 429 4749 27.
451 4702 616 4752 δοται.
640 4703 688 4753 2.
707 4699 966 4764 Abscissus
981 4701 1056 4750 est
1082 4697 1216 4763 lapis
1234 4695 1298 4748 de
1319 4699 1483 4747 monte
1507 4695 1614 4745 sine
1635 4708 1739 4744 ma-

411 4771 577 4822 nibus.

350 4844 430 4894 28.
458 4846 622 4895 δοται.
652 4846 700 4894 3.
728 4843 769 4893 Δ
797 4857 988 4895 summo
1012 4841 1129 4893 coelo
1155 4842 1371 4906 eqressio
1390 4839 1520 4905 ejus.

351 4916 431 4965 29.
451 4917 618 4968 δοται.
639 4918 688 4966 4.
717 4914 1023 4980 Ewnqeln'm
1049 4913 1184 4964 vobis
1209 4913 1454 4978 qaudium
1476 4922 1734 4974 maqnum.

352 4987 430 5037 30.
460 4990 629 5039 δοται.
655 4990 703 5038 5.
733 4987 858 5039 Ecce
882 4986 1165 5052 evaaqetizo
1195 4982 1331 5035 vobis
1356 4982 1597 5050 qaudium
1623 4994 1739 5031 ma-

410 5072 584 5123 quum.

352 5133 433 5182 31.
461 5131 628 5182 δοται.
655 5133 705 5182 6.
730 5131 996 5182 Invenietis
1028 5129 1291 5194 insaniem.

353 5203 432 5252 32.
445 5202 611 5254 δοται.
623 5204 672 5255 7.
691 5203 960 5253 Invenietis
973 5202 1214 5266 infantem
1222 5198 1710 5265 parmisinvolutum,

353 5274 433 5325 33.
452 5275 619 5326 δοται.
646 5276 694 5327 8.
721 5273 932 5326 Verbum
948 5287 1064 5325 caro
1085 5272 1276 5337 factum
1297 5273 1394 5335 est,
1412 5273 1462 5322 et
1489 5270 1738 5322 habitavit

418 5347 470 5397 in
496 5345 654 5400 nobis.

353 5418 435 5470 ⁸4.
462 5419 631 5471 Set-m.
663 5420 714 5470 9.
756 5416 963 5470 Verbum
984 5430 1100 5468 caro
1123 5416 1314 5480 sactum
1341 5417 1433 5466 est.

1861 1774 1880 1813 1

1853 1978 1874 2024 1

1850 2046 1879 2094 5

1852 2116 1881 2165 8

1825 2259 1882 2307 10

1827 2334 1878 2381 11

1826 2404 1883 2453 12

1826 2545 1883 2596 14

1825 2691 1884 2739 15

1829 2833 1886 2882 16

1827 2905 1886 2953 20

1826 2976 1884 3023 21

1828 3047 1889 3096 22

1829 3190 1889 3240 24

1829 3334 1889 3382 25

1829 3406 1889 3454 28

1830 3549 1891 3597 29

1831 3620 1891 3669 30

1830 3764 1891 3810 32

1830 3834 1889 3882 35

1830 3906 1891 3954 36

1830 3976 1890 4027 37

1830 4120 1888 4170 38

1831 4265 1890 4312 40

1832 4336 1887 4384 41

1830 4479 1892 4527 42

1831 4620 1888 4669 44

1831 4764 1890 4812 45

1831 4836 1891 4885 46

1830 4908 1890 4957 47

1833 5049 1891 5099 49

1832 5122 1892 5172 50

1832 5195 1894 5244 52

1832 5338 1892 5388 53

1832 5410 1892 5458 54

1987 1762 2065 1812 35.
2096 1758 2364 1810 Dominioa
2390 1758 2482 1810 int.
2507 1759 2618 1811 Oct.
2639 1758 2806 1811 Nativ.
2832 1762 2981 1813 Dom.
3015 1763 3183 1814 δοται.
3204 1767 3250 1814 1.
3268 1764 3377 1814 Ρο-

2049 1834 2177 1882 situs
2207 1834 2281 1883 est
2306 1831 2390 1881 liic
2412 1836 2469 1880 in
2494 1832 2714 1892 ruinam,
2737 1833 2785 1882 et
2804 1835 3233 1886 resurrectionem.

1987 1905 2067 1954 36.
2103 1905 2269 1955 δοται.
2296 1907 2345 1954 2.
2373 1904 2500 1955 Ecce
2518 1904 2710 1967 positus
2735 1908 2810 1954 est
2835 1904 2918 1956 laic
2942 1907 2995 1956 in
3018 1908 3224 1957 ruinam
3246 1910 3295 1959 ct
3322 1909 3375 1959 in

2050 1977 2479 2027 resurrectionem.

1988 2049 2069 2098 37.
2098 2050 2265 2100 δοται.
2312 2050 2360 2101 3.
2413 2048 2564 2101 Tuam
2596 2051 2756 2116 ipsius
2793 2050 3017 2100 animam
3048 2050 3378 2116 pertransibit

2052 2119 2277 2184 qladius.

1989 2192 2071 2242 38.
2103 2192 2268 2243 δοται.
2298 2193 2346 2246 4.
2374 2191 2506 2241 Puer
2531 2195 2697 2243 autem
2723 2191 2989 2243 crescebat.

1990 2264 2068 2313 39.
2104 2263 2159 2311 ln
2198 2262 2597 2315 Circumcisione
2640 2267 2789 2317 Dom.
2833 2267 2998 2317 δοται.
3044 2268 3092 2315 1.
3129 2265 3382 2330 Apparuit

2050 2335 2223 2398 qratia
2249 2332 2533 2385 Salvator-is
2554 2337 2732 2386 nostri.

1992 2407 2072 2455 40.
2091 2406 2256 2457 δοται.
2282 2408 2330 2456 2.
2358 2406 2627 2471 Postquam
2643 2408 2972 2457 consummati
2989 2410 3107 2457 sunt
3132 2406 3241 2458 dies
3259 2416 3380 2458 octo.

1993 2480 2073 2529 41.
2093 2479 2262 2528 δοται.
2290 2480 2342 2528 3.
2368 2479 2636 2544 Postquam
2656 2480 2983 2531 consummati
3002 2488 3115 2530 sunt
3130 2480 3236 2531 dies
3256 2486 3380 2531 octo.

1993 2552 2073 2601 42.
2107 2551 2275 2600 Serm.
2308 2552 2355 2599 4.
2388 2549 2622 2601 Vocatum
2643 2553 2719 2601 est
2740 2566 2914 2602 nomen
2939 2550 3050 2613 eius
3072 2553 3228 2602 lesus.

1993 2624 2075 2673 43.
2102 2622 2162 2671 ln
2189 2620 2470 2686 Epiphania
2492 2623 2644 2674 Dom.
2675 2625 2840 2676 Serm.
2865 2626 2914 2673 1.
2943 2623 3067 2674 Cum
3094 2626 3242 2674 natus
3260 2625 3384 2672 esset

2056 2693 2218 2742 Jesus.

1993 2765 2074 2815 44.
2099 2765 2265 2815 δοται.
2302 2767 2352 2814 2.
2382 2764 2477 2813 Ubi
2493 2767 2567 2815 est
2585 2766 2676 2830 qui
2697 2769 2846 2816 natus
2865 2773 2939 2817 est
2963 2781 3055 2817 rex
3079 2765 3381 2817 Judoeorum.

1995 2835 2075 2884 45.
2106 2836 2273 2886 δοται.
2302 2840 2354 2886 3.
2382 2836 2584 2899 Aper-tis
2615 2836 2861 2888 thesauris
2885 2838 3012 2888 suis.

1995 2906 2075 2956 46.
2111 2907 2278 2957 δοται.
2310 2909 2355 2957 4.
2388 2908 2592 2970 Aper-tis
2620 2908 2887 2959 thesauris.

1995 2978 2077 3026 47.
2105 2977 2375 3028 Dominio&
2410 2978 2501 3028 inf.
2547 2980 2657 3030 Oct.
2700 2980 2882 3045 Epiph.
2921 2980 3088 3032 Serm.
3141 2984 3188 3033 1.
3243 2979 3385 3041 Fili,

2059 3049 2185 3113 quid
2211 3050 2382 3113 fecisti
2408 3049 2550 3100 nobis
2574 3053 2664 3103 sic.

1997 3121 2078 3170 48.
2094 3121 2261 3171 δοται.
2277 3122 2325 3171 2.
2340 3122 2453 3171 Post
2463 3121 2684 3171 triduum
2697 3124 2986 3173 invenerunt
2994 3137 3107 3173 eum
3123 3121 3383 3188 intemplo.

1998 3192 2079 3240 49.
2112 3193 2277 3242 δοται.
2307 3194 2355 3242 3.
2385 3191 2506 3242 Post
2533 3192 2760 3244 triduum
2782 3195 3092 3245 invenerunt.

1998 3265 2078 3313 50.
2109 3264 2276 3314 δοται.
2299 3265 2351 3317 4.
2386 3263 2506 3315 Post
2533 3264 2756 3314 triduum
2783 3264 3095 3316 invenerunt.

1999 3335 2077 3383 51.
2104 3334 2268 3385 δοται.
2299 3335 2349 3385 5.
2378 3338 2529 3385 Pater
2555 3339 2671 3385 tuus
2697 3339 2745 3386 et
2770 3351 2862 3402 eqo
2887 3336 3109 3388 dolentes
3129 3335 3386 3404 quaereba-

2062 3419 2174 3454 mus
2200 3412 2265 3456 te.

1999 3478 2077 3527 52.
2112 3478 2279 3599 Sergi.
2306 3478 2355 3528 6.
2385 3479 2538 3530 Pater
2565 3482 2680 3530 tuus
2704 3481 2756 3530 et
2780 3494 2871 3545 eqo
2891 3479 3111 3531 dolentes
3128 3479 3389 3547 quoereba-

2062 3562 2175 3597 mus
2253 3584 2268 3598 .

1998 3620 2081 3669 53.
2107 3620 2377 3672 Βοαιίῑιίοο
2408 3624 2451 3672 1.
2480 3627 2599 3686 post
2625 3624 2738 3675 Oct.
2770 3622 2950 3689 Epiph.
2980 3625 3146 3677 δοται.
3182 3626 3226 3674 1.
3254 3621 3389 3689 Nup-

2063 3691 2148 3740 tioe
2170 3692 2321 3754 factoe
2346 3696 2480 3743 sunt.

1998 3763 2078 3814 54.
2104 3764 2269 3814 δοται.
2299 3767 2347 3815 2.
2377 3765 2645 3829 Deficiente
2669 3768 2801 3818 vino.

1997 3834 2077 3881 55.
2122 3833 2289 3884 δοται.
2334 3835 2382 3886 3.
2436 3835 2497 3885 Ut
2540 3838 2707 3887 autem
2743 3835 2971 3902 qustavit
3010 3834 3395 3893 architriclinus,

2058 3917 2243 3969 aquam
2269 3905 2440 3956 vinum
2466 3907 2679 3970 factam.

1997 3975 2077 4025 56.
2107 3977 2275 4026 Sei-m.
2303 3978 2350 4027 4.
2379 3978 2480 4028 Hoc
2494 3978 2617 4042 fecit
2649 3977 2857 4028 initium
2882 3976 3141 4042 siqnorum
3166 3979 3307 4029 Iesus
3335 3978 3389 4027 in

2059 4045 2199 4096 Cana
2224 4046 2468 4098 Galiloeoe.

1997 4118 2077 4168 57.
2100 4118 2250 4168 Dom.
2273 4120 2320 4170 3.
2350 4122 2468 4185 post
2491 4120 2668 4186 Epiph.
2696 4122 2862 4174 δοται.
2896 4126 2941 4172 1.
2964 4121 3192 4187 Domine,
3220 4122 3269 4172 si
3288 4122 3387 4185 vis,

2056 4195 2195 4256 potes
2220 4206 2298 4242 me
2322 4193 2583 4245 mundare.

1996 4264 2077 4313 58.
2108 4264 2272 4315 δοται.
2301 4266 2350 4314 2.
2374 4265 2496 4315 Ecce
2523 4266 2750 4328 leprosus
2775 4266 2970 4317 veniens
2993 4265 3237 4317 adorabat
3258 4279 3388 4318 eum.

1997 4335 2077 4385 59.
2111 4335 2277 4388 δοται.
2311 4337 2361 4387 3.
2392 4336 2599 4388 Tantum
2624 4336 2706 4387 dic
2726 4336 2894 4402 verbo,
2920 4339 2969 4387 et
2994 4335 3273 4388 sanabitur.

1998 4406 2081 4456 60.
2111 4407 2278 4458 δοται.
2310 4409 2358 4457 4.
2386 4407 2521 4458 Filii
2539 4410 2707 4459 autem
2730 4408 2878 4474 reqni
2893 4409 3163 4474 ejicientur
3183 4410 3238 4459 in
3264 4411 3392 4458 tene·

2062 4476 2177 4527 bras
2203 4478 2497 4531 exteriores.

1999 4548 2081 4599 61.
2110 4548 2380 4600 Dominica
2397 4553 2444 4601 4.
2470 4552 2588 4615 post
2615 4550 2799 4615 Epiph.
2828 4552 2994 4605 δοται.
3027 4555 3072 4602 1.
3096 4550 3393 4603 Ascendente

2059 4621 2179 4671 lesu
2204 4621 2259 4670 in
2287 4622 2584 4672 naviculam.

1998 4691 2079 4741 62.
2100 4694 2266 4743 δοται.
2285 4696 2334 4743 2.
2358 4693 2476 4745 Ecce
2494 4696 2656 4744 motus
2669 4695 2836 4758 factus
2850 4699 2923 4746 est
2938 4709 3147 4761 maanus
3166 4699 3221 4746 in
3237 4695 3389 4745 mari.

1997 4764 2077 4813 63.
2110 4763 2277 4814 δοται.
2309 4766 2355 4814 3.
2389 4765 2512 4815 Ecce
2542 4768 2708 4815 motus
2733 4766 2900 4830 sactus
2921 4769 2994 4816 est
3014 4768 3067 4816 in
3094 4767 3246 4819 mari.

1999 4835 2079 4884 64.
2102 4836 2269 4886 δοται.
2299 4837 2347 4886 4.
2375 4836 2608 4890 Domine,
2634 4840 2775 4887 salva
2803 4852 2907 4902 nos,
2938 4839 3177 4902 perimus.

1999 4906 2077 4955 65.
2107 4905 2374 4957 Dominica
2401 4910 2449 4958 5.
2481 4909 2599 4972 post
2623 4908 2805 4974 Epiph.
2833 4911 3002 4961 δοται.
3023 4912 3072 4960 1.
3108 4907 3289 4960 Simile
3319 4912 3394 4959 est

2062 4989 2271 5039 reqnum
2295 4977 2532 5029 ooelorum
2560 4981 2773 5045 homini,
2799 4982 2889 5045 qui
2919 4980 3207 5031 seminavit.

1998 5052 2080 5100 66.
2110 5053 2277 5102 Serm.
2305 5055 2354 5103 2.
2383 5054 2560 5105 Simile
2583 5058 2657 5105 est
2684 5070 2893 5121 reqnum
2914 5055 3147 5106 coelorum
3172 5055 3363 5107 homini
3370 5089 3392 5110 .

2060 5124 2150 5188 qui
2174 5124 2439 5176 seminavit
2470 5125 2649 5176 bonum
2674 5141 2859 5178 semen.

1998 5195 2078 5244 67.
2104 5196 2270 5246 δοται.
2299 5199 2349 5247 3.
2386 5197 2627 5248 Triticum
2656 5202 2823 5249 autem
2852 5202 3146 5265 conqreqate
3181 5200 3236 5250 in
3270 5198 3393 5250 hor-

2059 5280 2200 5316 reum
2222 5281 2404 5318 nieum.

1998 5338 2078 5388 68.
2106 5338 2273 5388 δοται.
2301 5341 2350 5391 4.
2383 5340 2618 5405 Domine,
2653 5357 2812 5395 nonne
2840 5341 3021 5395 bonum
3046 5357 3212 5395 semen
3241 5342 3393 5395 semi·

2062 5412 2197 5461 nosti
2224 5411 2279 5461 in
2304 5427 2433 5477 αρν-ο
2460 5416 2561 5467 tuo.

3466 1838 3526 1885 55

3471 1981 3531 2030 60

3473 2124 3529 2172 61

3474 2195 3536 2245 62

3475 2337 3534 2386 64

3475 2409 3535 2457 65

3477 2479 3539 2530 66

3477 2550 3538 2601 68

3475 2694 3535 2743 69

3478 2765 3538 2814 70

3477 2836 3537 2883 73

3479 2907 3538 2956 75

3478 3051 3540 3101 76

3480 3123 3540 3172 80

3481 3194 3537 3243 81

3482 3265 3544 3314 82

3479 3408 3540 3457 83

3479 3552 3541 3601 84

3479 3695 3539 3744 86

3481 3766 3542 3815 87

3483 4049 3543 4098 90

3480 4194 3541 4243 93

3482 4265 3545 4315 94

3484 4338 3543 4386 97

3484 4479 3545 4528 99

3455 4624 3544 4672 100

3455 4697 3538 4745 101

3456 4764 3545 4813 103

3457 4837 3546 4886 104

3462 4977 3547 5029 107

3458 5128 3547 5177 110

3452 5271 3545 5322 112

3460 5417 3551 5468 113
