4059 6317
565 476 685 538 636

567 705 796 762 ctorum
841 716 1096 777 corpora
1144 699 1298 758 intra
1321 704 1487 775 septa
1512 699 1801 771 ecclesioe,
1830 699 1893 757 in
1923 699 2105 757 sacris

637 987 724 1044 lv.
753 985 1002 1055 Quarto,
1031 985 1089 1041 et
1112 981 1358 1055 ultimo,
1389 982 1463 1040 de
1492 981 1678 1040 domo
1703 981 1768 1040 in
1795 980 2104 1040 ecclesiam

567 1081 904 1137 consecrata
929 1076 1195 1151 loquitur
1220 1075 1424 1134 divina
1449 1076 1776 1151 Scriptura,
1813 1078 2104 1147 quantum

566 1173 645 1231 ad
671 1170 1067 1246 abjectionem
1091 1170 1359 1228 sordium
1399 1174 1456 1227 et
1489 1170 1792 1228 vitiorum.
1829 1169 1980 1238 Quia
2011 1167 2102 1225 di-

565 1266 707 1325 vina
731 1265 970 1324 attentio
994 1268 1116 1323 tam
1151 1263 1483 1339 specialiter
1520 1263 1755 1339 respicit
1792 1277 2101 1321 consecra-

566 1363 709 1432 tam,
738 1358 835 1417 vel
865 1358 1199 1416 dedicatam
1226 1357 1558 1429 ecclesiam,
1583 1357 1852 1432 angelica
1873 1359 2102 1430 protec-

566 1454 649 1512 tio
677 1457 799 1512 tam
840 1452 1179 1511 solemniter
1206 1451 1500 1511 officiatur
1526 1452 1683 1510 circa
1709 1466 1864 1521 eam,
1891 1453 1949 1508 et
1961 1450 2105 1525 quia

569 1546 773 1605 coelica
801 1547 1026 1621 apertio
1053 1545 1231 1605 nobis
1254 1548 1414 1620 patet
1438 1561 1545 1620 per
1573 1562 1674 1616 ea,
1709 1561 1845 1619 quae
1887 1558 2099 1618 gerun-

565 1644 660 1699 tur
685 1641 838 1699 intra
864 1638 1201 1711 ecclesiam3
1232 1639 1441 1698 merito
1468 1655 1579 1697 nec
1606 1655 1644 1697 a
1672 1638 1917 1709 clericis,
1936 1652 2047 1695 nec
2065 1653 2103 1695 a

564 1733 732 1793 laicis
765 1732 1237 1809 quibuscumque
1273 1733 1583 1804 sordibus,
1626 1732 2102 1807 quibuscumque

565 1828 753 1899 vitiis,
798 1827 1272 1903 quibuscumque
1318 1827 1565 1885 maculis
1610 1825 1788 1884 debet
1823 1824 1954 1883 talis
1988 1824 2102 1883 do-

566 1938 700 1980 mus
725 1920 1045 1996 inquinari,
1068 1920 1177 1978 sed
1200 1920 1315 1979 ritu
1341 1919 1784 1992 conformitatis,
1813 1918 2102 1994 puritatis,

565 2019 623 2074 et
649 2016 824 2073 etiam
852 2014 1177 2089 corporalis
1213 2012 1596 2089 speciositatis
1637 2013 1817 2072 debet
1849 2012 2100 2071 celebri·

565 2113 652 2168 ter
676 2108 813 2181 coli,
844 2112 902 2167 et
924 2108 1283 2167 conservari.
1305 2108 1486 2167 Debet
1512 2122 1655 2180 ergo
1684 2107 1762 2166 ab
1782 2107 1893 2165 ista
1915 2106 2101 2165 domo

564 2202 645 2262 ad
697 2202 1152 2261 sacrificandum
1202 2202 1458 2260 hostiam
1515 2200 1709 2260 laudis
1757 2217 1796 2259 a
1850 2200 2101 2260 Domino

563 2297 830 2367 electam,
859 2296 1065 2356 abesse
1091 2296 1386 2355 contentio
1415 2294 1833 2370 superborum,
1862 2294 2101 2355 iniectio

559 2390 948 2463 lubricorum,
980 2389 1237 2449 detentio
1266 2390 1644 2465 cupidorum.

629 2486 824 2544 Primo
851 2484 1028 2558 igitur
1054 2484 1130 2543 ab
1157 2484 1270 2542 ista
1296 2484 1481 2542 domo
1510 2483 1690 2542 debet
1720 2482 1926 2542 abesse
1957 2498 2100 2543 con-

560 2578 742 2637 tentio
771 2578 1184 2653 superborum.
1213 2577 1378 2636 Unde
1404 2577 1728 2649 Psalmista,
1756 2578 1818 2635 in
1844 2592 2102 2651 persona

559 2673 704 2732 boni
735 2671 931 2731 clerici
959 2670 1040 2730 ad
1077 2670 1359 2730 clericum
1387 2679 1404 2715 ¹
1436 2689 1451 2728 ε
1488 2690 1518 2725 α
1545 2673 1610 2729 ln
1654 2671 1838 2730 domo
1873 2672 2107 2731 Domini

562 2766 1002 2825 ambulavimus
1036 2781 1174 2824 cum
1217 2781 1528 2824 consensu.
1555 2785 1586 2820 s
1619 2769 1747 2823 Non
1781 2765 1944 2823 enim
1968 2766 2105 2841 pla-

561 2864 653 2919 cet
679 2863 799 2919 Deo
824 2858 1088 2935 plenarie
1117 2859 1458 2918 solemnitas
1479 2859 1834 2932 officiorum,
1856 2860 2103 2934 quando

561 2955 711 3013 inter
738 2955 981 3013 elericos
1009 2958 1096 3013 est
1137 2954 1503 3014 contentiosa
1548 2954 1918 3011 conversatio
1937 2996 1958 3026 ,
1998 2954 2105 3013 sed

560 3048 805 3123 quando
831 3046 1141 3106 ambulant
1175 3063 1312 3105 cum
1347 3062 1638 3106 consensu
1681 3063 1755 3105 ex
1796 3048 2104 3106 communi

559 3143 737 3201 victu.
778 3140 941 3199 Unde
966 3142 988 3175 ²
1019 3159 1033 3198 ε
1069 3160 1098 3195 α
1125 3145 1254 3199 Non
1291 3140 1583 3199 habitabit
1625 3140 1689 3197 in
1733 3140 1936 3199 medio
1986 3141 2105 3198 do-

560 3253 696 3295 mus
722 3251 902 3305 mem,
930 3234 1036 3310 qui
1063 3226 1202 3293 facit
1225 3234 1588 3309 superbiam.
1620 3255 1648 3289 n
1682 3234 1801 3294 Sed
1825 3238 1964 3293 tunc
1997 3236 2106 3293 ha·

561 3331 753 3389 bitant
775 3329 839 3387 in
864 3329 1051 3387 domo
1078 3328 1212 3401 Dei,
1236 3327 1481 3402 quando
1513 3331 1650 3386 sunt
1675 3326 2009 3386 conformes
2030 3344 2105 3386 ex

559 3423 893 3483 communis
919 3422 1211 3497 propositi
1252 3421 1609 3493 intentione,
1653 3421 1979 3480 concordes
2024 3424 2106 3480 ad

558 3519 926 3576 honestatem
971 3515 1107 3574 vitae
1125 3559 1143 3587 ,
1193 3515 1507 3574 unanimes
1549 3514 1628 3572 ad
1676 3515 2106 3589 speciositatem

562 3611 794 3684 gratim,
825 3614 883 3669 et
909 3612 1050 3667 tunc
1079 3609 1329 3667 domum
1356 3608 1459 3667 Dei
1480 3606 1622 3666 facit
1644 3609 1667 3645 ⁸
1701 3625 1730 3663 α
1756 3608 1932 3666 unius
1972 3625 2105 3666 mo-

559 3706 639 3764 ris
687 3704 750 3761 in
775 3740 780 3743 ⁴
806 3703 1023 3774 domo,
1049 3724 1077 3756 ι»
1110 3701 1178 3760 id
1205 3704 1320 3774 est,
1356 3700 1533 3760 unius
1577 3717 1895 3761 consensus
1916 3705 1975 3761 et
1996 3719 2107 3761 vo-

558 3797 816 3859 luntatis.

631 3889 904 3950 Secundo
935 3890 1014 3948 ab
1043 3888 1288 3948 ecclesia
1317 3888 1496 3947 debet
1522 3888 1728 3947 abesse
1755 3887 1990 3947 infectio
2014 3888 2106 3948 lu·

564 3985 898 4056 bricom,
928 3983 1071 4057 quia
1095 3997 1222 4041 non
1259 3985 1452 4055 potest
1474 3982 1539 4039 in
1577 3981 1761 4040 domo
1797 3982 1898 4040 Dei
1927 3982 2107 4056 digne

561 4079 915 4148 ministrare,
942 4078 1193 4152 quinon
1216 4075 1460 4148 elegerit
1483 4076 1893 4136 immaculatus
1917 4077 1982 4136 in
2009 4078 2106 4139 via

563 4173 661 4232 Dei
696 4171 1025 4230 ambulare.
1058 4170 1198 4230 Ideo
1232 4168 1446 4228 dicitur
1464 4171 1487 4208 ⁴
1513 4186 1529 4227 ε
1567 4187 1596 4225 α
1617 4173 1869 4228 Domum
1897 4175 2063 4230 tuam
2083 4213 2103 4244 ,

563 4266 830 4337 Domine,
863 4264 1034 4323 decet
1056 4264 1409 4335 sanctitudo,
1424 4283 1455 4318 a
1474 4264 1538 4322 id
1566 4267 1672 4335 est,
1692 4265 1986 4323 munditia
2011 4281 2108 4324 ca-

566 4361 772 4420 stitatis
805 4362 863 4418 et
881 4358 1272 4418 continentiae.
1298 4358 1321 4394 ⁸
1352 4375 1381 4413 α
1406 4358 1899 4417 perambulabam
1926 4359 1991 4418 in
2018 4359 2109 4417 in·

566 4453 838 4513 nocentia
876 4452 1074 4510 cordis
1105 4452 1246 4523 mei,
1279 4452 1343 4510 in
1382 4450 1584 4510 medio
1613 4450 1830 4511 domus
1873 4468 2039 4512 mese.
2070 4474 2101 4509 n

566 4546 902 4621 Requiritur
934 4545 1095 4604 enim
1122 4545 1416 4604 munditia
1441 4547 1500 4603 et
1525 4545 1883 4604 continentia
1907 4546 1970 4604 in
1999 4547 2107 4619 eis,

566 4641 673 4715 qui
698 4641 893 4699 ferunt
912 4654 1056 4699 vasa
1079 4639 1310 4699 Domini
1331 4641 1375 4711 ⁶,
1403 4639 1468 4698 id
1490 4641 1594 4713 est,
1619 4638 1721 4714 qui
1741 4643 2108 4700 sacramenta

630 4789 647 4823 ¹
678 4786 815 4838 Psal.
851 4799 958 4853 ων,
989 4790 1064 4839 15.
1095 4813 1157 4825 —
1190 4787 1209 4818 ²
1239 4785 1372 4837 Psal.
1402 4799 1450 4849 c,
1480 4787 1529 4837 2.
1557 4812 1619 4824 -
1651 4786 1670 4817 ⁸
1698 4786 1834 4837 Psal.
1863 4800 2026 4853 van,
2058 4792 2105 4842 7.

568 4886 629 4896 —
661 4860 685 4895 ⁸
720 4858 858 4910 Psal.
889 4871 1031 4924 xcu,
1059 4862 1105 4909 5.
1137 4885 1195 4897 —
1230 4860 1248 4889 ⁸
1277 4857 1413 4910 Psal.
1448 4870 1500 4921 e,
1524 4859 1573 4907 7.
1600 4884 1663 4895 --
1694 4860 1716 4894 0
1746 4860 1866 4921 Ian„
1902 4872 1996 4923 Lu,
2027 4864 2104 4912 Η.

571 4956 631 4971 -—
663 4930 681 4965 ⁷
713 4932 851 4984 Psal.
879 4942 1001 4994 xxv,
1027 4933 1076 4982 8.
1101 4957 1162 4970 —-
1181 4930 1204 4966 ⁸
1229 4930 1375 4994 Bar„
1403 4941 1482 4991 m,
1512 4932 1591 4980 24.
1618 4957 1676 4969 —
1702 4932 1723 4961 ⁹
1749 4930 1888 4982 Alios
1914 4946 2110 4984 sermo-

1576 468 1995 537 SERMONES
2038 468 2140 536 DE
2178 466 2526 535 saneris.
2569 470 2754 537 Lvn.

334 621 539 667 nerones
567 623 775 668 mones
801 606 1148 668 tentationes
1167 605 1478 665 immittere
1508 605 1753 682 possint,
1782 604 1869 663 sic
1896 603 2105 663 defun-

326 696 406 727 σοι·
422 685 541 729 intra

325 749 540 852 ”05:³2sp
566 794 910 856 coemeteriis
935 794 1321 864 tumulantur,
1347 809 1424 852 ne
1449 794 1625 854 liceat
1650 794 1735 853 eis
1758 793 1950 852 facere
1973 792 2105 850 illu-

326 870 541 979 ffiffl·
564 890 779 949 aiones

2213 603 2545 664 ministrant
2574 624 2590 664 :
2619 607 2880 681 quiares
2918 625 3116 670 sacras
3162 614 3523 671 connectere
3557 614 3734 672 maui-

2210 698 2324 756 bus
2350 698 2607 757 sordidis
2632 716 2755 760 non
2776 708 3043 777 possunt,
3074 704 3301 779 absque
3325 708 3735 780 provocatione

2211 792 2427 851 divinoe
2454 794 2778 853 severitatis
2804 800 2859 854 et
2884 796 3288 873 displicentiae.

2277 886 2466 945 Tertio
2493 886 2673 946 debet
2698 888 2776 947 ab
2796 890 3042 948 ecclesia
3067 892 3275 951 abesse
3302 892 3562 951 detentio
3585 895 3740 968 cupi-

2212 980 2448 1054 dorum,
2465 983 2607 1057 quia
2624 998 2747 1042 non
2756 989 3000 1058 possunt
3018 984 3199 1059 digne
3212 986 3275 1043 in
3293 984 3480 1045 domo
3500 988 3598 1045 Dei
3616 1004 3740 1045 am-

2207 1074 2439 1141 bulare,
2467 1075 2564 1133 vel
2589 1076 2878 1145 habitare,
2904 1078 3011 1152 qui
3040 1083 3282 1152 propter
3309 1080 3617 1138 avaritiam
3645 1080 3742 1138 dc-

2209 1168 2413 1241 tinent,
2447 1171 2505 1227 et
2528 1169 2608 1227 ad
2632 1186 2773 1228 usus
2798 1172 3074 1244 proprios
3106 1172 3363 1230 retinent
3402 1176 3460 1231 et
3503 1189 3741 1232 convcr-

2208 1265 2337 1320 tunt
2360 1277 2455 1320 res
2492 1262 2744 1335 oblatas,
2790 1264 2982 1337 datas,
3023 1265 3354 1340 deputatae,
3392 1266 3645 1338 relictas,
3688 1272 3743 1325 et

2209 1355 2508 1430 delegatas
2534 1357 2615 1415 ad
2638 1358 3086 1417 fabricationem
3114 1360 3517 1431 ecclesiarum,
3548 1362 3626 1419 ad
3650 1377 3741 1420 or-

2207 1449 2508 1508 nationem
2533 1450 2829 1523 altarium,
2859 1452 2939 1510 ad
2979 1454 3341 1528 emptionem
3379 1455 3651 1527 calicum,
3687 1460 3743 1514 ct

2208 1543 2466 1602 breviter
2487 1544 2570 1602 ad
2597 1544 3040 1604 decorationem
3060 1563 3269 1605 eorum
3289 1547 3582 1619 omnium,
3610 1565 3741 1623 quaa

2209 1636 2288 1695 ad
2317 1637 2414 1695 Dei
2438 1637 2663 1696 cultum
2686 1638 2998 1713 pertinent,
3025 1639 3175 1698 sicut
3201 1640 3263 1697 in
3288 1640 3459 1699 libris
3478 1641 3741 1701 ecclcsia-

2208 1731 2385 1804 sticis‚
2415 1732 2561 1790 etin
2603 1732 2963 1807 paramentis
3001 1734 3398 1803 sacerdotum,
3432 1737 3493 1792 et
3529 1735 3741 1792 caeteris

2209 1826 2289 1882 ad
2306 1824 2741 1884 solemnitatem
2759 1825 2947 1884 divini
2963 1826 3235 1885 sacrificii
3259 1828 3738 1901 competentibus

2207 1919 2358 1978 Talis
2383 1921 2528 1989 erat,
2556 1919 2661 1994 qui
2688 1918 2924 1978 dicebat
2948 1919 2970 1953 '¹
3002 1938 3016 1978 z
3056 1941 3086 1974 α
3115 1920 3357 1979 Domine
3382 1963 3404 1992 ,
3434 1920 3617 1979 dilexi
3641 1921 3741 1978 de-

2207 2027 2408 2072 corem
2431 2013 2647 2072 domus
2674 2018 2808 2085 tuat,
2828 2014 3133 2086 stlocum,
3152 2035 3182 2071 ι»
3207 2018 3317 2072 etc.
3339 2018 3470 2072 Non
3484 2015 3641 2072 enim
3658 2013 3743 2071 di-

2206 2107 2337 2182 ligit
2360 2107 2637 2166 decorem
2665 2107 2883 2167 domus
2910 2108 3049 2179 Dei,
3087 2108 3193 2182 qui
3219 2108 3524 2182 pulchrius
3569 2108 3743 2166 babet

2209 2200 2451 2259 mantile
2476 2202 2539 2259 in
2564 2217 2773 2260 mensa
2796 2202 2920 2260 sive
2948 2202 3010 2260 in
3051 2202 3239 2273 disco,
3269 2217 3452 2277 quam
3480 2203 3545 2259 in
3579 2202 3744 2260 altari

2206 2294 2305 2353 vel
2322 2295 2385 2353 in
2405 2295 2669 2371 pulpit03
2699 2296 2804 2370 qui
2820 2296 3224 2370 pulchriorem
3248 2295 3433 2353 habet
3454 2295 3740 2370 scyphum

2206 2389 2288 2447 ad
2312 2389 2720 2462 recipiendum
2765 2389 3073 2465 corporale
3102 2389 3410 2463 poculum,
3442 2404 3625 2464 quam
3643 2388 3742 2447 ha-

2208 2485 2348 2543 beat
2372 2484 2617 2543 calicem
2635 2484 2714 2543 ad
2733 2485 3080 2558 sanguinem
3098 2483 3457 2542 sumendum
3486 2483 3745 2542 domini-

2209 2595 2346 2637 cum
2359 2598 2377 2652 ;
2404 2580 2508 2654 qui
2534 2579 2954 2652 speciosiorem
2979 2583 3037 2638 et
3061 2580 3421 2637 ornatiorem
3441 2580 3621 2637 habet
3650 2596 3748 2638 ca·

2213 2689 2443 2731 meram
2470 2673 2913 2746 ediscendum,
2942 2689 3123 2748 quam
3144 2673 3325 2731 habet
3349 2672 3642 2747 capellam
3666 2673 3744 2732 ad

2212 2782 2430 2841 corpus
2443 2766 2810 2825 dominicum
2831 2766 3290 2837 conficiendum
3306 2767 3411 2840 qui
3432 2767 3608 2824 etiam
3622 2767 3747 2840 pul-

2214 2859 2507 2918 chriorem
2530 2860 2792 2919 habetet
2818 2860 3176 2932 nitidiorem,
3199 2864 3254 2917 et
3275 2860 3456 2917 etiam
3484 2860 3746 2918 secretio-

2212 2969 2340 3012 rem
2363 2954 2544 3013 habet
2567 2954 2855 3029 pyxidem
2874 2954 2956 3012 ad
2981 2953 3259 3012 denarios
3280 2953 3742 3022 observandum,

2212 3062 2394 3121 quam
2417 3047 2633 3105 habeat
2659 3048 2723 3105 in
2750 3047 2920 3105 altari
2942 3062 3183 3122 capsam
3198 3046 3278 3105 ad
3303 3062 3523 3121 corpus
3547 3047 3747 3105 Christi

2214 3139 2617 3199 detinendum.
2656 3141 2768 3212 Qui
2809 3144 3005 3199 autem
3039 3156 3101 3198 se
3138 3141 3513 3197 innocentem
3556 3138 3745 3196 debite

2211 3234 2465 3309 voluerit
2498 3250 2877 3305 conservare,
2920 3233 3002 3292 ad
3030 3234 3278 3292 domum
3318 3233 3486 3292 illam
3514 3232 3744 3292 tandem

2211 3326 2427 3402 poterit
2463 3328 2793 3402 pervenire,
2826 3327 2902 3385 de
2938 3343 3061 3403 qua
3078 3328 3101 3364 ⁸
3130 3344 3146 3385 ε
3179 3345 3210 3382 α
3239 3329 3285 3385 Ο
3312 3327 3489 3386 lsrael
3508 3370 3526 3398 ,
3571 3341 3747 3400 quam

2211 3437 2434 3495 magna
2459 3425 2546 3479 est
2572 3421 2787 3480 domus
2815 3422 2951 3493 Dei,
2988 3425 3046 3479 et
3084 3422 3294 3493 ingens
3317 3420 3486 3479 locus
3513 3435 3741 3495 posses·

2211 3515 2395 3573 sionis
2412 3516 2561 3588 cJus,
2581 3531 2831 3588 magnus
2858 3518 2915 3573 et
2941 3530 3063 3572 non
3082 3515 3309 3573 habens
3328 3514 3534 3589 finem,
3566 3513 3750 3572 excel·

2211 3626 2311 3667 sus
2335 3612 2393 3668 et
2413 3610 2769 3669 immensus!
2803 3630 2830 3663 n
2862 3613 2973 3668 lsta
3012 3613 3212 3667 autem
3252 3608 3468 3667 domus
3506 3612 3595 3665 est
3639 3624 3749 3665 coe·

2209 3702 2337 3761 lum
2366 3719 2741 3779 empyreum,
2776 3705 2967 3761 totum
3002 3702 3231 3761 clarum
3269 3707 3327 3760 et
3359 3701 3748 3772 luminosum,

2211 3811 2336 3854 non
2363 3796 2481 3855 alia
2506 3796 2765 3855 claritate
2801 3796 2913 3854 nisi
2939 3795 3199 3854 claritate
3240 3795 3402 3853 illius
3440 3794 3749 3853 sacratissi-

2213 3906 2327 3949 moe
2352 3890 2659 3963 Trinitatis3
2698 3890 2805 3948 ubi
2830 3891 3108 3949 continue
3136 3894 3191 3949 et
3232 3889 3628 3948 indesinenter
3652 3888 3749 3947 ha-

2214 3986 2379 4058 bitat,
2411 3988 2468 4044 et
2491 3985 2967 4045 inaccessibiliter
2998 3987 3075 4061 (a)
3101 3987 3164 4044 in
3194 3986 3409 4045 sanctis
3438 3985 3558 4044 suis
3581 3984 3750 4044 reful-

2216 4086 2314 4155 get
2325 4101 2344 4154 ;
2372 4082 2433 4139 in
2462 4098 2584 4156 quo
2611 4086 2698 4139 est
2722 4082 3069 4140 universitas
3087 4081 3404 4156 spirituum
3424 4082 3747 4152 beatorum,

2216 4175 2463 4234 felicitas
2489 4178 2546 4233 et
2585 4175 2997 4250 tranquillitas,
3040 4175 3168 4233 sive
3208 4175 3490 4233 securitas
3532 4176 3750 4233 anima-

2214 4285 2383 4340 rum,
2412 4272 2813 4343 etcorporum
2840 4268 3271 4342 gloriosorum3
3311 4268 3374 4326 in
3424 4283 3548 4342 quo
3582 4267 3749 4326 etiam

2217 4362 2325 4421 erit
2363 4361 2705 4420 immunitas
2760 4365 3175 4437 peccatorum,
3244 4364 3302 4421 et
3352 4361 3747 4421 exterminatio

2218 4457 2670 4517 daemoniorum.
2700 4457 2789 4535 ad
2811 4472 2996 4532 quam
3034 4457 3283 4516 domum
3309 4472 3426 4517 nos
3454 4456 3745 4531 perducat,

2216 4550 2324 4626 qui
2340 4550 2464 4609 sine
2479 4550 2599 4609 fine
2614 4550 2760 4609 vivit
2773 4553 2831 4609 et
2842 4553 3074 4624 regnat,
3093 4556 3183 4609 etc
3207 4551 3251 4608 ⁸.

2215 4717 2308 4755 nes
2331 4704 2393 4754 de
2417 4703 2766 4767 Dedicatione,
2790 4704 3032 4770 exemplo
3062 4706 3367 4755 caeterorum
3394 4702 3667 4765 Editorum,
3684 4699 3749 4750 ad

2217 4774 2411 4825 calcem
2437 4774 2595 4839 partis
2623 4775 2903 4840 sequentis,
2921 4776 3117 4827 scilicet
3142 4777 3450 4827 Sermonum
3470 4775 3533 4825 de
3562 4770 3746 4825 Sanctis

2216 4846 2273 4897 in
2300 4847 2585 4911 communi,
2610 4846 2935 4898 remittimus.

2283 4936 2350 4999 (a)
2383 4934 2463 4987 Al.
2493 4936 2881 4988 incessabiliter.

1622 5165 1826 5219 FINIS
1882 5170 2067 5221 ΤΟΜΙ
2126 5173 2394 5225 ΒΕΟΙΜΙ
2440 5175 2715 5225 TERTM.
