4059 6317
903 464 1280 533 DOMINICA
1319 465 1404 533 IV
1442 465 1641 533 POST
1680 462 2203 531 EPIPHANIAM.
2249 466 2513 534 SERMO
2556 465 2632 532 Il.

192 613 367 685 uam,
395 625 428 666 ι
462 607 584 669 etc.
629 601 838 670 Verba
871 599 992 666 ista
1025 603 1231 685 potest
1274 599 1562 668 Christus
1604 599 1706 666 di·-

189 732 330 780 cere.
381 711 552 791 Quot
585 713 808 776 antem
853 713 1002 775 sunt
1041 710 1244 773 status
1287 709 1605 775 bonorum
1633 708 1703 773 in

187 820 437 887 maffia
458 818 899 897 militantium,
930 819 1023 881 tot
1053 819 1206 881 sunt
1229 834 1428 882 naves
1461 816 1701 881 bellicae

186 929 414 996 Christi.
447 927 664 993 Status
674 943 836 1008 ergo
850 925 1229 1007 coniugalia,
1255 923 1554 1003 vidualis,
1574 924 1702 990 vir-

186 1036 398 1120 ginalis
416 1084 434 1106 .
465 1053 666 1102 naves
703 1037 877 1098 sunt.
934 1032 1092 1097 Item
1149 1032 1305 1098 ordo
1350 1031 1662 1097 Francisci
1676 1080 1697 1112 ,

183 1143 504 1223 Benedicti,
535 1141 870 1220 hominia,
890 1143 956 1206 et
978 1139 1112 1219 alii,
1132 1139 1203 1204 in
1220 1138 1457 1223 quibus
1479 1141 1702 1205 contra

184 1252 505 1330 diabolum,
529 1249 847 1314 mnndum
864 1296 882 1327 ‚
910 1252 975 1311 et
998 1264 1255 1312 carnem
1280 1249 1344 1312 et
1367 1245 1529 1312 vitia
1564 1244 1696 1311 bel-

182 1359 420 1425 landum
457 1359 577 1422 est.
609 1359 629 1393 ¹
666 1379 699 1417 α
728 1355 800 1421 [11
841 1353 1132 1433 citharis,
1162 1354 1320 1418 etin
1351 1353 1695 1436 tympanis,

184 1471 238 1533 et
279 1465 452 1531 bellis
512 1461 875 1548 praecipuiS,
919 1459 1321 1544 expugnabit
1364 1477 1494 1525 eos.
1542 1481 1574 1520 υ
1623 1459 1698 1524 111

183 1590 318 1640 sono
343 1572 605 1637 citharas
624 1618 645 1650 ,
673 1569 888 1635 suavis
914 1569 1119 1633 oratio
1142 1587 1160 1648 ;
1189 1568 1260 1631 in
1294 1568 1697 1652 percussione

185 1679 464 1764 tympani,
497 1677 710 1743 carnis
737 1674 1116 1753 macerati03
1155 1675 1226 1738 in
1259 1673 1444 1739 bellis
1464 1675 1693 1757 praeci-

183 1789 328 1872 puis,
355 1784 704 1870 spiritualis
738 1782 1093 1848 colluctatio
1119 1779 1547 1862 significatur.
1579 1780 1695 1846 Re-

185 1895 278 1977 gio
299 1893 502 1976 igitur
525 1909 712 1957 mens
738 1893 835 1956 est
852 1893 1091 1969 nostra,
1120 1888 1226 1955 vel
1256 1886 1549 1968 Ecclesia,
1588 1888 1694 1954 vel

184 2003 314 2067 fide·
363 2023 380 2067 ε
425 1998 864 2082 corrumpitur
933 2000 1148 2062 autem
1225 1995 1689 2080 iniquitatibus.

185 2108 484 2174 psalmista
508 2110 576 2171 ¹:
620 2129 652 2169 c
677 2105 972 2188 corrupti
1012 2107 1194 2182 sunt,
1224 2125 1256 2164 1>
1292 2107 1411 2169 etc.
1459 2103 1691 2170 Corru-

184 2221 414 2301 pturoet
435 2214 735 2282 diabolus
749 2215 811 2279 ⁸:
841 2235 873 2275 α
898 2211 1120 2278 'Iimeo
1139 2230 1224 2277 ne
1249 2211 1413 2277 sicut
1435 2230 1694 2296 serpens

185 2325 354 2393 Evam
375 2326 630 2392 seduxit
653 2323 885 2389 astutia
911 2341 1060 2403 sua,
1088 2323 1179 2387 ita
1203 2327 1694 2406 corrumpantur

186 2451 370 2499 smsns
403 2433 631 2499 vestri.
661 2453 693 2492 s
726 2430 883 2496 Item
921 2430 1200 2495 mundus
1228 2435 1252 2471 ⁶
1289 2449 1308 2495 :
1347 2452 1379 2492 α
1405 2431 1690 2513 Fugien-

186 2544 259 2605 tes
286 2544 413 2623 ejus
459 2557 611 2623 quae
634 2539 706 2603 in
733 2538 975 2606 mundo
1001 2542 1141 2618 θεῖ,
1172 2538 1693 2623 concupiscentiae

185 2650 645 2733 corruptionem.
665 2647 882 2713 »Item
911 2648 1129 2712 caro⁸z
1163 2647 1430 2714 «Omnis
1454 2648 1690 2732 quippe

185 2773 318 2837 caro,
333 2778 363 2816 ι
377 2762 502 2822 θῖθ.
517 2756 591 2821 111
607 2757 762 2821 istos
783 2758 1186 2837 corruptores
1200 2748 1488 2820 Christus
1509 2756 1690 2821 ulcis-

186 2864 327 2923 cetur
354 2859 459 2943 (α),
495 2858 654 2924 dum
679 2876 798 2940 per
826 2856 1041 2922 fideles
1067 2855 1295 2922 Christi
1321 2858 1685 2939 ejiciuntur.

187 2966 318 3033 licet
344 2971 564 3034 autem
590 2967 762 3031 bona
788 2964 870 3029 sit
897 2981 1127 3029 manus
1159 2967 1307 3044 tua,
1337 2964 1507 3030 bona
1531 2966 1684 3047 vita,

183 3077 359 3140 tmen
381 3094 521 3142 non
545 3092 618 3140 es
643 3089 912 3139 securus
936 3071 1016 3137 de
1040 3071 1305 3138 victon‘a
1334 3091 1353 3136 τ
1387 3073 1529 3138 ideo
1546 3091 1690 3140 con-

183 3187 262 3246 tra
291 3187 686 3267 corruptores
725 3182 882 3246 istos
920 3178 1457 3263 perseverandum
1492 3184 1587 3245 est
1618 3181 1688 3244 in

185 3307 382 3374 pugna.
425 3289 841 3373 Augustinus
861 3287 887 3323 ‘
914 3309 931 3352 ι
964 3310 996 3350 c
1034 3287 1194 3353 Ecce
1218 3286 1513 3370 baptizati
1536 3291 1689 3354 sunt

184 3416 394 3477 omnes,
443 3395 783 3481 justificati
828 3397 979 3460 sunt
1031 3411 1255 3459 omnes
1308 3412 1349 3458 a
1390 3395 1682 3477 peccatis,

181 3509 340 3570 restat
359 3509 579 3570 tamen
608 3501 835 3568 luctari
864 3518 1015 3566 cum
1041 3518 1231 3566 carne
1256 3504 1320 3565 et
1345 3501 1614 3566 dIabolo.
1644 3523 1676 3562 υ

241 3603 315 3678 De
349 3613 530 3679 tertio
557 3612 627 3676 ⁷:
668 3633 701 3672 α
725 3609 918 3674 Facta
954 3612 1050 3674 est
1081 3609 1265 3692 quasi
1299 3610 1484 3675 navis
1509 3610 1687 3675 insti-

179 3722 306 3786 toris
318 3722 391 3788 de
410 3721 610 3803 longe
635 3721 899 3803 portans
924 3734 1155 3800 panem
1180 3733 1394 3782 suum.
1423 3739 1456 3777 1>
1491 3717 1682 3783 Panis

179 3831 254 3891 cst
273 3845 485 3912 corpus
511 3825 773 3898 Christi,
807 3824 980 3907 quod
1006 3824 1086 3889 de
1101 3824 1300 3905 longe
1315 3825 1513 3905 venit,
1530 3826 1683 3908 qnia

178 3934 502 4001 decoelo⁸z
557 3957 589 3997 α
623 3932 769 4015 Ego
802 3949 951 3997 sum
987 3931 1172 4015 panis
1206 3948 1451 4009 verus,
1493 3952 1526 3991 1)
1559 3936 1679 3999 etc.

179 4037 391 4108 Institor
415 4047 511 4108 cst
528 4040 849 4108 Christus.
868 4038 1126 4104 Institor
1147 4043 1245 4104 θεῖ
1269 4039 1680 4122 quilibetjus-

177 4151 289 4226 tus,
329 4151 510 4232 cuins
571 4165 820 4213 merces
868 4150 1018 4212 sunt
1077 4147 1347 4212 virtutes
1397 4152 1461 4212 et
1513 4149 1682 4213 bona

177 4270 334 4336 opem
350 4261 373 4298 ’
404 4278 420 4322 :
452 4280 484 4320 α
501 4255 672 4322 suda
691 4259 756 4320 et
769 4255 942 4320 terra
964 4254 1180 4334 Israel,
1210 4255 1333 4339 ipsi
1359 4256 1679 4322 institores

177 4361 250 4425 tui
281 4364 694 4429 inti-umento
733 4362 946 4447 primo
988 4363 1379 4444 balsamum,
1418 4363 1578 4443 mel,
1617 4367 1682 4430 et

177 4468 350 4536 oleum
373 4476 437 4538 et
458 4471 766 4550 resinam,
788 4473 1257 4554 proposuerunt
1280 4470 1350 4534 in
1375 4470 1680 4536 nundinis

177 4578 296 4642 tuis.
317 4601 348 4639 s
371 4579 492 4646 Per
509 4579 786 4663 Tyrum,
816 4577 924 4643 cui
950 4582 1401 4661 proponuntur
1419 4578 1493 4662 (b)
1510 4580 1675 4660 haec,

177 4687 416 4753 mundus
445 4688 878 4769 significatur,
932 4686 1038 4750 cui
1073 4685 1153 4751 de
1200 4686 1350 4751 navi
1383 4686 1678 4752 Ecclesiae

177 4794 508 4876 proponitur
562 4796 964 4860 frumentum
1025 4793 1351 4859 doctrinae.
1385 4794 1431 4835 ¹⁰
1490 4817 1521 4859 α
1556 4793 1677 4874 Qui

177 4896 458 4967 abscondit
499 4904 826 4969 frumenta
845 4948 863 4979 ‚
900 4900 1311 4966 maledicetur
1357 4901 1427 4966 in
1469 4920 1677 4987 popu-

229 5020 370 5088 ²ln.,
394 5037 530 5090 xxx,
559 5028 645 5079 32.
673 5053 736 5065 —
760 5028 784 5062 ³
810 5025 949 5076 Psal.
986 5037 1111 5090 1111,
1141 5027 1190 5078 2.
1221 5051 1282 5064 —
1315 5025 1339 5061 ⁸
1365 5027 1406 5077 11
1437 5027 1573 5091 Cor„
1599 5040 1676 5094 ιι,

179 5094 294 5142 3.-
314 5097 331 5127 ⁴
356 5098 394 5147 ΙΙ
422 5097 579 5163 Petra,
614 5111 664 5162 1,
693 5101 741 5149 4.
766 5123 834 5136 —
857 5098 879 5134 ⁸
906 5098 1050 5161 Gen„
1076 5109 1159 5162 vl,
1191 5100 1264 5149 12.
1295 5122 1356 5137 —
1394 5100 1414 5130 ⁶
1442 5101 1674 5166 August„

183 5175 304 5214 eum.
323 5178 508 5231 cuin,
529 5171 602 5220 al.
630 5169 692 5220 de
718 5167 852 5220 verb.
883 5168 1047 5232 Dom.,
1074 5180 1184 5231 xvi,
1209 5183 1264 5221 11.
1295 5171 1343 5221 4.
1366 5195 1427 5208 -
1452 5170 1474 5205 ⁷
1505 5172 1674 5233 Prov„

184 5243 300 5298 ιω,
324 5241 395 5290 14.
419 5266 479 5279 -
501 5242 528 5276 ⁸
551 5243 725 5302 Joan„
759 5251 839 5304 vt,
867 5243 945 5293 51.
972 5266 1036 5278 —
1061 5242 1083 5272 ⁹
1106 5240 1305 5300 mech..
1343 5253 1521 5308 xxvu,
1553 5249 1600 5307 ¹,
1625 5246 1673 5294 7.

186 5327 233 5342 -
254 5307 290 5338 ¹·
310 5308 466 5375 Pron„
490 5322 570 5377 x1,
596 5314 680 5364 26.
705 5338 768 5351 —
795 5311 832 5347 1¹
869 5310 1050 5374 Eecli„
1080 5322 1224 5377 xxiv,
1257 5316 1339 5365 2¹.
1368 5339 1430 5351 —
1457 5315 1499 5349 ¹¹
1527 5315 1677 5380 mid„

189 5374 254 5426 ῒῐ.
274 5401 327 5417 -
346 5379 385 5415 ¹³
409 5383 529 5444 ln„
555 5395 615 5447 x,
644 5385 727 5435 27.
755 5407 819 5420 —
845 5383 883 5418 ¹·
909 5383 1106 5448 lev-em„
1128 5395 1212 5447 m,
1239 5386 1287 5437 8.
1313 5411 1377 5424 —
1405 5386 1448 5422 ¹⁸
1472 5385 1679 5449 Matala„

191 5454 250 5510 11,
270 5450 313 5500 1.
332 5477 389 5491 —
412 5455 454 5490 ¹·
475 5453 654 5518 flebr„
682 5464 806 5518 ¹111,
833 5456 908 5506 u.
934 5481 994 5494 —
1026 5456 1067 5491 ¹⁷
1097 5458 1250 5522 Aug„
1282 5455 1343 5507 de
1370 5457 1521 5509 Civit.
1557 5459 1678 5522 Dei,

3239 468 3349 528 101

1815 599 1919 681 lis,
1961 621 1993 660 n
2027 602 2147 666 etc.
2195 600 2356 668 Item
2400 602 2758 668 balsamum
2801 603 2991 667 bonae
3040 600 3230 665 famae
3257 599 3300 636 ¹¹
3334 621 3350 663 :

1822 730 1853 769 α
1881 707 2072 786 Quasi
2099 708 2461 776 balsamum
2486 728 2619 775 non
2631 709 2906 773 mixtum
2925 707 3081 772 odor
3096 723 3301 771 meus.
3316 727 3348 766 a

1811 816 1956 884 Non
1981 818 2265 884 mixtum
2291 817 2442 882 dicit
2469 821 2688 882 contra
2704 814 3092 899 hypocrisim
3117 835 3134 878 ε
3155 814 3356 897 hypo-

1810 921 1968 987 crita
2003 923 2178 988 enim
2217 924 2439 989 miscet
2471 923 2714 989 malum
2765 927 2831 988 et
2878 922 3144 988 bonum.
3196 921 3355 986 Item

1809 1031 1938 1096 mel
1961 1032 2191 1114 gratiae
2204 1033 2249 1068 ¹²
2275 1051 2294 1097 ε
2319 1055 2351 1095 α
2371 1032 2644 1115 Spiritus
2662 1048 2848 1099 meus
2873 1048 3066 1115 super
3082 1030 3210 1095 mel
3221 1030 3356 1096 dul-

1809 1138 1922 1202 cis.
1949 1159 1981 1198 υ
2017 1137 2175 1203 Item
2197 1140 2411 1205 oleum
2435 1140 2884 1206 misericordias
2903 1140 2948 1176 ¹⁸
2978 1160 2995 1202 :
3035 1160 3067 1200 α
3088 1136 3354 1222 Compu-

1805 1250 2033 1311 trescet
2050 1248 2295 1330 jugum
2323 1267 2365 1313 a
2394 1247 2555 1313 facie
2580 1248 2725 1314 olei.
2753 1269 2785 1308 υ
2823 1245 2946 1312 Per
2971 1244 3352 1330 operaenim

1806 1353 2279 1434 misericordiae,
2301 1356 2551 1438 jugum
2595 1354 2832 1422 diaboli
2871 1352 3243 1434 destruitur,
3286 1357 3351 1418 et

1803 1463 2113 1543 tanquam
2153 1461 2487 1545 putridum
2533 1463 2853 1547 abjicitur.
2884 1460 3042 1527 Item
3067 1460 3348 1526 resinam

1803 1568 2193 1651 peanitentiae
2218 1566 2263 1604 ¹⁶
2292 1590 2310 1633 :
2345 1591 2377 1629 «
2423 1568 2648 1635 Tollite
2674 1568 2954 1634 resinam
2992 1566 3074 1632 ad
3117 1585 3349 1632 curan·

1802 1674 1959 1740 dum
1983 1675 2269 1741 dolorem
2297 1678 2462 1760 ejus,
2491 1677 2546 1740 si
2572 1677 2734 1742 forte
2760 1679 3039 1741 sanetur.
3068 1694 3101 1735 ι

1883 1782 1970 1849 Πθ
1996 1784 2230 1866 quarto
2256 1784 2302 1824 ¹⁸
2332 1804 2348 1847 :
2390 1805 2422 1845 α
2446 1783 2812 1850 Ascendens
2843 1782 3022 1849 Iesus
3064 1781 3134 1846 in
3173 1782 3349 1847 navi-

1801 1891 2014 1958 culam
2064 1893 2496 1959 transfretavit
2548 1896 2614 1958 et
2678 1892 2856 1959 venit
2904 1891 2975 1955 in
3025 1890 3347 1956 civitatem

1800 2018 2008 2066 suam.
2046 2021 2078 2060 υ
2115 1990 2348 2067 Civitas
2391 2001 2512 2065 ista
2560 2001 2655 2065 est
2695 1997 2993 2079 coelestis,
3041 1997 3113 2064 in
3148 2014 3345 2082 quam

1800 2108 2207 2173 transtretare
2253 2108 2563 2174 debemus
2575 2154 2597 2188 ,
2625 2109 2700 2172 ut
2723 2106 2802 2172 de
2836 2104 3347 2189 peregrinatione
3404 2167 3413 2172 .

1800 2233 2106 2281 exeamus
2126 2215 2173 2251 ¹⁸
2203 2237 2220 2279 ι
2259 2236 2291 2276 α
2316 2214 2456 2281 Non
2478 2215 2793 2280 habemus
2819 2213 2926 2278 hic
2978 2215 3344 2279 manentem

1799 2324 2142 2405 civitatem,
2163 2345 2195 2384 s
2231 2327 2352 2389 etc.
2382 2323 2786 2406 Augustinus
2811 2322 2855 2360 ¹⁷
2887 2340 2907 2387 z
2945 2343 2977 2383 α
3000 2320 3140 2387 Erit
3173 2320 3345 2386 illius

1799 2430 2071 2496 civitatis
2100 2431 2172 2513 (c)
2192 2434 2258 2495 et
2282 2449 2412 2495 una
2436 2431 2507 2494 in
2553 2430 2882 2509 omnihus,
2913 2433 2975 2495 et
3016 2430 3341 2513 insepara-

1798 2536 1947 2602 bilis
1969 2537 2052 2621 (d)
2086 2538 2154 2600 in
2182 2537 2482 2620 singulis,
2510 2537 2808 2604 voluntas
2823 2536 3047 2617 libera,
3063 2536 3145 2601 ab
3165 2536 3343 2601 omni

1797 2644 1970 2710 malo
2020 2644 2309 2721 liberata,
2362 2647 2426 2709 et
2478 2643 2741 2729 impleta
2794 2643 2972 2709 omni
3029 2643 3099 2727 (e)
3145 2643 3337 2723 bono,

1798 2753 2017 2818 fruens
2044 2751 2477 2819 indeficienter
2507 2753 2585 2833 (r)
2616 2755 3012 2818 aeternorum
3029 2750 3338 2834 jucundi-

1797 2862 1926 2925 tate
1964 2858 2376 2942 gaudiorum.
2416 2880 2448 2919 »
2495 2858 2658 2937 Quia
2704 2875 2863 2941 ergo
2898 2857 3174 2924 viatores
3220 2874 3338 2922 su-

1797 2984 1964 3048 mus,
1997 2966 2142 3031 ideo
2171 2983 2462 3049 congrua
2504 2965 2822 3030 virtutum
2851 2964 3129 3048 hospitia
3163 2982 3339 3049 quae-

1795 3092 2040 3154 ramus,
2069 3075 2140 3138 in
2157 3074 2395 3157 quibus
2422 3073 2571 3139 lassi
2595 3073 3020 3157 quiescamus.
3053 3070 3338 3139 Viatores

1794 3183 1970 3248 enim
1995 3180 2182 3249 valde
2226 3181 2475 3248 solliciti
2511 3185 2665 3247 sunt
2696 3181 2774 3247 de
2805 3181 2994 3247 bonis
3023 3180 3333 3264 hospitiis.

1794 3290 1968 3355 Bona
1990 3289 2270 3373 hospitia
2285 3289 2368 3354 ad
2385 3288 2839 3373 quiescendum
2864 3290 3015 3354 sunt
3037 3286 3333 3368 charitas,

1794 3395 2247 3476 misericordia,
2292 3396 2618 3479 patientia,
2661 3395 2911 3461 castitas
2924 3444 2946 3476 ,
2984 3398 3048 3460 et
3085 3398 3334 3462 θεῖοι-ιθ

1792 3504 2087 3570 virtutes.
2125 3503 2276 3570 Haec
2300 3503 2582 3587 hospitia
2605 3503 2721 3568 tihi
2746 3503 2914 3569 Deus
2948 3521 3081 3568 non
3112 3506 3330 3586 negat,

1790 3613 1846 3677 si
1886 3614 2150 3695 quaeriS,
2181 3613 2234 3676 si
2269 3613 2450 3697 petis,
2481 3611 2537 3676 si
2575 3612 2813 3695 pulsas.
2841 3612 2886 3648 ¹⁸
2924 3633 2956 3673 α
2988 3610 3166 3678 Foris
3201 3628 3334 3677 non

1791 3720 2026 3784 mansit
2051 3720 2451 3803 peregrinus,
2481 3723 2544 3785 et
2571 3718 2930 3803 hospitium
2955 3736 3177 3785 meum
3203 3717 3334 3786 via·

1788 3830 1914 3894 tori
1945 3827 2171 3911 patuit.
2203 3848 2236 3888 n

2281 3994 2577 4094 SERMO
2620 3996 2841 4091 11(9)·

1865 4151 2019 4218 Ecce
2044 4153 2249 4218 motus
2266 4150 2482 4231 tactus
2498 4155 2594 4219 est
2614 4165 2887 4235 maanus
2910 4152 2986 4218 in
3012 4152 3203 4230 mari,
3229 4151 3332 4219 ita

1785 4265 1858 4325 ut
1881 4258 2188 4325 navicula
2212 4259 2571 4341 operiretur
2592 4258 2894 4341 fluctibus
2921 4259 2988 4321 1’.
3025 4256 3330 4325 Navicula

1785 4368 1882 4429 est
1906 4364 2241 4429 Ecclesia²⁰
2262 4384 2280 4430 :
2300 4364 2534 4430 «Facta
2561 4370 2658 4430 θεῖ
2674 4366 2856 4449 quasi
2872 4366 3165 4433 navicula
3179 4365 3321 4449 (h),»

1784 4476 1902 4538 etc.
1935 4471 2109 4539 Mare
2154 4475 2252 4537 θεῖ
2293 4471 2604 4539 saeeulum
2625 4494 2641 4535 ε
2664 4472 2998 4538 psalmista
3014 4474 3098 4535 ²²:
3138 4495 3170 4535 α
3195 4471 3329 4538 Hoc

1784 4597 1962 4645 mare
2002 4598 2340 4663 magnum,
2369 4602 2401 4641 1>
2439 4583 2559 4645 etc.
2592 4578 2801 4645 Motus
2825 4583 2889 4645 et
2916 4580 3150 4645 flnctus
3174 4585 3327 4645 sunt

1782 4686 2221 4755 tribulationes
2247 4690 2311 4753 θῖ
2359 4687 2826 4771 persecutiones
2856 4687 2900 4722 ¹⁸
2937 4707 2954 4752 :
2990 4709 3021 4748 α
3060 4685 3326 4752 Fluctus

1781 4795 1876 4860 tui
1891 4813 2085 4880 super
2107 4813 2212 4861 me
2228 4795 2637 4862 uansierunt.
2658 4817 2689 4855 n
2716 4792 3086 4861 Invenimus
3108 4797 3325 4860 autem

1781 4940 1871 4992 lib.
1918 4941 2086 5005 xxfl,
2126 4953 2174 4993 c.
2215 4951 2354 5006 xxx,
2392 4953 2448 4991 n.
2493 4942 2542 4993 3.
2584 4965 2649 4980 -
2693 4939 2736 4977 ¹⁸
2777 4939 2899 5005 Iob,
2940 4950 3099 5004 xxxi,
3144 4942 3224 4992 32.
3258 4966 3323 4980 —

1782 5012 1824 5047 ¹²
1849 5011 2050 5075 Mutila„
2079 5022 2195 5076 vm,
2224 5015 2304 5064 24.
2334 5038 2397 5051 —
2422 5012 2467 5048 ²⁰
2492 5012 2663 5074 Pron„
2694 5024 2852 5076 xxxx,
2883 5013 2959 5064 14.
2994 5011 3186 5063 Eadem
3211 5011 3321 5078 jam

1780 5082 1979 5204 1121111ἰὶοῖ
2007 5096 2254 5204 ΙεῙθ1·11ι1.1011θ
2292 5082 2633 5148 proecedenle.
2666 5109 2726 5121 —
2752 5083 2794 5119 ²¹
2821 5081 2959 5136 Poat.
2990 5093 3114 5147 cm,
3150 5085 3232 5134 25.
3259 5107 3320 5122 —

1848 5242 1919 5309 (a)
1956 5190 2072 5307 209⁹.
2112 5241 2385 5293 ulciscitur.
2416 5267 2477 5280 —
2515 5242 2579 5308 (b)
2614 5243 2738 5294 Goet.
2775 5242 2896 5294 edit.
2929 5246 3320 5309 praeponuntur.

1783 5340 1846 5352 —
1891 5313 1957 5380 (c)
2007 5313 2200 5366 civitas.
2254 5340 2317 5352 —
2359 5313 2442 5380 (d)
2492 5314 2806 5380 separabilis.
2841 5340 2907 5354 -—
2952 5315 3016 5381 (e)
3057 5314 3315 5367 liberata:

1786 5400 1924 5438 cum.
1954 5412 2015 5425 -
2059 5387 2130 5454 (f)
2163 5384 2505 5442 indeficiente.
2535 5414 2600 5428 —
2629 5388 2699 5454 (9)
2735 5386 2820 5441 ΔΙ.
2861 5398 2940 5439 111.
2974 5413 3035 5426 -
3059 5386 3128 5453 (h)
3168 5387 3314 5455 Vulq.
3446 5382 3452 5388 ’

1785 5455 1947 5510 navis.
