4059 6317
849 526 1226 594 DOMINICA
1263 527 1347 593 ΙΙΙ
1392 526 1474 592 ΙΝ
1516 527 2156 606 QUADRAGESIMA.
2200 529 2465 598 SERMO
2506 530 2584 597 Il.

217 666 360 732 Dicit
409 681 620 746 ergo:
675 662 872 729 Porro
918 663 983 730 si
999 709 1019 743 ,
1075 666 1196 728 etc.
1245 662 1364 728 Ubi
1403 664 1660 729 notatur

151 769 488 852 malignitas
511 768 842 834 diabolicae
866 767 1193 851 nequitiae.
1223 767 1458 850 Magna
1485 769 1658 834 enim

150 877 483 959 malignitas
533 879 631 940 est
677 893 762 940 ex
812 877 992 957 parte
1037 873 1298 954 diaboli,
1360 893 1438 940 eo
1488 874 1660 959 quod

150 988 255 1049 tam
296 982 789 1065 pulcherrimam
834 985 1215 1061 creaturam,
1263 982 1496 1048 scilicet
1528 984 1662 1047 ani-

149 1107 293 1154 mam
327 1090 557 1154 factam
597 1088 679 1153 ad
714 1088 1066 1170 imaginem
1092 1094 1157 1154 et
1181 1089 1659 1156 similitudinem

150 1196 256 1278 Dei,
283 1196 601 1276 interficit,
626 1199 693 1261 et
717 1195 1069 1261 seeundum
1095 1213 1316 1260 omnes
1355 1214 1505 1262 suas
1546 1215 1661 1280 po-

147 1304 346 1369 tentias
371 1323 411 1369 a
434 1303 565 1368 Deo
605 1304 868 1380 avertit,
898 1306 964 1367 et
986 1304 1313 1386 pervertit.
1353 1303 1513 1369 Nam
1536 1305 1663 1389 pri-

148 1430 234 1476 mo
265 1411 636 1477 rationalem
684 1413 960 1476 excaecat
1001 1428 1216 1476 errore
1267 1411 1558 1475 salsitatiS
1599 1415 1662 1475 et

149 1524 374 1590 maiitiae
385 1547 405 1604 3
446 1524 730 1590 seeundo
764 1522 1317 1607 concupiscibilem
1354 1521 1664 1587 deformat

27 1630 34 1642 '
147 1632 340 1698 foetore
365 1632 754 1697 carnalitatis
779 1635 844 1696 et
867 1631 1184 1709 luxuriae3
1214 1631 1403 1696 tertio
1438 1629 1660 1694 irasci-

149 1739 316 1803 bilem
360 1738 693 1804 deordinat
722 1742 976 1803 tumore
1009 1737 1312 1802 vanitatis
1356 1740 1420 1801 et
1443 1755 1661 1819 super-

150 1845 274 1911 biae.
315 1844 528 1911 Primo
574 1863 737 1928 ergo
777 1844 1149 1926 malignitas
1190 1843 1420 1909 diaboli
1472 1843 1665 1908 ratio-

151 1952 335 2018 nalem
375 1956 654 2018 excaecat
693 1970 911 2018 errore
946 1950 1237 2017 salsitatis
1273 1953 1340 2015 et
1378 1950 1658 2016 malitiae.

154 2058 304 2124 Unde
339 2059 565 2124 dicitur
593 2061 615 2096 ¹
662 2078 681 2123 ε
729 2058 990 2124 Oblatus
1028 2062 1125 2123 est
1163 2059 1222 2123 ei
1268 2058 1662 2124 daemonium

152 2165 389 2247 habens,
441 2183 653 2231 caecus
703 2168 769 2229 et
821 2168 1073 2246 mutus,
1121 2167 1188 2230 et
1226 2165 1474 2229 curavit
1510 2182 1661 2228 eum

153 2274 229 2339 ita
245 2324 262 2355 ,
309 2281 378 2341 nt
427 2276 799 2359 loqueretur
814 2323 838 2354 ‚
889 2279 954 2340 et
1005 2275 1270 2340 videret.
1323 2294 1355 2333 n
1414 2273 1660 2338 Daemo-

153 2383 311 2448 nium
329 2432 351 2465 ,
377 2403 570 2468 quem
606 2384 924 2448 inhabitat
952 2402 1066 2467 per
1092 2383 1448 2449 dominium
1470 2430 1488 2461 ‚
1517 2382 1665 2447 facit

156 2507 284 2555 eum
319 2509 553 2556 caecum
589 2508 708 2574 per
748 2508 1032 2556 errorem
1078 2490 1398 2568 caecitatis,
1427 2494 1491 2554 et
1517 2508 1664 2555 mu-

156 2601 388 2679 tumper
403 2598 711 2681 pudorem
740 2597 1156 2661 consessionis
1182 2596 1522 2675 Crucifixi3
1554 2597 1665 2662 sed

158 2721 285 2768 cum
319 2705 578 2770 offertur
615 2703 865 2768 Christo
905 2703 1218 2769 credendo
1255 2704 1324 2767 in
1362 2721 1513 2767 eum
1549 2721 1665 2786 per

162 2813 612 2896 captivationem
654 2810 1011 2875 intellectus
1029 2857 1047 2888 ‚
1081 2815 1346 2875 curatur
1365 2829 1405 2874 a
1430 2811 1665 2876 daemo-

164 2918 254 2982 nio
274 2918 442 2984 durae
465 2916 883 2998 malignitatis
913 2935 1029 2999 per
1062 2916 1360 2999 illapsum
1390 2935 1665 2984 summae

165 3024 494 3092 divinitatis.
527 3024 674 3091 Non
699 3027 874 3090 enim
899 3026 1371 3108 compatiuntur
1396 3043 1466 3090 se
1492 3026 1660 3091 invi·

163 3149 279 3197 cem
319 3133 595 3199 diabolus
642 3135 706 3197 et
747 3132 914 3197 Deus
927 3180 950 3212 ,
995 3132 1065 3195 in
1110 3149 1246 3197 uno
1278 3131 1661 3199 habitaculo.

162 3238 300 3305 Nam
321 3241 596 3306 diabolus
621 3242 720 3304 est
747 3256 1016 3320 grossus
1042 3241 1104 3302 et
1127 3237 1387 3304 inflatus
1412 3258 1527 3323 per
1543 3240 1667 3305 ela·

161 3349 370 3414 tionem
404 3348 751 3433 superbiae3
792 3352 857 3411 et
898 3345 1064 3410 Deus
1104 3349 1199 3409 est
1238 3362 1521 3427 magnus
1542 3396 1562 3428 ‚
1603 3353 1670 3414 et

163 3456 414 3520 excelsus
451 3473 565 3539 per
589 3454 1087 3519 immensitatem
1116 3453 1433 3520 essentiae.
1465 3454 1669 3522 Resti-

161 3565 339 3630 tuitur
366 3564 541 3629 visus
567 3581 684 3646 per
708 3561 1102 3644 agnitionem
1129 3561 1356 3644 primae
1383 3563 1667 3630 veritatis

161 3670 220 3734 in
239 3671 430 3751 corde,
458 3677 523 3736 et
545 3669 833 3734 redditur
866 3669 1143 3736 verbum
1169 3688 1284 3751 per
1311 3674 1669 3755 expressio-

161 3795 289 3844 nem
311 3779 559 3844 creditae
584 3776 878 3842 veritatis
901 3776 973 3840 in
1004 3794 1142 3842 ore.
1169 3776 1335 3843 Nam
1359 3782 1384 3816 ¹
1417 3802 1448 3842 e
1473 3781 1669 3845 credi-

164 3887 251 3950 tur
271 3887 446 3952 corde
474 3887 558 3952 ad
586 3885 937 3968 justitiam,
975 3885 1283 3951 consessio
1316 3891 1532 3953 autem
1558 3906 1670 3953 ore

163 3994 223 4057 flt
242 3995 310 4060 ad
333 3995 626 4061 salutem.
656 4015 690 4054 ι
725 3991 1016 4059 Secundo
1043 3994 1412 4075 malignitas
1437 3994 1669 4060 diaboli

162 4102 679 4187 concupiscibilem
706 4101 1016 4167 deformat
1041 4101 1260 4170 toetore
1287 4104 1670 4169 carnalitatis

163 4213 217 4273 et
249 4209 536 4276 luxuriae.
573 4208 752 4274 Unde
794 4208 1026 4273 dicitur
1053 4213 1076 4249 ⁸
1107 4229 1124 4273 z
1160 4230 1193 4270 ι
1222 4205 1341 4285 Qui
1367 4212 1506 4293 conj
1515 4211 1673 4293 ugia

161 4315 239 4381 ita
272 4319 662 4401 suscipiunt,
717 4337 749 4376 n
811 4333 1029 4380 amore
1082 4315 1316 4382 scilicet
1365 4317 1666 4398 libidinis,

173 4422 382 4489 «Deum
423 4422 775 4489 excludunt
817 4439 859 4485 a
897 4438 966 4485 se
979 4467 1002 4499 ‚
1032 4442 1063 4481 n
1097 4426 1356 4505 propter
1383 4424 1671 4489 t'oetorem

168 4530 580 4612 fornicationis,
611 4533 719 4594 «et
741 4547 781 4593 a
797 4546 916 4593 sua
940 4533 1177 4609 mente,
1197 4551 1229 4590 n
1257 4533 1520 4613 propter
1546 4531 1670 4596 im-

169 4637 628 4704 moderationem
702 4633 1152 4700 delectationis.
1230 4635 1437 4702 Homo
1499 4639 1671 4704 enim

167 4743 503 4813 luxuriosus
540 4746 634 4810 ita
678 4743 1055 4809 absorbetur
1095 4744 1507 4810 delectatione
1532 4764 1670 4810 car-

167 4855 256 4918 nis
274 4904 289 4934 ,
327 4861 400 4921 ut
430 4855 708 4921 totaliter
754 4851 837 4917 sit
874 4851 1123 4916 deditus
1147 4851 1414 4932 libidini,
1457 4875 1488 4915 e
1513 4856 1678 4919 sicut

169 4978 349 5043 equus
389 4967 450 5026 et
491 4960 709 5025 mulus
732 4963 778 5038 ⁸,
807 4957 1046 5040 quibus
1088 4975 1221 5022 non
1256 4962 1353 5023 est
1392 4960 1672 5025 intellec-

169 5071 288 5148 tus,
325 5091 355 5129 n
404 5071 661 5152 propter
714 5063 1200 5129 subversionem
1251 5066 1540 5132 rationis.
1596 5068 1677 5133 Et

171 5191 340 5257 snper
380 5175 569 5240 talem
604 5172 805 5237 habet
843 5170 1236 5235 daemonium
1274 5177 1675 5256 potestatem,

172 5281 589 5364 praecipitando
613 5280 693 5345 de
717 5283 973 5361 peccato
1015 5276 1085 5341 in
1131 5283 1456 5361 peccatum
1477 5331 1494 5362 ‚
1523 5302 1682 5365 quo-

177 5405 358 5470 usque
399 5388 579 5453 saciat
611 5404 768 5452 eum
806 5402 995 5449 ruere
1030 5384 1095 5447 in
1143 5385 1534 5468 profundum
1579 5391 1678 5454 in·

235 5512 458 5571 ¹1ami..
485 5524 591 5577 ιιι,
615 5514 700 5563 22.
724 5536 789 5549 —-
814 5509 834 5540 ²
858 5510 1015 5572 Rom„
1041 5519 1094 5573 x,
1121 5513 1196 5561 10.
1215 5536 1279 5550 -—
1305 5511 1325 5541 ⁸
1345 5510 1477 5569 Τοῦ..
1500 5524 1573 5578 vl,
1605 5517 1681 5568 17.

3185 535 3302 598 165

1770 665 1932 732 serni
1953 714 1974 746 ‚
2005 668 2168 734 sicut
2192 684 2306 734 vas
2331 666 2501 752 quod
2535 667 2787 732 tantum
2822 664 2900 731 de
2932 665 3071 733 loco
3096 664 3303 732 volvi-

1767 777 1876 838 tur
1930 775 1998 839 in
2043 776 2253 841 locum
2270 824 2288 851 ,
2336 774 2538 840 donec
2590 773 2842 838 labatur
2889 772 2959 836 in
3010 776 3298 857 puteum.

1768 880 1980 947 Tertio
2024 882 2395 963 malignitas
2437 878 2669 946 diaboli
2710 880 3040 946 deordinat
3090 880 3307 944 irasci-

1767 986 1960 1052 bilem
1999 991 2252 1054 tumore
2289 988 2586 1054 vanitatis
2631 991 2697 1052 et
2743 987 3081 1071 superbiae.
3133 985 3305 1053 Unde

1768 1093 1996 1160 dicitur
2036 1101 2058 1136 ⁸
2105 1116 2121 1160 ;
2171 1118 2203 1157 <1
2246 1095 2667 1162 occurrerunt
2706 1095 2766 1160 ei
2815 1095 2943 1161 duo
2999 1095 3305 1162 habentes

1768 1202 2086 1267 daemonia
2128 1203 2206 1267 de
2250 1203 2682 1268 monumentis
2750 1206 3055 1267 exeuntes
3073 1248 3091 1280 ‚
3148 1203 3307 1270 saevi

1768 1308 1980 1387 nimis,
2014 1311 2105 1375 ita
2128 1313 2202 1375 ut
2228 1328 2418 1375 nemo
2445 1314 2656 1393 posset
2686 1312 2957 1375 transire
2980 1327 3096 1393 per
3128 1311 3306 1376 viam

1767 1416 1965 1482 illam.
2007 1440 2038 1477 n
2072 1418 2374 1484 Homines
2402 1418 2718 1483 daemonia
2762 1418 3068 1484 habentes
3095 1418 3307 1483 elatio·

1767 1526 1874 1590 nis
1899 1528 1963 1590 et
1972 1525 2312 1609 superbiai,
2328 1525 2475 1590 licet
2489 1526 2618 1589 sint
2643 1524 2869 1590 elevati
2896 1529 3211 1608 quantum
3226 1525 3307 1589 ad

1767 1630 2202 1712 apparentiam
2228 1676 2247 1706 ‚
2303 1645 2418 1712 per
2480 1627 2818 1694 elationem
2866 1626 3186 1710 superbiae
3238 1627 3309 1691 in
3352 1667 3355 1668 ν

1767 1736 1955 1802 corde
1971 1784 1994 1816 ,
2041 1741 2106 1801 et
2145 1737 2626 1802 ostentationem
2647 1735 2966 1818 jactantiae
2994 1735 3064 1799 in
3088 1752 3304 1818 opere,

1769 1862 1961 1928 super
1998 1862 2223 1910 omnes
2267 1844 2425 1909 alios
2445 1893 2465 1923 ,
2507 1844 2617 1927 qui
2652 1847 2802 1908 sunt
2826 1860 3016 1926 super
3045 1846 3304 1924 terram,

1771 1955 1984 2016 tamen
2026 1951 2379 2017 secundum
2424 1951 2761 2018 veritatem
2786 1950 2857 2014 in
2882 1953 3134 2014 tantum
3163 1953 3311 2016 sunt

1770 2058 2079 2141 depressi,
2120 2062 2185 2123 et
2225 2057 2549 2124 humiliati
2594 2057 2945 2122 secimdum
2991 2056 3308 2122 rationem

1770 2164 2165 2230 infallibilem
2192 2165 2426 2231 divinae
2447 2164 2737 2248 justitiae,
2760 2181 2911 2247 quae
2933 2167 3031 2228 est
3049 2163 3107 2227 ⁸:
3140 2185 3172 2224 α
3189 2163 3310 2241 Qui

1769 2291 1838 2340 se
1876 2274 2148 2354 exaltat,
2180 2273 2625 2339 humiliabitur
2642 2320 2660 2352 ‚
2692 2270 2895 2354 etqui
2920 2288 2989 2335 se
3013 2271 3313 2337 humiliat

1770 2382 2186 2462 exaltabitur,
2215 2404 2246 2442 n
2282 2385 2357 2446 ut
2368 2383 2508 2464 jam
2549 2380 2838 2447 viventes
2883 2379 3011 2443 sint
3050 2378 3304 2462 sepulti,

1771 2494 1833 2554 et
1860 2489 2148 2555 habitent
2172 2507 2323 2554 cum
2345 2488 2744 2554 daemonibus
2778 2487 2846 2551 in
2875 2486 3311 2552 monumentis

1770 2595 2000 2661 inferni
2018 2643 2035 2660 .
2065 2595 2144 2661 Et
2167 2598 2425 2679 propter
2448 2596 2570 2660 hoe
2614 2594 2843 2660 dicitur
2860 2593 2884 2630 ⁸
2915 2612 2935 2658 ε
2959 2616 2990 2656 e
3009 2591 3312 2658 Occurre-

1770 2708 1924 2769 runt
1965 2703 2027 2768 ei
2080 2703 2205 2768 duo
2253 2703 2557 2768 habentes
2595 2701 2912 2766 daemonia
2957 2700 3036 2765 de
3078 2717 3311 2765 monu-

1769 2810 2001 2874 mentis
2027 2812 2357 2890 exeuntes,
2376 2808 2536 2874 saevi
2562 2807 2777 2888 nimis,
2800 2828 2832 2867 n
2850 2809 3106 2891 propter
3128 2806 3310 2871 suro-

1771 2936 1911 2983 rem
1953 2916 2330 2995 iracundiae3
2371 2939 2401 2977 «ι
2425 2917 2516 2981 ita
2537 2919 2614 2982 ut
2643 2914 2862 2980 nullus
2889 2916 3100 2997 posset
3133 2916 3310 2979 tran-

1772 3025 1900 3089 sire
1939 3041 2053 3106 per
2096 3023 2273 3090 viam
2318 3023 2513 3103 illam,
2541 3045 2573 3084 n
2608 3026 2867 3106 propter
2909 3021 3178 3087 livorem
3207 3020 3310 3085 in·

1774 3133 1987 3201 vidiae.
3016 3177 3019 3182 «

1853 3241 2156 3324 Sequitur
2185 3258 2201 3301 ε
2232 3240 2316 3304 In
2342 3236 2552 3320 dicito
2578 3237 2699 3304 Dei
2724 3236 2915 3320 ejicio
2953 3237 3274 3308 doemonia
3285 3256 3315 3321 ,⁶

1772 3350 1887 3415 ubi
1931 3352 2188 3414 notatur
2241 3347 2636 3412 immensitas
2694 3345 2933 3411 divinae
2985 3348 3308 3429 potentiae.

1773 3456 1900 3521 Ista
1959 3453 2352 3520 immensitas
2413 3452 2651 3518 divinae
2709 3452 3008 3534 potentiae
3070 3452 3144 3517 in
3195 3452 3315 3520 hoc

1774 3569 2036 3650 apparet
2071 3563 2279 3647 primo
2294 3610 2314 3642 ,
2348 3562 2504 3644 quia
2547 3560 2942 3626 daemonium
2981 3561 3218 3626 erroris
3249 3565 3316 3628 et

1773 3673 2034 3740 malitiae
2090 3670 2265 3753 ejicit
2326 3668 2747 3734 illuminando
2802 3667 3188 3744 ,rationalem
3240 3668 3314 3735 in

1773 3783 2030 3864 aspectu
2059 3778 2288 3862 primae
2314 3776 2599 3844 veritatis
2624 3798 2642 3854 ;
2677 3775 2978 3854 secund0‚
3009 3776 3164 3857 quia
3185 3775 3313 3841 dae-

1776 3888 2068 3953 monium
2109 3884 2349 3951 foetoris
2372 3888 2433 3948 et
2462 3882 2738 3948 luxuriae
2765 3882 2935 3964 ejicit
2960 3882 3312 3949 decorando

1775 3992 2324 4077 concupiscibilem
2388 3990 2458 4053 in
2524 3989 2827 4072 amplexu
2873 3989 3208 4054 munditiae
3247 3993 3313 4054 et

1775 4100 2114 4178 castitatis3
2160 4097 2346 4163 tertio
2366 4144 2388 4176 ‚
2427 4096 2581 4179 quia
2603 4094 2994 4161 daemonium
3024 4095 3314 4160 elationis

1775 4215 1840 4276 et
1881 4206 2198 4291 superbiae
2233 4203 2406 4287 ejicit
2444 4202 2799 4269 ordinando
2831 4202 3208 4268 irascibilem
3243 4203 3314 4267 in

1775 4317 2077 4400 despectu
2114 4310 2524 4395 subjacentia}
2567 4315 2631 4375 et
2668 4310 3065 4376 humilitatis.
3099 4308 3313 4376 Primo

1775 4442 1936 4505 ergo
1983 4419 2383 4486 immensitas
2425 4417 2663 4482 divinae
2731 4417 3029 4498 potentiae
3072 4416 3144 4481 in
3194 4417 3317 4481 hoc

1776 4533 2059 4614 apparet,
2086 4526 2241 4610 quia
2277 4524 2669 4589 daemonium
2706 4522 2944 4589 erroris
2969 4527 3033 4588 et
3058 4523 3317 4589 malitiae

1776 4637 1986 4722 ejicit,
2034 4631 2452 4699 illuminando
2518 4630 2898 4695 rationalem
2941 4630 3009 4695 in
3058 4631 3320 4712 aspectu

1778 4745 2005 4828 primae
2042 4738 2345 4805 veritatis.
2391 4736 2568 4803 Unde
2613 4736 2844 4801 dicitur
2880 4742 2905 4781 '¹
2943 4757 2960 4803 ς
3001 4758 3033 4797 α
3060 4734 3317 4801 Obtule-

1779 4855 1933 4918 runt
1955 4849 2282 4915 hominem
2312 4861 2518 4909 unum
2538 4844 2935 4909 daemonium
2953 4844 3316 4925 habentem,

1782 4964 1847 5026 et
1870 4960 2071 5042 ejecto
2093 4952 2412 5021 daemonio
2428 4952 2679 5015 locutus
2696 4953 2792 5015 est
2805 4954 3046 5017 mutus.
3063 4972 3098 5012 ι
3120 4950 3322 5022 Homo

1781 5068 2025 5133 habens
2052 5060 2443 5128 daemonium
2478 5057 2777 5124 caecitatis
2803 5061 2868 5123 et
2892 5058 3155 5124 malitiae
3180 5060 3322 5126 efn-

1784 5176 1950 5241 citur
1994 5175 2215 5237 mutus
2256 5170 2515 5250 propter
2563 5151 2863 5232 mb'orem
2917 5165 3325 5234 confessionis

1786 5279 2118 5358 Crucifl1i3
2157 5274 2265 5340 sed
2294 5291 2443 5338 cum
2485 5272 2751 5338 offertur
2777 5272 3045 5353 Christo,
3075 5272 3146 5336 in
3171 5290 3324 5338 eum

1788 5470 1849 5483 -
1874 5442 1897 5476 ⁴
1922 5438 2058 5491 Paul.
2088 5445 2243 5498 χιιι,
2272 5435 2323 5485 9.
2357 5457 2421 5471 ·-
2455 5433 2475 5464 ⁸
2503 5433 2708 5498 natm,
2755 5445 2877 5499 vm,
2919 5435 3003 5488 28.
3042 5459 3094 5469 —
3136 5434 3159 5471 ⁸
3194 5434 3329 5495 ικσ..

1789 5527 1907 5577 m,
1938 5517 2014 5566 η.
2044 5536 2104 5556 ...-
2128 5508 2152 5543 ⁷
2181 5503 2388 5566 natta„
2425 5514 2502 5574 ιι,
2529 5506 2696 5565 32-33.
