4059 6317
767 432 1143 512 DomNtcA
1184 434 1267 508 111
1311 433 1514 509 POST
1554 436 1930 510 OCTAVAM
1969 442 2324 513 PASGRAE.
2351 382 2633 512 ‘SERMO
2673 445 2724 511 Ι.

171 572 348 643 «Fiet
372 578 440 643 in
467 596 546 644 eo
587 580 755 659 fona,
786 602 819 640 ι
851 583 969 645 etc.
1015 579 1218 649 Omne
1263 581 1482 642 autem
1525 594 1689 660 gau-

161 684 324 750 dium
348 686 680 772 spirituale
705 688 875 771 qnod
901 686 1179 751 habetur
1226 685 1332 750 hic
1352 684 1425 749 in
1468 702 1690 750 amore

163 792 258 857 Dei
284 795 346 857 et
372 794 674 878 proximi,
708 800 771 860 et
804 795 874 859 in
918 792 1450 860 consolationibus
1483 791 1685 876 Spiri-

161 904 254 965 tus
278 900 511 981 sancti,
556 902 882 984 exiguum
926 907 1024 967 est
1060 904 1355 984 respectu
1395 899 1689 965 consola-

162 1008 334 1072 tionis
380 1012 640 1075 aeternae
686 1030 703 1073 ι
747 1009 891 1074 ideo
938 1008 1167 1073 dicitur
1225 1007 1371 1087 fons
1417 1021 1685 1089 parvus.

163 1114 270 1180 Per
295 1115 570 1198 nuvium
597 1119 816 1181 autem
855 1113 1246 1180 abundantia
1281 1113 1688 1197 voluptatum

166 1228 532 1289 aetemarum
558 1223 1002 1305 significatur;
1027 1221 1361 1288 psalmista
1385 1222 1406 1257 ¹
1444 1243 1521 1286 :c
1541 1218 1692 1285 Tor·

165 1336 324 1398 rente
347 1331 696 1415 voluptatis
723 1331 970 1415 potabis
996 1330 1082 1413 (a)
1108 1347 1238 1395 eos.
1269 1351 1300 1390 ι
1332 1327 1457 1395 Per
1475 1327 1690 1393 lucem

165 1456 336 1517 vero,
375 1438 676 1522 splendor
726 1438 1090 1504 animarum
1144 1439 1167 1474 ¹
1224 1458 1241 1503 z
1311 1458 1342 1499 α
1395 1435 1690 1519 Implebit

166 1546 586 1630 splendoribus
626 1546 911 1611 animam
943 1549 1159 1614 tuam.
1204 1565 1237 1604 n
1280 1543 1400 1610 Per
1447 1541 1688 1623 solem,

167 1654 394 1719 claritas
439 1672 786 1739 corporum
831 1654 856 1691 ⁸
903 1676 920 1719 t
972 1676 1005 1715 α
1043 1652 1225 1718 Tunc
1273 1651 1431 1734 iusti
1474 1650 1686 1733 fulge·

168 1759 312 1825 bunt
337 1761 497 1826 sicut
525 1760 648 1827 sol.
698 1780 729 1821 n
756 1759 877 1825 Per
914 1777 1118 1843 aquas
1154 1758 1466 1842 plurimas
1485 1806 1503 1839 ‚
1539 1776 1686 1824 om-

169 1865 333 1931 nium
356 1868 750 1950 gaudiorum
777 1867 1262 1934 accidentalium
1287 1867 1467 1952 copia
1492 1866 1690 1949 signi-

167 1973 396 2040 ficatnr.

165 2207 505 2285 DOMINIGA
551 2208 643 2284 111
687 2208 878 2284 POST
919 2207 1292 2284 OGTAVAM
1333 2207 1683 2290 PASGHAE.

566 2379 861 2451 SERMO
903 2381 1256 2452 PRIMUS.

236 2516 380 2582 cum
403 2522 619 2585 autem
645 2518 894 2585 venerit
927 2516 1035 2584 ille
1051 2564 1069 2595 ‚
1113 2522 1338 2600 arque!
1370 2506 1685 2582 mundum

168 2623 235 2691 de
251 2633 497 2708 peccato
523 2626 570 2690 ⁸.
603 2626 727 2702 Qui
753 2643 888 2691 non
917 2625 1062 2691 vult
1077 2624 1274 2706 argui
1298 2623 1377 2689 de
1402 2626 1681 2706 peccato,

166 2734 425 2817 sequitur
457 2734 533 2818 (b)
564 2734 773 2815 illum,
805 2734 918 2818 qni
944 2734 1034 2799 ait
1058 2734 1120 2797 ⁸:
1155 2755 1188 2794 α
1214 2731 1368 2811 Quis
1391 2749 1474 2796 ex
1498 2730 1686 2797 vobis

167 2847 374 2925 arguet
397 2862 503 2909 me
523 2845 604 2909 de
623 2848 922 2927 peccato?
950 2865 981 2904 n
1008 2842 1547 2909 Considerandum
1575 2860 1684 2907 au·

168 2954 280 3016 tem
325 2953 492 3036 quod
541 2953 846 3035 arguitur
886 2956 1215 3036 peccatum
1262 2950 1450 3017 corde
1466 2999 1484 3031 ,
1531 2968 1644 3016 ore
1661 2999 1682 3032 ,

165 3076 353 3141 opere.

231 3166 540 3250 Arguitur
563 3166 634 3230 in
658 3166 848 3249 corde
888 3164 1408 3250 quadrupliciter,
1453 3165 1682 3230 videli-

166 3278 250 3340 cet
269 3275 551 3355 interius,
582 3273 888 3353 exterius,
917 3273 1204 3353 inferius,
1234 3273 1546 3361 superius.
1581 3271 1684 3339 In-

166 3382 359 3461 terius,
386 3400 504 3466 per
532 3381 1025 3462 conscientiam3
1054 3378 1392 3445 Psalmista
1413 3380 1479 3445 ἰ
1519 3402 1551 3442 α
1574 3381 1688 3445 Ar·

166 3506 339 3570 guam
362 3495 452 3569 te,
471 3495 540 3555 et
562 3492 842 3555 statuam
858 3493 1080 3553 contra
1094 3490 1159 3553 te
1173 3487 1398 3553 faciem
1425 3491 1627 3553 tuam.
1644 3510 1676 3550 ιι

167 3593 356 3663 Glossa
385 3620 400 3662 ι
439 3619 472 3659 α
497 3595 718 3661 Primo
745 3595 1076 3661 ostendam
1103 3598 1167 3660 te
1191 3595 1331 3676 tibi,
1374 3599 1441 3660 et
1464 3594 1682 3678 displi-

167 3703 312 3769 cebis
335 3705 472 3771 tibi.
501 3726 534 3766 n
573 3702 754 3768 Sicut
776 3720 1036 3786 serpens
1052 3705 1118 3767 et
1142 3701 1446 3786 quaelibet
1471 3702 1684 3767 horri-

165 3809 291 3876 bilis
313 3812 514 3877 bestia
537 3810 826 3894 displicet
853 3809 1135 3887 homini,
1180 3812 1243 3874 et
1283 3809 1493 3892 fugit,
1526 3810 1684 3875 dum

165 3932 289 3982 eam
311 3919 517 3997 videt3
572 3917 665 3982 sie
700 3919 991 4000 peccator
1032 3915 1317 3981 animam
1358 3917 1684 4000 propriam

165 4024 543 4107 abhorreret,
585 4026 640 4090 si
681 4043 824 4090 eam
864 4024 1141 4105 videret3
1188 4027 1284 4090 est
1328 4024 1501 4093 enim
1547 4029 1682 4090 ser·

164 4138 328 4214 pente
365 4133 763 4203 horribilior.
806 4133 830 4169 ‘¹
875 4155 909 4195 ι
949 4132 1309 4216 Serpentes,
1353 4132 1686 4214 genimina

165 4240 531 4324 viperarum,
561 4263 594 4303 ιι
626 4246 748 4307 etc.
791 4241 1001 4319 Quare
1026 4258 1187 4323 ergo
1227 4240 1510 4323 seipsum
1553 4257 1685 4305 non

163 4347 316 4430 rugit
336 4350 724 4434 poenitendo‚
765 4349 888 4413 nisi
929 4349 1085 4432 quia
1121 4366 1189 4414 se
1217 4365 1349 4414 non
1390 4348 1587 4429 videt,
1619 4350 1686 4413 et

164 4471 221 4520 se
244 4462 380 4530 ante
405 4459 632 4523 faciem
660 4474 791 4521 non
834 4456 1059 4535 habet,
1086 4455 1198 4521 sed
1223 4475 1264 4521 a
1289 4456 1520 4537 tergo?
1544 4453 1684 4520 Au·-

167 4565 448 4642 &ustinus
473 4565 545 4603 ⁸·
530 4586 619 4631 .«
647 4564 889 4644 Omnis,
928 4564 1043 4647 qui
1067 4581 1202 4629 non
1226 4563 1402 4630 videt
1425 4565 1683 4646 peccata

166 4687 288 4750 sna,
312 4679 450 4757 post
481 4675 750 4741 dorsum
775 4692 845 4739 se
886 4674 963 4756 (c)
999 4671 1263 4756 ponit.»
1299 4669 1457 4735 ltem
1501 4675 1679 4735 exte-

163 4777 281 4843 rius
306 4799 416 4863 per
441 4781 825 4864 scripturam
851 4784 874 4821 ⁹
904 4800 920 4843 ι
961 4803 993 4841 ι
1020 4778 1352 4861 Scriptura
1375 4776 1686 4842 divinitus

164 4883 445 4969 inspirata
468 4887 646 4953 utilis
673 4890 771 4951 est
790 4886 873 4951 ad
898 4885 1286 4964 docendum,
1317 4887 1381 4950 et
1402 4900 1686 4964 arguen-

165 4987 322 5072 dum,
340 4998 380 5053 ἰ
413 4998 534 5059 etc.
569 4990 620 5058 Ο
667 4992 986 5077 quomodo
1027 4991 1335 5076 superbos
1350 5038 1369 5070 ‚
1419 5008 1647 5056 avaros
1660 5039 1678 5072 ‚

220 5154 388 5207 ‘rma
415 5166 575 5221 xxxv,
610 5158 660 5207 9.
693 5181 756 5195 -
795 5158 818 5190 ἱ
846 5156 967 5220 lm„
1004 5166 1161 5223 tvm,
1204 5158 1282 5207 11.
1329 5182 1382 5192 --
1425 5155 1448 5191 ⁸
1479 5154 1681 5217 Motae..

166 5228 277 5289 xm,
315 5231 392 5278 ⁴3.
428 5254 492 5267 —
521 5229 542 5258 ⁴
565 5230 736 5288 κατι,
773 5237 891 5289 xvi,
926 5229 976 5278 8.
1010 5253 1071 5266 —
1097 5228 1116 5259 ⁸
1146 5228 1313 5287 loon„
1354 5238 1477 5289 vm,
1515 5230 1594 5278 ⁴6.
1621 5253 1683 5265 —

166 5296 184 5322 ⁸
204 5296 330 5349 Ptol.
358 5312 500 5359 nix,
528 5304 610 5352 21.
634 5325 700 5338 -
725 5299 744 5330 ²
771 5297 973 5354 Manli..
1010 5310 1174 5361 xxm,
1203 5300 1283 5350 33.
1313 5325 1370 5335 -
1402 5298 1421 5330 ⁸
1449 5301 1683 5363 August„

166 5363 324 5420 Euan.
365 5373 418 5422 in
458 5370 596 5424 psal.
636 5381 798 5435 xux,
839 5383 896 5421 n.
942 5372 1031 5434 28,
1071 5371 1242 5435 quoad
1275 5383 1483 5422 sensum
1492 5384 1509 5433 3
1558 5371 1681 5420 item

167 5447 301 5492 serm.
328 5454 453 5507 ms,
476 5442 540 5495 al.
564 5442 914 5508 xxv111,inter
933 5453 970 5494 ι.
990 5441 1155 5508 hom„
1177 5455 1233 5494 ιι.
1255 5444 1303 5495 9.
1335 5469 1392 5479 -
1417 5441 1437 5473 ⁹
1465 5443 1506 5492 ll
1540 5440 1684 5507 Tim„

3228 451 3348 516 253

1796 578 2209 646 fornicatores
2225 627 2243 661 ,
2293 584 2358 646 et
2394 580 2552 646 alios
2595 598 2931 663 perversos
2976 582 3346 649 terribiliter

1796 689 2014 769 arguit
2058 688 2421 772 Scriptura!
2475 688 2635 753 Item
2678 689 2975 770 inferius,
3023 709 3139 773 per
3177 692 3343 756 insa·

1797 793 1996 858 miam
2034 795 2082 838 ¹⁰
2113 812 2130 858 ι
2164 817 2196 855 ι
2229 795 2481 876 Arguet
2521 799 2584 859 te
2622 794 2887 873 malitia,
2917 817 2950 856 ιι
2983 801 3103 861 etc.
3145 796 3344 864 Vere-

1796 900 2028 966 cundia
2052 902 2333 966 infamiae
2360 919 2442 966 ex
2480 901 2721 966 malitia
2763 904 3145 986 proveniens
3170 918 3342 987 saepe

1795 1011 2018 1092 arguit
2046 1011 2299 1095 impios,
2327 1017 2393 1077 et
2418 1011 2588 1077 hauc
2614 1030 2785 1096 saepe
2822 1013 3233 1096 argutionem
3262 1015 3341 1077 ti-

1795 1123 1975 1183 ment
1988 1121 2054 1184 et
2071 1118 2337 1202 fugiunt
2354 1118 2669 1199 homines,
2687 1118 3027 1204 plusquam
3046 1119 3247 1186 Deum
3261 1122 3337 1185 ¹¹:

1804 1249 1836 1288 α
1866 1225 1990 1303 Qui
2017 1228 2183 1291 male
2220 1227 2394 1310 agit,
2444 1248 2476 1288 ιι
2524 1232 2670 1307 etc„
2702 1246 2906 1312 usque
2950 1248 2970 1294 ε
3008 1252 3040 1291 α
3081 1248 3213 1295 non
3238 1248 3344 1294 ar-

1798 1337 2091 1416 guantur
2144 1352 2341 1417 opera
2384 1336 2549 1418 eius,
2602 1356 2634 1396 ι
2666 1334 2824 1400 Item
2866 1336 3184 1420 superius,
3227 1355 3344 1421 per

1798 1441 2082 1523 gratiam
2101 1489 2123 1522 ,
2170 1442 2308 1508 sive
2354 1460 2468 1526 per
2517 1441 2996 1526 inspirationem
3053 1444 3340 1511 divinam

1792 1566 1908 1633 per
1966 1547 2276 1632 Spiritum
2329 1554 2646 1615 sanctum.
2698 1550 2871 1617 Unde
2914 1552 3021 1617 hic
3062 1553 3334 1618 dicitur:

1798 1654 1957 1722 Gum
1983 1659 2234 1725 venerit
2268 1657 2411 1737 ille,
2455 1663 2678 1740 armaet
2714 1658 3027 1726 mundum
3067 1659 3147 1727 de
3191 1676 3341 1743 pec-

1794 1768 1960 1841 cato,
1990 1764 2165 1847 quod
2192 1763 2684 1844 commiserunt3
2715 1764 2795 1832 de
2812 1764 3111 1848 justitia,
3141 1785 3338 1851 quam

1794 1872 2247 1953 neglexerunt,
2273 1879 2331 1939 et
2353 1871 2434 1938 de
2450 1872 2728 1954 ιἰιάίυἰο,
2758 1873 2931 1956 quod
2960 1892 3088 1939 non
3110 1875 3340 1941 timue-

1794 1981 1970 2042 runt.
2021 1978 2146 2044 Iste
2183 1977 2463 2063 Spiritus
2489 1979 2712 2062 arguit
2756 1980 3193 2063 Magdalenam
3208 2028 3230 2062 ,
3275 1986 3339 2046 et
3468 2044 3476 2053 .

1794 2083 2079 2166 Petrum,
2101 2090 2166 2151 et
2183 2087 2419 2152 multos
2441 2086 2597 2153 alios
2612 2087 3013 2170 poenitentes‚
3039 2087 3130 2153 ita
3151 2088 3337 2170 dure,

1795 2192 1966 2275 quod
1992 2192 2334 2258 fleverunt.

1874 2300 2193 2382 Arguitur
2218 2301 2749 2385 etiampeccatum
2776 2319 2888 2367 ore
2913 2230 3340 2389 quadruplici-

1793 2412 1913 2487 ter,
1935 2406 2228 2473 videlicet
2255 2427 2366 2474 ore
2384 2410 2771 2493 jumentim,
2796 2410 3116 2491 humano,
3147 2430 3339 2493 ange-

1792 2513 1938 2593 lioo,
1958 2519 2023 2580 et
2040 2515 2284 2581 divino.
2305 2515 2340 2581 J
2345 2516 2698 2596 amantino,
2725 2522 2801 2582 ut
2817 2517 2897 2583 de
2914 2517 3171 2582 Balaam
3192 2519 3339 2583 dici·

1792 2620 1957 2685 tur¹²
1973 2643 1988 2686 :
2003 2622 2513 2706 «correptionem
2529 2623 2752 2689 habuit
2762 2625 3038 2691 vesaniae
3047 2643 3184 2691 suae
3193 2625 3338 2691 sub-

1786 2730 2036 2813 jugale,
2055 2735 2313 2797 mutum
2326 2731 2563 2796 animal
2576 2730 2857 2797 hominis
2878 2750 3032 2798 voce
3043 2733 3333 2817 loquens,

1794 2841 1858 2902 et
1898 2839 2227 2921 prohibuit
2273 2838 2601 2922 prophetae
2636 2838 3101 2923 insipientiam,
3144 2861 3177 2899 n
3212 2842 3331 2904 etc.

1792 2942 1956 3011 Vere
1981 2962 2224 3027 magua
2248 2946 2633 3011 verecundia
2648 2995 2667 3027 ,
2697 2946 2871 3030 quod
2897 2946 3076 3011 asina
3118 2947 3338 3028 arguit

1791 3056 2207 3136 peccatorem.
2247 3052 2405 3119 Item
2444 3072 2555 3120 ore
2591 3054 2877 3120 humano
2898 3054 2941 3092 ¹⁸
2971 3076 2987 3119 ε
3025 3078 3057 3118 ι
3088 3055 3332 3137 Argue,

1791 3161 2074 3245 increpa,
2107 3162 2395 3241 obsecra,
2426 3183 2459 3223 1>
2494 3164 2641 3242 etc„
2681 3162 2844 3227 sicut
2868 3163 3184 3245 arguebat
3210 3162 3335 3228 He-

1793 3269 2015 3334 rodem
2048 3268 2324 3334 Joannes
2350 3286 2467 3353 pro
2505 3270 2776 3334 incestu.
2811 3269 3212 3352 Augustinus
3236 3271 3282 3307 ¹·
3316 3293 3333 3336 ι

1802 3397 1834 3437 α
1860 3374 1981 3454 Qui
2009 3381 2331 3444 errantem
2369 3394 2503 3443 non
2550 3376 2954 3459 corripuerit,
2999 3376 3078 3442 de
3124 3378 3336 3459 negli-

1794 3483 2013 3566 gentia
2029 3484 2450 3567 judicabitur.
2482 3482 2604 3561 Qui
2629 3503 2748 3568 pro
2770 3502 2847 3549 eo
2872 3502 3006 3551 non
3031 3488 3333 3568 oraverit,

1793 3592 1871 3655 de
1899 3591 2250 3674 perditione
2268 3591 2685 3673 iudicabitur.
2720 3614 2753 3652 ι
2789 3592 2941 3659 Haec
2966 3593 3227 3675 argutio
3254 3595 3334 3660 ad

1793 3700 2090 3783 praelatos
2114 3701 2382 3782 pertinet
2409 3718 2492 3764 ex
2528 3701 2923 3765 auctoritate.
2958 3699 3007 3765 U
3011 3700 3130 3767 nde
3162 3701 3293 3767 [leli
3311 3751 3329 3783 ‚

1793 3807 1906 3889 qui
1925 3824 2055 3871 non
2075 3808 2292 3889 arguit
2315 3808 2504 3887 filios,
2536 3808 2750 3873 fractis
2772 3810 3128 3875 cervicibus
3155 3806 3198 3846 ¹⁸
3226 3828 3336 3875 ex·

1793 3912 2053 3996 piravit.
2081 3913 2178 3978 Ad
2204 3931 2429 3980 omnes
2454 3919 2671 3980 autem
2700 3917 2971 3999 pertinet
3004 3936 3086 3981 ex
3116 3917 3334 3982 chari-

1791 4019 1977 4085 tate¹‘
2000 4042 2063 4085 :a
2090 4019 2158 4085 Si
2182 4023 2534 4104 peccaverit
2557 4023 2627 4087 in
2646 4029 2709 4089 te
2736 4024 2935 4089 frater
2959 4030 3129 4105 tuus„
3151 4048 3182 4086 n
3207 4029 3330 4091 etc.

1796 4126 1952 4192 Item
1998 4146 2111 4193 ore
2155 4129 2448 4210 angelico
2479 4150 2496 4208 ;
2546 4130 2716 4196 unde
2763 4131 2957 4197 Jacob
3000 4133 3083 4198 ad
3121 4132 3335 4198 Laban

1793 4235 1884 4300 ait
1900 4241 1948 4278 ¹⁷
1971 4257 2033 4301 :e
2047 4235 2466 4301 Afflictionem
2496 4254 2706 4302 meam
2728 4242 2792 4303 et
2808 4238 3095 4305 laborem
3114 4259 3334 4305 meum

1793 4344 2076 4427 respexit
2102 4342 2431 4424 Dominus»,
2475 4347 2541 4409 et
2566 4346 2787 4429 arguit
2818 4350 2884 4411 te
2919 4348 3079 4414 heri.
3107 4370 3140 4410 ιι
3175 4348 3336 4415 Nota

1792 4452 1968 4536 quod
1993 4451 2146 4516 dicit
2170 4451 2327 4519 heri.
2355 4453 2537 4517 Certe
2559 4457 2629 4518 tu
2660 4459 2948 4537 peccator
2975 4474 3106 4521 non
3126 4457 3334 4521 solum

1793 4555 1954 4634 heri,
1985 4555 2120 4619 imo
2146 4555 2428 4638 quotidIe
2455 4555 2537 4619 ab
2565 4558 2800 4638 angelo
2842 4562 2954 4624 tuo
2985 4577 3199 4642 posses
3226 4577 3333 4624 ar·

1792 4662 1932 4745 gui.
1970 4661 2193 4746 Neque
2229 4664 2471 4728 mirum
2515 4664 2593 4729 de
2637 4665 2872 4746 angelo
2890 4714 2908 4746 ,
2952 4683 3103 4731 cum
3147 4668 3339 4732 etiam

1792 4767 2085 4834 diabolus
2109 4772 2348 4850 arguat
2372 4769 2637 4853 impios,
2676 4772 2846 4853 quod
2874 4772 2954 4838 ad
2992 4772 3339 4839 dolendum

1793 4881 1911 4942 est.
1937 4877 2178 4959 Arguit
2202 4877 2427 4961 utique
2452 4879 2807 4945 accusando
2837 4881 2883 4923 ¹⁸
2917 4902 2990 4946 :c
3013 4881 3339 4965 Projectus

1797 5059 1887 5111 ιιι,
1927 5051 2000 5099 ιε.
2030 5073 2089 5084 -
2129 5047 2171 5082 ¹·
2206 5047 2412 5108 let-ent„
2445 5059 2515 5111 ιι,
2560 5051 2635 5099 19.
2664 5073 2727 5086 -
2765 5052 2799 5085 ¹¹
2836 5051 3002 5115 loun„
3044 5063 3133 5115 ιιι,
3169 5053 3247 5103 20.
3276 5077 3341 5092 --

1798 5122 1834 5154 ¹¹
1864 5122 1904 5170 ΙΙ
1937 5120 2095 5182 ΜΛ,
2124 5131 2193 5180 11,
2230 5123 2306 5171 ¹6.
2337 5144 2399 5158 —·
2432 5120 2466 5150 ¹³
2496 5120 2537 5170 ΙΙ
2569 5120 2714 5185 Tim„
2744 5132 2815 5185 ιν,
2844 5126 2891 5174 ¹.
2911 5148 2974 5161 -
2998 5123 3037 5159 ¹⁸
3053 5126 3341 5189 August.—

1795 5193 1878 5241 ¹⁸1
1912 5192 2049 5258 Req„
2082 5202 2159 5254 nr,
2193 5193 2277 5242 ¹8.
2307 5219 2371 5233 -
2416 5191 2453 5226 ¹⁸
2477 5191 2685 5256 Mami„
2722 5205 2884 5259 xvm,
2919 5198 2996 5247 15.
3025 5221 3089 5233 —
3124 5197 3165 5232 ¹⁷
3195 5196 3340 5261 Gen..

1793 5276 1947 5328 xxxi,
1972 5267 2055 5315 42.
2082 5292 2147 5304 -
2181 5264 2219 5295 ¹⁸
2244 5264 2421 5330 Apoe„
2446 5274 2553 5329 ιιι,
2579 5268 2663 5317 10.

1857 5363 1923 5428 (a)
1972 5363 2096 5415 Cat.
2144 5362 2267 5414 edit.
2317 5361 2531 5428 potavit.
2578 5387 2641 5402 -—
2701 5362 2770 5425 (ὁ)
2818 5363 2933 5430 Leq.
2979 5370 3236 5435 sequatur.
3277 5391 3342 5409 —·

1797 5435 1862 5503 (c)
1890 5435 2008 5501 [Δρ.
2036 5448 2187 5487 suum
2216 5448 2295 5489 ea.
