4059 6317
1408 474 1538 570 'DE
1580 472 1658 568 S.
1688 499 2074 570 11111111Νο.
2190 514 2193 517 ’

158 652 392 729 peccati
413 692 433 723 ,
462 652 520 710 et
543 648 849 708 deficiente
878 646 1119 703 moneta
1158 641 1386 714 meriti,
1409 655 1533 700 non
1557 653 1702 713 pos·-

157 752 302 805 sunt
328 746 559 805 solvere
586 742 754 818 quod
781 741 859 800 ab
890 740 974 798 eis
1000 737 1271 812 exigitur,
1299 734 1410 793 nisi
1440 749 1548 809 per
1573 731 1703 790 vio·

156 838 410 898 lentiam
439 835 732 913 supplicii.
753 839 821 894 Et
845 833 1096 906 dignum
1115 834 1218 903 est,
1240 828 1410 905 quod
1435 826 1705 901 quidam,

159 950 308 992 cum
343 935 598 993 otiantur
623 936 889 1007 tempore
917 928 1199 988 ubertatis
1231 924 1463 997 mundi,
1497 923 1708 996 egeant

159 1029 435 1103 tempore
477 1026 857 1085 necessitatis,
896 1024 916 1057 ¹
947 1045 976 1078 ι
1004 1023 1112 1094 Qui
1157 1021 1338 1079 stertit
1379 1019 1441 1076 in
1488 1020 1702 1090 astate,

157 1119 327 1181 filius
353 1119 716 1180 confusionis
742 1122 847 1177 est.
878 1138 907 1174 11
938 1119 983 1177 Ο
1011 1114 1204 1192 qualis
1231 1117 1289 1173 et
1309 1115 1531 1188 quanta
1543 1125 1707 1169 men-

162 1214 407 1272 dicitas!
439 1213 685 1275 Mendici
716 1216 871 1285 sunt,
904 1214 1183 1269 ettamen
1217 1206 1555 1266 mendicare
1583 1220 1707 1262 non

161 1307 324 1379 licet,
355 1308 469 1366 nisi
495 1308 661 1382 quod
688 1323 800 1382 pro
829 1305 913 1363 eis
936 1303 1284 1363 mendicans
1310 1295 1565 1360 Ecclesia
1588 1298 1708 1357 cla-

163 1405 294 1461 mat
320 1405 344 1438 ¹
373 1420 388 1459 :
426 1421 455 1455 ι
481 1399 861 1472 Miseremini,
896 1395 1293 1469 miseremini,
1320 1415 1350 1451 n
1382 1398 1491 1453 etc.
1526 1411 1541 1451 :
1571 1393 1709 1451 licet

164 1495 484 1569 Gregorius
511 1493 799 1552 concedat
824 1495 868 1566 ⁸,
897 1490 1066 1567 quod
1085 1489 1271 1565 aliqui
1298 1505 1372 1547 ex
1396 1487 1708 1564 privilegio

165 1588 416 1664 speciali
438 1588 820 1647 obtinuerunt
844 1582 1125 1659 suffragia
1143 1600 1252 1660 per
1265 1583 1520 1658 seipsos:
1542 1580 1709 1656 quod

167 1681 257 1740 eis
293 1681 687 1756 dispensative
716 1679 1014 1739 indultum
1049 1681 1137 1738 est
1162 1677 1243 1737 ad
1266 1675 1711 1753 procurandum

165 1778 481 1852 propriam
505 1776 941 1846 liberationem,
970 1778 1027 1832 et
1052 1778 1297 1849 propter
1321 1774 1583 1830 nostram
1598 1770 1712 1828 ins·-

167 1871 547 1929 tructionem.
578 1872 807 1940 Quanto
834 1869 1011 1943 igitur
1025 1868 1373 1927 mendicitas
1394 1868 1588 1941 major
1604 1868 1711 1938 est,

167 1969 337 2024 tanto
386 1963 450 2022 in
493 1963 900 2022 subveniendo
946 1964 1135 2037 pietas
1175 1960 1494 2020 virtuosior
1538 1959 1715 2018 dehet

172 2074 326 2118 esse.
380 2058 524 2116 Dicit
575 2058 932 2131 Augustinus
984 2054 1006 2089 ⁸
1048 2075 1064 2112 ε
1112 2075 1141 2110 α
1187 2055 1423 2113 Curatio
1471 2052 1715 2125 funeriS,

172 2151 442 2210 conditio
468 2150 804 2227 sepulturas,
826 2166 1061 2225 pompae
1088 2149 1496 2223 exequiarum,
1525 2146 1718 2221 magis

170 2248 313 2304 sunt
337 2245 617 2303 vivorum
644 2244 877 2317 solatia,
904 2260 1088 2318 quam
1114 2241 1384 2300 subsidia
1409 2240 1715 2300 defuncto-

169 2356 310 2398 rum
328 2359 347 2412 3
390 2358 420 2393 n
450 2345 506 2397 et
545 2342 746 2397 tamen
799 2337 1129 2396 secundum
1174 2336 1557 2410 Augustinum
1605 2334 1718 2393 ibi-

172 2433 317 2492 dem
342 2434 389 2504 ⁸‚
417 2432 666 2491 Tobiam
691 2431 1037 2507 sepeliendo
1066 2436 1352 2502 mortuoS,
1377 2432 1559 2487 Deum
1585 2444 1719 2503 pro·

170 2523 482 2600 meruisse,
514 2531 655 2585 teste
683 2526 939 2598 Angelo,
970 2525 1420 2583 demonstratur.
1452 2524 1509 2580 Si
1546 2523 1720 2596 igitur

171 2637 380 2679 curam
408 2619 721 2694 sepulturis
749 2618 1078 2694 impendis,
1128 2634 1261 2693 quae
1276 2659 1296 2689 ,
1333 2617 1395 2675 in
1430 2622 1720 2691 quantum

170 2715 555 2790 huJusmodi,
600 2730 815 2789 parum
866 2715 1060 2789 potest
1091 2712 1375 2788 prodesse
1408 2711 1717 2783 defunctiS,

174 2813 264 2869 est
283 2813 488 2868 tamen
515 2808 662 2867 tanti
703 2807 925 2880 meriti,
970 2810 1262 2882 quantum
1304 2805 1603 2864 meritoria
1636 2808 1723 2864 est

172 2904 283 2963 illa
310 2904 519 2979 pictas,
545 2902 686 2961 illos
701 2902 912 2976 Juvare
929 2944 948 2974 ,
979 2901 1082 2975 qui
1105 2900 1317 2973 jnvare
1344 2916 1406 2957 se
1427 2915 1552 2957 non
1578 2915 1721 2973 pos-

174 3002 352 3069 sunt,
375 3000 442 3055 ut
465 2997 601 3055 illos
628 2995 935 3071 expeditos
963 3010 999 3053 a
1024 2993 1311 3063 vinculiS,
1337 2992 1724 3068 postmodum

173 3093 512 3151 habeamus
563 3091 975 3149 intercessores
1029 3088 1093 3145 in
1146 3087 1331 3146 coelis.
1387 3087 1723 3146 Secundum

177 3186 343 3245 enim
386 3184 775 3259 Augustinum
803 3185 826 3220 ⁸
855 3202 870 3240 ε
908 3205 936 3236 α
961 3185 1089 3240 Non
1126 3186 1212 3241 est
1250 3181 1593 3255 negandum
1623 3181 1727 3241 de-

176 3279 521 3338 functorum
573 3277 801 3336 animas
832 3275 1049 3351 pietate
1097 3291 1344 3334 suorum
1400 3275 1726 3334 viventium

176 3372 458 3444 relevari,
488 3388 624 3429 cum
666 3386 780 3445 pro
829 3369 948 3427 illis
996 3369 1329 3428 mediatoris
1371 3370 1725 3428 sacrificium

181 3466 452 3525 offertur.
500 3484 530 3520 ι
588 3466 718 3522 Haec
771 3462 983 3522 eadem
1036 3462 1321 3522 sententia
1372 3463 1615 3538 ponitur
1663 3464 1727 3521 in

178 3560 411 3620 Glossa.

254 3654 478 3725 Quarto
515 3652 940 3711 attendendum
976 3654 1061 3709 est
1101 3650 1461 3727 supplicium
1498 3650 1726 3709 incom-

175 3747 477 3825 parabile,
505 3746 670 3822 quod
698 3746 959 3819 signatur
983 3743 1044 3803 in
1072 3743 1250 3803 ferro.
1269 3748 1331 3804 ln
1344 3760 1600 3819 persona
1623 3744 1729 3802 ho—

178 3859 320 3901 rum
348 3840 498 3899 dixit
523 3842 813 3898 Manasses
834 3841 858 3876 ‘¹
889 3858 903 3897 :
941 3843 1335 3898 «incurvatus
1356 3854 1488 3896 sum
1520 3837 1726 3896 vincu-

179 3934 254 3993 lis
284 3933 442 3993 ferri.
459 3931 569 3989 »ἀ
587 3934 830 3993 Gravior
858 3937 946 3991 est
961 3931 1335 4008 purgatorius
1356 3930 1527 4005 ignis,
1544 3946 1728 4006 quam

180 4027 483 4104 quidquid
508 4030 703 4102 potest
741 4028 928 4086 homo
956 4027 1078 4101 pati
1104 4026 1167 4084 in
1195 4027 1320 4084 vita
1344 4025 1472 4084 ista.
1504 4046 1533 4083 n
1564 4024 1727 4084 Unde

181 4126 272 4181 est
296 4122 472 4195 igitur
490 4163 513 4193 ,
540 4120 707 4196 quod
749 4124 911 4179 tanta
943 4135 1124 4196 poena
1163 4119 1225 4177 in
1267 4124 1568 4178 momento
1605 4134 1727 4177 non

182 4216 386 4291 expiat
439 4218 751 4290 peccatum
772 4215 801 4271 ‘i
844 4213 1130 4289 quoniam
1174 4213 1197 4248 ⁹
1248 4232 1278 4267 α
1327 4212 1729 4270 misericordia

180 4308 582 4385 superexaltat
619 4308 932 4383 Judicium.
981 4327 1013 4363 π
1060 4306 1116 4366 81
1163 4306 1324 4365 enim
1371 4305 1728 4381 supplicium

184 4404 386 4461 statim
426 4419 550 4461 non
593 4405 808 4477 purgat
852 4416 1029 4459 omne
1058 4404 1387 4475 peccatum,
1415 4399 1521 4457 illa
1554 4414 1731 4474 poena

184 4502 274 4555 est
299 4512 512 4571 parum
541 4495 926 4567 satisfactiva,
954 4494 1090 4553 licet
1114 4493 1372 4552 multum
1395 4494 1468 4551 sit
1493 4492 1728 4566 acerba,

183 4591 333 4666 quia
357 4591 549 4662 magis
576 4594 663 4648 est
692 4590 848 4664 juste
873 4588 1133 4662 inflicta,
1184 4604 1366 4663 quam
1408 4588 1482 4645 sit
1526 4590 1731 4662 sponte

186 4688 509 4758 assumpta.
568 4686 615 4743 Ο
668 4700 903 4742 summa
947 4682 1332 4759 perversitas!
1392 4697 1731 4740 recusamus

185 4779 382 4837 facere
409 4777 836 4852 poenitentiam,
863 4776 1223 4852 trepidantes
1242 4776 1472 4847 timore,
1490 4775 1732 4845 ubinon

187 4874 279 4931 est
298 4872 505 4946 timor;
532 4876 590 4930 et
614 4871 721 4929 illa
754 4870 1058 4929 horrenda
1087 4870 1377 4945 supplicia
1413 4870 1731 4945 parvipen-

190 4966 391 5025 dimus
408 5009 430 5039 ,
463 4967 527 5024 in
561 4966 781 5042 quibus
808 4967 959 5024 Deus
983 4963 1026 5000 ¹⁰
1059 4982 1090 5019 α
1111 4963 1361 5023 armavit
1403 4968 1732 5022 creaturam

259 5164 274 5192 ¹
304 5162 470 5221 Prov„
500 5171 554 5224 x,
582 5162 631 5211 5.
663 5186 718 5196 —
749 5160 772 5194 ¹
793 5157 904 5225 Job,
937 5170 1049 5223 xlx,
1076 5162 1156 5211 21.
1177 5184 1240 5196 —
1265 5159 1288 5194 ⁸
1311 5159 1484 5223 Greg.,
1509 5157 1729 5223 Dt'aloq„

192 5232 283 5283 liv.
325 5242 396 5291 ιν,
432 5245 477 5281 c.
513 5242 596 5282 iv.
624 5256 686 5269 -
719 5230 741 5265 ⁸
778 5235 931 5295 Aug„
968 5230 1039 5279 De
1075 5244 1182 5280 cur.
1215 5244 1307 5294 pro
1335 5232 1484 5281 mort.
1511 5244 1639 5295 qen,
1670 5243 1729 5296 11,

194 5309 242 5356 t.
272 5328 336 5341 -
364 5304 382 5334 ⁸
415 5303 563 5367 thid„
592 5314 683 5366 111,
711 5306 758 5354 5.
789 5329 851 5340 —
880 5304 901 5337 ⁸
925 5305 1077 5367 Aug„
1108 5315 1264 5353 serm.
1300 5313 1456 5367 chx,
1483 5305 1551 5352 at.
1575 5314 1732 5365 xxxi,

195 5374 406 5426 devere.
425 5374 617 5438 apost„
633 5387 687 5424 n.
708 5376 757 5436 2,
777 5373 946 5440 quoad
968 5386 1193 5424 sensum.
1214 5400 1274 5411 —
1289 5375 1306 5406 ‘¹
1324 5375 1463 5424 Orat.
1489 5375 1733 5437 manase„

200 5447 333 5499 inter
360 5460 533 5512 apocr.
566 5445 696 5500 Bibl.
729 5472 783 5482 --
822 5446 840 5476 ⁸
869 5446 943 5496 De
969 5459 1071 5495 ver.
1105 5448 1154 5495 et
1182 5444 1306 5509 sals.
1335 5446 1531 5507 Poenit„
1573 5456 1727 5508 xvn1,

474 5553 626 5602 Tolt.
666 5553 805 5600 xm.

3229 519 3348 583 625

1816 635 1896 694 ad
1939 637 2227 697 ultionem
2275 640 2685 702 inimicorum!
2728 664 2758 701 n
2788 645 2905 705 Nisi
2941 646 3091 707 forte
3134 649 3348 725 aliquis

1815 728 1986 788 datus
2007 732 2169 791 sitin
2193 736 2518 809 reprobum
2543 754 2801 812 sensum,
2828 745 3041 800 utnon
3067 743 3267 801 credat
3287 760 3350 804 se

1814 822 2012 882 vivere
2040 827 2351 899 posthanc
2376 829 2588 903 vitam,
2618 832 2768 890 sicut
2806 833 3054 908 quidam
3093 852 3165 894 ex
3208 854 3352 913 pro-

1814 916 1947 989 prio
1974 917 2304 995 intellectu,
2335 926 2392 982 et
2414 940 2486 981 ex
2531 925 2749 985 dictatu
2788 928 3043 1003 propriae
3085 930 3350 1002 rationis,

1815 1026 1878 1068 se
1905 1013 2266 1074 concludunt
2291 1019 2603 1091 mortales,
2633 1024 2920 1097 tanquam
2949 1027 3161 1096 essent,
3204 1040 3347 1084 con-

1816 1106 2059 1164 vincunt
2097 1109 2465 1171 irrationales
2503 1115 2565 1172 ¹¹.
2615 1117 2888 1189 Tanquam
2921 1121 3100 1190 iqitur
3140 1126 3194 1178 et
3239 1124 3353 1194 ipsi

1814 1203 2005 1273 vincti,
2034 1212 2345 1263 mementote
2378 1211 2701 1279 vinctorum,
2723 1225 2800 1268 ne
2828 1227 2939 1269 nos
2965 1213 3353 1272 veniamusin

1816 1292 1976 1350 hunc
2016 1294 2216 1355 locum
2257 1303 2702 1360 tormentorum.
2751 1304 3099 1380 Exemplum
3128 1311 3353 1365 081Μο-
3434 1327 3593 1369 am-

1818 1385 2198 1447 chabaeorum
2225 1391 2544 1452 dicentium
2570 1398 2614 1438 ¹²
2646 1414 2661 1454 ε
2695 1416 2725 1450 α
2753 1400 2870 1456 Nos
2897 1414 3039 1472 ergo
3079 1399 3143 1457 in
3187 1401 3352 1460 0111111
3379 1386 3520 1444 1²¹⁸¹¹²⁸

1816 1483 2086 1556 tempore
2104 1483 2228 1542 sine
2244 1486 2675 1548 intermissione
2688 1507 2983 1551 memores
3003 1510 3207 1552 sumus
3228 1512 3356 1553 ves-

1815 1575 1889 1634 tri
1916 1575 1980 1634 in
2007 1578 2325 1654 sacrificiis,
2354 1598 2486 1656 ques
2513 1582 2836 1659 offerimus,
2859 1607 2888 1643 11
2924 1591 3034 1647 etc.

2230 1777 2339 1853 DE
2398 1779 2464 1860 S.
2526 1780 2946 1864 MARTINO.

2453 1935 2732 1998 SERMO.

1893 2049 1961 2105 In
1986 2050 2220 2109 bonitate
2246 2058 2298 2110 et
2324 2054 2611 2112 alam-itate
2650 2058 2843 2113 animoe
2879 2072 2988 2114 Μ
3007 2060 3223 2132 placuit
3249 2062 3361 2119 Deo

1823 2143 1996 2199 Israel
2046 2145 2109 2203 ⁴³.
2152 2147 2422 2221 Loquens
2469 2148 2898 2208 Ecclesiasticus
2952 2155 3079 2210 acta
3125 2157 3363 2228 patrum

1823 2238 2305 2315 praecedentium,
2347 2247 2404 2301 et
2428 2243 2694 2318 ipsorum
2729 2261 2912 2320 opera
2954 2248 3168 2305 nostris
3203 2255 3362 2308 auri·

1825 2329 1941 2389 bus
1969 2332 2265 2407 ingerenS,
2295 2335 2444 2395 inter
2471 2337 2861 2413 patriarchas,
2888 2341 3228 2417 Prophetas,
3255 2346 3361 2403 Sa·-

1827 2426 2093 2485 cerdotes
2141 2431 2199 2486 et
2250 2431 2469 2503 RegeS,
2494 2431 2610 2490 hoc
2660 2433 2741 2491 ad
2785 2435 3363 2495 commendationem

1828 2520 2073 2579 Phinees
2100 2522 2266 2597 dixit,
2291 2524 2388 2583 vel
2413 2525 2626 2600 intulit,
2657 2531 2825 2603 cujus
2857 2533 3221 2590 conversatio
3248 2535 3364 2591 tes-

1829 2613 2141 2674 timonium
2193 2634 2424 2691 magnes
2472 2620 2669 2679 laudis
2714 2624 3024 2700 assumpsit
3079 2646 3093 2683 :
3133 2630 3191 2683 et
3232 2629 3366 2700 post

1830 2709 2111 2782 competit
2139 2710 2477 2771 beatissimo
2516 2714 2780 2788 Mal-tino,
2823 2716 2990 2791 cujus
3029 2717 3211 2777 hodie
3237 2734 3364 2776 me-

1829 2800 2084 2859 moriam
2111 2803 2500 2864 celebramus.

1900 2899 1962 2955 ln
1999 2914 2122 2973 quo
2168 2901 2616 2961 commendatur
2647 2906 2843 2978 primo
2881 2910 2948 2964 ut
2984 2908 3277 2969 virtuosus
3302 2911 3366 2970 in

1828 2990 2178 3051 innocentiae
2204 2998 2527 3067 venustate,
2558 3012 2696 3054 cum
2722 2996 2863 3056 dicit
2894 3017 2909 3057 :
2955 3002 3225 3062 Bonitate.
3257 3008 3368 3063 Bo-

1830 3085 1979 3144 nitas
2007 3086 2169 3144 enim
2203 3088 2534 3162 subjectum
2569 3093 2628 3148 et
2663 3092 2963 3167 objectum
3003 3096 3226 3156 virtutis
3253 3104 3364 3175 est;

1832 3182 1889 3236 et
1914 3178 2051 3237 ideo
2087 3180 2199 3256 ipsi
2241 3183 2439 3240 virtuti
2481 3188 2566 3242 est
2604 3187 2966 3259 necessaria,
3011 3194 3077 3248 ut
3111 3191 3258 3250 nihil
3297 3192 3372 3252 sit

1832 3274 2184 3346 virtuosum,
2219 3275 2333 3334 nisi
2362 3276 2425 3335 in
2451 3285 2741 3353 quantum
2777 3283 3103 3343 bonitatem
3139 3286 3371 3362 partici-

1830 3371 1950 3440 pat.
1981 3370 2223 3444 Propter
2262 3371 2428 3446 quod
2457 3372 2598 3432 dicit
2621 3377 2975 3449 Augustinus
3003 3380 3049 3416 ¹⁸
3080 3398 3095 3437 ε
3129 3399 3158 3435 α
3184 3381 3372 3440 Virtus

1833 3464 1920 3518 est
1944 3461 2110 3521 bona
2129 3463 2381 3537 qualitas
2409 3467 2642 3540 mentis,
2668 3485 2790 3544 qua
2805 3475 2959 3530 recte
2985 3472 3221 3547 vivitur,
3252 3492 3372 3550 qua

1832 3569 2009 3613 nemo
2038 3557 2196 3615 male
2220 3557 2421 3631 utitur,
2437 3575 2559 3635 qua
2576 3565 2726 3620 Deus
2751 3563 2813 3622 in
2838 3566 3013 3624 nobis
3039 3567 3165 3626 sine
3190 3569 3369 3627 nobis

1832 3650 2303 3710 commendatur.
2335 3671 2364 3707 11
2397 3655 2461 3711 111
2487 3654 2599 3712 hac
2626 3657 2899 3716 Martinus
2924 3662 3149 3720 tantum
3175 3660 3371 3736 profe·

1833 3742 1932 3813 cit,
1961 3747 2027 3800 ut
2053 3743 2115 3801 in
2152 3746 2316 3803 omni
2349 3749 2500 3806 statu
2527 3765 2761 3825 semper
2792 3750 2871 3809 ad
2916 3753 3146 3827 maJ‘ora
3169 3771 3372 3815 ascen-

1834 3835 2018 3894 deret.
2053 3839 2198 3895 Nam
2219 3839 2416 3898 bonus
2439 3840 2550 3900 fuit
2585 3842 2651 3899 in
2693 3847 2845 3903 statu
2870 3845 3130 3914 militari,
3159 3849 3372 3908 melior

1832 3928 1896 3987 in
1920 3929 2128 3989 habitu
2153 3935 2515 4007 monachali,
2551 3936 2656 3994 sed
2699 3937 2957 4012 optimus
2992 3940 3055 3999 in
3093 3942 3372 4003 cathedra

1830 4024 2175 4098 pontificali.

1905 4119 2197 4193 Secundo,
2226 4125 2291 4179 ut
2323 4122 2612 4194 gratiosus
2632 4124 2856 4198 iustitia
2883 4128 3008 4187 sive
3041 4129 3237 4190 laetitia
3264 4129 3371 4190 de-

1833 4210 2104 4286 lectante,
2133 4230 2270 4272 cum
2295 4215 2466 4274 addit
2503 4235 2518 4274 ε
2564 4221 2636 4276 Et
2678 4223 2966 4281 alacritate
3010 4228 3205 4283 animoe
3239 4242 3370 4299 suoe,

1834 4304 1901 4363 id
1928 4310 2034 4379 est,
2064 4308 2369 4367 securitate
2402 4311 2789 4387 conscientioe‚
2822 4331 2943 4390 qua
2969 4316 3118 4375 nihil
3144 4318 3372 4378 homini

1829 4400 2149 4473 jucundius
2178 4417 2301 4459 esse
2330 4406 2539 4477 potest,
2566 4406 2894 4466 secundum
2922 4408 3074 4468 illud
3104 4410 3174 4469 ¹⁸:
3203 4413 3372 4470 «Non

1838 4497 1925 4552 est
1951 4494 2266 4553 oblectatio
2297 4496 2371 4569 (a)
2399 4513 2577 4572 super
2604 4500 2801 4559 cordis
2829 4503 3137 4575 gaudium.
3168 4525 3198 4560 n
3228 4505 3373 4564 Vide

1838 4592 2061 4662 quanta
2081 4589 2417 4662 jucunditas
2439 4596 2524 4649 est
2544 4609 2775 4668 semper
2789 4595 2851 4652 in
2874 4596 3038 4655 bono
3065 4598 3373 4672 proficere,

1837 4685 1894 4739 et
1938 4683 2197 4741 criminis
2235 4684 2548 4744 infectione
2590 4703 2810 4762 carere,
2860 4690 3009 4749 inter
3045 4692 3243 4751 hostes
3284 4693 3374 4751 vi·

1838 4792 1997 4847 vere,
2020 4780 2079 4835 et
2103 4778 2251 4836 nihil
2284 4779 2615 4843 hostilitatis
2640 4784 2884 4857 habere,
2911 4791 3020 4845 etc.

1908 4871 2117 4944 Tertio,
2149 4877 2213 4931 ut
2247 4890 2566 4948 generosus
2593 4878 2851 4938 amicitia
2891 4879 3014 4939 sive
3047 4883 3253 4941 notitia
3277 4899 3375 4941 su-

1839 4963 2154 5040 blimante,
2183 4983 2321 5026 cum
2357 4969 2596 5028 additur
2625 4989 2640 5028 :
2684 4974 2901 5031 Placuit
2938 4976 3047 5034 Deo
3071 4978 3279 5035 Israel:
3308 4981 3376 5036 ut

1841 5143 1922 5206 34,
1949 5140 2084 5192 inter
2107 5143 2275 5206 Opera
2307 5145 2459 5209 Aug„
2494 5149 2621 5211 App.
2662 5151 2787 5198 tom.
2815 5150 2900 5199 Vl.
2923 5176 2985 5188 —
3011 5151 3031 5181 ⁹
3057 5149 3262 5215 Jac.,11,
3294 5156 3372 5203 13.

1841 5237 1901 5249 —
1938 5214 1982 5249 ¹⁰
2015 5213 2160 5278 Sap„
2189 5226 2237 5277 ν,
2273 5218 2345 5266 18.
2374 5242 2437 5253 -
2464 5218 2503 5253 ¹¹
2532 5218 2655 5267 Loc.
2689 5233 2825 5270 corr.
2860 5247 2914 5257 —
2944 5221 2986 5256 ¹²
3015 5222 3031 5271 1
3062 5221 3248 5287 Maeli„
3277 5235 3371 5291 ιιι,

1842 5289 1922 5338 11.
1952 5311 2014 5323 —
2041 5286 2084 5322 ¹⁸
2110 5286 2291 5351 Eccli„
2319 5299 2439 5348 ην,
2468 5290 2546 5340 29.
2578 5316 2632 5326 —
2669 5291 2709 5326 ¹⁴
2727 5295 2964 5357 August„
2998 5293 3060 5343 de
3092 5294 3201 5344 Lib.
3229 5293 3376 5358 Arb„

1839 5356 1927 5407 lib.
1962 5358 2025 5421 ΙΙ,
2056 5369 2166 5422 xix,
2194 5360 2272 5421 5⁰,
2301 5360 2471 5423 quoad
2510 5374 2734 5415 sensum.
2774 5391 2837 5402 —
2870 5365 2904 5396 ¹⁸
2929 5364 3110 5424 Eccli„
3138 5379 3266 5432 xxx,
3298 5371 3373 5421 16.

1904 5446 1972 5511 (α)
2010 5446 2156 5511 Vulq.
2185 5448 2630 5502 oblectamentum.

3010 5552 3092 5614 40
