4059 6317
999 477 1083 544 IN
1123 477 1255 544 DIE
1294 475 1599 546 SANCTO
1643 475 2218 546 PENTECOSTES.
2261 477 2526 548 SERMO
2564 481 2641 549 V.

781 691 1073 766 SERMo
1117 693 1205 764 V.

292 829 539 896 Factus
573 832 666 895 est
701 833 958 912 repente
997 827 1078 896 de
1115 830 1266 898 emto
1303 845 1499 899 sonus
1525 833 1571 911 ¹,
1613 833 1758 910 etc„

202 953 426 1018 usque
455 957 473 1000 ι
503 935 794 1019 seditque
819 951 1020 1019 supra
1045 936 1337 1021 &apulos
1359 954 1607 1019 eoram,
1639 943 1758 1002 etc.

204 1043 288 1107 In
317 1043 425 1108 his
445 1043 659 1109 verbis
695 1042 972 1127 Spiritus
994 1049 1249 1109 sanctus
1270 1044 1628 1110 ostenditur
1651 1061 1763 1110 re-

207 1151 522 1234 pentinus
536 1198 558 1230 ,
589 1166 861 1215 sonorus
877 1198 899 1230 ,
926 1150 1206 1232 validus,
1234 1152 1606 1236 repletivus,
1636 1151 1761 1217 lin-

208 1276 474 1340 guosus
497 1305 514 1338 ,
543 1258 780 1340 igneus
794 1306 814 1338 ,
844 1256 1121 1341 quietus.
1152 1258 1265 1324 Est
1288 1262 1505 1325 autem
1529 1275 1759 1343 repen-

160 1441 170 1452 ·
204 1367 396 1432 tinus
447 1366 520 1430 in
580 1367 812 1431 festina
869 1367 1284 1433 conversione
1300 1417 1320 1448 ,
1378 1385 1651 1434 sonorus
1695 1371 1765 1434 in

205 1473 408 1539 laude
442 1476 508 1538 et
548 1472 836 1539 oratione
855 1521 877 1553 ‚
905 1474 1159 1540 validus
1200 1477 1271 1539 in
1313 1477 1763 1560 temporalium

208 1580 693 1646 renuntiatione
710 1628 732 1660 ,
760 1581 1108 1665 repletivus
1133 1581 1203 1648 in
1231 1583 1402 1649 hona
1427 1586 1759 1669 opinione,

208 1689 566 1772 linguosus
591 1689 664 1754 in
701 1688 979 1756 facunda
1016 1691 1493 1774 praedicatione,
1528 1692 1766 1776 igneus

208 1799 285 1862 in
310 1796 566 1862 ardenti
590 1796 957 1878 dilectione,
985 1798 1245 1882 quietas
1272 1798 1342 1863 in
1367 1803 1587 1865 sancta
1612 1819 1761 1866 con-

208 1906 660 1991 templatione.

294 2014 695 2099 Repentinus
730 2014 950 2097 utique
999 2013 1072 2080 in
1111 2016 1562 2098 conversione3
1592 2018 1765 2086 unde

206 2123 458 2189 dicitur
476 2144 494 2188 z
511 2123 746 2189 Factus
762 2125 855 2189 est
866 2127 1120 2206 repente
1133 2171 1153 2201 ‚
1175 2127 1294 2189 etc.
1317 2125 1760 2192 Ambrosius¹z

221 2252 255 2292 ι
280 2230 498 2297 Nescit
522 2231 706 2296 tarda
729 2229 1063 2296 molimina
1093 2229 1369 2315 Spiritus
1394 2234 1594 2299 sancti
1619 2252 1763 2317 gra·

210 2337 329 2402 tia.
356 2359 390 2398 n
427 2340 453 2378 ⁸
490 2362 515 2394 ι
546 2336 639 2403 Ne
663 2337 877 2403 tardes
902 2339 1187 2404 converti
1213 2341 1295 2405 ad
1325 2340 1690 2407 Dominum.
1720 2363 1752 2402 n

212 2443 665 2527 Suscipiamus
706 2463 867 2528 ergo
906 2463 1080 2512 nunc
1128 2448 1536 2532 repentinum
1570 2449 1763 2533 spiri-

213 2556 363 2618 tum
389 2552 471 2618 ad
493 2554 999 2635 conversionem,
1029 2573 1116 2619 ne
1141 2555 1525 2637 accipiamus
1542 2574 1764 2641 repen-

214 2660 433 2746 tinum
456 2659 792 2726 interitum
818 2661 899 2725 ad
926 2661 1404 2727 damnationem
1430 2663 1455 2699 ⁸
1484 2682 1503 2727 ε
1542 2685 1573 2724 α
1601 2664 1761 2730 Cum

212 2767 396 2831 enim
440 2766 722 2832 dixerint
751 2789 769 2832 ι
803 2766 942 2833 Pax
976 2772 1042 2834 et
1066 2770 1405 2850 securitas,
1450 2774 1606 2835 tunc
1654 2789 1763 2837 re-

217 2876 528 2959 pentinus
554 2873 645 2940 eis
671 2876 1083 2959 superveniet
1121 2877 1434 2942 interitus.
1456 2898 1489 2937 ι»

295 2980 594 3048 Secundo
610 3030 629 3063 ‚
680 2999 951 3047 sonorus
993 2983 1063 3047 in
1088 2983 1277 3049 laude
1324 2986 1390 3048 et
1422 2982 1711 3049 oratione
1737 3006 1755 3064 ;

214 3089 390 3155 unde
430 3089 662 3155 dicitur
691 3108 708 3155 ε
741 3092 830 3157 De
878 3090 1028 3159 coelo
1048 3106 1267 3159 sonus·
1296 3091 1319 3128 ⁸
1353 3113 1383 3153 α
1411 3090 1606 3156 Sonet
1632 3109 1763 3157 vox

214 3196 425 3261 tuain
453 3196 721 3261 auribus
746 3197 907 3262 meis
932 3218 950 3276 ;
979 3215 1113 3262 vox
1151 3196 1323 3262 enim
1370 3202 1479 3262 tua
1522 3198 1758 3279 dulcia,

216 3308 285 3368 et
330 3303 523 3369 facies
558 3306 674 3368 tua
711 3304 961 3370 decora.
998 3327 1031 3366 ι»
1075 3303 1291 3370 Facies
1325 3305 1563 3370 animae
1603 3323 1763 3371 con-

214 3410 487 3477 scientia
510 3415 639 3491 est3
671 3410 962 3477 Psalmus
982 3413 1006 3450 ⁸
1035 3434 1050 3478 ε
1079 3435 1112 3474 α
1142 3413 1439 3494 Arguam
1465 3418 1550 3493 te,
1574 3434 1607 3473 ι»
1638 3417 1759 3479 etc.

220 3519 361 3586 Tua
386 3537 550 3602 ergo
579 3537 734 3601 vox,
750 3520 823 3584 in
848 3521 1088 3587 orando
1105 3525 1171 3586 et
1193 3520 1535 3602 laudando,
1564 3520 1765 3587 dulcis

220 3630 321 3692 est
345 3626 417 3690 in
442 3626 710 3691 auribus
736 3626 872 3706 Dei,
902 3627 959 3691 si
984 3628 1172 3692 facies
1188 3628 1418 3693 decora
1445 3631 1560 3692 est.
1591 3627 1764 3693 Bene

218 3736 440 3798 autem
467 3747 599 3800 vox
616 3738 755 3812 tua,
782 3749 914 3797 uon
939 3750 1075 3799 Vox
1100 3733 1340 3800 vicarii.
1375 3732 1545 3798 Bene
1570 3734 1763 3798 etiam

220 3842 313 3906 ait
344 3863 360 3906 ε
392 3841 470 3907 in
496 3841 765 3907 auribus
792 3843 952 3908 meis
971 3888 991 3921 ,
1015 3858 1148 3906 non
1174 3841 1246 3906 in
1271 3841 1537 3905 auribus
1561 3840 1765 3905 homi-

220 3967 383 4015 num
410 3949 495 4015 ad
517 3967 757 4015 vanam
784 3949 1083 4032 gloriam.
1118 3949 1313 4015 Debet
1336 3966 1598 4034 quoque
1632 3967 1763 4015 non

220 4058 439 4128 solum
462 4057 535 4121 in
558 4057 824 4123 auribus
849 4057 984 4137 Dei,
1006 4057 1116 4123 sed
1133 4058 1327 4123 etiam
1349 4056 1763 4140 angelorum,

221 4183 356 4231 vox
387 4168 495 4230 tua
521 4182 749 4230 sonare
772 4165 796 4201 ⁷
827 4186 843 4229 ε
884 4187 915 4226 α
936 4163 1094 4243 Quae
1121 4164 1371 4236 habitas
1408 4164 1478 4227 in
1515 4163 1718 4230 hortis
1739 4215 1757 4245 ,

219 4272 412 4338 amici
422 4271 804 4353 auscultant,
820 4272 920 4337 fac
929 4288 1033 4336 me
1046 4271 1266 4338 audire
1281 4276 1754 4340 vocemtuam.»

221 4379 429 4445 Amici
456 4382 611 4443 sunt
634 4378 869 4461 angeli.

305 4486 518 4552 Tertto
546 4486 798 4553 validus
822 4489 917 4552 est
946 4485 1221 4570 Spiritus
1247 4489 1503 4552 sanctus
1522 4535 1543 4568 ,
1572 4490 1638 4553 et
1657 4505 1765 4554 ve·

222 4594 496 4659 hemens
515 4593 587 4659 in
599 4593 1049 4677 temporalium
1070 4594 1540 4659 renuntiatione
1549 4612 1572 4677 ;
1593 4595 1765 4661 unde

223 4701 520 4784 sequitur
568 4723 584 4767 ε
643 4703 977 4783 Tanquam
1027 4700 1438 4770 advenientis
1489 4705 1765 4786 spiritus

132 4875 139 4882 ,
226 4808 632 4875 vehementis.
680 4807 972 4873 Psalmus
1009 4808 1032 4845 ⁸
1062 4829 1079 4871 z
1112 4830 1145 4870 ι
1178 4807 1253 4872 ln
1291 4808 1521 4892 spiritu
1567 4808 1766 4874 vehe-

226 4916 432 4981 menti
457 4919 743 4981 conteres
768 4933 966 4982 naves
1002 4913 1258 4981 Tharsis
1279 4962 1297 4996 ‚
1331 4936 1364 4975 n
1394 4916 1456 4980 id
1483 4919 1614 4995 est,
1652 4933 1762 4982 Ve-

229 5023 447 5089 hicula
472 5023 920 5108 temporalium
944 5070 960 5103 ,
1005 5023 1240 5108 quibus
1277 5022 1613 5089 saeeulares
1628 5071 1651 5104 ,
1695 5024 1764 5087 in

295 5185 310 5220 ¹
343 5184 479 5247 Act„
504 5196 572 5249 11,
599 5187 695 5237 2³.
721 5210 787 5224 —
811 5185 834 5219 ’
860 5184 1117 5247 Ambros„
1146 5185 1202 5235 in
1227 5184 1363 5250 Luc„
1390 5186 1478 5237 lib.
1506 5188 1574 5243 11.
1602 5200 1656 5239 n.
1684 5189 1764 5240 19.

234 5282 291 5293 -
323 5255 346 5291 ⁸
368 5255 551 5320 Eruli„
578 5268 629 5319 V,
657 5259 704 5309 8.
730 5284 792 5295 —
818 5257 840 5293 ⁸
871 5258 887 5306 l
920 5255 1100 5320 Thess„
1128 5267 1179 5320 V,
1210 5258 1257 5308 3.
1284 5283 1349 5295 —
1373 5258 1396 5295 ⁸
1419 5257 1587 5320 Cant„
1615 5272 1687 5325 11,
1714 5261 1765 5313 4.

228 5353 296 5367 -
321 5326 345 5363 ⁸
375 5325 514 5377 Ptol.
551 5331 818 5393 1111,st
851 5353 916 5367 -
952 5328 974 5363 '¹
1005 5327 1176 5389 Cant„
1210 5331 1450 5391 V111,13.
1480 5356 1542 5369 -
1571 5331 1596 5367 ⁸
1633 5332 1766 5385 Rsal.

234 5409 403 5462 xum,
425 5401 472 5449 8.
500 5425 562 5439 —
584 5401 604 5431 ⁹
627 5401 769 5464 Sap„
796 5411 845 5463 V,
873 5403 947 5450 10.
967 5423 1029 5440 -
1049 5400 1095 5435 ¹⁰
1114 5402 1265 5465 Aug„
1287 5401 1343 5449 in
1370 5400 1512 5452 Joan.
1551 5404 1766 5469 Bucam„

239 5471 390 5521 tract.
417 5479 482 5534 x,
507 5482 563 5520 n.
593 5472 641 5522 6.
669 5496 731 5509 -
760 5471 800 5508 ¹¹
824 5471 963 5536 Sap„
994 5481 1063 5536 11,
1093 5473 1142 5523 6.
1171 5497 1227 5509 —
1260 5472 1305 5507 ²¹
1329 5472 1491 5537 Joan„
1516 5485 1614 5540 111,
1636 5477 1767 5527 3.—

3289 481 3411 549 295

1870 616 2157 682 maribus
2182 616 2409 683 mundi
2424 665 2446 698 ,
2475 621 2783 702 tanquam
2810 617 3088 687 navibus
3113 617 3411 685 innitun-

1868 723 2015 788 tur⁹
2040 745 2056 786 ι
2087 722 2548 790 «Transierunt
2573 726 2793 792 omnia
2815 730 3122 810 tanquam
3151 726 3406 807 umbra,

1868 834 1936 896 et
1957 837 2266 914 tanquam
2283 831 2550 897 nuntius
2566 849 2987 915 praecurrens,
3013 836 3079 898 et
3095 836 3402 917 tanquam

1870 939 2078 1019 navis,
2108 958 2256 1023 quae
2273 942 2619 1024 pertransit
2646 943 3065 1008 fluctuantem
3091 959 3352 1027 aquam.
3370 965 3402 1004 n

1870 1046 2034 1112 Nota
2052 1047 2225 1131 quod
2240 1048 2425 1113 dicit:
2445 1049 2480 1114 Ί
2491 1049 2883 1117 ramici-unt.
2905 1050 3309 1134 Augustinus
3323 1049 3370 1088 ²⁰
3390 1075 3406 1117 ε

1879 1179 1912 1218 <1
1936 1155 2163 1221 Nonne
2209 1156 2427 1223 omnia
2473 1159 2690 1222 fumus
2738 1162 2803 1222 et
2860 1162 3091 1222 ventus
3111 1159 3144 1221 Ἰ
3196 1174 3412 1223 nonne

1870 1264 2089 1329 omnia
2128 1267 2495 1346 transeunt,
2537 1269 2602 1330 et
2645 1265 2958 1329 currunt?
2999 1264 3111 1330 Vae
3149 1263 3251 1329 his
3297 1267 3411 1348 qui

1870 1370 2282 1436 adhaeseruut
2316 1371 2794 1437 transeuntibus
2806 1418 2829 1451 ,
2864 1371 3171 1455 quoniam
3215 1369 3412 1435 simul

1869 1481 2224 1543 transeunt.
2263 1485 2304 1540 n·
2326 1476 2585 1543 Tharsis
2629 1478 2987 1561 exploratio
3032 1475 3267 1560 aaudii
3309 1476 3409 1541 in-

1868 1592 2280 1673 terpretatur.
2314 1588 2505 1654 Stulti
2533 1590 2706 1654 enim
2735 1588 3052 1670 gaudium
3078 1589 3146 1653 in
3174 1591 3415 1672 tempo-

1872 1696 2124 1762 ralibus
2167 1701 2472 1779 quaerunt
2494 1696 2539 1738 ¹¹
2569 1718 2631 1760 :a
2656 1693 2919 1776 Venite,
2958 1697 3253 1762 fruamur
3289 1697 3414 1762 bo-

1871 1804 1974 1868 nis
2002 1821 2152 1886 quae
2179 1806 2364 1883 sunt,
2396 1823 2428 1863 n
2458 1805 2579 1867 etc.
2618 1799 2826 1868 Naves
2853 1820 3011 1885 ergo
3055 1801 3318 1868 Tharsis
3344 1802 3414 1867 in

1870 1910 2107 1994 spiritu
2128 1910 2497 1976 vehementi
2520 1912 2959 1989 conteruntur,
2980 1909 3237 1993 quando
3253 1912 3409 1974 tem·
3469 1924 3492 1950 ¹

1869 2015 2117 2099 poralia
2162 2015 2470 2081 instinctu
2526 2013 2801 2100 Spiritus
2861 2013 3064 2080 sancti
3120 2009 3414 2080 contem-

1869 2127 2139 2190 nuntur.
2379 2139 2390 2148 ·

1951 2229 2190 2308 Quarto
2226 2230 2573 2315 repletivus
2614 2235 2714 2296 est
2753 2229 3026 2315 Spiritus
3055 2234 3309 2296 sanctus
3341 2229 3416 2294 in

1870 2339 2041 2404 bona
2069 2340 2405 2424 opinione3
2437 2339 2609 2405 unde
2642 2339 2902 2406 additur
2947 2362 2963 2403 ε
3005 2338 3292 2421 Replevit
3317 2343 3415 2406 to-
3444 2333 3455 2343 ’

1872 2453 2005 2513 tam
2034 2446 2314 2515 domum.
2347 2445 2506 2511 Cum
2532 2446 2705 2511 enim
2732 2449 2948 2530 postea
2973 2445 3223 2511 dicatur
3253 2467 3269 2510 :
3301 2445 3414 2512 Re·

1864 2553 2029 2636 plati
2063 2558 2216 2621 sunt
2241 2568 2457 2622 omnes
2493 2551 2745 2636 Spiritu
2771 2556 2994 2621 sancto
3014 2601 3032 2633 ,
3063 2551 3174 2616 illa
3198 2550 3411 2635 reple-

1869 2659 1960 2724 tio
1988 2661 2069 2725 ad
2094 2661 2365 2727 virtutes
2405 2663 2471 2725 et
2504 2660 2671 2725 dona
2690 2709 2710 2740 ,
2757 2659 2940 2724 istius
2981 2677 3138 2726 vero
3179 2659 3411 2725 domus

1870 2767 2136 2851 repletio
2167 2769 2249 2833 ad
2273 2768 2509 2833 bonam
2530 2767 2770 2832 famam
2811 2767 3086 2851 pertinet
3111 2767 3200 2831 ²¹:
3236 2790 3269 2829 c
3296 2764 3413 2831 Do-

1872 2893 2019 2941 mus
2046 2875 2304 2960 impleta
2334 2873 2409 2959 (b)
2439 2879 2537 2939 est
2573 2892 2657 2938 ex
2688 2874 2881 2940 odore
2909 2874 3249 2957 unguenti.
3275 2897 3307 2936 ιι
3342 2874 3413 2939 ln

1866 2981 2066 3048 odore
2101 2982 2274 3047 bona
2317 2982 2532 3066 opinio
2559 2982 2966 3064 significatur
2992 2981 3082 3047 ¹⁸:
3121 3005 3153 3045 α
3181 2981 3412 3048 Christi

1871 3089 2081 3154 bonus
2107 3089 2263 3154 odor
2290 3105 2518 3154 sumus
2544 3090 2646 3168 (o).
2675 3110 2707 3149 n
2743 3088 2984 3154 Domus
3008 3104 3168 3171 ergo
3190 3088 3412 3172 imple-

1870 3200 2002 3277 tur,
2039 3197 2296 3281 quando
2337 3196 2687 3262 claustrum
2710 3246 2727 3279 ,
2758 3195 2867 3263 vel
2906 3196 3167 3262 ecclesia
3181 3244 3201 3275 ,
3243 3196 3414 3263 hona

1871 3305 2175 3397 opinione
2195 3304 2614 3388 respergitur.
2635 3304 2687 3369 E
2700 3305 3017 3371 contrario
3031 3304 3142 3369 alii
3169 3303 3416 3388 replent

1872 3412 2138 3479 domum
2180 3412 2403 3478 foetore
2430 3412 2709 3478 infamiae
2741 3413 2790 3452 ¹⁸
2822 3427 2841 3474 ε
2878 3435 2910 3475 α
2936 3409 3093 3477 Ecce
3113 3413 3253 3502 jam
3290 3411 3417 3477 foe-

1870 3524 1962 3587 tet
1984 3569 2002 3601 ‚
2031 3542 2064 3581 n
2097 3523 2215 3584 etc·

1953 3627 2186 3706 Quinto
2219 3626 2558 3709 linguosus
2602 3628 2697 3692 est
2731 3623 3008 3710 Spiritus
3048 3630 3303 3692 sanctus
3347 3627 3416 3693 in

1871 3734 2320 3819 praedicatione
2343 3781 2362 3815 ,
2399 3733 2574 3799 unde
2599 3734 2929 3817 sequitur:
2965 3735 3419 3816 Apparuerunt

1873 3843 2011 3910 illis
2037 3841 2402 3925 dispertitoe
2422 3841 2661 3924 linquoe
2683 3846 2755 3906 ²⁸.
2775 3863 2807 3903 α
2832 3839 2901 3905 Si
2924 3839 3173 3921 linguis
3198 3840 3413 3907 homi-

1852 3968 2034 4016 -num
2059 3949 2310 4033 loquar,
2341 3953 2407 4014 et
2430 3948 2812 4031 angelorum
2828 3996 2850 4028 ‚
2872 3968 2904 4007 n
2940 3951 3059 4012 etc.
3094 3946 3189 4013 Ibi
3208 3954 3416 4016 osten·

1872 4059 2050 4125 ditur
2075 4057 2250 4142 quod
2274 4075 2480 4140 neque
2499 4055 2885 4140 praedicatio,
2916 4073 3126 4139 neque
3153 4056 3415 4140 aliquod

1871 4167 2117 4233 bonum
2133 4182 2297 4249 opus
2323 4163 2464 4229 sine
2492 4164 2794 4229 charitate
2821 4162 3077 4228 sufficit.
3108 4163 3278 4230 Bene
3306 4182 3416 4230 au·

1871 4278 2003 4339 tem
2040 4273 2273 4339 dicitur
2305 4292 2320 4338 t
2357 4270 2720 4355 dispertitoe
2760 4271 3003 4354 linquoe
3014 4289 3046 4355 ;
3087 4272 3240 4356 quia
3281 4290 3415 4338 non

1871 4399 2005 4447 uno
2047 4380 2238 4446 modo
2274 4379 2356 4446 ad
2385 4397 2611 4446 omnes
2654 4378 2987 4443 habendus
3031 4382 3128 4443 est
3175 4396 3409 4445 sermo.

1872 4486 2056 4554 Nunc
2078 4486 2252 4552 enim
2279 4487 2357 4552 de
2383 4504 2573 4571 poena
2590 4534 2613 4567 ,
2641 4503 2820 4552 nunc
2843 4484 2924 4550 de
2961 4485 3171 4568 gloria
3191 4533 3207 4566 ‚
3238 4503 3414 4551 nunc

1873 4597 2094 4660 autem
2129 4594 2208 4667 de
2234 4594 2406 4661 vitiis
2431 4598 2497 4659 et
2521 4593 2891 4673 virtutibus;
2931 4596 2998 4658 et
3021 4593 3206 4658 aliter
3229 4592 3411 4658 infir-

1879 4702 2023 4783 mis,
2054 4700 2237 4767 aliter
2262 4702 2553 4785 perfectis
2576 4701 2967 4784 loquendum
3000 4704 3095 4765 est
3121 4700 3165 4737 ¹⁸
3195 4718 3258 4765 :a
3284 4699 3408 4766 Ro-

1878 4824 2114 4889 gamus
2128 4825 2267 4888 vos,
2287 4809 2541 4872 fratres:
2568 4807 2866 4891 corripite
2879 4808 3219 4889 inquietae,
3235 4827 3267 4867 n
3289 4811 3409 4873 etc.

1955 4915 2149 4979 Sexto
2190 4915 2423 4997 igneus
2448 4917 2543 4980 est
2576 4913 2848 4997 Spiritus
2897 4917 3156 4978 sanctus
3197 4914 3269 4979 in
3311 4915 3408 4979 di-

1876 5022 2184 5100 lectione3
2229 5022 2402 5088 unde
2441 5022 2734 5106 sequitur
2777 5042 2794 5087 ε
2844 5022 3174 5104 Tanquam
3209 5024 3407 5106 ionis.

1881 5222 1917 5254 ¹⁸
1942 5221 1991 5274 11
2020 5219 2162 5284 Cor„
2185 5230 2248 5285 11,
2278 5222 2356 5272 ¹5.
2381 5247 2446 5258 —
2473 5219 2513 5255 ἓ*
2533 5220 2698 5283 Ιοαη.,
2722 5230 2796 5280 xi,
2820 5220 2900 5272 39.
2923 5243 2987 5257 -
3014 5218 3059 5256 ¹⁸
3081 5219 3102 5269 1
3126 5219 3264 5283 Cor„
3293 5232 3411 5286 xm,

1879 5295 1926 5344 1.
1953 5319 2014 5331 -
2045 5293 2087 5328 ¹⁸
2113 5295 2134 5344 1
2164 5292 2351 5350 Thess..
2377 5303 2429 5356 V,
2460 5293 2535 5342 14.

1945 5399 2017 5464 (a)
2047 5400 2168 5452 Coet.
2196 5400 2322 5451 edit.
2351 5411 2561 5464 arguam
2583 5401 2654 5461 te,
2681 5398 2780 5447 etc.
2799 5423 2862 5435 —
2884 5397 2950 5462 (ὁ)
2980 5399 3104 5450 Item
3124 5401 3415 5466 repleta.—

1890 5471 1947 5538 (c)
1980 5473 2105 5525 Cat.
2133 5471 2257 5524 edit.
2278 5471 2396 5526 add.
2419 5469 2640 5524 Domini.
2662 5493 2719 5507 -
2745 5467 2829 5535 (d)
2850 5469 2975 5523 Goet.
2996 5470 3117 5527 edit.
3139 5472 3295 5541 deest,
3314 5478 3411 5530 etc.
