4059 6317
1251 491 1354 558 DE
1393 493 1464 559 S.
1506 489 1857 559 ANDRBA.
1901 482 2168 559 SERMO
2207 479 2258 556 Ῐ.

166 626 274 697 tat,
307 627 368 684 et
398 627 593 701 potest
625 640 752 685 esse
793 624 858 684 in
893 627 1209 685 internum!
1253 626 1394 697 Quis
1434 625 1699 686 stultissi-

163 734 296 778 mus
335 722 631 778 mercator
667 719 785 779 hoc
822 720 1038 779 faceret
1052 721 1082 777 Ἰ
1102 720 1219 779 Sed
1247 719 1701 795 vanegloriosus

164 812 277 872 hoc
294 812 454 887 facit,
475 814 722 890 quando
751 830 862 890 pro
886 814 1080 889 gloria
1097 830 1276 891 vana,
1298 832 1433 891 quse
1455 815 1702 875 omnino

166 911 250 966 est
268 908 460 978 nulla,
481 907 735 983 gloriam
753 908 956 966 vendit
980 910 1281 980 aeternam,
1297 912 1357 968 et
1378 925 1492 984 pro
1523 908 1704 968 laude

164 1000 468 1074 vilissima,
494 1002 691 1076 perdit
711 1002 944 1061 bonum
980 1003 1145 1077 quod
1174 1003 1367 1077 potuit
1390 1018 1517 1062 esse
1541 1006 1706 1061 aeter·

166 1111 339 1166 num,
384 1099 443 1152 et
480 1094 647 1170 quod
684 1096 795 1154 erit
831 1112 1067 1154 summa
1106 1094 1300 1170 gloria
1330 1095 1598 1170 dignum.
1626 1098 1707 1154 De

165 1187 278 1247 hac
316 1187 557 1247 stultitia
592 1189 735 1247 dicit
775 1189 1105 1248 Bernardus
1137 1192 1157 1227 ¹
1188 1207 1204 1247 ι
1242 1209 1270 1245 α
1294 1192 1365 1248 Ut
1400 1190 1579 1265 quid,
1617 1190 1707 1247 in-

170 1282 327 1356 quit,
355 1282 583 1355 alieno,
609 1282 710 1341 vel
743 1284 956 1342 mundi
991 1283 1177 1359 ipsius
1222 1287 1529 1343 contentus
1573 1299 1707 1341 sum

169 1375 504 1436 testimonio
518 1420 540 1450 ,
582 1377 751 1452 cuijus
784 1393 896 1437 nec
930 1378 1222 1453 vituperio
1256 1377 1575 1453 reprobus,
1598 1392 1710 1436 neo

171 1469 351 1529 laude
375 1471 649 1530 invenior
683 1488 810 1531 esse
848 1471 1106 1546 dignus?
1144 1472 1202 1533 Si
1238 1472 1400 1531 enim
1440 1474 1576 1531 ante
1611 1470 1711 1530 tri-

173 1563 360 1623 bunal
384 1564 698 1623 hominum
720 1563 1081 1640 judicandus
1099 1568 1374 1639 astarem,
1395 1565 1606 1624 merito
1634 1565 1712 1623 de

172 1655 456 1716 laudibus
480 1658 796 1717 hominum
820 1658 1127 1733 gloriarer.
1159 1662 1324 1718 Nunc
1348 1661 1548 1718 autem
1573 1675 1712 1718 cum

174 1751 359 1810 solius
398 1752 605 1811 Christi
640 1752 870 1826 judicio
906 1753 1346 1829 praesentandus
1380 1753 1490 1827 sis,
1525 1769 1714 1828 quan·

175 1850 247 1904 tas
283 1846 391 1919 (a),
419 1850 628 1922 putas,
657 1847 899 1906 insaniae
938 1851 1091 1906 esset
1124 1846 1368 1921 gloriari
1404 1847 1482 1906 de
1518 1846 1714 1906 homi—

177 1957 321 1999 num
345 1941 548 2012 laude,
569 1958 702 2015 quae
722 1942 873 2000 nihil
902 1942 1145 2001 omnino
1171 1942 1318 2000 boni
1343 1943 1511 2017 ponit
1529 1942 1594 2000 in
1610 1942 1716 2000 ho·

176 2034 377 2093 mine?
406 2055 435 2090 n
468 2034 667 2094 Gloria
686 2035 848 2093 enim
873 2037 897 2070 ³
918 2041 1121 2094 nostra
1145 2035 1324 2094 debet
1347 2050 1474 2094 esse
1506 2054 1536 2090 α
1562 2035 1717 2094 testi-

177 2130 450 2190 monium
488 2130 861 2189 conscientiae
895 2133 1130 2193 nostran.
1166 2152 1194 2183 n
1241 2136 1370 2191 Non
1409 2135 1498 2189 est
1537 2130 1718 2204 igitur

177 2224 560 2299 gloriandum
585 2225 649 2283 in
675 2223 889 2283 mundi
914 2224 1128 2299 gloria,
1145 2241 1278 2299 quse
1304 2227 1391 2283 est
1411 2223 1718 2295 vilissima,

180 2323 264 2376 est
287 2318 767 2390 mendacissima,
798 2320 884 2377 est
918 2318 1350 2392 malignissima
1363 2338 1384 2392 ;
1403 2319 1509 2377 sed
1535 2318 1599 2376 in
1625 2318 1718 2376 di-

180 2412 319 2471 vina
347 2413 580 2486 gloria,
606 2429 740 2489 quae
767 2415 856 2470 est
878 2412 1276 2485 nobilissima,
1315 2414 1376 2471 et
1414 2411 1719 2470 stabilissi-

180 2523 310 2580 ma,
339 2511 399 2566 et
423 2506 831 2577 veracissima,
857 2509 948 2578 et,
976 2505 1027 2565 si
1052 2504 1170 2564 dici
1200 2509 1420 2580 posset,
1453 2505 1719 2580 optimis-

181 2601 351 2661 sima.
401 2607 532 2661 Haec
576 2602 781 2661 omnia
817 2604 879 2659 Β.
917 2600 1184 2659 Andreas
1219 2599 1518 2658 attendere
1547 2599 1722 2659 doce·

181 2695 312 2768 bat,
340 2695 601 2755 dicendo
632 2714 648 2753 :
690 2697 840 2753 Mihi
879 2696 1016 2753 absit
1054 2696 1282 2765 gloriari
1319 2696 1435 2751 nisi
1471 2695 1534 2750 in
1571 2709 1723 2753 cruce

181 2793 405 2848 Domini
440 2793 614 2848 nostri
646 2791 774 2847 Jesu
821 2790 1044 2846 Christi.
1089 2787 1264 2858 Quasi
1298 2787 1520 2845 diceret
1546 2805 1562 2844 τ
1594 2787 1723 2846 Filii

185 2882 417 2942 diaboli
442 2883 795 2957 glorientur,
825 2881 929 2941 alii
956 2882 1020 2939 in
1044 2879 1334 2955 potentia,
1365 2880 1467 2939 alii
1494 2881 1560 2938 in
1596 2897 1725 2941 cor·

184 2962 275 3035 dis
317 2976 646 3051 elegantia,
698 2976 802 3035 alii
841 2976 908 3034 in
950 2975 1220 3047 scientia,
1270 2974 1375 3035 alii
1412 2975 1477 3033 in
1524 2990 1726 3034 rerum

183 3072 456 3132 omnium
484 3070 808 3147 opulentia,
832 3068 958 3143 alii,
987 3068 1151 3145 quod
1178 3068 1351 3144 pejus
1376 3071 1483 3138 est,
1506 3067 1570 3126 in
1596 3068 1726 3143 ipsa

183 3181 289 3224 sua
308 3165 581 3224 malitia:
611 3165 719 3223 sed
744 3163 891 3222 mihi
930 3164 994 3221 in
1031 3162 1162 3222 sola
1192 3178 1365 3221 cruce
1400 3161 1606 3221 Christi
1642 3163 1730 3221 est

183 3259 396 3332 gloria.
431 3262 577 3318 Vere
604 3258 686 3316 ita
723 3257 862 3330 fuit,
902 3256 952 3315 si
989 3257 1173 3333 ipsius
1216 3257 1554 3332 Legendam
1593 3256 1730 3315 dili-

186 3358 387 3427 genter
413 3352 757 3428 perlegeris,
776 3352 839 3409 in
859 3368 980 3426 qua
996 3350 1262 3410 invenire
1282 3351 1730 3427 poterim-quam

185 3442 414 3505 fervide
443 3462 682 3504 crucem
706 3446 1014 3517 amaverit,
1034 3461 1218 3519 quam
1243 3448 1578 3504 constanter
1603 3462 1732 3504 cru·

189 3555 318 3599 cem
341 3538 752 3616 proedicaverit
763 3581 783 3612 ,
813 3541 870 3596 et
895 3554 1077 3613 quam
1100 3538 1366 3596 laetanter
1388 3539 1468 3597 ad
1495 3555 1732 3598 crucem

83 3670 98 3685 =
188 3634 528 3705 accesserit,
568 3639 626 3692 et
665 3648 850 3709 quam
890 3636 1333 3707 perseveranter
1376 3631 1440 3690 in
1486 3648 1559 3691 ea
1594 3649 1733 3709 per-

191 3728 510 3787 manserit.‘
538 3730 606 3787 Et
650 3728 726 3786 de
779 3728 898 3786 hoc
954 3742 1154 3803 quoere
1197 3726 1261 3785 in
1316 3742 1589 3786 sermone
1642 3743 1734 3785 se-

191 3823 416 3897 quenti.
448 3823 560 3893 Qui
589 3826 786 3882 autem
820 3822 975 3880 ultra
1010 3838 1081 3881 ea
1120 3838 1254 3897 quoe
1291 3821 1367 3880 de
1404 3821 1598 3895 gloria
1629 3821 1734 3881 Dei

193 3916 318 3975 dixi
330 3917 566 3993 aliquid
579 3918 726 3981 scire
741 3916 1053 3989 desiderat,
1065 3919 1122 3975 et
1134 3916 1442 3991 quomodo
1458 3915 1733 3993 quasdam

193 4015 277 4069 est
301 4011 501 4084 gloria
524 4009 896 4086 temporaIiS,
930 4027 1066 4086 quae
1102 4009 1367 4069 consistit
1397 4010 1461 4068 in
1499 4009 1734 4082 multis,

193 4107 252 4160 et
276 4103 493 4163 dicitur
522 4120 649 4163 esse
674 4105 869 4177 mala3
908 4103 1185 4179 quaedam
1223 4108 1310 4162 est
1342 4102 1533 4177 gloria
1565 4103 1737 4178 spiri·

192 4198 406 4270 tualis,
440 4214 578 4273 quse
623 4198 967 4273 simpliciter
1002 4197 1261 4256 consistit
1304 4197 1368 4255 in
1405 4197 1638 4271 multis,
1679 4203 1738 4258 et

193 4291 408 4352 dicitur
434 4308 563 4353 esse
597 4293 762 4351 bona
774 4311 794 4365 3
839 4291 1115 4368 quoedam
1150 4294 1238 4349 est
1270 4290 1464 4365 gloria
1494 4296 1737 4351 esterna-

192 4384 264 4443 lis
277 4428 299 4458 ,
326 4402 466 4461 quae
492 4386 755 4446 consistit
778 4385 1044 4445 similiter
1067 4386 1134 4444 in
1158 4385 1394 4459 multis,
1428 4389 1487 4444 et
1524 4385 1737 4445 dicitur

193 4482 369 4541 valde
406 4483 577 4542 bona
606 4502 622 4540 z
664 4482 729 4540 in
774 4479 1157 4540 sermonibus
1194 4480 1270 4539 de
1314 4497 1436 4540 uno
1476 4486 1737 4556 martyre

195 4576 271 4635 de
296 4577 413 4636 hoc
439 4591 661 4653 quaere,
680 4574 818 4633 etin
844 4572 1113 4650 quodam
1128 4589 1403 4633 sermone
1422 4574 1739 4634 Dominicae

194 4672 586 4747 sexagesimae
613 4673 658 4729 ³.

785 4819 1042 4883 SERMO
1083 4816 1160 4881 n.

272 4959 490 5016 Christo
517 4959 710 5029 amm
734 4970 856 5013 sum
884 4957 1032 5013 οηια·
1049 4953 1091 5011 ⁸.
1125 4955 1331 5012 Narrat
1350 4954 1562 5013 doctor
1578 4971 1742 5030 egre-

264 5078 282 5115 ¹
311 5078 488 5140 Bern„
519 5077 592 5128 De
615 5075 821 5130 devm..
843 5088 1000 5127 serm.
1026 5086 1125 5139 vn,
1157 5088 1214 5126 n.
1231 5077 1292 5137 2,
1316 5075 1495 5139 paucis
1519 5077 1741 5131 mutatis.

203 5174 263 5189 ·-
290 5151 311 5181 ²
335 5152 380 5201 ll
411 5150 552 5211 eor..
573 5161 613 5211 1,
634 5153 712 5202 12.
726 5175 789 5188 -
807 5150 827 5179 ³
847 5149 976 5199 Vide
994 5147 1108 5211 inf„
1128 5149 1192 5199 de
1211 5161 1316 5200 uno
1336 5153 1509 5209 mart„
1527 5162 1684 5201 serm.
1703 5162 1741 5204 1.

204 5220 385 5274 Sermo
405 5221 493 5273 ille
521 5220 802 5273 Dominicae
830 5219 1173 5285 Sexagesimae
1198 5234 1306 5271 non
1330 5220 1586 5284 reperitur
1611 5222 1744 5273 inter

205 5294 468 5349 editoa-
498 5293 521 5329 ⁸
548 5294 683 5353 Gal..
715 5305 786 5357 11,
814 5296 891 5345 19.
923 5320 977 5329 -
1001 5292 1019 5323 ⁵
1046 5291 1277 5357 Δημώ.»
1303 5293 1412 5344 civ.
1445 5292 1560 5357 Dei,
1579 5292 1667 5345 lib.
1700 5293 1741 5359 1,

204 5380 253 5419 c.
275 5378 390 5432 vm,
411 5380 467 5417 n.
488 5368 538 5418 2.
555 5391 619 5405 —
639 5368 660 5399 ⁸
688 5365 815 5417 thid.
832 5391 897 5403 -
913 5366 931 5397 ²
953 5364 1052 5429 ld„
1069 5364 1140 5415 ad
1164 5365 1320 5427 Fert„
1343 5364 1494 5430 epist.
1524 5376 1742 5431 uuir,

207 5453 262 5491 n.
307 5442 369 5504 23
411 5436 485 5489 ad
509 5437 758 5503 noeros..
797 5436 945 5503 epist.
985 5447 1146 5502 cvm,
1188 5451 1240 5489 n.
1284 5438 1370 5500 ¹43
1410 5436 1480 5488 ad
1523 5437 1741 5502 Dulcia,

1808 625 1942 701 gius
1966 625 2366 699 Augustinus·
2390 624 2457 683 in
2476 624 2634 684 libro
2660 625 2726 684 ds
2753 622 2993 685 Ciuitate
3015 619 3149 700 M,
3176 628 3345 703 quod

1814 722 2056 779 «manet
2074 718 2490 777 dissimilitudo
2508 735 2820 794 passorum
2836 720 2948 779 snb
2962 720 3346 781 similimdine

1807 812 2151 888 passionum
2179 830 2194 869 ε
2228 811 2373 887 quia
2394 812 2547 871 sicut
2570 812 2683 871 sub
2713 814 2929 872 eodem
2954 814 3095 889 igne
3133 830 3348 875 aurum

1808 906 2027 977 rutilat,
2047 911 2106 965 et
2126 906 2303 981 palea
2326 905 2536 976 fumat,
2550 909 2609 965 et
2636 907 2748 966 sub
2775 908 2987 966 eadem
3010 907 3230 968 tribula
3241 924 3349 984 pa·

1803 1000 1921 1060 lese
1947 1000 2451 1069 comminuuntur,
2482 1004 2541 1060 et
2562 999 2859 1060 frumenta
2892 1007 3243 1078 purgantur,
3265 1004 3350 1063 sic

1811 1109 1934 1153 una
1951 1098 2009 1153 et
2035 1094 2249 1153 eadem
2277 1094 2368 1152 vis
2396 1094 2628 1153 irruens
2657 1094 2852 1154 bonos
2880 1097 3118 1171 probat,
3140 1097 3350 1174 purifi·

1813 1192 1927 1261 cat,
1957 1188 2214 1263 eliquat,
2243 1188 2433 1249 malos
2462 1189 2740 1263 damnat,
2765 1194 2954 1249 vastat
2988 1195 3046 1248 et
3080 1191 3352 1250 extermi-

1812 1285 1933 1341 nat.
1961 1285 2030 1340 Et
2056 1281 2138 1341 ait
2161 1283 2205 1355 ⁸,
2238 1283 2409 1359 quod
2441 1301 2473 1339 α
2492 1285 2715 1343 eodem
2751 1288 2920 1343 motu
2956 1286 3314 1359 exagitatum
3331 1328 3351 1357 ,

1817 1377 1875 1433 et
1899 1374 2136 1434 exhalat
2159 1375 2520 1437 horribiliter
2544 1394 2811 1453 coenum,
2846 1383 2906 1437 et
2942 1381 3197 1438 suavioer
3239 1380 3357 1440 fra-

1816 1473 1949 1543 grat
1990 1474 2383 1543 unguentum.
2422 1492 2452 1529 »
2483 1474 2601 1531 Nec
2643 1474 2883 1543 mirum,
2921 1472 3085 1548 quis,
3114 1475 3228 1533 sub
3254 1488 3355 1533 ea·

1818 1563 1959 1622 dem
2007 1564 2256 1623 omnino
2291 1563 2521 1624 actione
2570 1567 2657 1640 (b)
2687 1566 2849 1640 solis,
2894 1570 2954 1625 et
2996 1568 3188 1627 lutum
3230 1569 3356 1628 dis-

1817 1657 2093 1730 solvitur,
2147 1663 2206 1717 et
2261 1658 2521 1718 solidum
2574 1661 2829 1735 amphus
2876 1661 3182 1721 solidatur.
3238 1665 3358 1723 Sub

1819 1753 2035 1811 eadem
2053 1751 2361 1811 influentia
2387 1753 2518 1812 coeli
2543 1754 2819 1827 quaedam
2849 1770 2946 1813 res
2970 1760 3359 1831 generantur,

1820 1846 2098 1921 quasdam
2131 1861 2277 1905 vero
2304 1846 2435 1905 alise
2458 1851 2938 1922 corrumpuntur.
2980 1850 3120 1919 Ques
3157 1850 3360 1911 omnia

1818 1938 1959 1998 facit
1981 1955 2109 1999 non
2135 1940 2304 1999 varia
2329 1941 2503 2013 actio,
2523 1941 2628 1999 sed
2655 1941 2887 2001 diversa
2912 1944 3136 2002 causati
3159 1944 3363 2020 dispo-

1822 2033 1974 2093 sitio.
2005 2034 2168 2092 Unde
2196 2034 2471 2093 videmus
2499 2035 2666 2109 quod
2688 2036 2896 2096 vinum
2923 2036 3003 2096 ab
3029 2053 3153 2096 uno
3182 2052 3360 2113 sano,

1823 2132 1883 2186 et
1905 2129 1985 2187 ab
2013 2128 2200 2187 altero
2226 2128 2463 2187 infirmo
2500 2133 2738 2204 potetur
2769 2146 2786 2189 ε
2826 2133 2884 2189 et
2924 2132 3200 2207 quamvis
3236 2133 3365 2206 ejus

1822 2222 2008 2281 virtus
2031 2239 2155 2282 una
2181 2224 2419 2296 existat,
2446 2240 2658 2282 sanum
2692 2228 2891 2284 tamen
2924 2225 3208 2300 laetiflcat3
3254 2226 3365 2287 sed

1822 2322 2112 2391 aegrotum
2137 2318 2466 2390 contristat,
2492 2319 2638 2377 dum
2675 2319 2957 2378 morbum
2994 2320 3060 2379 in
3100 2337 3173 2381 eo
3216 2336 3361 2395 aug·

1824 2413 2048 2469 mentat
2078 2429 2093 2468 ε
2123 2410 2208 2470 sic
2237 2415 2297 2471 et
2338 2412 2642 2488 passiones
2683 2413 2760 2472 de
2804 2429 2868 2472 se
2910 2418 3047 2473 sunt
3088 2414 3366 2475 differen-

1825 2508 1912 2563 tes
1936 2505 2004 2580 (ο)
2022 2547 2044 2577 ,
2069 2521 2181 2564 nec
2203 2506 2281 2565 de
2307 2522 2369 2565 se
2398 2511 2536 2565 sunt
2559 2506 2899 2581 meritoriae,
2928 2509 3037 2568 sed
3063 2509 3259 2568 solum
3288 2526 3363 2569 ex

1827 2615 2006 2658 causa
2041 2604 2349 2672 movente,
2395 2605 2452 2659 et
2489 2601 2795 2661 voluntate
2838 2602 3175 2662 sustinente.
3216 2606 3366 2663 Nam

1828 2693 1951 2752 duo
1992 2693 2253 2755 latrones
2285 2711 2423 2753 cum
2461 2694 2688 2755 Christo
2729 2702 2866 2755 sunt
2890 2696 3155 2755 crucifixi
3186 2714 3202 2755 ε
3245 2712 3368 2757 una

1828 2790 1953 2845 erat
1971 2803 2171 2862 poena3
2201 2788 2308 2847 sed
2334 2788 2477 2863 quia
2498 2789 2562 2847 in
2587 2788 2798 2848 ultima
2810 2791 2887 2866 (d)
2901 2795 2987 2849 est
3011 2790 3165 2850 facta
3189 2806 3369 2851 causa

1831 2879 2087 2954 diversa,
2109 2898 2182 2941 eo
2212 2882 2383 2958 quod
2400 2898 2557 2941 unus
2577 2884 2867 2944 Christum
2891 2884 3367 2960 blasphemabat,

1831 2975 1978 3033 alter
2021 2991 2162 3035 eum
2204 2976 2515 3050 arguebat,
2554 2980 2613 3035 et
2649 2980 2832 3036 Deum
2875 2994 2987 3054 pro
3023 2994 3086 3038 se
3123 2978 3367 3052 orabat,

1830 3068 1969 3127 hine
1995 3084 2152 3128 unus
2177 3068 2256 3129 ad
2292 3070 2474 3129 coelos
2509 3071 2804 3144 ascendit,
2839 3072 2991 3131 alius
3027 3073 3106 3131 ad
3139 3072 3371 3134 inferna

1833 3162 2240 3223 descendit.1n
2254 3165 2447 3239 poenis
2467 3164 2646 3239 igitur
2671 3181 2797 3224 non
2824 3169 2911 3225 est
2937 3166 3372 3226 consideranda

1832 3272 2042 3331 poena,
2067 3257 2175 3315 sed
2199 3273 2416 3317 causa:
2447 3258 2624 3333 quia,
2646 3263 2717 3319 ut
2753 3259 2895 3318 dicit
2935 3259 3369 3333 Augmtinus⁷=

1842 3370 1872 3406 α
1895 3354 2025 3410 Non
2050 3367 2257 3426 poena,
2285 3351 2393 3411 sed
2423 3369 2603 3411 causa
2634 3346 2773 3410 facit
2805 3353 3108 3413 hominem
3146 3357 3373 3430 marty-

1833 3461 1981 3505 rem.
2010 3466 2043 3503 »
2092 3446 2254 3505 Dicat
2291 3463 2433 3521 ergo
2466 3450 2526 3505 Β.
2566 3447 2828 3506 Andreas
2873 3466 2890 3505 ε
2941 3449 3154 3507 Christo
3193 3452 3372 3508 mci·-

1832 3544 1977 3612 floeus
2018 3557 2168 3610 m,
2214 3540 2280 3600 id
2306 3543 2421 3614 est,
2447 3543 2690 3617 propter
2713 3541 3001 3601 ffiristum
3032 3547 3226 3616 afflues
3257 3559 3375 3602 sum

1836 3637 2001 3693 maci.
2049 3635 2404 3694 Describitur
2440 3635 2617 3709 igitur
2658 3635 2921 3711 Apostoli
2961 3638 3159 3712 passio
3186 3652 3376 3713 quan-

1835 3731 1964 3787 tum
1986 3728 2069 3787 ad
2093 3729 2240 3802 duo,
2266 3728 2332 3787 in
2355 3728 2543 3787 verbo
2561 3728 2866 3804 praemisso
2897 3748 2914 3788 ε
2942 3730 3161 3806 primo,
3186 3746 3376 3806 quan-

1837 3824 1966 3881 tum
2002 3822 2082 3881 ad
2117 3838 2359 3881 causam
2390 3823 2715 3897 motivam3
2744 3823 3042 3896 secundo,
3083 3830 3373 3900 quantum

1841 3916 1920 3974 ad
1958 3932 2201 3991 poenam
2233 3915 2592 3976 afflictivam.
2633 3921 2780 3977 Nam
2817 3933 2996 3978 causa
3029 3918 3110 3977 ad
3149 3919 3374 3994 patien-

1840 4008 1988 4068 dum
2005 4011 2231 4069 motiva
2246 4010 2356 4069 fuit
2370 4011 2627 4070 Christus
2635 4030 2656 4084 3
2675 4012 2781 4071 sed
2799 4028 2977 4087 poena
2988 4013 3375 4088 corporaliter

1839 4103 2119 4163 afflictiva
2141 4103 2251 4162 fuit
2274 4104 2406 4179 ipsa
2423 4104 2723 4164 dominica
2749 4123 2912 4165 crux.
2942 4107 3200 4166 Primum
3226 4124 3376 4183 pras-

1840 4198 2108 4271 mittitur,
2131 4199 2376 4273 quando
2400 4199 2648 4258 dicitur:
2684 4201 2923 4272 Christo,
2948 4201 3012 4258 id
3042 4205 3161 4273 est,
3197 4216 3377 4277 prop-

1842 4295 1930 4351 ter
1945 4292 2239 4351 Christum
2252 4310 2272 4365 ς
2300 4292 2628 4351 secundum
2656 4293 3017 4367 adjungitur,
3037 4311 3173 4353 cum
3198 4295 3377 4355 infer-

1841 4391 1937 4445 tur
1981 4404 1997 4443 z
2041 4387 2345 4458 Crucium
2383 4402 2521 4445 sum.
2564 4385 2655 4444 Ad
2695 4386 2948 4446 litteram
2973 4389 3133 4446 enim
3166 4392 3226 4449 B.
3256 4394 3373 4449 An·

1844 4480 2039 4554 dreas,
2057 4479 2206 4539 sicut
2230 4480 2358 4552 ejus
2382 4479 2655 4553 Legenda
2680 4480 2841 4547 dicit,
2866 4482 3230 4542 materialem
3246 4499 3377 4543 cru-

1844 4593 1975 4636 cem
2025 4575 2091 4634 in
2144 4590 2390 4649 corpore
2430 4589 2639 4648 passus
2676 4573 2807 4633 fuit.
2855 4574 2972 4633 Sed
3015 4576 3159 4650 quia
3198 4576 3375 4637 valde

1842 4669 2019 4746 pauci
2044 4684 2276 4743 sumus,
2300 4667 2405 4742 qui
2431 4683 2666 4726 crucem
2691 4667 2846 4727 hanc
2870 4670 3268 4738 ascendimus,
3299 4670 3375 4730 de

1844 4763 2133 4840 spirituali
2160 4776 2332 4821 cruce
2359 4777 2519 4820 nunc
2546 4761 2833 4833 dieamus,
2860 4778 3043 4837 quam
3069 4779 3208 4822 cum
3227 4769 3379 4840 Apo·

1846 4858 1998 4917 stolo
2023 4872 2232 4916 omnes
2256 4858 2495 4931 portare
2516 4855 2807 4914 debemus
2833 4860 2888 4914 et
2911 4860 3197 4917 tenemur.
3221 4858 3379 4919 Sicut

1847 4954 2008 5012 enim
2033 4952 2098 5011 in
2124 4966 2296 5011 cruce
2332 4950 2622 5011 materiali
2658 4956 2913 5026 quatuor
2948 4951 3255 5025 videmus,
3296 4954 3379 5013 sie

1845 5066 1994 5132 epist.
2013 5076 2151 5131 cciv,
2167 5079 2222 5115 n.
2242 5064 2299 5129 ις
2321 5065 2377 5114 in
2409 5063 2541 5115 Ρεαι.
2561 5074 2742 5130 xxxw,
2760 5079 2814 5117 n.
2838 5067 2896 5116 13
2903 5081 2923 5130 3
2944 5076 3102 5118 serm.
3121 5078 3379 5134 cctxxxv,

1847 5152 1900 5191 n.
1927 5142 1985 5203 23
2012 5151 2170 5190 serm.
2196 5148 2445 5200 oecxxvl,
2471 5150 2526 5188 n.
2556 5142 2603 5202 13
2628 5151 2784 5189 serm.
2812 5149 3057 5203 cccxxn,
3082 5152 3134 5191 n.
3158 5144 3217 5205 2;
3246 5144 3376 5196 cont.

1848 5212 2101 5273 Crescon„
2125 5209 2216 5262 lib.
2249 5211 2334 5275 ΙΙΙ,
2361 5223 2414 5260 n.
2444 5210 2525 5261 51.

1913 5292 1977 5358 (α)
2019 5291 2146 5343 Goet.
2192 5286 2315 5341 edil.
2363 5304 2518 5356 quem
2558 5293 2627 5341 te.
2668 5317 2733 5328 —
2779 5288 2846 5355 (b)
2894 5290 3019 5341 Item
3066 5291 3278 5348 ditione.
3315 5319 3380 5334 -

1852 5364 1910 5429 (c)
1955 5365 2072 5430 [Δρ.
2112 5362 2473 5415 indifferentes.
2511 5388 2572 5402 —
2609 5360 2687 5427 (d)
2714 5362 2831 5430 Lea.
2859 5361 3070 5430 ultimo,
3107 5365 3187 5417 vel
3213 5366 3378 5435 suppl.

1847 5437 1994 5490 hora.
