4059 6317
837 488 1212 558 DOMINIGA
1251 487 1390 556 xm
1433 487 1634 557 POST
1676 489 2261 562 PENTECOSTEN.
2305 490 2572 561 SERMO
2613 492 2692 560 ΙΙ.

167 625 346 694 enim
388 624 764 710 lacrymosas
814 624 1317 707 compunctionis
1367 624 1573 692 oritur
1622 644 1708 692 ex

165 733 397 800 timore
415 732 664 818 judicii.
696 732 977 798 Isidorus
1002 734 1022 772 ¹
1057 754 1073 798 ε
1109 756 1142 796 α
1167 733 1579 818 compunctio
1612 738 1710 800 est

166 840 500 906 humilitas
523 840 753 906 mentis
776 858 923 905 cum
950 840 1276 925 lacrymis,
1306 841 1602 906 exoriens
1628 840 1709 907 de

164 947 600 1014 recordatione
621 947 880 1031 peccati,
909 950 974 1011 et
999 948 1230 1014 timore
1246 947 1495 1031 judicii.
1526 969 1557 1006 υ
1588 947 1705 1012 Se-

164 1057 332 1139 pties
357 1059 574 1120 autem
600 1055 873 1134 lavatur,
911 1073 1043 1121 non
1071 1054 1454 1139 septiformis
1479 1055 1708 1137 gratiae

162 1164 280 1248 qui
309 1162 608 1228 fluctibus
635 1162 1004 1243 mundatur,
1024 1162 1134 1228 sed
1152 1164 1263 1247 qui
1289 1181 1405 1244 pro
1432 1161 1708 1243 singulis

164 1274 407 1355 septem
418 1270 591 1336 vitiis
603 1269 916 1336 imbribus
926 1270 1357 1354 lacrymarum
1372 1270 1705 1352 irrigatur,

161 1378 276 1461 qui
307 1376 543 1441 scilicet
568 1377 678 1442 flet
705 1394 821 1461 pro
849 1376 1110 1455 invidia,
1139 1378 1250 1442 flet
1279 1395 1396 1460 pro
1423 1377 1540 1455 ira,
1583 1380 1705 1442 etc.

160 1483 454 1551 Psalmus
477 1484 502 1520 ⁸
536 1506 552 1549 :
595 1483 849 1552 Lavabo
883 1500 999 1568 per
1039 1483 1332 1568 simulas
1364 1487 1599 1563 noctae,
1641 1482 1708 1546 id

160 1597 256 1658 est
288 1610 402 1676 per
431 1593 690 1675 singula
715 1598 986 1676 peccata,
1013 1591 1240 1660 lectum
1263 1609 1492 1670 meum,
1522 1590 1586 1655 id
1612 1594 1710 1654 est

159 1699 620 1766 conscientiam
652 1718 887 1766 meam.
924 1699 1009 1765 De
1038 1701 1222 1765 tertio
1247 1699 1478 1764 dicitur
1507 1698 1614 1762 hic
1633 1698 1657 1734 ⁸
1685 1719 1702 1762 ι

164 1808 445 1882 Quicum
458 1809 631 1875 irent
647 1805 740 1874 acl
753 1806 1162 1886 sacerdotem,
1185 1807 1409 1874 sanati
1430 1807 1510 1888 (a)
1526 1811 1704 1873 sunt.

159 1913 208 1981 Ο
247 1918 490 2000 quanta
521 1918 711 1998 putas
752 1913 1036 1978 animam
1071 1913 1390 1996 leprosam
1417 1913 1708 1980 invenire

158 2025 438 2105 peccata,
468 2040 613 2106 quae
656 2020 989 2087 ostendere
1027 2020 1214 2087 debet
1248 2021 1465 2085 omnia
1504 2037 1709 2085 sacer-

158 2128 292 2195 doti
337 2147 452 2214 per
495 2129 976 2209 consessionem,
1022 2146 1107 2194 ex
1158 2146 1288 2212 quo
1332 2127 1707 2208 mundatur,

156 2255 308 2320 quae
348 2237 618 2302 contrita
652 2236 728 2301 ad
762 2235 1149 2301 sacerdotem
1193 2235 1404 2303 vadit!
1457 2233 1542 2299 De
1587 2235 1711 2300 hoc

154 2344 439 2410 Isidorus
460 2344 550 2410 ait
577 2348 601 2383 ⁴
630 2364 648 2409 ε
687 2366 719 2406 α
747 2342 1062 2409 Confessio
1109 2346 1316 2423 sanat,
1357 2364 1388 2404 n
1439 2348 1558 2408 etc.
1591 2343 1711 2408 Re·

155 2453 342 2535 quire
366 2470 564 2538 supra
578 2451 648 2516 in
663 2469 959 2517 sermone
972 2451 1155 2516 tertio
1173 2450 1195 2487 ⁸
1217 2474 1234 2517 ι
1267 2450 1698 2534 confitemini.

156 2559 282 2639 Qui
311 2561 452 2626 vult
477 2578 692 2626 carere
715 2559 893 2643 lepra
913 2559 1248 2637 vitiorum,
1277 2559 1466 2625 debet
1502 2577 1707 2626 sacer·

157 2670 374 2734 dotem
398 2686 689 2753 quaerere
705 2667 728 2703 ⁸
752 2689 768 2734 z
791 2668 915 2735 Hic
945 2669 1115 2736 ritus
1137 2668 1373 2750 leprosi
1385 2669 1501 2750 qui
1519 2684 1705 2734 mun-

159 2777 421 2846 dandus
433 2783 555 2846 est:
575 2775 1360 2845 duceturadsacerdotem.
1378 2777 1466 2842 De
1478 2781 1705 2859 quarto

156 2885 592 2968 significatum
618 2890 714 2950 est
737 2887 782 2965 ⁷,
811 2886 924 2952 ubi
943 2884 1192 2969 Moyses
1213 2904 1482 2951 manum
1500 2904 1537 2950 e
1559 2886 1705 2951 sinu

156 3011 274 3058 suo
299 2992 568 3076 protulit
583 2992 921 3076 leprosam,
943 2992 1223 3058 secundo
1243 2994 1507 3076 protulit
1521 3011 1705 3058 mun-

33 3113 49 3132 ’
157 3099 328 3165 dam.
361 3099 615 3164 Avarus
644 3117 911 3165 manum
940 3099 1012 3164 in
1047 3101 1197 3165 sinu
1229 3099 1422 3167 habet
1446 3101 1529 3166 ad
1560 3120 1705 3167 con-

156 3207 539 3275 servandam
568 3208 905 3290 pecuniam
931 3212 1396 3291 congregatam
1427 3231 1443 3275 2
1472 3228 1705 3276 manus

154 3321 376 3381 autem
399 3332 547 3398 quae
569 3315 890 3398 profertur
915 3315 997 3380 ad
1023 3315 1452 3399 accipiendam
1474 3336 1589 3402 per
1611 3338 1706 3384 ra-

156 3425 401 3507 pinam,
432 3441 547 3507 per
569 3441 860 3503 usuram,
885 3442 1000 3507 per
1027 3424 1296 3506 furtum,
1329 3443 1445 3508 per
1472 3444 1701 3510 quam-

155 3549 433 3614 cumque
458 3531 766 3613 injustam
791 3531 1294 3615 acquisitionem,
1316 3536 1413 3597 est
1428 3533 1698 3617 leprosa.

157 3638 226 3704 Si
259 3657 414 3704 vero
441 3638 760 3722 profertur
784 3639 1062 3706 secundo
1098 3639 1308 3720 modo,
1351 3641 1589 3708 scilicet
1621 3644 1701 3708 ad

153 3747 645 3827 restitutionem,
685 3747 769 3811 ad
804 3746 1216 3830 largiendum
1242 3750 1313 3814 in
1342 3767 1497 3814 usus
1535 3750 1698 3833 pios,

153 3860 309 3921 tunc
339 3856 617 3921 efficitur
659 3855 901 3920 munda
926 3855 948 3892 ⁸
980 3877 997 3921 z
1029 3857 1193 3940 Date
1220 3857 1697 3939 elemosynam,

154 3970 214 4032 et
234 3965 458 4034 omnia
483 3962 729 4032 munda
750 3969 905 4032 sunt
929 3963 1131 4032 vobis.
1158 3964 1334 4031 Unde
1359 3966 1519 4031 hena
1543 3983 1704 4049 prae-

154 4071 394 4155 cipitur
419 4071 466 4149 ⁹,
497 4076 570 4136 ut
590 4070 881 4154 leprosus
896 4072 1301 4138 mundandus
1316 4072 1544 4138 offerat
1561 4091 1704 4138 sex·

154 4181 395 4262 tarium
430 4180 579 4260 olei,
626 4180 692 4244 id
729 4183 826 4245 est
865 4198 980 4246 sex
1005 4199 1198 4265 opera
1223 4181 1694 4265 misericordiae,

155 4288 232 4354 de
257 4287 502 4373 quibus
527 4288 574 4329 ¹·
604 4304 623 4351 ε
648 4288 941 4368 Batavi,
968 4292 1089 4354 etc.
1122 4286 1346 4354 Oleum
1372 4290 1547 4355 enim
1574 4292 1698 4355 mi-

157 4393 570 4460 sericordiam
594 4393 935 4476 significat.
959 4393 1310 4462 Satisfactio
1325 4400 1541 4462 autem
1569 4416 1700 4464 non

157 4502 366 4567 solum
396 4503 492 4567 est
521 4501 592 4566 in
625 4500 1069 4584 eleemosynis,
1099 4504 1206 4568 sed
1233 4504 1426 4569 etiam
1456 4504 1524 4567 in
1552 4522 1697 4570 ora-

158 4609 458 4676 tionibus.
528 4606 675 4674 Ideo
728 4609 920 4673 etiam
974 4610 1177 4675 oratio
1243 4610 1325 4675 ad
1387 4611 1702 4677 mundan-

155 4716 302 4782 dam
339 4716 657 4799 leprosam
698 4716 982 4784 animam
1020 4717 1209 4784 valet.
1273 4717 1450 4784 Unde
1498 4722 1562 4784 et
1597 4720 1701 4784 isti

156 4824 378 4889 decem
405 4825 774 4892 levaverunt
808 4838 1019 4892 vocem
1053 4825 1123 4905 ¹¹,
1153 4828 1274 4891 etc.
1312 4824 1703 4909 cooperatur

157 4949 415 5015 quoque
440 4948 573 4995 non
595 4930 803 4996 solum
832 4930 1113 5013 propria,
1142 4931 1251 5010 sed
1277 4932 1468 4998 etiam
1495 4935 1703 5001 aliena

27 5041 30 5042 ’
157 5041 383 5105 oratio.
440 5037 632 5118 Unde,
681 5041 757 5103 ut
797 5036 1037 5119 legitur
1078 5045 1150 5119 ¹¹,
1184 5057 1300 5123 per
1347 5042 1701 5108 orationem

160 5143 397 5229 Moysis
423 5144 622 5210 Maria
645 5145 950 5211 mundata
970 5151 1090 5212 est.

221 5272 240 5307 ¹
271 5269 413 5335 isid„
448 5269 610 5331 sent„
642 5270 732 5322 lib.
772 5271 848 5335 ΙΙ,
881 5285 929 5322 c.
967 5283 1067 5325 ιιι.
1104 5298 1169 5313 -
1213 5276 1238 5312 ¹
1269 5276 1407 5328 Peat.
1447 5287 1526 5340 vr,
1561 5280 1610 5329 7.
1643 5303 1700 5316 -

161 5341 182 5372 ⁸
201 5342 339 5405 Lm,
359 5353 489 5404 xvii,
518 5344 595 5392 11.
619 5369 675 5382 -
703 5342 724 5376 ⁴
744 5342 884 5407 leid„
914 5343 1123 5409 Sym„
1148 5345 1238 5399 lib.
1271 5348 1311 5411 l,
1339 5361 1457 5414 pag.
1486 5362 1560 5400 m.
1590 5351 1700 5415 31⁰,

164 5411 259 5464 col.
290 5415 339 5464 2.
357 5439 421 5453 —
444 5413 467 5450 ⁸
491 5414 599 5464 lmo
620 5414 802 5466 octavo
830 5414 884 5465 in
903 5414 1039 5466 dieb.
1067 5416 1263 5483 Rogat„
1283 5433 1420 5484 sup„
1445 5434 1564 5485 pag.
1588 5423 1702 5484 276,

163 5483 263 5534 col.
292 5486 423 5550 2„—
456 5487 476 5517 θ
504 5485 683 5551 ισυέεἸ
708 5497 819 5551 xus,
843 5490 892 5541 2.
920 5513 986 5526 -
1007 5486 1031 5523 '¹
1054 5488 1234 5546 Eud..
1261 5502 1337 5555 xv,
1363 5493 1414 5543 6.
1435 5517 1493 5533 -
1520 5491 1545 5527 ⁸
1565 5492 1703 5554 Luc„

3238 501 3360 566 409

2377 699 2668 771 SERMO
2711 701 2798 772 Π.

1890 844 2290 913 Levaverunt
2332 860 2543 911 vocem
2579 843 2857 913 dicantes
2885 865 2911 911 .·
2937 846 3087 920 Iesu
3122 861 3354 929 1²²·oeoe-

1810 955 1973 1033 ptor,
2006 954 2299 1019 miserere
2324 953 2533 1019 nostri
2557 952 2625 1016 ¹¹.
2648 951 2928 1018 Verbum
2958 953 3128 1018 istud
3155 959 3252 1020 est
3279 955 3360 1021 de
3417 984 3431 996 ·

1812 1060 2030 1128 decem
2055 1061 2341 1144 leprosis,
2372 1060 2485 1142 qui
2515 1060 2881 1142 significant
2910 1065 3267 1143 peccatores
3293 1067 3359 1128 et

1810 1170 2311 1248 transgressores
2335 1167 2553 1232 decem
2582 1167 3031 1233 mandatorum
3056 1167 3162 1234 Dei
3194 1190 3211 1233 ε
3244 1171 3359 1253 qui

1810 1274 2028 1341 levare
2054 1273 2288 1339 debent
2312 1292 2537 1339 vocem
2566 1274 2896 1355 orationis,
2921 1279 2997 1340 ut
3027 1281 3354 1342 sanentur.

1813 1378 2012 1461 Unde,
2044 1381 2198 1464 quia
2222 1380 2442 1446 anima
2467 1381 2637 1463 gerit
2662 1387 2891 1465 typum
2919 1382 3178 1478 leprosi,
3209 1403 3358 1450 cum

1812 1486 2131 1569 peccatrix
2155 1489 2272 1562 est,
2300 1486 2441 1550 ideo
2469 1485 2875 1568 Evangelista
2897 1483 3130 1553 excitat
3152 1493 3361 1573 torpo-

1811 1611 1950 1658 rem
2003 1596 2144 1676 eJus
2184 1592 2599 1676 negligentiae
2638 1593 2978 1660 detinentis
3029 1617 3044 1659 ε
3090 1596 3360 1664 Levavo-

1811 1706 1987 1781 runt,
2018 1705 2164 1780 etc.;
2193 1700 2449 1765 invocat
2477 1700 2772 1782 vigorem
2799 1702 3037 1766 divinae
3060 1703 3359 1785 potentiae

1811 1808 2209 1892 praesidentis
2239 1830 2254 1873 ε
2294 1810 2446 1877 Jesu
2468 1815 2848 1892 proeceptm3
2891 1808 3179 1875 obsecrat
3209 1808 3356 1874 dul·

1812 1934 2026 1981 coram
2052 1933 2326 1981 summae
2361 1915 2715 1980 clementiae
2756 1916 3131 1981 remittentis
3160 1938 3177 1981 ε
3218 1916 3357 1984 m-

1811 2039 2013 2091 aerere
2023 2042 2053 2105 ,·
2066 2023 2350 2088 insinuat
2364 2023 2746 2105 languorem
2769 2023 3041 2090 miserim
3062 2024 3358 2108 affligen-

1813 2131 1896 2195 tis
1926 2153 1941 2192 z
1973 2130 2216 2197 Nostri.
2249 2129 2798 2196 Considerandum
2811 2134 2909 2196 est
2924 2134 3163 2211 autem,
3183 2130 3357 2215 quod

1815 2242 2093 2320 quatuor
2134 2241 2309 2318 sunt,
2356 2255 2503 2321 quae
2546 2256 2664 2303 nos
2697 2238 2968 2304 fideliter
3000 2237 3216 2305 levare
3244 2238 3355 2304 de·

1813 2346 2063 2428 bemus,
2094 2346 2387 2412 videlicet
2417 2368 2432 2410 ε
2468 2346 2708 2426 oculos,
2738 2346 2817 2412 ad
2839 2346 3049 2414 lucem
3070 2350 3355 2414 contem·

1813 2453 2139 2537 plationis;
2159 2454 2476 2536 linguam,
2505 2454 2586 2519 ad
2609 2472 2835 2520 vocem
2853 2454 3192 2534 orationis3
3213 2473 3354 2520 ma-

1812 2581 1961 2643 nus,
1990 2563 2071 2629 ad
2101 2564 2403 2629 virtutem
2444 2563 2870 2646 operationis3
2921 2567 3201 2629 mentem
3244 2583 3359 2631 seu

1812 2674 2024 2753 caput,
2056 2670 2135 2735 ad
2165 2688 2342 2754 spem
2370 2677 2629 2736 aeternae
2646 2670 3110 2738 retributionis.

1892 2776 1977 2842 De
2004 2778 2213 2860 primo
2239 2776 2529 2842 Psalmus
2556 2782 2605 2821 ¹⁸
2635 2796 2652 2843 ε
2683 2778 2788 2844 Ad
2819 2784 2880 2846 te
2914 2778 3126 2847 levavi
3150 2781 3360 2849 oculos

1812 2901 2001 2966 meos,
2031 2887 2151 2970 qui
2177 2884 2432 2952 habitas
2454 2885 2532 2951 in
2554 2884 2726 2953 coelis
2743 2906 2760 2950 t
2778 2903 2913 2951 non
2927 2885 3209 2968 lupinos,
3230 2905 3359 2954 non

1810 2994 2193 3074 vultufinos,
2225 2993 2335 3057 sed
2360 2992 2760 3057 columbinos
2786 2993 2833 3029 ¹⁸
2863 3015 2880 3058 ε
2917 2993 3099 3060 Oculi
3124 2994 3225 3062 tui
3249 3010 3360 3062 co-

1811 3101 2191 3168 lumbarum.
2220 3098 2348 3165 Hos
2375 3100 2550 3164 enim
2581 3098 2797 3165 levare
2816 3100 3122 3165 debemus
3137 3100 3217 3166 ad
3234 3100 3360 3166 Do-

1811 3210 2067 3275 minum
2092 3210 2139 3250 ¹⁸
2170 3230 2188 3274 ε
2218 3209 2534 3276 Levantes
2563 3212 2775 3275 autem
2792 3206 3025 3288 oculos,
3045 3209 3360 3276 neminem

1810 3315 2117 3385 viderunt
2140 3316 2281 3384 nisi
2307 3315 2510 3382 solum
2536 3314 2771 3381 Iesum.
2797 3313 2921 3393 Qui
2942 3314 3116 3380 enim
3139 3315 3361 3382 Jesum

1817 3424 1960 3490 vult
1997 3423 2237 3504 videre,
2282 3440 2413 3487 non
2454 3421 2641 3486 debet
2684 3420 2985 3505 pulchras
3034 3421 3356 3504 mulieres,

1815 3531 1918 3597 vel
1947 3532 2145 3612 viros,
2174 3549 2307 3597 non
2349 3529 2574 3594 mundi
2603 3529 3118 3613 concupiscibilia
3147 3530 3361 3598 videre

1810 3640 1916 3708 vel
1940 3641 2241 3725 aspicere.
2286 3638 2464 3705 Unde
2497 3637 2837 3721 Apostolus
2863 3639 2934 3717 ¹⁸,
2963 3655 3115 3702 cum
3156 3638 3362 3704 tribus

1809 3748 2034 3813 diebus
2062 3746 2326 3813 haberet
2363 3745 2579 3811 oculos
2614 3744 2864 3810 clausos
2905 3745 3211 3826 exterius,
3241 3746 3356 3810 ha·

1808 3855 2000 3921 bebat
2036 3859 2289 3938 apertos
2311 3853 2597 3919 interius.
2640 3852 3045 3935 Augustinus
3075 3853 3119 3890 ¹⁷
3151 3875 3166 3918 :
3207 3876 3240 3916 ι
3254 3841 3360 3920 'Eo

1811 3966 2096 4045 tempore
2123 3980 2252 4046 quo
2280 3964 2512 4026 caetera
2539 3976 2668 4025 non
2696 3958 2971 4037 videbat,
3018 3959 3220 4026 Deum
3252 3962 3360 4026 vi-

1809 4069 2020 4138 debat.
2050 4092 2082 4131 1»
2118 4069 2188 4135 Si
2214 4087 2347 4134 non
2375 4067 2551 4134 levas
2577 4067 2796 4131 oculos
2819 4084 2901 4131 ex
2923 4084 3172 4147 amore,
3189 4067 3363 4135 leves

1808 4177 2033 4243 saltem
2060 4196 2141 4244 ex
2168 4178 2434 4256 timore,
2485 4176 2649 4240 sicut
2692 4192 2949 4258 sponsa,
2986 4173 3243 4256 quando
3265 4179 3364 4241 est

1807 4304 1958 4352 cum
1994 4285 2309 4363 adultero,
2338 4301 2509 4366 saepe
2533 4283 2705 4349 levat
2731 4280 2947 4347 oculos
2975 4300 3093 4366 pro
3124 4301 3358 4350 caven-

1809 4393 1892 4459 do
1908 4393 2212 4478 periculo,
2233 4409 2314 4457 ne
2336 4389 2796 4475 superveniens
2821 4407 3093 4472 sponsus
3119 4395 3360 4458 utram·

1808 4522 1934 4586 que
1958 4501 2163 4582 feriat,
2194 4500 2301 4567 vel
2329 4499 2741 4565 comburat.¹⁸
2769 4498 2936 4565 Leva
2971 4499 3179 4567 oculos
3215 4507 3362 4569 tuos

1807 4610 1883 4677 in
1907 4608 2245 4687 directum,
2274 4614 2338 4677 et
2364 4608 2477 4675 ubi
2502 4621 2675 4673 nunc
2696 4611 3032 4688 prostrata
3069 4608 3189 4674 sis.
3228 4607 3362 4673 Ad-

1808 4719 1977 4786 ulter
2009 4718 2185 4784 enim
2226 4718 2344 4783 iste
2387 4719 2483 4781 est
2517 4713 2843 4794 diabolus;
2888 4731 3163 4797 sponsus
3207 4733 3361 4783 vero

1807 4826 2138 4906 Dominus,
2173 4826 2287 4910 qui
2322 4826 2716 4908 peccatorem
2753 4838 2887 4887 non
2927 4823 3357 4888 continentem

1807 4938 2068 5019 paratus
2095 4937 2191 4999 est
2218 4937 2570 5016 percutere.

1890 5041 1980 5108 De
2017 5040 2319 5119 secundo,
2363 5040 2595 5106 dicitur
2632 5040 2740 5107 hic
2783 5042 2863 5108 de
2897 5038 3163 5124 leprosis
3188 5038 3364 5122 quod

1815 5197 1887 5249 ιι,
1918 5186 1998 5238 11.
2024 5173 2140 5224 -‘·
2170 5185 2350 5247 levet„
2381 5195 2489 5249 nv,
2528 5188 2607 5238 ιο.
2635 5210 2699 5224 -
2730 5186 2777 5225 ⁸·
2798 5183 3005 5241 natta..
3034 5193 3157 5244 xxv,
3183 5184 3269 5233 ss.
3298 5206 3361 5222 -

1812 5260 1853 5295 ¹¹
1881 5260 2016 5322 Luc„
2055 5268 2184 5322 ινιτ,
2220 5260 2301 5309 13.
2334 5283 2398 5296 -
2434 5258 2479 5293 ¹¹
2517 5257 2694 5324 Num„
2723 5267 2827 5321 ιιι,
2859 5258 3021 5308 1345.
3050 5280 3114 5294 -
3151 5254 3187 5286 ¹⁸
3219 5253 3359 5306 Peal.

1811 5341 1986 5394 cxxn,
2019 5333 2066 5380 1.
2097 5355 2161 5369 -
2194 5329 2235 5366 ¹⁴
2265 5329 2435 5390 Cant„
2467 5338 2513 5391 1,
2544 5332 2622 5380 11.
2654 5353 2709 5365 -—
2749 5328 2793 5363 ¹⁸
2821 5327 3191 5390 Mattk.,·xv11,
3221 5327 3270 5382 8.
3299 5349 3363 5368 -

1810 5401 1854 5438 ¹⁸
1878 5401 2011 5463 Act„
2046 5411 2123 5464 1x,
2151 5401 2198 5451 9.
2227 5425 2293 5440 --
2319 5399 2363 5437 ¹¹¹
2391 5402 2522 5463 Aug.
2549 5424 2612 5436 —
2645 5399 2689 5435 ¹⁸
2708 5399 2916 5462 lev-em„
2951 5409 3043 5461 ιιι,
3072 5400 3121 5454 2,

1879 5489 1947 5557 (a)
1982 5490 2132 5558 vulg.
2160 5488 2281 5544 dum
2309 5490 2445 5542 irent
2473 5485 2719 5544 mundati·
