4059 6317
676 476 797 540 464

676 626 792 691 per
819 608 1058 692 respice
1085 608 1418 693 speculum
1446 615 1632 676 tuum
1654 658 1671 690 ,
1701 612 1938 696 respice
1965 616 2029 677 et
2058 629 2218 696 prae-

676 716 883 781 mium
899 722 1113 783 tuum.
1141 716 1503 783 Bernartius
1521 720 1540 755 ¹
1570 740 1640 783 :ae
1668 718 2027 805 Utrumque
2057 721 2216 785 mihi

673 841 764 904 es,
797 823 1084 904 Domine,
1125 828 1191 889 et
1218 825 1547 909 speculum
1591 825 1900 910 patiendi,
1943 833 2007 892 et
2049 846 2215 912 prae·

674 930 879 995 mium
908 931 1203 1015 patientis
1244 932 1348 1015 (α).
1383 932 1738 1017 Utrumque
1781 934 2025 999 fortiter
2064 954 2213 1019 pro·

672 1041 880 1119 vocat,
909 1056 984 1102 ac
1009 1039 1424 1105 vehementer
1454 1041 1760 1106 accendit.
1791 1062 1823 1101 υ

752 1143 839 1209 De
865 1151 1092 1228 quarta
1114 1149 1138 1182 ¹
1167 1168 1182 1211 ε
1223 1170 1253 1208 α
1281 1146 1504 1213 Petrus
1532 1152 1594 1213 et
1625 1147 1901 1213 ‚Ioannes
1928 1148 2220 1213 ascende·

670 1252 827 1318 bant
870 1253 939 1317 in
991 1255 1303 1339 templum
1349 1257 1431 1322 ad
1482 1257 1711 1323 boram
1758 1257 2064 1323 orationis
2101 1275 2216 1321 no-

669 1377 845 1441 nam,
886 1384 917 1423 n
953 1367 1071 1428 etc.
1118 1363 1242 1429 Sed
1287 1365 1440 1448 quia
1488 1382 1720 1448 parum
1765 1363 1937 1429 valet
1974 1364 2214 1443 oratio,

673 1466 798 1529 nisi
820 1468 901 1532 sit
927 1468 1099 1533 intus
1134 1470 1409 1549 devotio,
1439 1469 1583 1536 ideo
1626 1470 1860 1535 dicitur
1881 1471 1960 1536 de
1994 1471 2117 1535 hac
2141 1474 2165 1511 ⁸
2196 1493 2211 1533 :

681 1595 715 1634 α
740 1573 922 1640 Sorte
947 1576 1126 1658 exiit,
1161 1583 1236 1642 ut
1261 1578 1594 1644 incensum
1623 1582 1919 1663 poneret,
1960 1579 2214 1660 ingres-

670 1698 781 1745 sus
806 1682 875 1747 in
897 1684 1213 1767 templum
1244 1685 1525 1751 Domini:
1552 1690 1616 1752 et
1636 1687 1843 1751 omnis
1871 1684 2218 1752 multitudo

670 1789 889 1873 populi
937 1795 1072 1855 erat
1111 1791 1187 1874 (b)
1230 1810 1422 1858 orans
1460 1793 1614 1858 foris
1656 1794 1819 1858 hora
1860 1793 2125 1857 incensi.
2175 1814 2207 1854 n

671 1896 956 1981 Populus
980 1902 1161 1963 extra
1186 1901 1431 1981 orabat,
1458 1905 1522 1965 et
1555 1900 1889 1965 Zacharias
1915 1901 2091 1966 intus
2116 1902 2214 1966 in-

670 2020 933 2069 censum
961 2007 1261 2089 ponebat.
1295 2005 1389 2070 Ita
1414 2008 1589 2071 enim
1615 2006 1799 2072 debet
1825 2026 1961 2072 esse
1980 2006 2217 2072 vocalis

669 2110 895 2190 oratio,
929 2116 1005 2176 ut
1022 2115 1196 2177 intus
1224 2113 1599 2179 incendatur
1624 2114 1918 2180 mentalis
1936 2115 2210 2195 devotio,

669 2234 750 2281 ne
776 2218 1169 2302 improperet
1194 2221 1504 2286 Dominus
1533 2221 1722 2286 nobis
1753 2222 1912 2287 illud
1939 2222 1961 2257 ¹
1993 2244 2009 2285 ε
2049 2246 2079 2283 α
2104 2222 2216 2288 La-

667 2322 792 2386 biis
819 2325 952 2388 suis
979 2324 1292 2408 glorificat
1316 2347 1441 2408 me,
1472 2347 1583 2393 cor
1609 2333 1827 2394 autem
1849 2331 1989 2411 eJus
2014 2328 2212 2410 longe

670 2433 766 2495 est
806 2450 845 2496 a
878 2450 1004 2496 me.
1048 2455 1078 2493 n
1124 2433 1367 2500 Dicitur
1405 2455 1565 2519 ergo
1618 2458 1633 2500 ε
1679 2436 1858 2503 Hora
1899 2438 2208 2519 septimam

668 2543 814 2620 ete„
845 2540 915 2604 in
943 2559 1074 2624 qua
1100 2542 1501 2624 significatur
1525 2544 1686 2609 hora
1720 2545 2155 2609 conversionis
2188 2565 2205 2608 ε

669 2647 782 2730 qui
804 2648 976 2713 enim
996 2650 1412 2731 convertitur,
1432 2670 1471 2715 a
1487 2650 1800 2733 languore
1820 2655 2083 2716 curatur
2107 2651 2206 2733 (c).

668 2754 828 2819 Item
855 2755 1014 2821 hora
1041 2758 1431 2840 fatigationis
1454 2757 1685 2824 Christi
1712 2765 1734 2799 ⁸
1763 2782 1779 2822 :
1818 2784 1850 2821 α
1878 2757 2063 2824 Jesus
2091 2778 2206 2824 au-

667 2867 797 2927 tem
827 2863 1131 2945 fatigatus
1159 2884 1241 2929 ex
1267 2866 1513 2946 itinere,
1555 2864 1716 2930 sedit
1740 2867 2015 2949 desuper
2056 2867 2208 2931 fon-

665 2975 796 3036 tem
827 2991 845 3036 :
880 2974 1041 3039 hora
1074 2979 1290 3040 autem
1318 2980 1454 3040 erat
1481 2976 1665 3059 quasi
1692 2981 1888 3041 sexta.
1925 3000 1958 3038 ι)
1995 2976 2076 3042 Et
2102 2977 2209 3043 hic

666 3079 1068 3162 significatur
1106 3082 1269 3146 hora
1294 3083 1700 3168 operationiS,
1733 3101 1847 3166 per
1874 3103 2072 3166 quam
2097 3085 2209 3149 ho-

665 3186 873 3251 mines
895 3207 1065 3271 saepe
1085 3189 1458 3271 fatigantur.
1480 3188 1736 3254 Utinam
1756 3208 1947 3274 super
1963 3192 2205 3256 fontem

664 3298 1066 3360 recreentur!
1098 3295 1254 3360 Item
1296 3296 1455 3361 hora
1474 3295 1819 3381 passionis¹
1841 3321 1855 3361 :
1877 3318 1909 3357 α
1928 3296 2081 3361 Erat
2098 3316 2207 3363 au-

664 3405 793 3466 tem
805 3421 1165 3486 parasceve,
1182 3403 1343 3469 hora
1357 3404 1544 3488 quasi
1571 3409 1773 3469 sexta.
1797 3427 1826 3465 n
1864 3404 2019 3469 Item
2038 3424 2208 3471 com-

665 3511 1021 3575 mansionis
1040 3518 1063 3553 ⁷
1086 3529 1104 3575 ε
1133 3535 1164 3573 α
1180 3510 1510 3577 Venerunt
1527 3516 1592 3577 et
1608 3511 1908 3576 viderunt
1922 3511 2038 3577 ubi
2066 3531 2203 3576 ma-

663 3623 862 3698 neret,
895 3624 956 3683 et
983 3622 1358 3683 manserunt
1380 3618 1467 3681 ibi
1502 3618 1604 3682 die
1630 3617 1761 3697 illa,
1802 3617 1964 3683 hora
1989 3625 2205 3685 autem

595 3758 599 3763 ·
664 3728 847 3810 quasi
894 3727 1158 3793 decima.
1219 3749 1250 3786 n
1309 3725 1466 3791 Item
1526 3725 1631 3790 hic
1691 3725 1985 3807 signatur
2046 3729 2207 3793 hora

664 3834 1016 3900 devotionis
1043 3838 1106 3899 et
1131 3833 1713 3916 contemplationiS‚
1759 3853 1888 3917 qua
1925 3834 1992 3899 in
2019 3834 2202 3916 Jesu,

662 3942 766 4007 vel
792 3945 1006 4007 mente
1033 3960 1392 4005 manemus.
1434 3939 1602 4005 Bene
1630 3945 1849 4005 autem
1889 3941 1957 4005 in
1992 3943 2201 4007 omni-

661 4049 784 4114 bus
812 4050 1127 4132 praedictis
1157 4050 1335 4115 horae
1362 4054 1722 4115 numeratae
1748 4055 2098 4133 ponuntur,
2130 4056 2204 4116 ut

664 4157 824 4222 scias
858 4157 1030 4240 quod
1067 4163 1132 4222 et
1170 4157 1696 4238 conversionum,
1736 4161 1798 4222 et
1838 4158 2197 4241 actionum,

665 4269 728 4330 et
770 4264 1138 4348 passionum
1158 4313 1179 4344 ,
1228 4271 1292 4330 et
1339 4267 1751 4331 devotionum
1793 4269 2159 4329 nostrarum
2182 4316 2200 4346 ‚

663 4391 885 4438 omnes
910 4372 1089 4437 horae
1115 4372 1459 4455 diligenter
1484 4373 1656 4456 apud
1692 4372 1895 4437 Deum
1935 4390 2200 4454 compu-

660 4484 897 4544 tantur.
935 4480 1142 4561 lgitur
1167 4479 1346 4545 nulla
1383 4483 1709 4544 momenta
1751 4480 2056 4562 temporis
2089 4498 2207 4564 per

662 4607 903 4654 annum
932 4590 1262 4654 transeunt
1289 4590 1430 4654 sine
1457 4594 1626 4654 statu
1656 4588 2117 4655 retributionis.

732 4819 1100 4897 DOMINIGA
1143 4819 1295 4895 XXI
1337 4820 1526 4895 POST
1571 4820 2130 4902 PENTEGOSTEN.

1085 4988 1376 5060 SERMO
1426 4989 1772 5061 PRIMUS.

745 5126 931 5193 Serve
958 5142 1249 5209 nequam,
1275 5141 1454 5192 omne
1472 5124 1757 5192 debitum
1770 5124 2002 5192 dimisi
2014 5123 2137 5194 tibi
2150 5131 2194 5204 ⁸,

662 5237 780 5298 etc.
811 5233 886 5298 In
911 5233 1013 5299 his
1041 5232 1253 5298 verbis
1279 5232 1403 5297 tria
1427 5233 1871 5310 ostenduntur,
1901 5232 2201 5297 videlicet

728 5396 747 5431 ¹
777 5396 948 5461 Rern„
986 5397 1039 5445 in
1067 5394 1236 5457 Cant„
1272 5408 1427 5447 serm.
1457 5406 1619 5460 nvn,
1647 5409 1700 5445 n.
1731 5397 1779 5444 6.
1807 5418 1867 5433 -
1901 5394 1919 5424 ²
1946 5392 2081 5456 Ace„
2116 5405 2198 5455 ιιι,

666 5471 711 5518 1.
740 5491 802 5504 -
827 5466 849 5501 ⁸
870 5467 1005 5528 Luc..
1028 5477 1064 5530 r,
1087 5469 1227 5517 9-10.
1248 5492 1310 5505 —-
1336 5467 1360 5503 δ
1386 5466 1505 5530 Ita„
1528 5477 1674 5529 xxix,
1699 5467 1777 5517 13.
1799 5492 1856 5504 —
1881 5466 1908 5502 ⁸
1931 5465 2102 5529 Joan„
2126 5476 2199 5529 iv,

1776 474 2195 543 SERMONES
2235 476 2337 543 DE
2377 475 2773 544 TEMPORE.

2325 612 2631 679 humanae
2683 612 3029 679 exactionis
3079 612 3383 697 imquitas
3404 662 3424 694 ‚
3479 612 3719 679 divinae
3776 613 3861 679 di·

2327 721 2659 801 guationis
2684 719 3057 800 liberalitas,
3098 719 3362 785 intentae
3397 722 3712 787 orationis
3746 722 3861 787 uti·

2326 826 2493 892 litas.

2406 933 2700 999 Primum
2727 934 3113 1011 ostenditur,
3157 953 3306 999 cum
3348 933 3587 1000 dicitur
3636 956 3653 999 ε
3696 937 3865 1002 Serve

2322 1056 2618 1124 nequam.
2646 1041 2985 1125 Triplicem
3015 1044 3228 1105 autem
3265 1042 3631 1125 nequitiam
3658 1060 3866 1125 repre-

2322 1149 2549 1214 hendit
2585 1148 2893 1213 Dominus
2931 1149 3003 1212 in
3028 1147 3408 1231 Evangelio.
3448 1148 3676 1215 Primo
3710 1151 3865 1215 enim

2324 1254 2524 1320 homo
2550 1274 2832 1338 nequam
2862 1259 2960 1320 est
2987 1258 3209 1320 contra
3234 1256 3686 1339 semetipsum,
3717 1256 3865 1320 scili·

2325 1367 2423 1427 cet
2449 1362 2617 1427 male
2642 1363 2942 1442 vivendo,
2973 1362 3156 1427 etsie
3174 1363 3460 1427 animam
3488 1382 3687 1429 suam
3714 1363 3867 1428 dam-

2325 1470 2537 1535 nando
2555 1475 2578 1510 ’
2611 1488 2628 1533 :
2654 1494 2686 1531 a
2709 1470 2956 1535 Zizania
2975 1474 3189 1535 autem
3208 1474 3360 1535 sunt
3375 1470 3495 1534 filii
3512 1489 3817 1553 nequam.
3835 1493 3861 1532 ι

2323 1573 2571 1640 Zizania
2594 1581 2746 1642 sunt
2767 1596 3012 1657 omnes,
3043 1578 3242 1661 quiin
3257 1596 3424 1660 agro
3448 1577 3759 1644 Ecclaeiae
3784 1598 3869 1643 ca·

2322 1687 2468 1748 rent
2486 1684 2699 1749 fructu
2729 1685 2919 1750 bonae
2945 1686 3120 1751 vitae.
3156 1684 3227 1750 ln
3251 1686 3375 1751 hoc
3397 1691 3571 1752 certe
3596 1706 3869 1772 nequam

2321 1791 2469 1855 facti
2493 1791 2739 1856 suntin
2766 1792 3121 1876 semetipsis
3137 1795 3182 1834 ¹⁰
3209 1813 3228 1858 :
3263 1793 3429 1871 «Qui
3446 1794 3571 1859 sibi
3597 1813 3870 1878 nequam

2321 1902 2439 1977 est,
2469 1898 2575 1962 cui
2603 1898 2708 1963 alii
2746 1899 2956 1964 bonus
2981 1900 3102 1964 erit
3120 1902 3154 1963 Ἰ
3202 1924 3234 1960 »
3264 1899 3556 1965 Secundo
3594 1919 3869 1985 nequam

2320 2009 2418 2068 est
2442 2010 2661 2069 contra
2703 2004 3104 2089 proximum,
3147 2007 3355 2090 ipsum
3405 2009 3868 2092 persequendo.

2322 2110 2408 2177 De
2439 2111 2563 2176 hoc
2591 2113 2820 2178 dicitur
2842 2113 2947 2177 hic
2978 2135 2995 2177 ε
3042 2114 3238 2181 Serve
3260 2130 3561 2199 nequam,
3604 2121 3735 2179 etc.
3763 2114 3869 2179 Pe-

2319 2218 2599 2285 riculum
2624 2219 2824 2302 hujus
2857 2222 3163 2304 nequitiae
3190 2225 3363 2306 patet
3401 2222 3469 2285 in
3500 2222 3635 2287 hoc
3677 2241 3872 2289 evan-

2322 2326 2495 2409 gelio
2533 2328 2854 2410 praesenti.
2899 2324 3098 2411 Regis
3133 2330 3335 2409 enim,
3369 2329 3434 2394 id
3471 2334 3570 2394 est
3606 2330 3866 2409 Christi,

2320 2435 2771 2516 gravissimam
2827 2437 3138 2502 offensam
3193 2437 3423 2502 dicitur
3479 2438 3841 2504 incurrisse
3856 2489 3871 2519 ,

2317 2544 2431 2626 qui
2472 2544 2770 2626 proximo
2810 2563 2929 2610 suo
2970 2545 3177 2609 noluit
3219 2563 3500 2628 parcere.
3546 2546 3868 2629 Augusti·

2317 2669 2444 2715 nus
2461 2652 2504 2687 ¹¹
2533 2674 2548 2717 z
2570 2674 2602 2713 «ι
2619 2651 2759 2717 Non
2777 2657 3023 2736 poterat
3037 2652 3274 2719 habere
3292 2654 3705 2719 concordiam
3725 2672 3869 2719 cum

2317 2757 2585 2838 Christo,
2620 2761 2735 2844 qui
2766 2760 3002 2826 discors
3045 2762 3247 2828 voluit
3281 2781 3419 2827 esse
3450 2782 3606 2828 cum
3650 2763 3866 2846 proxi-

2317 2884 2446 2931 mo.
2475 2888 2506 2926 n
2526 2865 2737 2932 Tertio
2754 2867 2951 2934 homo
2977 2886 3255 2952 nequam
3280 2874 3377 2934 est
3393 2876 3620 2935 contra
3639 2870 3867 2951 Deum,

2316 2976 2456 3056 ejus
2473 2974 2719 3056 judicia
2758 2975 2862 3041 vel
2904 2977 3067 3040 facta
3101 2975 3656 3061 reprehendendo;
3710 2980 3871 3043 sicut

2316 3081 2446 3160 ille,
2461 3081 2564 3148 cui
2585 3081 2819 3147 dicitur
2831 3083 2912 3147 ¹¹:
2932 3083 3034 3149 An
3049 3084 3429 3151 conlustrans
3446 3102 3729 3169 nequam
3752 3094 3866 3165 est,

2315 3190 2476 3271 quia
2502 3205 2613 3273 eqo
2643 3188 2841 3257 bonus
2867 3184 3059 3257 sum?
3097 3191 3147 3257 Ο
3188 3196 3346 3275 quot
3383 3191 3597 3257 adhuc
3642 3194 3868 3271 hodie,

2314 3313 2487 3361 nunc
2529 3297 2873 3362 bonitatem
2917 3298 3049 3377 Dei,
3081 3316 3254 3363 nunc
3296 3300 3656 3379 veritatem,
3692 3316 3869 3364 nunc

2314 3405 2716 3470 severitatem
2763 3406 3272 3489 reprehendunt!
3305 3405 3537 3471 Contra
3562 3409 3743 3490 qnod
3784 3408 3872 3471 di-

2316 3513 2480 3576 citur
2502 3511 2547 3549 ¹³
2577 3533 2592 3576 ε
2634 3536 2665 3573 α
2689 3512 2817 3579 Nec
2843 3516 3153 3597 cogitavit
3181 3516 3490 3582 adversus
3518 3515 3725 3580 Deum
3754 3534 3870 3580 ne-

2315 3620 2644 3702 quissima.
2676 3642 2707 3681 n
2740 3620 3031 3704 Nequam
3058 3624 3231 3687 enim
3270 3627 3368 3687 est
3394 3624 3699 3706 cogitatio
3742 3624 3864 3689 ho-

2313 3727 2509 3791 minis
2525 3733 2745 3793 contra
2771 3728 3084 3811 seipsum;
3106 3731 3384 3813 nequior
3405 3736 3627 3794 contra
3648 3731 3871 3813 proxi·

2316 3852 2499 3898 mum
2529 3858 2547 3914 ;
2611 3835 3007 3918 nequissima
3068 3840 3290 3901 contra
3350 3837 3571 3902 Deum.
3643 3836 3872 3921 Neque

2312 3941 2553 4007 mirum
2608 3966 2625 4008 ε
2671 3944 2830 4007 tales
2873 3944 3047 4007 enim
3103 3943 3569 4026 nequissimum
3624 3944 3872 4010 habent

2312 4055 2581 4133 patrem,
2613 4051 2692 4116 de
2719 4070 2849 4135 quo
2876 4050 2921 4089 ¹⁸
2953 4072 2969 4116 t
3005 4075 3037 4113 ι
3064 4049 3321 4116 Possitis
3346 4052 3566 4116 omnia
3590 4052 3720 4118 tela
3751 4071 3866 4118 ne-

2312 4158 2603 4241 quissimi
2641 4159 2859 4241 ignea,
2906 4180 2937 4219 1>
2976 4166 3096 4224 etc.
3141 4179 3173 4218 n
3209 4158 3372 4236 Quid
3402 4177 3558 4240 ergo
3589 4160 3863 4241 mirum,

2312 4266 2368 4329 si
2402 4267 2779 4349 nequissimi
2804 4267 3134 4332 daemones
3175 4265 3598 4349 nequissimos
3624 4266 3869 4331 habent

2311 4370 2516 4435 filios?
2544 4373 2590 4413 ¹⁸
2626 4395 2658 4435 α
2685 4370 3075 4456 Nequissimi
3101 4372 3216 4435 filii
3245 4390 3494 4450 eorum,
3513 4396 3544 4432 ι)
3574 4377 3698 4438 etc.

2392 4477 2682 4545 Secundo
2747 4481 3107 4546 ostenditur
3171 4479 3392 4545 divina
3452 4480 3805 4545 liberalitas
3840 4531 3859 4562 ,

2310 4602 2460 4649 cum
2518 4586 2942 4669 subiungitur
2991 4611 3008 4653 ε
3057 4588 3251 4653 Omne
3291 4586 3577 4653 debitum
3624 4584 3866 4653 dimisi

2312 4693 2455 4760 tibi.
2498 4692 2658 4758 Mira
2683 4694 3059 4759 liberalitas!
3114 4712 3248 4758 non
3288 4696 3556 4779 partem,
3608 4695 3723 4759 sed
3761 4699 3861 4758 to-

2310 4784 2483 4881 tum'3
2532 4820 2664 4867 non
2706 4806 3003 4884 centum,
3044 4822 3177 4868 non
3227 4802 3435 4883 mille,
3482 4804 3592 4869 sed
3637 4802 3861 4869 decem

2312 4909 2512 4974 millia
2537 4908 2804 4990 talenta,
2844 4911 2909 4975 id
2948 4914 3074 4990 est,
3108 4911 3611 4978 innumerabiles
3639 4918 3860 4977 reatus

2312 5083 2359 5131 6.
2387 5107 2450 5118 -
2487 5083 2506 5113 ⁸
2540 5081 2688 5145 thid„
2722 5094 2847 5145 xix,
2878 5085 2955 5133 14.
2984 5109 3046 5120 —
3073 5083 3095 5118 ‘¹
3124 5082 3274 5145 ibid„
3310 5095 3350 5144 1,
3378 5084 3456 5132 39.
3490 5107 3553 5118 ——
3587 5080 3611 5117 ⁸
3647 5081 3857 5144 Manli„

2310 5163 2474 5216 xvm,
2507 5156 2585 5204 32.
2615 5180 2677 5191 —
2713 5151 2736 5186 ⁹
2764 5153 2910 5217 thid„
2940 5166 3064 5216 χιιι,
3090 5155 3170 5204 38.
3201 5180 3259 5192 --
3293 5155 3331 5192 ¹0
3358 5152 3537 5216 Βαὰλ,
3566 5164 3677 5216 xiv,
3713 5156 3763 5205 5.
3786 5179 3855 5190 -

2313 5224 2354 5259 ¹¹
2379 5226 2593 5288 August.
2621 5250 2683 5263 —-
2716 5227 2753 5261 ¹⁸
2777 5224 2990 5281 flatile..
3023 5239 3114 5288 xx,
3144 5229 3223 5276 ¹5.
3248 5250 3312 5262 —
3340 5225 3381 5260 ¹⁸
3406 5224 3546 5289 Sap..
3576 5235 3661 5287 ω,
3690 5229 3767 5275 14.
3787 5249 3853 5261 -

2312 5295 2348 5326 “
2382 5295 2580 5360 ephes„
2608 5307 2682 5360 vi,
2713 5300 2788 5348 16.
2816 5321 2879 5336 -
2909 5298 2952 5333 ¹⁸
2979 5297 3124 5362 Sap„
3152 5309 3234 5361 ιιι,
3262 5300 3340 5349 12.

2371 5396 2440 5458 (α)
2480 5395 2607 5447 Coet.
2642 5394 2761 5445 edit.
2793 5394 3039 5460 patiendi.
3064 5421 3127 5435 -
3159 5394 3229 5459 (ὁ)
3267 5396 3391 5446 Item
3416 5394 3689 5446 multitudo
3720 5408 3850 5459 pro-

2309 5468 2470 5530 perat.
2498 5492 2552 5503 -
2585 5465 2650 5530 (c)
2676 5467 2803 5517 Item
2828 5469 3150 5532 procuratur.
