4059 6317
889 510 1268 580 DOMINIGA
1308 513 1418 582 ΧΠ
1460 514 1659 583 POST
1699 515 2284 585 PENTEGOSTEN.
2327 515 2592 585 SERMO
2634 517 2740 586 lv.

221 647 399 716 Unde
438 645 791 714 secundnm
816 649 1068 714 sanctos
1093 650 1422 732 paradisus
1441 650 1760 718 terrenis

218 760 315 822 est
337 756 517 822 locus
543 754 726 821 valde
751 754 1042 822 eminens
1084 759 1149 822 et
1186 756 1376 838 altus,
1404 759 1591 842 quasi
1616 778 1751 827 me·

217 864 398 929 dium
434 867 659 930 tenens
697 863 863 927 inter
897 864 1066 929 hanc
1088 863 1324 931 vallem
1362 867 1657 949 miseriae,
1695 872 1760 934 et

216 973 458 1058 patrias
498 971 802 1051 coelestes,
835 975 1027 1056 juxta
1068 974 1596 1057 aequinoctialem,
1644 977 1758 1042 ubi

216 1085 314 1147 est
365 1098 608 1162 magna
649 1082 984 1165 temperies
1025 1083 1351 1167 temporis,
1400 1084 1471 1148 in
1513 1084 1758 1150 oriente

217 1206 495 1271 vergens
520 1188 591 1254 in
616 1188 987 1255 meridiem:
1019 1194 1083 1254 et
1108 1190 1352 1258 ratione
1379 1208 1516 1259 suae
1543 1192 1755 1257 altitu-

216 1298 388 1368 dinis
422 1317 560 1364 non
598 1298 950 1366 ascendunt
991 1298 1142 1364 illuc
1186 1317 1453 1382 vapores
1494 1300 1563 1365 in
1610 1318 1757 1365 aere

217 1406 470 1486 elevati,
506 1406 739 1490 quibus
771 1405 928 1472 luna
961 1405 1369 1486 dominatui-3
1405 1406 1516 1472 sed
1548 1411 1644 1472 est
1666 1407 1758 1472 ibi

217 1514 460 1598 puritas
486 1513 649 1578 aeris
674 1513 756 1578 ad
780 1513 1386 1596 contemperantiam
1413 1514 1662 1594 caloris,
1692 1519 1759 1581 et

217 1623 359 1688 ideo
384 1620 563 1687 locus
587 1620 855 1688 idoneus
879 1620 1072 1686 statui
1089 1620 1656 1705 (a).perpetuitatis.
1677 1622 1758 1688 Et

216 1729 384 1795 sicut
409 1727 585 1794 locus
613 1732 712 1793 est
737 1727 1007 1808 medius,
1036 1729 1192 1811 quia
1232 1729 1398 1796 inter
1432 1730 1665 1797 coelum
1692 1734 1757 1796 et

216 1841 475 1917 terram,
513 1836 606 1900 ita
632 1834 914 1918 cognitio
946 1834 1118 1900 illius
1151 1839 1349 1901 status
1378 1837 1755 1904 innocentiae

212 1944 402 2027 quasi
429 1943 713 2008 medium
748 1943 1000 2008 tenebat
1033 1943 1201 2008 inter
1225 1946 1463 2009 statum
1503 1944 1752 2026 gloriae,

211 2054 278 2117 et
302 2054 538 2118 statum
563 2050 866 2116 miseriae.
905 2048 1070 2116 Nam
1093 2049 1160 2115 in
1190 2055 1359 2116 statu
1387 2051 1614 2133 gloriae
1649 2053 1755 2117 vi-

211 2160 401 2226 detur
425 2157 593 2224 Deus
618 2158 689 2223 in
712 2158 1042 2240 majestate
1067 2158 1136 2223 in
1161 2159 1261 2223 sui
1277 2158 1652 2238 substantia,
1665 2160 1757 2225 ita

209 2266 386 2352 quod
418 2266 599 2333 nulla
635 2268 734 2331 est
758 2266 851 2330 ibi
875 2266 1264 2345 obscuritas;
1293 2266 1372 2331 in
1397 2270 1570 2333 statu
1597 2287 1756 2334 τωο

211 2374 510 2453 miseriae,
537 2373 855 2440 mediante
887 2373 1146 2458 speculo
1180 2374 1452 2440 obscuro
1485 2376 1558 2440 in
1591 2377 1749 2441 aeni-

210 2487 457 2566 gmate.
493 2480 799 2563 AEnigma
838 2482 1040 2562 enim,
1081 2483 1437 2549 secundum
1493 2484 1754 2551 beatum

207 2591 655 2673 Augustinum
673 2590 718 2670 ¹,
747 2593 844 2656 est
856 2589 1205 2656 similitudo
1221 2591 1513 2659 obscura.
1543 2593 1666 2660 Sed
1683 2596 1756 2661 in

208 2702 384 2764 statu
408 2697 790 2763 innocentiae
809 2697 1147 2764 videbatur
1167 2698 1481 2765 mediante
1497 2702 1756 2785 speculo

209 2805 405 2885 claro,
433 2805 572 2871 sine
594 2804 810 2888 aliqua
838 2805 1244 2886 obscuritate,
1275 2823 1352 2871 eo
1376 2809 1550 2890 quod
1573 2809 1755 2876 nulla

208 2918 348 2981 erat
371 2914 441 2980 in
463 2914 684 2979 anima
707 2912 943 2996 peccati
969 2913 1225 2994 nebula,
1250 2914 1358 2979 sed
1384 2917 1754 2983 omnimoda

207 3021 476 3107 puritas,
506 3023 572 3086 et
593 3018 775 3085 nulla
797 3018 1059 3085 rebellio
1082 3020 1293 3087 carnis
1314 3025 1377 3086 et
1396 3022 1637 3089 virium
1661 3025 1753 3090 in-

209 3131 518 3200 teriorum
539 3129 621 3196 ad
639 3128 958 3213 spiritum,
996 3130 1106 3196 sed
1133 3131 1502 3198 omnimoda
1527 3134 1750 3217 subje-

205 3241 369 3318 ctio;
401 3242 466 3304 et
490 3240 750 3321 propter
772 3241 1019 3302 tantam
1054 3237 1457 3304 harmoniam
1495 3244 1559 3305 et
1592 3260 1750 3307 con-

203 3348 486 3415 cordiam
509 3344 680 3429 pacis
700 3344 869 3410 inter
895 3361 1151 3410 carnem
1178 3350 1242 3412 et
1266 3346 1571 3428 animam,
1602 3350 1750 3415 sub·

203 3455 378 3521 ditur
389 3453 456 3518 in
469 3451 773 3536 praedicta
790 3451 1163 3518 auctoritate
1175 3455 1200 3491 ²
1216 3475 1231 3518 ε
1254 3454 1338 3522 Et
1352 3454 1645 3524 addua-tt
1667 3455 1739 3541 (b)

204 3577 305 3628 me
354 3561 431 3628 in
477 3557 850 3635 Jerusalem,
891 3575 1043 3641 quae
1085 3559 1541 3644 interpretatur
1585 3563 1747 3630 visio

201 3669 412 3754 pacis3
454 3667 568 3734 sed
601 3669 863 3751 propter
904 3666 1340 3733 omnimodam
1375 3670 1743 3752 puritatem,

201 3776 451 3847 ratione
477 3778 666 3859 cujus
685 3775 877 3841 modo
899 3775 973 3859 (c)
998 3775 1184 3841 oculo
1210 3776 1476 3841 rationis
1493 3777 1749 3844 videbat

203 3886 411 3952 Deum
427 3885 566 3951 sine
581 3882 989 3960 obscuritate,
1020 3881 1352 3963 subinfert,
1375 3884 1558 3967 quasi
1572 3891 1748 3951 anto·

201 3992 571 4073 nomastice,
601 3991 773 4074 quod
796 3990 1005 4056 fuerat
1027 3991 1259 4056 ductus
1280 3991 1356 4057 in
1379 3992 1629 4060 visione
1660 3991 1743 4077 (d)

200 4103 344 4170 Dei.
382 4101 593 4185 Hujus
619 4101 871 4166 amissoe
910 4102 1288 4167 innocentiae
1329 4105 1748 4186 recuperatio·

199 4228 354 4276 nem
384 4209 647 4275 credens
671 4208 876 4274 fidelis
897 4207 1146 4289 Tobias,
1169 4208 1447 4274 dicebat⁸
1469 4232 1484 4275 z
1509 4212 1748 4280 Beatus

197 4334 327 4398 ero,
355 4320 420 4394 si
446 4317 692 4399 fuerint
724 4316 1020 4398 reliquia
1055 4318 1320 4385 samnis
1356 4320 1483 4385 mei
1521 4319 1612 4386 ad
1639 4320 1742 4386 vi-

198 4427 487 4496 dendum
512 4426 586 4511 (e)
617 4425 976 4493 claritatem
1001 4425 1375 4507 Jerusalem,
1393 4426 1459 4492 id
1484 4433 1602 4506 est,
1625 4430 1745 4494 ori-

199 4535 440 4620 ginalis
461 4533 861 4611 innocentiae,
891 4550 1039 4617 quae
1068 4534 1190 4600 ruit
1203 4534 1273 4599 in
1298 4534 1567 4601 Christo.
1675 4562 1680 4568 ·

282 4642 574 4709 Secundo
613 4658 728 4724 per
757 4640 1110 4706 Jerusalem
1136 4639 1519 4723 intelligitur
1544 4646 1742 4710 status

200 4751 604 4831 innocentiae,
630 4750 783 4835 quia
797 4750 868 4814 in
888 4767 966 4814 eo
983 4748 1255 4814 habebat
1273 4749 1523 4833 primus
1546 4751 1745 4819 homo

197 4861 675 4930 deliciositaoem
703 4857 1091 4925 oblectabilis
1126 4859 1376 4940 gratiae.
1407 4859 1485 4924 Et
1510 4859 1590 4924 de
1622 4861 1746 4926 boc

198 4973 405 5054 potest
427 4968 702 5051 intelligi
723 4966 882 5032 illud
899 4966 923 5003 ⁸
946 4988 964 5032 t
987 4965 1170 5033 oculi
1195 4969 1301 5035 tui
1323 4967 1634 5036 videbunt
1649 4972 1747 5038 ei-

198 5080 469 5147 vitatem
493 5076 836 5145 Jerusalem
857 5075 1242 5158 opulentam.
1268 5075 1431 5143 Vere
1455 5076 1660 5143 Adam
1677 5080 1748 5145 in

200 5190 372 5251 statu
385 5184 767 5250 innocentiae
788 5186 927 5249 erat
947 5183 1125 5248 velut
1147 5183 1374 5249 civitas
1392 5184 1747 5253 Jerusalem

264 5308 812 5376 ¹.Aug‚de1'rini.,t
847 5308 939 5360 lib.
971 5310 1145 5373 xv,x
1147 5313 1283 5375 ,316
1315 5312 1493 5362 Enarr.
1523 5313 1745 5366 Qanl

202 5393 396 5445 xnvm,
426 5394 482 5432 n.
515 5383 564 5432 5.
590 5406 654 5420 --
682 5379 928 5439 *sueth
957 5391 1080 5445 vm,
1110 5325 1467 5442 3.,-θο.,1·ὸ
1505 5395 1632 5444 1111,
1664 5388 1745 5437 20.

201 5478 266 5493 -
297 5417 463 5510 10⁹⁸„
483 5463 681 5516 mm,
706 5455 867 5503 211-
884 5414 1090 5514 ’,ἶσαι
1119 5465 1192 5517 vr,
1221 5456 1269 5504 3.
1299 5480 1363 5494 —
1391 5455 1574 5508 ‘Proh
1602 5469 1746 5530 cxxi,

206 5525 250 5576 1.
284 5551 338 5562 -
367 5525 704 5576 ''Bern.-·
730 5522 865 5575 Ptol.
897 5535 1071 5587 eurr,
1103 5528 1206 5578 1-3.

3290 529 3413 593 168

1866 654 2189 736 opulenta,
2231 652 2501 736 pulchra
2532 656 2599 718 et
2635 654 2885 734 decora,
2918 662 3178 743 W
3200 662 3408 729 abun·

1864 760 2149 826 dentiam
2182 761 3410 844 gratiarum‚et⁸terribiu⁸utcastro-

1861 883 2008 934 rum
2055 870 2229 936 acies
2271 868 2600 949 ordinata,
2655 873 2917 954 propter
2958 873 3411 957 refulgentiam

1864 975 2198 1041 virtutum.
2230 975 2407 1041 Hanc
2428 975 2779 1042 Jerusalem
2805 978 2850 1058 ⁸,
2872 995 3017 1062 quoe
3038 982 3417 1064 oedifieatm·

1863 1082 3081 1167 utcivitas,caiusparticipatioejusin
3094 1090 3407 1176 idipsum,

1863 1192 2087 1257 videns
2124 1191 2435 1272 diabolus,
2475 1193 2691 1259 statim
2736 1193 2988 1262 invidit.
3038 1198 3215 1265 Unde
3256 1200 3408 1268 Ber-

1863 1300 2104 1365 nardus
2132 1299 2155 1336 '¹
2186 1322 2203 1365 ς
2250 1321 2282 1361 α
2313 1299 2474 1365 Cum
2511 1299 2756 1366 videret
2794 1306 3042 1385 patrem
3075 1312 3403 1391 nostrum,

1863 1408 2157 1474 omnium
2195 1408 2534 1473 hominum
2577 1407 2871 1490 aemulus,
2920 1412 3225 1480 charitate
3281 1416 3410 1481 cir-

1863 1515 2255 1595 cumdatum,
2284 1520 2348 1581 et
2373 1516 2552 1581 omni
2579 1516 2815 1584 virtute
2840 1519 3163 1602 vestitum,
3203 1527 3269 1589 et
3300 1542 3407 1589 ac-

1862 1624 2103 1707 cepisse
2140 1629 2468 1689 terrenum
2508 1624 2836 1690 bominem
2875 1630 3173 1711 gratiam,
3207 1650 3405 1716 quam

1861 1732 1996 1815 ipse
2040 1733 2335 1797 miserat
2374 1749 2489 1815 per
2532 1732 2920 1815 superbiam,
2965 1735 3194 1804 invidit
3232 1740 3402 1805 insa·

1860 1839 2094 1904 tiabilis
2132 1838 2487 1918 homicida3
2536 1844 2600 1904 et
2639 1857 2790 1905 cum
2824 1841 3039 1910 didicit
3063 1846 3234 1927 quod
3260 1846 3407 1911 fecit

1860 1947 2191 2012 hominem
2236 1947 2660 2025 innocentem,
2701 1952 2973 2030 rectum,
3016 1951 3398 2034 virtuosum,

1861 2055 1999 2119 sine
2024 2054 2462 2135 sollicitudine,
2493 2055 2631 2120 sine
2656 2056 2929 2136 tristitia,
2960 2059 3138 2123 omui
3163 2060 3404 2127 virtute

1861 2163 2252 2241 decoratum,
2287 2163 2592 2228 omnibus
2624 2163 2806 2229 donis
2838 2169 3236 2231 ornatum.»
3279 2168 3407 2233 Nec
3431 2195 3643 2242 Ama

1859 2273 1956 2335 est
1978 2269 2490 2352 intelligendum,
2519 2270 2690 2353 quod
2717 2271 2931 2336 statim
2956 2273 3212 2356 quando
3239 2275 3407 2341 Deus
3430 2258 3645 2377 ‘'Q‘'

1861 2377 2192 2442 hominem
2217 2375 2521 2455 condidit,
2551 2377 2789 2443 virtute
2815 2380 3119 2462 vestierit,
3140 2386 3205 2447 et
3222 2401 3408 2448 orna·
3467 2385 3617 2429 ’ω’

1860 2485 2066 2564 verit3
2098 2484 2209 2550 sed
2235 2485 2386 2568 quia
2413 2487 2569 2549 tunc
2593 2484 2996 2569 disposuerit,
3024 2492 3088 2554 et
3111 2506 3244 2554 non
3270 2488 3411 2555 lon-·

1863 2610 1952 2674 go
1977 2596 2265 2675 tempore
2309 2596 2445 2674 post
2480 2594 2827 2673 ornaverit,
2862 2596 3405 2678 quemadmodum

1861 2701 2070 2783 major
2116 2698 2401 2765 mundus
2429 2698 2537 2764 ille
2572 2699 2884 2765 sensibilis
2913 2702 3096 2785 prius
3120 2707 3407 2787 tempore

1857 2807 1980 2873 fuit
2002 2809 2275 2885 acaum,
2306 2810 2369 2871 et
2394 2810 2537 2890 post
2561 2810 2841 2873 ornatus.
2878 2806 3059 2874 Unde
3077 2810 3241 2876 sicut
3264 2829 3405 2875 esse

1857 2915 2215 2998 gratuitum
2259 2917 2354 2979 est
2397 2913 2656 2979 alterius
2707 2916 2966 2998 generis
3016 2935 3214 3001 quam
3265 2936 3404 2983 esse

1856 3023 2170 3100 naturale,
2200 3021 2292 3086 sic
2317 3021 2388 3086 in
2413 3020 2680 3087 diversis
2700 3024 3095 3107 temporibus
3114 3025 3404 3091 1111111111-

1857 3147 1983 3196 mae
2034 3130 2289 3209 creatio,
2346 3131 2411 3192 et
2455 3127 2684 3210 gratiae
2727 3129 3173 3213 superinfusio.
3219 3131 3397 3198 Nun-

1855 3257 2052 3322 quam
2081 3238 2252 3303 enim
2281 3236 2469 3315 Deus,
2497 3240 2811 3320 quantum
2840 3240 2937 3302 est
2958 3237 3037 3303 de
3053 3237 3200 3322 lege
3224 3257 3401 3305 com·

1856 3347 2061 3427 muni,
2090 3344 2281 3411 alicui
2303 3342 2521 3409 adulto
2545 3343 2825 3409 infundit
2845 3345 3149 3427 gratiam,
3172 3347 3297 3410 nisi
3319 3347 3405 3410 sit

1853 3453 2238 3538 praeparatio
2264 3469 2347 3517 ex
2372 3455 2553 3536 parte
2574 3451 2858 3517 hominis
2879 3474 2896 3518 ε
2919 3454 2983 3517 et
3001 3457 3261 3536 propter
3277 3453 3402 3518 hoc

1853 3579 1984 3627 non
2011 3561 2132 3625 fuit
2161 3562 2492 3625 concreata
2524 3558 2734 3640 gratia
2770 3559 3039 3639 homini,
3071 3559 3185 3624 sed
3208 3560 3403 3625 dilata

1852 3686 2183 3754 quousque
2216 3667 2413 3732 homo
2441 3664 2719 3750 quodam
2758 3665 2950 3731 modo
2987 3670 3281 3749 paratum
3318 3668 3401 3734 ad

1851 3796 2046 3843 usum
2063 3775 2324 3841 rationis
2346 3791 2416 3840 se
2434 3773 2798 3857 disponeret
2824 3773 2906 3839 ad
2930 3773 3399 3857 suscipiendam

1852 3885 2152 3969 gratiam.

1930 3991 2144 4058 Tertio
2166 4008 2280 4074 per
2302 3987 2656 4055 Jerusalem
2683 3985 3071 4069 intelligitur
3092 3989 3288 4052 status
3306 3986 3399 4052 in·

1851 4100 2183 4179 nocentiae,
2215 4098 2370 4183 quia
2397 4098 2466 4161 in
2496 4113 2574 4162 eo
2609 4094 2885 4161 habebat
2918 4094 3167 4178 primus
3205 4095 3401 4160 bomo

1851 4208 2253 4274 securitatem
2298 4202 2705 4290 protectionis
2739 4201 2873 4268 Dei.
2913 4201 2995 4268 Et
3027 4202 3107 4267 de
3134 4201 3256 4267 hoc
3283 4222 3399 4285 po·-

1850 4321 1973 4381 test
1986 4313 2262 4396 intelligi
2292 4310 2455 4376 illud
2481 4308 2839 4376 Psalmistae
2861 4308 2884 4345 ⁸
2917 4330 2933 4373 z
2964 4308 3107 4377 Non
3131 4324 3402 4376 commo-

1850 4425 2102 4493 vehitur
2126 4424 2244 4507 qui
2267 4418 2520 4488 habitat
2546 4420 2624 4486 in
2652 4418 3023 4485 Jerusalem.
3053 4419 3297 4485 Montes
3330 4418 3402 4484 in

1851 4533 2129 4600 circuitu
2155 4528 2318 4612 eius,
2351 4530 2412 4593 et
2436 4526 2756 4593 Dominus
2780 4526 2859 4592 in
2880 4525 3157 4593 circuitu
3177 4526 3406 4609 populi

1851 4645 1982 4710 sui.
2012 4641 2175 4707 Vere
2199 4638 2406 4704 Adam
2433 4635 2709 4700 existens
2733 4633 2803 4698 in
2826 4638 3003 4699 statu.
3025 4634 3403 4700 innocentiae

1852 4767 2191 4836 nunquam
2217 4743 2736 4821 commotionem,
2767 4741 2904 4807 sive
2924 4741 3403 4808 dissolutionem

1852 4858 1957 4925 sui
1973 4856 2258 4942 corporis
2270 4868 2497 4938 passus
2512 4850 2752 4930 nasset,
2774 4849 2900 4915 nisi
2918 4850 3002 4916 ab
3023 4849 3400 4915 intrinseco:

1852 4969 2006 5054 quia
2028 4967 2178 5032 licet
2201 4960 2590 5044 compositus
2617 4975 2703 5024 ex
2729 4957 3103 5035 contrariis,
3142 4962 3208 5022 et
3247 4976 3405 5022 con-
3479 5001 3486 5006 -

1852 5075 2145 5143 uarietas
2179 5070 2264 5135 sit
2287 5085 2482 5134 causa
2506 5082 2774 5149 pugnae,
2802 5067 2867 5128 et
2884 5082 3111 5148 pugna
3132 5063 3202 5129 in
3225 5081 3410 5130 vom-

1853 5185 2059 5270 posito
2081 5184 2166 5249 sit
2182 5197 2379 5248 causa
2402 5174 2860 5256 dissolutionis,
2889 5176 2954 5240 et
2971 5191 3104 5239 non
3129 5172 3315 5239 aliter
3339 5189 3412 5238 se

1919 5385 1986 5449 (a)
2015 5383 2137 5434 coet.
2173 5378 2298 5430 edat.
2333 5378 2489 5427 stetu.
2526 5397 2590 5410 -
2627 5370 2696 5436 (ὁ)
2727 5371 2850 5422 Item
2893 5370 3057 5424 duxit.
3092 5397 3156 5412 -
3192 5371 3256 5439 (e)
3296 5371 3414 5439 leq.

1856 5459 2034 5582 3230.
2064 5479 2127 5495 -
2156 5452 2235 5518 (ά)
2262 5450 2391 5503 Get
2418 5443 2547 5502 edit.
2584 5443 2843 5500 visionem,
2870 5445 3027 5514 (e)
3051 5443 3209 5514 vulg
3245 5445 3415 5580 videa·

3453 2449 3642 2492 creatu.
