4059 6317
785 531 865 596 68
1875 519 2290 592 SERMONES
2330 518 2433 587 DE
2474 517 2868 589 TEMPORE.

780 666 952 730 terra
983 662 1337 730 viventium
1377 661 1779 746 consequeris
1826 679 1941 745 per
1979 657 2310 725 circumci-

781 770 976 842 sionis
1005 770 1406 835 beneficium.
1438 769 1684 848 Quibus
1709 773 1855 834 ante
1880 767 2186 833 Dominus
2206 767 2310 847 ju·-

780 879 1036 944 raverat
1085 881 1161 941 ut
1207 877 1563 943 ostenderet
1601 877 1694 942 eis
1741 880 1980 941 terram
2021 873 2185 938 lacte
2245 873 2309 934 et

779 982 966 1050 melle
993 987 1380 1064 manantem,
1407 983 1644 1049 horum
1677 983 1792 1047 filii
1825 981 2130 1046 inlocum
2156 996 2306 1043 suc-

777 1095 1098 1162 cesserunt
1120 1095 1375 1175 patrum
1393 1140 1411 1172 ,
1448 1096 1513 1157 et
1554 1090 1909 1156 circumcisi
1944 1092 2094 1153 sunt
2128 1106 2168 1152 a
2199 1085 2309 1150 Jo-

777 1216 913 1264 sue.
981 1199 1176 1265 Terra
1238 1215 1512 1266 manans
1563 1199 1723 1266 lacte
1772 1195 2188 1262 humanitatis
2251 1197 2311 1260 et

778 1306 959 1376 melle
980 1308 1001 1343 ¹
1031 1307 1398 1388 divinitatis,
1428 1307 1633 1390 patria
1654 1309 1769 1372 est.
1801 1307 1823 1342 ⁸
1861 1327 1893 1366 α
1915 1303 2203 1387 Suscepit
2229 1303 2308 1368 de

780 1431 981 1482 manu
1027 1413 1277 1480 Domini
1308 1413 1603 1496 duplicia.
1645 1434 1678 1474 ι
1714 1412 1792 1478 Et
1833 1412 1855 1449 ⁸
1891 1434 1907 1477 ε
1947 1435 1976 1472 ι
2027 1411 2101 1475 In
2138 1415 2310 1475 terra

781 1538 902 1586 sua
925 1519 1198 1604 duplicia
1222 1520 1647 1604 possidebunt.
1675 1543 1706 1581 n

1315 1698 1602 1770 SERMO
1646 1700 1765 1772 lv.

867 1841 1169 1912 vocatum
1192 1847 1285 1909 est
1308 1856 1536 1908 nomen
1567 1841 1706 1923 ejus
1729 1841 1949 1920 Jesus,
1989 1839 2160 1922 quod
2189 1855 2302 1906 vo-

776 1955 991 2018 catum
1027 1956 1118 2016 est
1160 1949 1240 2016 ab
1287 1949 1539 2033 Anasta,
1585 1950 1965 2030 priusquam
2004 1948 2078 2012 in
2128 1951 2306 2013 utero

775 2057 1205 2138 conciperetur
1226 2060 1251 2095 ⁸
1277 2102 1294 2118 .
1341 2054 1414 2120 ln
1439 2055 1560 2120 hoc
1586 2054 1783 2119 verbo
1815 2053 2167 2118 ostenditur
2190 2053 2308 2118 hu-

766 2166 878 2247 jus
903 2165 1181 2230 nominis
1221 2164 1464 2229 utilitas
1503 2169 1569 2229 et
1611 2163 1969 2229 auctoritas,
2010 2162 2304 2227 Primum

774 2273 925 2335 nota
957 2271 1085 2336 ibi:
1141 2270 1447 2339 Vocatum
1494 2276 1587 2338 est
1627 2287 1854 2338 nomen
1894 2268 2035 2351 ejus
2085 2271 2306 2347 lesus,-

773 2377 1124 2444 secundum
1152 2378 1242 2442 ibi
1263 2400 1278 2442 ε
1313 2378 1615 2446 Vocatum
1639 2385 1732 2444 est
1753 2378 1832 2443 ab
1854 2377 2114 2461 Δημὼ.
2143 2375 2306 2443 Vere

772 2483 1187 2552 utilissimum
1214 2487 1312 2548 est
1338 2484 1458 2549 hoc
1480 2502 1715 2549 nomen
1742 2484 1824 2548 ad
1850 2484 2119 2548 salutem
2159 2501 2306 2548 nos-

772 2594 938 2660 tram
982 2613 999 2655 ε
1037 2591 1221 2656 Iesus
1256 2590 1430 2656 enim
1473 2589 1765 2657 Salvator
1811 2590 2262 2673 interpretatur
2279 2641 2299 2673 ‚

773 2697 875 2766 vel
912 2697 1218 2765 salutare.
1266 2698 1339 2762 In
1386 2698 1509 2762 hoc
1551 2697 1812 2761 nomine
1857 2698 2305 2781 consequimur

771 2804 1064 2883 veniam,
1096 2805 1369 2886 gratiam
1396 2852 1415 2878 ,
1453 2806 1778 2871 victoriam
1800 2854 1817 2884 ,
1863 2811 1928 2872 et
1972 2808 2245 2888 gloriam
2280 2832 2295 2873 ε

771 2910 1058 2990 νεοίατο,
1098 2911 1167 2976 in
1208 2912 1652 2992 conversione;
1694 2915 1992 2995 gratiam,
2042 2915 2113 2979 in
2147 2934 2299 2982 con-

772 3019 1155 3098 versation03
1207 3020 1538 3088 victoriam
1556 3068 1577 3099 ,
1622 3020 1693 3084 in
1726 3023 2108 3103 tentatione;
2152 3023 2302 3106 glo-

772 3126 970 3206 riam,
996 3125 1067 3190 in
1096 3126 1628 3192 remuneratione.

852 3232 943 3298 De
968 3233 1175 3316 primo
1200 3234 1224 3268 ·
1258 3255 1274 3299 z
1314 3256 1345 3295 α
1386 3233 1550 3299 Huic
1574 3252 1798 3304 omnes
1821 3237 2148 3319 prophetae
2175 3242 2299 3304 tes-

773 3340 1111 3410 timonium
1155 3341 1489 3423 perhibent
1530 3342 1966 3408 remissionem
2022 3346 2303 3429 accipere

774 3464 890 3528 per
911 3463 1148 3512 nomen
1174 3449 1337 3531 ejus.
1365 3469 1399 3509 n
1435 3447 1745 3514 Omnibus
1779 3467 1940 3531 ergo
1978 3453 2304 3536 prophetis

777 3555 982 3633 crede,
1013 3571 1224 3638 neque
1256 3555 1335 3620 de
1367 3557 1668 3622 omnibus
1701 3558 1969 3640 peccatis
2005 3558 2299 3641 despera,

775 3661 921 3732 lieet
954 3665 1086 3730 tam
1114 3662 1317 3727 multa
1341 3664 1498 3744 sint,
1538 3667 1612 3728 ut
1655 3682 1999 3729 numerum
2043 3666 2300 3749 capillo-

771 3785 920 3834 rum
942 3768 1190 3853 capitis,
1219 3770 1325 3836 vel
1352 3770 1545 3835 etiam
1572 3789 1832 3838 arenam
1879 3772 2077 3836 maris
2116 3791 2299 3838 exce-

772 3875 925 3942 dant
953 3875 977 3913 ⁸
1007 3897 1025 3940 ι
1066 3897 1099 3942 c
1146 3875 1572 3960 Multiplicatae
1614 3882 1766 3943 sunt
1809 3897 1998 3961 super
2046 3880 2305 3963 capillos

771 3982 994 4066 capitis
1018 3983 1167 4050 mei.
1196 4005 1229 4044 ι
1257 3983 1331 4048 In
1355 3985 1640 4056 oratione
1665 3985 1967 4050 Manassae
1987 3992 2009 4028 ⁷
2042 4008 2059 4049 ε
2090 4008 2123 4047 α
2147 3983 2298 4050 Pec-

771 4093 915 4156 cavi
940 4110 1136 4174 super
1160 4110 1503 4157 numerum
1528 4111 1743 4160 arenae
1769 4094 1992 4174 marm,
2022 4098 2088 4159 et
2129 4095 2302 4159 mul-

771 4198 1073 4283 tiplicata
1120 4202 1272 4263 sunt
1307 4199 1672 4282 iniquitates
1712 4218 1895 4266 meae.
1937 4223 1969 4261 n
2023 4201 2092 4266 Si
2142 4221 2304 4286 ergo

773 4305 1049 4374 multum
1075 4306 1365 4389 peccasti,
1393 4307 1494 4371 dic
1516 4325 1665 4371 cum
1688 4305 2000 4391 Propheta
2024 4315 2049 4350 ⁸
2082 4331 2098 4373 z
2135 4333 2166 4372 α
2189 4310 2307 4375 Do-

775 4413 947 4486 mine
962 4462 980 4493 ,
1016 4413 1117 4478 fac
1155 4418 1411 4496 propter
1451 4431 1690 4479 nomen
1728 4418 1913 4480 tuum
1927 4463 1944 4495 ,
1996 4419 2302 4499 quoniam

776 4519 995 4584 multae
1021 4525 1173 4585 sunt
1198 4520 1559 4586 aversiones
1585 4524 1842 4585 nostrae.
1873 4542 1904 4581 n
1942 4521 2022 4587 Et
2048 4522 2206 4588 illud
2230 4525 2254 4560 ⁹
2280 4547 2296 4588 ε

781 4648 813 4690 ι
839 4625 1104 4709 Propter
1129 4644 1366 4692 nomen
1397 4630 1582 4692 tuum
1598 4676 1614 4707 ,
1646 4625 1947 4707 Domine,
1994 4631 2298 4713 propitia·

770 4733 938 4800 beris
962 4737 1217 4815 peccato
1244 4749 1407 4812 meo,
1438 4732 1715 4797 multum
1743 4737 1840 4797 est
1863 4734 2059 4799 enim.
2098 4757 2129 4796 n
2164 4737 2296 4802 Au·

772 4840 1073 4920 sustinus
1101 4841 1148 4880 ¹·
1179 4861 1242 4905 :a
1271 4837 1437 4914 Quid
1459 4843 1555 4903 est
1581 4838 1783 4918 Jesus,
1811 4839 1934 4903 nisi
1963 4840 2251 4909 Salvator
2268 4846 2301 4907 ⁴?

770 4944 948 5036 Ergo
973 4950 1232 5030 propter
1256 4945 1685 5027 temetipsum,
1706 4966 1738 5005 n
1772 4947 1859 5014 sis
1888 4948 2046 5012 mihi
2088 4950 2296 5017 Iesus.

771 5049 935 5130 Noli,
953 5052 1246 5129 Domine,
1269 5053 1361 5117 sic
1377 5052 1697 5118 attendere
1717 5053 1958 5118 malum
1983 5061 2294 5139 nostrum,

770 5162 844 5223 ut
850 5159 1237 5224 obliviscaris
1251 5161 1497 5224 bonum
1510 5162 1698 5223 tuum
1706 5207 1721 5224 .
1734 5159 1856 5225 Sed
1869 5163 2120 5227 attende
2129 5165 2300 5248 quod

830 5285 850 5315 ¹
878 5284 999 5348 λοι,
1027 5295 1084 5350 v,
1109 5286 1159 5335 6.
1183 5309 1245 5323 -—
1274 5284 1303 5318 ¹
1333 5285 1452 5346 tm„
1480 5294 1577 5347 η,
1605 5286 1653 5333 2.
1679 5310 1742 5321 —
1776 5283 1799 5320 ⁸
1834 5284 1985 5349 ibid„
2016 5298 2134 5352 ur,
2169 5291 2218 5338 7.
2239 5315 2301 5326 —

771 5353 1166 5484 ,effi
1196 5379 1260 5393 -··
1289 5355 1313 5392 ·
1338 5355 1555 5480 se,
1581 5355 1969 5478 ‘irim
1997 5369 2183 5481 τεὴ
2221 5362 2301 5470 ¹.³.·

771 5497 793 5528 ⁹
827 5496 960 5556 ΡΜ.
1006 5440 1381 5568 ειινῗῖῗῃ-
1427 5498 1473 5534 ¹·
1518 5461 1626 5549 uino
1669 5500 1844 5552 auctor
1887 5464 2005 5551 lib’ri
2046 5468 2299 5564 uideat„

2420 655 2542 720 hoc
2553 674 2787 722 nomen
2800 658 2984 723 Jestoe
3000 654 3069 719 in
3083 655 3558 726 circumcisione
3569 659 3939 743 imponiturt

2420 764 2490 830 in
2514 782 2643 847 quo
2670 764 2784 830 tibi
2811 762 3167 829 ostenditur
3203 763 3374 845 quod
3413 783 3528 847 per
3561 768 3684 832 hoc
3719 787 3943 834 nomen

2420 869 2764 936 salvaberis
2772 918 2794 951 ,
2836 872 2890 935 si
2932 874 3147 935 tamen
3190 887 3306 953 per
3343 873 3784 955 poenitenfiam
3829 876 3944 940 cir-

2421 978 2830 1056 cumcidaris;
2862 981 2926 1043 et
2941 978 3101 1042 alias
3123 979 3326 1042 non.¹¹
3351 1002 3382 1039 ι
3409 978 3747 1061 Masculus,
3775 985 3944 1066 cujus

2420 1084 2715 1167 praeputii
2744 1103 2894 1149 caro
2917 1085 3295 1151 circumcisa
3320 1104 3448 1151 non
3474 1087 3685 1166 fuerit,
3710 1089 3939 1154 delebi-

2418 1194 2526 1254 tur
2548 1192 2764 1256 anima
2788 1192 2899 1256 illa
2919 1193 2999 1256 de
3030 1193 3267 1275 populo
3294 1211 3434 1258 su0.
3463 1216 3496 1252 n

2497 1296 2584 1362 De
2609 1298 2886 1363 secundo
2913 1300 2960 1335 ¹²
2983 1321 3043 1363 :a
3067 1298 3413 1365 Paraclitus
3439 1300 3736 1384 Spiritus,
3762 1320 3946 1386 quem

2418 1406 2625 1470 mittet
2652 1404 2837 1470 Pater
2861 1406 2934 1470 in
2960 1406 3221 1471 nomine
3247 1424 3411 1487 mee,
3441 1408 3547 1472 ille
3567 1427 3686 1474 vos
3705 1410 3947 1474 docebit

2417 1513 2653 1577 omnia.
2684 1533 2715 1572 n
2751 1512 2800 1578 Ο
2829 1531 3026 1596 quam
3055 1514 3279 1579 devote
3307 1515 3579 1580 mendici
3604 1517 3673 1579 in
3693 1519 3946 1582 nomine

2416 1616 2484 1683 S.
2512 1616 2786 1698 Nicolai‚
2818 1624 2881 1684 et
2943 1619 3009 1685 S.
3053 1620 3220 1685 Petri
3256 1624 3512 1705 petunt,
3551 1624 3710 1687 dum
3753 1623 3945 1688 frusta

2416 1726 2599 1809 panis
2623 1744 2736 1810 per
2762 1727 2884 1791 hoc
2919 1728 3220 1811 consequi
3261 1732 3550 1812 sperant!
3586 1729 3802 1807 Quare
3841 1748 3946 1795 nos

2417 1833 2637 1898 miseri
2663 1834 2921 1899 nomine
2948 1833 3295 1899 dulcissimi
3317 1834 3467 1901 Jesu
3493 1853 3624 1900 non
3649 1837 3944 1919 petimus,

2417 1959 2547 2005 non
2571 1941 2851 2005 frustum
2875 1941 3081 2024 panis,
3111 1941 3223 2006 sed
3242 1947 3315 2006 ut
3334 1940 3645 2025 Spiritum
3662 1949 3947 2009 sanctum

2415 2048 2838 2127 obtineamuS,
2870 2065 2999 2131 quo
3026 2049 3190 2114 bene
3216 2050 3558 2114 vivamus?

2493 2154 2583 2220 De
2610 2156 2817 2236 gratia
2841 2154 3040 2237 huius
3065 2156 3344 2221 nominis
3367 2157 3410 2193 ¹⁸
3439 2179 3453 2220 :
3481 2179 3513 2217 α
3539 2158 3765 2225 Oleum
3796 2160 3950 2225 effu-

2414 2282 2561 2328 sum
2587 2282 2822 2329 nomen
2857 2267 3066 2356 tuum.
3118 2286 3149 2325 1>
3184 2265 3261 2331 Et
3288 2270 3456 2331 certe
3501 2266 3631 2331 mel
3675 2267 3949 2332 effusum

2413 2389 2651 2438 nomen
2674 2375 2882 2438 tuum.
2914 2371 3275 2438 Bernardus
3301 2377 3349 2414 ¹⁴
3384 2396 3400 2440 :
3444 2399 3475 2437 α
3502 2373 3692 2441 Jesus
3729 2377 3860 2442 mel
3885 2378 3950 2441 in

2414 2497 2546 2559 ore,
2573 2480 2772 2546 melos
2794 2482 2864 2545 in
2888 2500 3069 2560 aure,
3089 2482 3331 2564 jubilus
3355 2484 3425 2547 in
3452 2484 3660 2549 eorde.
3688 2506 3720 2545 n

2493 2586 2581 2651 De
2606 2587 2793 2653 tertio
2819 2589 2905 2652 ¹⁸:
2935 2613 2967 2651 α
2994 2588 3281 2670 Domine,
3310 2590 3381 2654 in
3406 2592 3668 2656 nomine
3692 2596 3814 2657 tuo
3834 2591 3953 2657 dae-

2414 2696 2629 2760 monia
2655 2695 3086 2778 subjiciuntur
3110 2698 3316 2763 nobis.
3345 2720 3377 2758 ι)
3414 2699 3493 2764 In
3509 2703 3765 2766 nomine
3796 2706 3905 2769 tuo
3924 2723 3950 2767 .-

2413 2801 2521 2865 sed
2571 2803 2723 2884 quia
2764 2802 3087 2867 daemones
3126 2822 3254 2868 non
3299 2805 3729 2887 subjiciuntur
3747 2856 3770 2888 ‚
3830 2806 3951 2871 nisi

2413 2908 2785 2990 vincantur3
2833 2928 2965 2974 non
3015 2910 3361 2976 vincuntur
3405 2913 3528 2977 nisi
3569 2914 3638 2977 in
3684 2915 3953 2979 nomine

2411 3015 2592 3096 Jesu;
2624 3017 2764 3082 ideo
2786 3016 2983 3081 David
3010 3019 3091 3083 ad
3118 3017 3360 3083 Goliam
3392 3021 3615 3085 ait¹·:‹1
3642 3019 3744 3085 Tu
3771 3023 3954 3086 venis

2414 3125 2494 3188 ad
2524 3142 2629 3188 me
2655 3143 2801 3189 cum
2827 3124 3062 3205 gladio,
3095 3133 3160 3189 et
3196 3127 3401 3206 hasta,
3431 3131 3496 3197 et
3532 3125 3790 3210 clypeo;
3829 3145 3953 3210 ego

2414 3236 2630 3296 autem
2657 3233 2845 3297 venio
2870 3233 2951 3298 ad
2978 3236 3040 3296 te
3068 3234 3137 3296 in
3167 3236 3426 3299 nomine
3470 3234 3718 3299 Domini
3765 3255 3952 3302 exer-

2413 3339 2658 3404 cituum
2684 3338 2895 3405 Israel.
2924 3363 2955 3401 n
2999 3341 3207 3406 Golias
3243 3342 3564 3407 diabolum
3599 3342 3949 3425 signifieat.

2414 3446 2537 3529 Huj
2547 3464 2624 3511 us
2656 3447 2911 3530 gladius
2937 3453 3032 3513 est
3073 3450 3338 3514 tentatio
3375 3450 3672 3528 carnalis3
3715 3451 3910 3517 hasta
3930 3500 3949 3530 ,

2413 3556 2676 3621 tentatio
2702 3556 3080 3639 spiritualis3
3125 3558 3386 3642 clypeus
3411 3579 3562 3625 vero
3584 3608 3601 3639 ‚
3645 3561 3774 3625 sub
3821 3581 3955 3646 quo

2413 3682 2481 3728 se
2515 3664 2870 3745 abscondit,
2913 3670 3010 3731 est
3033 3666 3354 3731 simulatio
3380 3667 3529 3732 boni
3547 3715 3564 3745 ‚
3598 3670 3718 3733 sub
3762 3673 3954 3753 cujus

2412 3772 2616 3854 specie
2640 3772 2889 3855 decipit.
2920 3772 3119 3838 David
3143 3777 3355 3839 autem
3397 3775 3750 3858 quemlibet
3789 3778 3954 3843 flde-

2412 3877 2541 3943 lem
2568 3879 2909 3961 significat,
2938 3881 3052 3962 qui
3081 3880 3150 3945 in
3173 3882 3502 3946 vocatione
3529 3882 3814 3948 nominis
3839 3884 3955 3949 Do-

2414 3987 2574 4050 mini
2600 3987 2669 4051 in
2695 3988 2976 4052 oratione
2995 3992 3061 4054 et
3082 3988 3152 4052 in
3169 3988 3395 4053 baculo
3421 3990 3648 4069 crucis,
3677 3993 3745 4054 et
3765 3993 3955 4074 quin·

2413 4112 2539 4177 que
2586 4094 2905 4178 lapidibus
2925 4142 2944 4175 ,
2991 4095 3058 4160 id
3100 4099 3196 4160 est
3216 4141 3232 4173 ‚
3278 4095 3565 4178 quinque
3601 4097 3953 4163 vulnerum

2411 4201 2643 4266 Christi
2668 4206 2731 4267 et
2771 4203 3072 4266 continua
3111 4203 3566 4280 recordatione,
3613 4206 3678 4266 et
3719 4204 3954 4269 devota

2413 4309 2640 4375 Christi
2705 4310 3053 4375 imitatione
3110 4310 3434 4375 diabolum
3485 4310 3703 4376 vincit.
3768 4311 3954 4378 Psal-

2413 4417 2603 4482 mlsta
2629 4424 2675 4464 ²¹
2706 4439 2721 4481 ε
2754 4441 2788 4479 α
2816 4416 2888 4482 In
2913 4418 3171 4482 nomine
3195 4422 3307 4484 tuo
3338 4436 3707 4502 spernemus
3733 4419 3952 4484 insur-

2416 4530 2641 4606 gentes
2665 4526 2734 4590 in
2759 4526 2960 4590 nobis.
2993 4548 3025 4586 n

2492 4632 2578 4696 De
2605 4637 2832 4713 quarto
2856 4632 2899 4668 ¹⁸
2932 4655 2946 4693 :
2986 4655 3018 4694 α
3041 4631 3328 4698 Vincenti
3357 4632 3522 4697 dabo
3546 4649 3783 4696 manna
3831 4634 3952 4698 ab·

2411 4733 2767 4798 sconditum
2784 4781 2805 4813 ‚
2835 4739 2900 4798 et
2923 4734 3087 4800 dabo
3113 4734 3203 4798 illi
3231 4735 3543 4800 calculum
3575 4735 3949 4816 candidum,

2410 4841 2565 4905 etin
2590 4842 2830 4907 calculo
2857 4860 3093 4907 nomen
3130 4860 3371 4908 novum
3398 4842 3704 4925 scriptum
3721 4888 3739 4920 ,
3766 4843 3955 4925 quod

2410 4966 2600 5014 nemo
2627 4950 2767 5029 scit,
2795 4952 2917 5014 nisi
2943 4951 3055 5033 qui
3097 4951 3342 5033 accipit.
3389 4971 3420 5010 n
3461 4949 3533 5014 ln
3576 4966 3816 5013 manna
3845 4950 3952 5014 di-

2409 5059 2582 5137 vina,
2611 5058 2681 5121 in
2716 5058 2957 5124 calculo
2988 5059 3275 5124 humana
3311 5057 3540 5124 Christi
3576 5061 3813 5123 natura
3858 5058 3951 5122 si-

2410 5232 2463 5269 n.
2500 5220 2591 5283 39,
2618 5218 2753 5270 inter
2783 5220 2950 5284 Opera
2983 5220 3040 5272 S.
3070 5222 3303 5285 August„
3330 5218 3563 5284 Append.
3600 5221 3727 5269 tom.
3759 5217 3855 5267 vl.
3887 5244 3954 5256 —

2412 5293 2450 5327 ¹¹
2481 5291 2626 5352 Gen„
2656 5302 2790 5354 xvn,
2827 5295 2902 5341 11.
2930 5318 2993 5332 -
3021 5291 3064 5328 ¹²
3097 5292 3260 5355 Joan„
3288 5303 3399 5354 xur,
3428 5292 3505 5341 2⁶.
3534 5316 3596 5327 —
3627 5289 3669 5324 ¹⁸
3694 5289 3871 5353 eane„
3911 5300 3953 5352 1,

2411 5365 2458 5412 1.
2482 5386 2545 5402 -
2570 5361 2612 5402 ¹⁸
2637 5362 2809 5425 Bam„
2835 5363 2890 5413 in
2914 5363 3084 5429 caat„
3111 5375 3265 5413 serm.
3297 5372 3384 5425 n,
3409 5374 3465 5412 n.
3493 5363 3545 5411 6.
3562 5386 3625 5400 -
3649 5361 3695 5397 ¹⁸
3716 5360 3864 5422 Luc„
3891 5371 3952 5422 x,

2412 5434 2487 5482 17.
2530 5457 2587 5469 -
2629 5433 2676 5468 ¹⁸
2716 5434 2734 5483 1
2773 5434 2914 5499 Κεφ,
2956 5445 3096 5497 xvii,
3135 5435 3214 5486 45.
3250 5459 3312 5472 -
3350 5434 3385 5466 '²
3427 5431 3556 5484 Prot.
3602 5442 3756 5493 xun,
3793 5436 3849 5482 6.
3886 5456 3955 5470 -

2407 5503 2449 5539 ¹⁸
2475 5502 2644 5568 Apes„
2674 5515 2732 5569 11,
2761 5508 2839 5557 17.
