4059 6317
683 506 802 567 180

1193 704 1482 776 SERMO
1526 704 1620 774 111
1654 708 1699 775 ¹.

763 850 848 916 Si
863 848 1012 932 quis
1032 864 1376 917 sermonem
1396 865 1604 916 meum
1638 849 2013 929 servaverit,
2044 864 2222 914 mor-

686 964 809 1024 tem
843 972 974 1023 non
1017 957 1301 1040 qustabit
1340 959 1417 1023 in
1468 962 1775 1024 (eternum
1806 958 1853 1021 ¹.
1904 956 2223 1034 Quoniam

687 1081 828 1128 mos
859 1063 1010 1128 boni
1036 1064 1361 1130 hortulani
1387 1069 1484 1129 est
1508 1065 1802 1129 arborem
1828 1083 1958 1129 non
1985 1065 2223 1147 produ-

686 1175 934 1236 centem
961 1172 1243 1237 t'ructum
1269 1172 1575 1237 radicitus
1609 1173 1901 1251 evellere,
1939 1176 2003 1236 et
2045 1176 2228 1236 extra

686 1278 950 1344 hortum
1004 1278 1344 1362 projicere,
1410 1297 1491 1343 ne
1543 1279 1614 1343 in
1663 1297 1907 1343 vanum
1962 1282 2229 1362 occupet

688 1388 962 1461 terram;
994 1384 1145 1447 hinc
1169 1387 1268 1449 est
1287 1384 1459 1467 quod
1481 1385 1788 1450 Dominus
1805 1391 2020 1450 noster
2040 1385 2075 1451 J
2079 1404 2226 1450 esus

691 1489 998 1569 Christus,
1031 1494 1340 1573 tanquam
1365 1491 1573 1556 bonus
1606 1492 1985 1557 hortulanus
2000 1541 2025 1572 ,
2060 1492 2229 1557 desi-

691 1598 921 1662 derans
946 1598 1297 1679 quamlibet
1320 1599 1615 1664 arborem
1641 1600 1742 1663 sui
1769 1599 1963 1679 horti,
1994 1601 2231 1663 scilicet

692 1705 1020 1770 militantis
1064 1705 1356 1771 Ecclesiae
1371 1756 1392 1785 ,
1433 1707 1815 1772 fructificare
1832 1756 1850 1787 ,
1897 1725 1983 1772 ne
2025 1707 2233 1773 securi

692 1814 1118 1879 damnationis
1141 1820 1401 1879 aeternae
1428 1815 1810 1893 succidatur,
1832 1816 2233 1899 propositum

697 1923 968 1987 verbum
1014 1922 1350 2005 proponit,
1407 1922 1623 1987 dicens
1668 1945 1683 1986 ε
1749 1922 1822 1989 Si
1884 1939 2235 1991 sermonem

694 2045 925 2106 meum,
955 2034 1076 2093 etc.
1110 2027 1233 2094 Sed
1259 2029 1414 2112 quia
1438 2031 1620 2112 prius
1646 2031 1837 2094 arbor
1879 2031 2104 2113 recipit
2129 2049 2231 2094 so-

695 2137 846 2201 laris
862 2136 1019 2201 radii
1050 2136 1473 2217 influentiam,
1507 2138 1602 2202 dei
1612 2137 1732 2202 nde
1750 2136 2044 2220 producit
2068 2137 2237 2202 fruc-

696 2252 888 2312 tuum
933 2247 1386 2312 abundantiam
1409 2296 1428 2327 ,
1475 2252 1537 2311 et
1583 2252 1801 2331 postea
1857 2247 2239 2313 hortulanus

696 2355 889 2419 habet
915 2373 1109 2438 super
1132 2374 1275 2420 eam
1304 2354 1414 2438 (α),
1452 2373 1534 2420 ne
1570 2360 1814 2438 pereat,
1865 2356 2238 2436 diligentem

698 2463 1072 2541 custodiam,
1106 2462 1247 2527 ideo
1277 2464 1680 2529 convenienti
1715 2463 1906 2528 modo
1953 2462 2236 2546 procedi·

699 2572 808 2633 tur
834 2569 904 2631 in
930 2569 1129 2633 verbo
1156 2569 1499 2652 proposito.
1532 2567 1693 2632 Nam
1733 2569 1942 2651 primo
1983 2573 2241 2633 notatur

700 2675 1016 2740 emanatio
1065 2674 1299 2740 divinae
1358 2675 1816 2755 irradiationis,
1847 2694 1998 2740 cum
2042 2676 2238 2740 dicit:

702 2782 1069 2849 Sermonem
1097 2798 1304 2848 meum
1312 2801 1340 2863 ;
1355 2783 1631 2848 secundo
1647 2782 2046 2848 fructificatio
2060 2783 2245 2847 bonae

703 2888 1088 2971 operationis
1123 2906 1271 2952 cum
1311 2888 1462 2952 dicit
1508 2909 1525 2952 ι
1570 2887 1644 2955 Si
1675 2890 1823 2971 quis
1861 2892 2207 2956 servaverit
2217 2909 2246 2968 ;

706 2994 891 3058 tertio
950 2993 1167 3059 evasio
1236 3001 1494 3058 aeternae
1561 2995 1986 3060 damnationis
2005 3045 2022 3075 ‚
2095 3014 2247 3061 cum

709 3100 1101 3165 subinfertur
1132 3121 1147 3166 ε
1188 3100 1450 3167 Mortem
1477 3117 1609 3168 non
1646 3103 1935 3185 qustabit
1960 3105 2036 3169 in
2071 3108 2249 3170 oeter·

709 3226 887 3275 num.
1852 3294 1863 3304 ³

790 3314 1009 3380 Primo
1035 3318 1293 3380 notatur
1321 3316 1518 3380 divini
1539 3316 1700 3381 radii
1725 3317 2065 3397 emanatio,
2100 3334 2250 3381 cum

711 3423 861 3489 dicit
886 3442 904 3487 ι
920 3422 1293 3490 Sermonem
1306 3440 1534 3490 meum.
1554 3423 1731 3490 Sicut
1747 3424 1940 3489 arbor
1962 3426 2252 3490 materIa·

710 3530 789 3594 lis
811 3548 926 3613 per
966 3529 1367 3595 influentiam
1414 3531 1576 3595 radii
1627 3531 1851 3596 solaris
1893 3532 2253 3615 disponitur

713 3637 794 3700 ad
823 3637 1304 3719 producendum
1349 3638 1555 3703 bonos
1600 3638 1881 3719 fructus,
1928 3640 2018 3703 sic
2062 3639 2253 3703 arbor

714 3742 1086 3827 spiritualis,
1120 3743 1182 3808 id
1212 3748 1307 3809 est
1348 3745 1587 3825 anima,
1627 3763 1742 3827 per
1783 3745 2251 3810 emanationem

715 3850 868 3915 boni
909 3851 1221 3915 sermonis
1256 3851 1458 3916 divini
1498 3851 1853 3934 disponitur
1896 3855 2253 3918 secundum

717 3977 941 4024 omnes
993 3977 1144 4024 suas
1188 3959 1497 4042 potentias
1560 3962 1642 4024 ad
1703 3960 2253 4044 multiplicandum

718 4083 912 4148 opera
934 4066 1280 4131 sanctitatis
1304 4072 1369 4131 et
1396 4066 1684 4149 justitiae.
1719 4064 1882 4131 Nam
1918 4086 2130 4132 sermo
2155 4066 2251 4130 di-

717 4175 912 4238 vinus
934 4175 1145 4256 primo
1165 4172 1489 4238 illuminat
1522 4174 1858 4253 rationem,
1889 4191 2002 4255 per
2021 4172 2253 4238 intelli-

721 4283 1010 4361 gentiam
1048 4281 1311 4346 virtutis
1350 4281 1497 4346 fidei
1511 4303 1529 4360 3
1580 4282 1856 4347 secundo
1900 4281 2258 4345 inflammat

719 4386 1270 4470 concupiscibilem
1298 4406 1413 4470 per
1441 4387 1951 4454 benevolentiam
1977 4387 2254 4452 charita-

718 4493 800 4557 tis
850 4493 1112 4572 Christi;
1162 4495 1347 4559 tertio
1400 4494 1659 4560 roborat
1711 4494 2089 4559 irascibilem
2143 4512 2258 4576 per

721 4602 1259 4683 perseverantiam
1301 4601 1809 4684 longanimitatis
1851 4601 2006 4685 spei.
2056 4600 2260 4665 Habet

719 4707 895 4771 enim
921 4707 1061 4773 haec
1089 4709 1234 4788 tria,
1270 4708 1506 4773 scilicet
1542 4708 1757 4788 fidem,
1802 4707 2171 4772 charitatem
2197 4712 2260 4772 et

722 4831 923 4896 spem,
957 4832 1103 4896 quae
1124 4820 1277 4879 sunt
1288 4814 1643 4879 necessaria
1667 4814 1745 4879 ad
1760 4814 2056 4878 salutem.
2081 4813 2261 4879 Tunc

724 4926 820 4985 est
841 4922 1014 4984 enim
1043 4923 1262 4986 anima
1290 4922 1474 4987 valde
1502 4923 1662 4987 bene
1688 4923 2008 5005 disposita,
2043 4940 2262 4987 secun-

725 5027 883 5092 dum
934 5046 1158 5093 omnes
1212 5030 1315 5094 sui
1366 5030 1677 5113 potentias
1728 5029 1810 5094 ad
1864 5030 2262 5113 operandum

725 5133 921 5200 bene:
947 5135 1182 5218 primo,
1211 5136 1465 5219 quando
1482 5152 1693 5201 sermo
1717 5136 1976 5202 divinus
1991 5138 2267 5203 illustrat

795 5334 814 5369 ¹
841 5335 989 5386 Hunc
1015 5348 1122 5387 non
1156 5334 1314 5386 babet
1336 5334 1457 5388 edIt.
1487 5334 1646 5386 Paris.
1675 5348 1758 5387 an.
1793 5336 1933 5388 1521.
1966 5362 2029 5375 -
2051 5339 2074 5373 ¹
2101 5339 2266 5404 Joan„

731 5415 846 5463 xm,
874 5408 952 5457 Μ.
971 5432 1033 5445 -
1058 5406 1078 5438 ⁸
1096 5408 1233 5459 Psal.
1252 5419 1435 5470 cxvm,
1460 5408 1686 5457 130431.
1708 5432 1763 5443 —
1791 5406 1816 5443 δ
1837 5407 2013 5472 Rea-112,
2041 5420 2265 5475 xxxvm,

732 5478 809 5528 ⁶³5.
844 5502 904 5514 ·-
931 5479 953 5513 ⁸
979 5481 1216 5545 Gregor„
1257 5479 1458 5543 uorat„
1493 5478 1582 5528 lib.
1621 5478 1812 5540 xxm,
1848 5494 1894 5530 c.
1939 5492 2078 5542 xvu,
2104 5482 2177 5533 al.
2209 5496 2265 5546 x,

1777 497 2200 566 SERMONES
2241 498 2343 565 DE
2379 497 2773 568 TEMPORE.

2330 634 2724 715 rationalem,
2753 653 2868 719 per
2893 633 3386 717 intelligentiam
3409 634 3665 699 virtutis
3682 633 3867 711 fidei3

2329 742 2501 806 unde
2528 743 2760 807 dicitur
2786 744 2857 806 in
2884 742 3138 808 Psalmo
3165 743 3189 778 ⁸
3220 764 3235 805 :
3279 764 3311 801 c
3355 741 3702 807 Declaratio
3736 759 3873 806 ser-

2331 867 2598 914 monum
2618 854 2877 916 tuorum
2894 851 3236 927 illuminat,
3265 853 3330 913 et
3350 848 3750 913 intellectum
3769 849 3879 912 dat

2331 957 2635 1038 parvulis.
2680 957 2763 1022 Os
2791 976 3010 1022 mcum
3037 961 3280 1042 aperui,
3314 961 3378 1022 et
3418 957 3650 1021 attraxi
3676 956 3874 1038 spiri-

2332 1068 2497 1140 tum,
2525 1064 2680 1146 quia
2719 1066 3017 1131 mandata
3053 1070 3167 1129 tua
3192 1063 3648 1129 desiderabam.
3681 1084 3713 1122 s
3754 1062 3879 1140 Qui

2333 1171 2509 1235 enim
2532 1172 2672 1236 vult
2698 1190 2738 1236 a
2759 1172 2936 1237 radio
2963 1172 3162 1237 divini
3191 1172 3501 1236 sermonis
3527 1168 3878 1246 illustrari,

2334 1277 2519 1343 debet
2530 1279 2810 1361 seipsum
2825 1296 3186 1362 praeparare
3203 1281 3268 1343 et
3280 1277 3634 1359 disponere,
3652 1293 3887 1340 exem-

2334 1384 2441 1468 plo
2468 1385 2668 1450 David
2693 1385 2996 1450 dicentis:
3029 1385 3113 1452 Os
3139 1401 3346 1451 meum
3381 1384 3609 1465 aperui
3638 1401 3762 1465 per
3786 1380 3886 1446 di·

2337 1495 2474 1559 vini
2511 1495 2791 1559 nominis
2817 1495 3318 1572 invocationem,
3372 1510 3521 1557 cum
3564 1491 3892 1556 desiderio

2336 1602 2712 1667 observandi
2738 1602 2959 1667 divina
2994 1606 3336 1684 praecepta.
3372 1598 3535 1664 Nam
3567 1598 3759 1664 nulla
3799 1602 3896 1663 est

2339 1709 2563 1773 melior
2584 1709 2963 1793 praeparatio
2989 1709 3071 1773 ad
3098 1707 3530 1791 cognitionem
3568 1703 3891 1782 veritatis,

2340 1835 2536 1899 quam
2561 1817 2878 1882 invocatio
2914 1816 3118 1881 divini
3161 1814 3438 1880 nominis
3485 1813 3556 1878 in
3589 1813 3897 1878 oratione

2342 1942 2489 1989 cum
2516 1924 2959 1990 observatione
2986 1927 3473 2007 praeceptorum.
3506 1924 3594 1987 Et
3620 1921 3896 1989 altra-vi

2340 2034 2645 2114 spiritum
2673 2051 2786 2115 per
2823 2031 3354 2109 recollectionem,
3406 2032 3537 2093 tam
3574 2046 3898 2093 sensuum

2344 2158 2540 2223 quam
2590 2144 2854 2205 actuum
2906 2140 3297 2205 exteriorum
3319 2187 3344 2218 ,
3406 2136 3487 2202 ad
3551 2136 3899 2200 interiora.

2345 2245 2549 2324 Quia⁸
2584 2269 2615 2308 α
2645 2248 2757 2331 qui
2796 2248 3155 2312 minoratur
3202 2252 3379 2323 actu,
3430 2244 3747 2326 percipiet
3794 2262 3902 2306 sa·

2346 2354 2669 2436 pientiam.
2726 2376 2757 2414 n
2806 2353 2881 2419 Et
2929 2358 3084 2418 tunc
3127 2352 3479 2420 declaratio
3526 2367 3906 2418 sermonum

2348 2467 2621 2539 tuorum,
2671 2479 2784 2543 per
2823 2460 3021 2526 verba
3064 2461 3142 2525 ad
3186 2459 3649 2543 expositionem
3691 2458 3906 2522 divini

2349 2570 2587 2652 eloquii
2634 2569 2956 2648 facientia,
3008 2568 3338 2635 illuminat
3382 2567 3748 2651 quemlibet
3786 2586 3908 2631 au-

2351 2679 2626 2742 dientem
2651 2676 2966 2757 exterius3
2988 2675 3098 2740 sed
3126 2675 3510 2742 intellectum
3535 2673 3908 2757 exequendi

2351 2784 2692 2866 diligenter
2717 2783 2884 2867 quod
2903 2783 3165 2848 auditur
3191 2788 3578 2860 reverenter,
3608 2780 3737 2848 dat
3752 2798 3910 2865 par-

2352 2892 2547 2971 vulis,
2581 2910 2714 2956 non
2738 2891 3054 2975 superbiS,
3095 2893 3247 2973 quia
3288 2890 3684 2955 obstaculum
3730 2890 3909 2953 veri-

2355 3000 2499 3064 tatis
2541 3007 2638 3065 est
2663 3006 2882 3066 tumor
2926 3000 3186 3077 mentis,
3235 2999 3347 3081 qui
3402 3020 3433 3057 a
3476 2996 3633 3061 dum
3674 2995 3911 3074 inflat,

2355 3107 2704 3187 obnubilat,
2736 3130 2768 3168 n
2807 3108 2969 3171 sicut
2993 3106 3145 3171 dicit
3170 3104 3516 3186 Gregorius
3544 3109 3566 3143 ⁸
3596 3105 3665 3166 in
3690 3104 3918 3170 Mora·

2356 3215 2544 3282 libus.
2577 3215 2665 3279 De
2688 3215 2813 3281 hoc
2851 3213 3083 3279 dicitur
3123 3212 3145 3247 ⁶
3192 3233 3210 3276 :
3251 3235 3282 3273 ιι
3323 3212 3390 3276 Si
3433 3210 3810 3274 manseritis
3847 3212 3915 3274 in

2356 3339 2649 3387 sermone
2675 3341 2841 3401 meo,
2870 3338 3023 3387 vere
3059 3318 3359 3401 discipuli
3406 3318 3533 3382 mei
3579 3317 3801 3396 eritis,
3851 3323 3920 3383 et

2358 3449 2478 3496 vos
2511 3429 2907 3511 cognoscetis
2932 3428 3290 3502 veritatem,
3323 3429 3389 3490 et
3416 3423 3651 3489 veritas
3675 3422 3919 3489 libera-

2359 3539 2456 3603 bit
2487 3556 2627 3617 vos,
2669 3559 2700 3598 ι»
2745 3537 2977 3602 scilicet
3012 3554 3052 3599 a
3094 3534 3377 3598 tenebris
3413 3527 3814 3614 ignorantiae
3855 3536 3921 3595 et

2361 3645 2679 3710 caecitatis.
2710 3642 2887 3708 Unde
2915 3642 3142 3707 dicitur
3168 3641 3237 3706 ⁷:
3279 3662 3311 3701 α
3333 3638 3663 3705 Sanctifica
3696 3655 3822 3703 eos
3848 3639 3921 3701 in

2361 3754 2646 3831 veritate,
2676 3751 2829 3834 quia
2870 3767 3082 3815 sermo
3108 3754 3261 3813 tuus
3286 3748 3523 3811 veritas
3564 3749 3680 3809 est.
3718 3766 3753 3805 ι
3794 3744 3918 3810 Se-

2361 3861 2571 3926 cundo
2596 3876 2807 3924 sermo
2835 3857 3093 3923 divinus
3117 3856 3477 3920 inflammat
3502 3853 3919 3936 concupisci-

2362 3969 2554 4033 bilem
2580 3984 2695 4051 per
2735 3962 3244 4030 benevolentiam
3282 3959 3608 4025 charitatis
3633 3957 3914 4037 Christi;

2363 4075 2569 4140 unde·
2593 4092 2611 4137 ε
2639 4073 2908 4137 «Sermo
2939 4070 3050 4135 Dei
3079 4070 3332 4151 ignitus
3356 4067 3614 4151 clypeus
3638 4071 3738 4131 est
3766 4085 3916 4132 om-

2362 4181 2554 4246 nibus
2577 4179 2983 4263 sperantibus
3012 4178 3084 4241 in
3120 4194 3209 4256 se,
3253 4198 3284 4236 n
3314 4174 3559 4257 supple,
3588 4173 3657 4236 in
3686 4173 3920 4239 divina

2364 4287 2815 4353 misericordia.
2846 4285 2956 4351 Est
2982 4301 3140 4366 ergo
3163 4282 3423 4366 clypeus
3448 4280 3724 4363 ignituS,
3753 4284 3920 4365 quia

2363 4397 2722 4460 inflammat
2744 4393 3043 4458 affectum
3068 4390 3150 4455 ad
3179 4388 3441 4454 modum
3469 4387 3662 4469 ignis,
3697 4406 3789 4453 ne
3819 4394 3918 4453 te-

2367 4507 2579 4586 pescat
2603 4501 2873 4566 interius
2916 4516 3033 4582 per
3080 4494 3669 4580 pusillanimitatem
3716 4495 3919 4560 timo-

2366 4611 2478 4688 riS,
2507 4616 2570 4673 et
2594 4608 2873 4693 protegit
2893 4610 3098 4671 totum
3122 4621 3355 4687 corpus
3380 4602 3462 4666 ad
3491 4601 3758 4666 modum
3785 4601 3923 4685 cly-

2367 4718 2467 4802 pei
2496 4721 2561 4781 et
2586 4715 2821 4794 lorica»,
2853 4732 2934 4778 ne
2961 4713 3229 4778 laedatur
3255 4708 3556 4787 exteriuS,
3596 4706 3735 4773 sive
3783 4709 3921 4772 im-

2369 4826 2703 4907 pugnetur
2726 4820 3037 4885 diabolica
3054 4818 3421 4883 tentatione.
3451 4816 3539 4880 De
3574 4814 3698 4879 hoc
3741 4815 3925 4879 simi·

2374 4931 2512 4996 liter
2545 4929 2777 4996 dicitur
2821 4928 2844 4963 ⁹
2885 4949 2902 4991 ς
2963 4949 2994 4988 α
3034 4925 3236 4992 Vivus
3283 4930 3380 4989 est
3426 4940 3637 4988 sermo
3691 4921 3809 4986 Dei
3857 4927 3923 4987 et

2371 5039 2620 5117 efficaX,
2669 5041 2734 5101 et
2776 5033 3221 5119 penetrabilior
3263 5031 3442 5096 omni
3480 5028 3697 5113 gladio
3733 5029 3923 5093 anci-

2373 5145 2509 5229 piti,
2531 5149 2597 5209 et
2619 5142 2992 5226 pertingens
3022 5158 3228 5224 usque
3253 5139 3330 5203 ad
3362 5137 3741 5202 divisionem
3783 5136 3924 5200 ani·

2375 5328 2429 5367 n.
2466 5317 2547 5365 31.
2572 5340 2636 5353 -
2673 5314 2696 5349 ⁸
2723 5314 2886 5374 Joan„
2930 5323 3051 5376 vm,
3090 5313 3171 5362 31.
3213 5337 3269 5347 -
3310 5311 3328 5341 ·’
3355 5308 3521 5371 lom„
3557 5319 3698 5371 xvn,
3743 5309 3827 5359 17.
3856 5331 3923 5347 --

2378 5387 2397 5417 ⁸
2423 5388 2586 5448 Prov„
2614 5396 2740 5450 xxx,
2765 5387 2812 5435 ὅ.
2844 5408 2905 5422 -
2934 5383 2958 5420 ⁹
2985 5381 3137 5445 Reor,
3168 5393 3238 5446 ιν,
3266 5383 3342 5432 12.

2442 5481 2512 5548 (a)
2546 5483 2667 5533 Coet.
2692 5480 2814 5533 edit.
2840 5494 2979 5531 eum.
