<?xml version="1.0" encoding="UTF-8"?>
<!DOCTYPE html PUBLIC "-//W3C//DTD XHTML 1.0 Transitional//EN"
    "http://www.w3.org/TR/xhtml1/DTD/xhtml1-transitional.dtd">
<html xmlns="http://www.w3.org/1999/xhtml" xml:lang="en" lang="en">
 <head>
  <title>
</title>
<meta http-equiv="Content-Type" content="text/html;charset=utf-8" />
  <meta name='ocr-system' content='tesseract 3.04.00' />
  <meta name='ocr-capabilities' content='ocr_page ocr_carea ocr_par ocr_line ocrx_word'/>
</head>
<body>
  <div class='ocr_page' id='page_1' title='image "./srecardinalissb02peltgoog_0384.png"; bbox 0 0 4059 6317; ppageno 0'>
   <div class='ocr_carea' id='block_1_1' title="bbox 574 432 697 496">
    <p class='ocr_par' dir='ltr' id='par_1_1' title="bbox 574 432 697 496">
     <span class='ocr_line' id='line_1_1' title="bbox 574 432 697 496; baseline 0 -2"><span class='ocrx_word' id='word_1_1' title='bbox 574 432 697 496; x_wconf 70' lang='lat'>344</span> 
     </span>
    </p>
   </div>
   <div class='ocr_carea' id='block_1_2' title="bbox 574 563 2118 759">
    <p class='ocr_par' dir='ltr' id='par_1_2' title="bbox 574 563 2118 759">
     <span class='ocr_line' id='line_1_2' title="bbox 576 563 2115 647; baseline -0.004 -15"><span class='ocrx_word' id='word_1_2' title='bbox 576 564 817 647; x_wconf 84' lang='lat' dir='ltr'>gaudet</span> <span class='ocrx_word' id='word_1_3' title='bbox 840 563 1113 646; x_wconf 81' lang='lat' dir='ltr'>angelus</span> <span class='ocrx_word' id='word_1_4' title='bbox 1138 563 1217 630; x_wconf 88' lang='lat' dir='ltr'>de</span> <span class='ocrx_word' id='word_1_5' title='bbox 1240 564 1411 634; x_wconf 88' lang='lat' dir='ltr'>bono</span> <span class='ocrx_word' id='word_1_6' title='bbox 1439 563 1720 647; x_wconf 85' lang='lat' dir='ltr'>proximi</span> <span class='ocrx_word' id='word_1_7' title='bbox 1741 610 1765 645; x_wconf 90' lang='lat'>,</span> <span class='ocrx_word' id='word_1_8' title='bbox 1796 565 2115 647; x_wconf 83' lang='lat' dir='ltr'>quantum</span> 
     </span>
     <span class='ocr_line' id='line_1_3' title="bbox 574 674 2118 759; baseline -0.002 -19"><span class='ocrx_word' id='word_1_9' title='bbox 574 675 652 740; x_wconf 88' lang='lat' dir='ltr'>de</span> <span class='ocrx_word' id='word_1_10' title='bbox 677 674 937 758; x_wconf 87' lang='lat' dir='ltr'>proprio</span> <span class='ocrx_word' id='word_1_11' title='bbox 967 696 982 738; x_wconf 89' lang='lat'>:</span> <span class='ocrx_word' id='word_1_12' title='bbox 1014 674 1171 759; x_wconf 82' lang='lat' dir='ltr'>quia</span> <span class='ocrx_word' id='word_1_13' title='bbox 1196 693 1476 759; x_wconf 82' lang='lat' dir='ltr'>superna</span> <span class='ocrx_word' id='word_1_14' title='bbox 1500 675 1726 741; x_wconf 89' lang='lat' dir='ltr'>civitas</span> <span class='ocrx_word' id='word_1_15' title='bbox 1761 693 1895 739; x_wconf 90' lang='lat' dir='ltr'>non</span> <span class='ocrx_word' id='word_1_16' title='bbox 1920 691 2118 738; x_wconf 88' lang='lat' dir='ltr'>coan-</span> 
     </span>
    </p>
   </div>
   <div class='ocr_carea' id='block_1_3' title="bbox 574 767 2154 868">
    <p class='ocr_par' dir='ltr' id='par_1_3' title="bbox 574 767 2154 868">
     <span class='ocr_line' id='line_1_4' title="bbox 574 767 2154 868; baseline -0.001 -20"><span class='ocrx_word' id='word_1_17' title='bbox 574 788 875 868; x_wconf 84' lang='lat' dir='ltr'>gustatur</span> <span class='ocrx_word' id='word_1_18' title='bbox 918 784 1327 852; x_wconf 87' lang='lat' dir='ltr'>multitudine</span> <span class='ocrx_word' id='word_1_19' title='bbox 1377 784 1875 850; x_wconf 77' lang='lat' dir='ltr'><strong>desiderantium</strong></span> <span class='ocrx_word' id='word_1_20' title='bbox 1892 833 1914 864; x_wconf 94' lang='lat'>,</span> <span class='ocrx_word' id='word_1_21' title='bbox 1964 767 2154 867; x_wconf 59' lang='lat' dir='ltr'>quia&#39;</span> 
     </span>
    </p>
   </div>
   <div class='ocr_carea' id='block_1_4' title="bbox 574 891 2130 3026">
    <p class='ocr_par' dir='ltr' id='par_1_4' title="bbox 574 891 2130 3026">
     <span class='ocr_line' id='line_1_5' title="bbox 575 891 2119 977; baseline -0.001 -19"><span class='ocrx_word' id='word_1_22' title='bbox 575 892 736 960; x_wconf 79' lang='lat' dir='ltr'>nulli</span> <span class='ocrx_word' id='word_1_23' title='bbox 788 892 1172 958; x_wconf 84' lang='lat' dir='ltr'>diminuitur</span> <span class='ocrx_word' id='word_1_24' title='bbox 1224 893 1303 960; x_wconf 91' lang='lat' dir='ltr'>de</span> <span class='ocrx_word' id='word_1_25' title='bbox 1355 912 1474 959; x_wconf 85' lang='lat' dir='ltr'>sun</span> <span class='ocrx_word' id='word_1_26' title='bbox 1524 893 1786 977; x_wconf 88' lang='lat' dir='ltr'>proprio</span> <span class='ocrx_word' id='word_1_27' title='bbox 1848 891 2119 976; x_wconf 82' lang='lat' dir='ltr'>praemio</span> 
     </span>
     <span class='ocr_line' id='line_1_6' title="bbox 574 998 2118 1086; baseline -0.001 -21"><span class='ocrx_word' id='word_1_28' title='bbox 574 1004 834 1086; x_wconf 80' lang='lat' dir='ltr'>propter</span> <span class='ocrx_word' id='word_1_29' title='bbox 858 1000 1334 1066; x_wconf 80' lang='lat' dir='ltr'>multitudinem</span> <span class='ocrx_word' id='word_1_30' title='bbox 1361 1000 1840 1083; x_wconf 65' lang='lat' dir='ltr'>praesidentium</span> <span class='ocrx_word' id='word_1_31' title='bbox 1868 1003 1933 1064; x_wconf 91' lang='lat' dir='ltr'>et</span> <span class='ocrx_word' id='word_1_32' title='bbox 1954 998 2118 1065; x_wconf 83' lang='lat' dir='ltr'>exis-</span> 
     </span>
     <span class='ocr_line' id='line_1_7' title="bbox 575 1106 2123 1190; baseline -0.002 -17"><span class='ocrx_word' id='word_1_33' title='bbox 575 1108 851 1174; x_wconf 87' lang='lat' dir='ltr'>tentium</span> <span class='ocrx_word' id='word_1_34' title='bbox 868 1156 893 1188; x_wconf 92' lang='lat'>,</span> <span class='ocrx_word' id='word_1_35' title='bbox 948 1108 1150 1173; x_wconf 90' lang='lat' dir='ltr'>immo</span> <span class='ocrx_word' id='word_1_36' title='bbox 1204 1107 1355 1173; x_wconf 88' lang='lat' dir='ltr'>inde</span> <span class='ocrx_word' id='word_1_37' title='bbox 1418 1107 1677 1173; x_wconf 81' lang='lat' dir='ltr'>cuilibet</span> <span class='ocrx_word' id='word_1_38' title='bbox 1730 1127 1847 1174; x_wconf 90' lang='lat' dir='ltr'>sua</span> <span class='ocrx_word' id='word_1_39' title='bbox 1908 1106 2123 1190; x_wconf 88' lang='lat' dir='ltr'>gloria</span> 
     </span>
     <span class='ocr_line' id='line_1_8' title="bbox 577 1213 2121 1299; baseline -0.001 -18"><span class='ocrx_word' id='word_1_40' title='bbox 577 1215 822 1281; x_wconf 82' lang='lat' dir='ltr'>crescit.</span> <span class='ocrx_word' id='word_1_41' title='bbox 852 1213 935 1282; x_wconf 87' lang='lat' dir='ltr'>Et</span> <span class='ocrx_word' id='word_1_42' title='bbox 956 1220 1215 1299; x_wconf 89' lang='lat' dir='ltr'>propter</span> <span class='ocrx_word' id='word_1_43' title='bbox 1257 1215 1383 1280; x_wconf 89' lang='lat' dir='ltr'>hoc</span> <span class='ocrx_word' id='word_1_44' title='bbox 1423 1214 1675 1281; x_wconf 89' lang='lat' dir='ltr'>dicitur.</span> <span class='ocrx_word' id='word_1_45' title='bbox 1697 1215 1765 1279; x_wconf 92' lang='lat' dir='ltr'>in</span> <span class='ocrx_word' id='word_1_46' title='bbox 1807 1215 2121 1281; x_wconf 87' lang='lat' dir='ltr'>hodierno</span> 
     </span>
     <span class='ocr_line' id='line_1_9' title="bbox 577 1321 2122 1407; baseline -0.001 -18"><span class='ocrx_word' id='word_1_47' title='bbox 577 1321 920 1407; x_wconf 85' lang='lat' dir='ltr'>evangelio</span> <span class='ocrx_word' id='word_1_48' title='bbox 943 1323 965 1360; x_wconf 81' lang='lat'>⁸</span> <span class='ocrx_word' id='word_1_49' title='bbox 999 1340 1018 1386; x_wconf 78' lang='lat' dir='ltr'><em>z</em></span> <span class='ocrx_word' id='word_1_50' title='bbox 1064 1325 1219 1401; x_wconf 83' lang='lat' dir='ltr'>Quoe</span> <span class='ocrx_word' id='word_1_51' title='bbox 1243 1323 1475 1390; x_wconf 79' lang='lat' dir='ltr'>mulier</span> <span class='ocrx_word' id='word_1_52' title='bbox 1498 1323 1733 1390; x_wconf 76' lang='lat' dir='ltr'>habens</span> <span class='ocrx_word' id='word_1_53' title='bbox 1776 1321 2122 1389; x_wconf 73' lang='lat' dir='ltr'>drachmas</span> 
     </span>
     <span class='ocr_line' id='line_1_10' title="bbox 579 1429 2124 1513; baseline -0.001 -15"><span class='ocrx_word' id='word_1_54' title='bbox 579 1429 816 1510; x_wconf 70' lang='lat' dir='ltr'>decem,</span> <span class='ocrx_word' id='word_1_55' title='bbox 832 1432 896 1498; x_wconf 80' lang='lat' dir='ltr'>si</span> <span class='ocrx_word' id='word_1_56' title='bbox 901 1430 1262 1513; x_wconf 77' lang='lat' dir='ltr'>perdiderit</span> <span class='ocrx_word' id='word_1_57' title='bbox 1278 1431 1652 1500; x_wconf 75' lang='lat' dir='ltr'>drachmam</span> <span class='ocrx_word' id='word_1_58' title='bbox 1670 1448 1891 1512; x_wconf 83' lang='lat' dir='ltr'>unam,</span> <span class='ocrx_word' id='word_1_59' title='bbox 1911 1446 2124 1499; x_wconf 76' lang='lat' dir='ltr'>nonne</span> 
     </span>
     <span class='ocr_line' id='line_1_11' title="bbox 579 1537 2125 1623; baseline -0.002 -13"><span class='ocrx_word' id='word_1_60' title='bbox 579 1537 875 1610; x_wconf 74' lang='lat' dir='ltr'>accendit</span> <span class='ocrx_word' id='word_1_61' title='bbox 910 1538 1258 1620; x_wconf 77' lang='lat' dir='ltr'>lucernam,</span> <span class='ocrx_word' id='word_1_62' title='bbox 1290 1544 1350 1607; x_wconf 81' lang='lat' dir='ltr'>et</span> <span class='ocrx_word' id='word_1_63' title='bbox 1373 1541 1598 1607; x_wconf 78' lang='lat' dir='ltr'>evertit</span> <span class='ocrx_word' id='word_1_64' title='bbox 1630 1540 1709 1623; x_wconf 85' lang='lat' dir='ltr'>(a)</span> <span class='ocrx_word' id='word_1_65' title='bbox 1742 1539 2034 1619; x_wconf 71' lang='lat' dir='ltr'>domum,</span> <span class='ocrx_word' id='word_1_66' title='bbox 2063 1544 2125 1607; x_wconf 85' lang='lat' dir='ltr'>et</span> 
     </span>
     <span class='ocr_line' id='line_1_12' title="bbox 579 1646 2119 1731; baseline 0 -18"><span class='ocrx_word' id='word_1_67' title='bbox 579 1649 814 1731; x_wconf 77' lang='lat' dir='ltr'>quoerz&#39;t</span> <span class='ocrx_word' id='word_1_68' title='bbox 828 1646 1196 1729; x_wconf 61' lang='lat' dir='ltr'>diliaenten</span> <span class='ocrx_word' id='word_1_69' title='bbox 1217 1646 1415 1715; x_wconf 82' lang='lat' dir='ltr'>donec</span> <span class='ocrx_word' id='word_1_70' title='bbox 1427 1650 1727 1717; x_wconf 78' lang='lat' dir='ltr'>inveniat</span> <span class='ocrx_word' id='word_1_71' title='bbox 1737 1650 1771 1714; x_wconf 75' lang='lat' dir='ltr'><em>P</em></span> <span class='ocrx_word' id='word_1_72' title='bbox 1781 1647 2088 1731; x_wconf 80' lang='lat' dir='ltr'>Sequitur</span> <span class='ocrx_word' id='word_1_73' title='bbox 2102 1669 2119 1712; x_wconf 74' lang='grc' dir='ltr'>ε</span> 
     </span>
     <span class='ocr_line' id='line_1_13' title="bbox 585 1752 2124 1839; baseline 0.003 -21"><span class='ocrx_word' id='word_1_74' title='bbox 585 1752 913 1822; x_wconf 78' lang='lat' dir='ltr'>Gaudium</span> <span class='ocrx_word' id='word_1_75' title='bbox 934 1760 1024 1823; x_wconf 78' lang='lat' dir='ltr'>est</span> <span class='ocrx_word' id='word_1_76' title='bbox 1042 1755 1289 1838; x_wconf 64' lang='lat' dir='ltr'>ducetis</span> <span class='ocrx_word' id='word_1_77' title='bbox 1308 1756 1428 1823; x_wconf 80' lang='lat' dir='ltr'>Dei</span> <span class='ocrx_word' id='word_1_78' title='bbox 1450 1771 1643 1839; x_wconf 77' lang='lat' dir='ltr'>super</span> <span class='ocrx_word' id='word_1_79' title='bbox 1656 1772 1785 1824; x_wconf 83' lang='lat' dir='ltr'>uno</span> <span class='ocrx_word' id='word_1_80' title='bbox 1799 1759 2124 1839; x_wconf 75' lang='lat' dir='ltr'>peccatore</span> 
     </span>
     <span class='ocr_line' id='line_1_14' title="bbox 577 1861 2123 1945; baseline -0.001 -16"><span class='ocrx_word' id='word_1_81' title='bbox 577 1862 1029 1945; x_wconf 74' lang='lat' dir='ltr'>poenicentiam</span> <span class='ocrx_word' id='word_1_82' title='bbox 1053 1867 1304 1945; x_wconf 64' lang='lat' dir='ltr'>apeme.</span> <span class='ocrx_word' id='word_1_83' title='bbox 1351 1861 1582 1930; x_wconf 85' lang='lat' dir='ltr'>Mulier</span> <span class='ocrx_word' id='word_1_84' title='bbox 1619 1868 1713 1930; x_wconf 87' lang='lat' dir='ltr'>est</span> <span class='ocrx_word' id='word_1_85' title='bbox 1755 1863 1973 1930; x_wconf 85' lang='lat' dir='ltr'>divina</span> <span class='ocrx_word' id='word_1_86' title='bbox 2020 1882 2123 1927; x_wconf 86' lang='lat' dir='ltr'>sa-</span> 
     </span>
     <span class='ocr_line' id='line_1_15' title="bbox 583 1968 2125 2054; baseline 0.001 -20"><span class='ocrx_word' id='word_1_87' title='bbox 583 1970 857 2054; x_wconf 83' lang='lat' dir='ltr'>pientia3</span> <span class='ocrx_word' id='word_1_88' title='bbox 887 1968 1214 2036; x_wconf 82' lang='lat' dir='ltr'>drachmae</span> <span class='ocrx_word' id='word_1_89' title='bbox 1245 1987 1401 2037; x_wconf 86' lang='lat' dir='ltr'>vero</span> <span class='ocrx_word' id='word_1_90' title='bbox 1427 1988 1665 2036; x_wconf 90' lang='lat' dir='ltr'>novem</span> <span class='ocrx_word' id='word_1_91' title='bbox 1691 1974 1845 2036; x_wconf 90' lang='lat' dir='ltr'>sunt</span> <span class='ocrx_word' id='word_1_92' title='bbox 1888 1988 2125 2039; x_wconf 91' lang='lat' dir='ltr'>novem</span> 
     </span>
     <span class='ocr_line' id='line_1_16' title="bbox 584 2076 2125 2160; baseline 0.003 -18"><span class='ocrx_word' id='word_1_93' title='bbox 584 2076 763 2142; x_wconf 88' lang='lat' dir='ltr'>chori</span> <span class='ocrx_word' id='word_1_94' title='bbox 792 2077 1099 2160; x_wconf 89' lang='lat' dir='ltr'>angelici;</span> <span class='ocrx_word' id='word_1_95' title='bbox 1129 2077 1238 2143; x_wconf 88' lang='lat' dir='ltr'>sed</span> <span class='ocrx_word' id='word_1_96' title='bbox 1265 2078 1571 2143; x_wconf 78' lang='lat' dir='ltr'>drachma</span> <span class='ocrx_word' id='word_1_97' title='bbox 1598 2097 1729 2143; x_wconf 91' lang='lat' dir='ltr'>una</span> <span class='ocrx_word' id='word_1_98' title='bbox 1766 2083 1863 2144; x_wconf 87' lang='lat' dir='ltr'>est</span> <span class='ocrx_word' id='word_1_99' title='bbox 1890 2079 2125 2146; x_wconf 87' lang='lat' dir='ltr'>huma-</span> 
     </span>
     <span class='ocr_line' id='line_1_17' title="bbox 583 2184 2127 2272; baseline 0.004 -23"><span class='ocrx_word' id='word_1_100' title='bbox 583 2202 747 2249; x_wconf 91' lang='lat' dir='ltr'>num</span> <span class='ocrx_word' id='word_1_101' title='bbox 773 2202 1008 2266; x_wconf 89' lang='lat' dir='ltr'>genus,</span> <span class='ocrx_word' id='word_1_102' title='bbox 1040 2202 1189 2269; x_wconf 83' lang='lat' dir='ltr'>quae</span> <span class='ocrx_word' id='word_1_103' title='bbox 1215 2184 1341 2250; x_wconf 83' lang='lat' dir='ltr'>fuit</span> <span class='ocrx_word' id='word_1_104' title='bbox 1373 2185 1618 2270; x_wconf 89' lang='lat' dir='ltr'>perdita</span> <span class='ocrx_word' id='word_1_105' title='bbox 1643 2187 1870 2252; x_wconf 89' lang='lat' dir='ltr'>merito</span> <span class='ocrx_word' id='word_1_106' title='bbox 1896 2188 2127 2272; x_wconf 82' lang='lat' dir='ltr'>primae</span> 
     </span>
     <span class='ocr_line' id='line_1_18' title="bbox 584 2292 2128 2379; baseline 0.004 -21"><span class='ocrx_word' id='word_1_107' title='bbox 584 2293 1146 2377; x_wconf 75' lang='lat' dir='ltr'>praevaricationis.</span> <span class='ocrx_word' id='word_1_108' title='bbox 1183 2292 1393 2375; x_wconf 78' lang='lat' dir='ltr'>Igitur</span> <span class='ocrx_word' id='word_1_109' title='bbox 1419 2294 1637 2360; x_wconf 89' lang='lat' dir='ltr'>divina</span> <span class='ocrx_word' id='word_1_110' title='bbox 1664 2296 1974 2378; x_wconf 78' lang='lat' dir='ltr'>sapientia</span> <span class='ocrx_word' id='word_1_111' title='bbox 1994 2347 2012 2379; x_wconf 86' lang='lat'>‚</span> <span class='ocrx_word' id='word_1_112' title='bbox 2045 2299 2128 2364; x_wconf 90' lang='lat' dir='ltr'>ad</span> 
     </span>
     <span class='ocr_line' id='line_1_19' title="bbox 584 2400 2125 2486; baseline 0.003 -19"><span class='ocrx_word' id='word_1_113' title='bbox 584 2400 1001 2486; x_wconf 77' lang='lat' dir='ltr'>quaerendam</span> <span class='ocrx_word' id='word_1_114' title='bbox 1027 2401 1219 2468; x_wconf 89' lang='lat' dir='ltr'>istam</span> <span class='ocrx_word' id='word_1_115' title='bbox 1245 2402 1618 2468; x_wconf 85' lang='lat' dir='ltr'>drachmam</span> <span class='ocrx_word' id='word_1_116' title='bbox 1637 2451 1660 2484; x_wconf 89' lang='lat'>,</span> <span class='ocrx_word' id='word_1_117' title='bbox 1688 2406 1974 2471; x_wconf 88' lang='lat' dir='ltr'>accendit</span> <span class='ocrx_word' id='word_1_118' title='bbox 2021 2406 2125 2472; x_wconf 90' lang='lat' dir='ltr'>lu-</span> 
     </span>
     <span class='ocr_line' id='line_1_20' title="bbox 584 2509 2130 2595; baseline 0.003 -19"><span class='ocrx_word' id='word_1_119' title='bbox 584 2528 846 2576; x_wconf 87' lang='lat' dir='ltr'>cernam</span> <span class='ocrx_word' id='word_1_120' title='bbox 870 2509 1014 2576; x_wconf 89' lang='lat' dir='ltr'>luce</span> <span class='ocrx_word' id='word_1_121' title='bbox 1038 2509 1479 2592; x_wconf 85' lang='lat' dir='ltr'>humanitatis,</span> <span class='ocrx_word' id='word_1_122' title='bbox 1510 2512 1791 2578; x_wconf 88' lang='lat' dir='ltr'>uniendo</span> <span class='ocrx_word' id='word_1_123' title='bbox 1818 2532 1991 2595; x_wconf 88' lang='lat' dir='ltr'>eam,</span> <span class='ocrx_word' id='word_1_124' title='bbox 2022 2514 2130 2581; x_wconf 83' lang='lat' dir='ltr'>vel</span> 
     </span>
     <span class='ocr_line' id='line_1_21' title="bbox 584 2616 2127 2701; baseline 0.003 -17"><span class='ocrx_word' id='word_1_125' title='bbox 584 2616 896 2686; x_wconf 88' lang='lat' dir='ltr'>intuendo</span> <span class='ocrx_word' id='word_1_126' title='bbox 921 2617 1169 2690; x_wconf 89' lang='lat' dir='ltr'>lumine</span> <span class='ocrx_word' id='word_1_127' title='bbox 1196 2618 1549 2684; x_wconf 87' lang='lat' dir='ltr'>divinitatis</span> <span class='ocrx_word' id='word_1_128' title='bbox 1567 2665 1592 2701; x_wconf 94' lang='lat'>,</span> <span class='ocrx_word' id='word_1_129' title='bbox 1639 2624 1703 2685; x_wconf 90' lang='lat' dir='ltr'>et</span> <span class='ocrx_word' id='word_1_130' title='bbox 1745 2622 1975 2688; x_wconf 87' lang='lat' dir='ltr'>evertit</span> <span class='ocrx_word' id='word_1_131' title='bbox 2011 2622 2127 2688; x_wconf 90' lang='lat' dir='ltr'>do-</span> 
     </span>
     <span class='ocr_line' id='line_1_22' title="bbox 585 2727 2130 2813; baseline 0.004 -24"><span class='ocrx_word' id='word_1_132' title='bbox 585 2742 770 2790; x_wconf 88' lang='lat' dir='ltr'>mum</span> <span class='ocrx_word' id='word_1_133' title='bbox 822 2729 1168 2811; x_wconf 66' lang='lat' dir='ltr'>assumptae</span> <span class='ocrx_word' id='word_1_134' title='bbox 1230 2727 1629 2792; x_wconf 85' lang='lat' dir='ltr'>mortalitatis</span> <span class='ocrx_word' id='word_1_135' title='bbox 1674 2746 1789 2811; x_wconf 93' lang='lat' dir='ltr'>per</span> <span class='ocrx_word' id='word_1_136' title='bbox 1847 2730 2130 2813; x_wconf 87' lang='lat' dir='ltr'>corporis</span> 
     </span>
     <span class='ocr_line' id='line_1_23' title="bbox 585 2832 2130 2921; baseline 0.002 -22"><span class='ocrx_word' id='word_1_137' title='bbox 585 2836 652 2899; x_wconf 85' lang='lat' dir='ltr'>et</span> <span class='ocrx_word' id='word_1_138' title='bbox 676 2833 913 2898; x_wconf 81' lang='lat' dir='ltr'>animae</span> <span class='ocrx_word' id='word_1_139' title='bbox 937 2832 1395 2899; x_wconf 82' lang='lat' dir='ltr'>resolutionem</span> <span class='ocrx_word' id='word_1_140' title='bbox 1420 2835 1490 2898; x_wconf 91' lang='lat' dir='ltr'>in</span> <span class='ocrx_word' id='word_1_141' title='bbox 1516 2834 1807 2918; x_wconf 81' lang='lat' dir='ltr'>passione</span> <span class='ocrx_word' id='word_1_142' title='bbox 1831 2884 1849 2916; x_wconf 89' lang='lat'>‚</span> <span class='ocrx_word' id='word_1_143' title='bbox 1901 2841 1977 2902; x_wconf 89' lang='lat' dir='ltr'>ut</span> <span class='ocrx_word' id='word_1_144' title='bbox 2018 2856 2130 2921; x_wconf 88' lang='lat' dir='ltr'>per</span> 
     </span>
     <span class='ocr_line' id='line_1_24' title="bbox 587 2942 2129 3026; baseline 0.004 -20"><span class='ocrx_word' id='word_1_145' title='bbox 587 2942 919 3026; x_wconf 89' lang='lat' dir='ltr'>proprium</span> <span class='ocrx_word' id='word_1_146' title='bbox 945 2944 1333 3024; x_wconf 90' lang='lat' dir='ltr'>sanguinem</span> <span class='ocrx_word' id='word_1_147' title='bbox 1358 2943 1648 3009; x_wconf 89' lang='lat' dir='ltr'>inveniat</span> <span class='ocrx_word' id='word_1_148' title='bbox 1677 2945 1985 3011; x_wconf 88' lang='lat' dir='ltr'>amissum</span> <span class='ocrx_word' id='word_1_149' title='bbox 2009 2947 2129 3011; x_wconf 87' lang='lat' dir='ltr'>ho-</span> 
     </span>
    </p>
   </div>
   <div class='ocr_carea' id='block_1_5' title="bbox 442 3049 2128 3134">
    <p class='ocr_par' dir='ltr' id='par_1_5' title="bbox 442 3049 2128 3134">
     <span class='ocr_line' id='line_1_25' title="bbox 442 3049 2128 3134; baseline 0.001 -18"><span class='ocrx_word' id='word_1_150' title='bbox 442 3074 452 3083; x_wconf 91' lang='lat'><strong>·</strong></span> <span class='ocrx_word' id='word_1_151' title='bbox 588 3050 852 3116; x_wconf 87' lang='lat' dir='ltr'>minem.</span> <span class='ocrx_word' id='word_1_152' title='bbox 904 3049 1003 3116; x_wconf 82' lang='lat' dir='ltr'>Ex</span> <span class='ocrx_word' id='word_1_153' title='bbox 1053 3049 1178 3115; x_wconf 90' lang='lat' dir='ltr'>hoc</span> <span class='ocrx_word' id='word_1_154' title='bbox 1229 3050 1404 3116; x_wconf 91' lang='lat' dir='ltr'>enim</span> <span class='ocrx_word' id='word_1_155' title='bbox 1449 3069 1764 3133; x_wconf 88' lang='lat' dir='ltr'>magnum</span> <span class='ocrx_word' id='word_1_156' title='bbox 1811 3052 2128 3134; x_wconf 86' lang='lat' dir='ltr'>gaudium</span> 
     </span>
    </p>
   </div>
   <div class='ocr_carea' id='block_1_6' title="bbox 585 3157 2132 3673">
    <p class='ocr_par' dir='ltr' id='par_1_6' title="bbox 585 3157 2132 3673">
     <span class='ocr_line' id='line_1_26' title="bbox 588 3157 2128 3242; baseline 0.004 -20"><span class='ocrx_word' id='word_1_157' title='bbox 588 3159 938 3242; x_wconf 84' lang='lat' dir='ltr'>generatur</span> <span class='ocrx_word' id='word_1_158' title='bbox 977 3157 1227 3238; x_wconf 89' lang='lat' dir='ltr'>angelis</span> <span class='ocrx_word' id='word_1_159' title='bbox 1265 3157 1378 3223; x_wconf 87' lang='lat' dir='ltr'>Dei</span> <span class='ocrx_word' id='word_1_160' title='bbox 1418 3162 1678 3241; x_wconf 89' lang='lat' dir='ltr'>propter</span> <span class='ocrx_word' id='word_1_161' title='bbox 1724 3159 2128 3228; x_wconf 87' lang='lat' dir='ltr'>latitudinem</span> 
     </span>
     <span class='ocr_line' id='line_1_27' title="bbox 585 3264 2132 3349; baseline 0.003 -18"><span class='ocrx_word' id='word_1_162' title='bbox 585 3265 879 3349; x_wconf 67' lang='lat' dir='ltr'>perfectae</span> <span class='ocrx_word' id='word_1_163' title='bbox 895 3264 1245 3346; x_wconf 84' lang='lat' dir='ltr'>charitatis,</span> <span class='ocrx_word' id='word_1_164' title='bbox 1273 3283 1420 3349; x_wconf 78' lang='lat' dir='ltr'>quae</span> <span class='ocrx_word' id='word_1_165' title='bbox 1434 3266 1796 3332; x_wconf 82' lang='lat' dir='ltr'>extenditur</span> <span class='ocrx_word' id='word_1_166' title='bbox 1809 3266 1891 3333; x_wconf 88' lang='lat' dir='ltr'>ad</span> <span class='ocrx_word' id='word_1_167' title='bbox 1908 3285 2132 3335; x_wconf 82' lang='lat' dir='ltr'>omnes</span> 
     </span>
     <span class='ocr_line' id='line_1_28' title="bbox 586 3372 2132 3568; baseline 0.003 -21"><span class='ocrx_word' id='word_1_168' title='bbox 586 3372 959 3547; x_wconf 50' lang='lat' dir='ltr'>elfflndo</span> <span class='ocrx_word' id='word_1_169' title='bbox 988 3481 1275 3563; x_wconf 87' lang='lat' dir='ltr'>gaudent</span> <span class='ocrx_word' id='word_1_170' title='bbox 1301 3481 1515 3564; x_wconf 86' lang='lat' dir='ltr'>angeli</span> <span class='ocrx_word' id='word_1_171' title='bbox 1541 3481 1621 3547; x_wconf 90' lang='lat' dir='ltr'>de</span> <span class='ocrx_word' id='word_1_172' title='bbox 1661 3482 1865 3549; x_wconf 83' lang='lat' dir='ltr'>salute</span> <span class='ocrx_word' id='word_1_173' title='bbox 1906 3502 2132 3568; x_wconf 90' lang='lat' dir='ltr'>pecca-</span> 
     </span>
     <span class='ocr_line' id='line_1_29' title="bbox 586 3590 2127 3673; baseline 0.003 -21"><span class='ocrx_word' id='word_1_174' title='bbox 586 3590 747 3653; x_wconf 88' lang='lat' dir='ltr'>toris</span> <span class='ocrx_word' id='word_1_175' title='bbox 769 3592 1030 3673; x_wconf 79' lang='lat' dir='ltr'>propter</span> <span class='ocrx_word' id='word_1_176' title='bbox 1055 3590 1328 3671; x_wconf 77' lang='lat' dir='ltr'>angelici</span> <span class='ocrx_word' id='word_1_177' title='bbox 1357 3609 1544 3656; x_wconf 88' lang='lat' dir='ltr'>casus</span> <span class='ocrx_word' id='word_1_178' title='bbox 1570 3592 2127 3658; x_wconf 83' lang='lat' dir='ltr'>restaurationem.</span> 
     </span>
    </p>
   </div>
   <div class='ocr_carea' id='block_1_7' title="bbox 589 3696 2182 3782">
    <p class='ocr_par' dir='ltr' id='par_1_7' title="bbox 589 3696 2182 3782">
     <span class='ocr_line' id='line_1_30' title="bbox 589 3696 2182 3782; baseline 0.004 -21"><span class='ocrx_word' id='word_1_179' title='bbox 589 3696 894 3774; x_wconf 82' lang='lat' dir='ltr'>Quamvis</span> <span class='ocrx_word' id='word_1_180' title='bbox 915 3696 1128 3778; x_wconf 80' lang='lat' dir='ltr'>angeli</span> <span class='ocrx_word' id='word_1_181' title='bbox 1153 3697 1280 3762; x_wconf 88' lang='lat' dir='ltr'>sint</span> <span class='ocrx_word' id='word_1_182' title='bbox 1301 3698 1660 3780; x_wconf 85' lang='lat' dir='ltr'>superiores</span> <span class='ocrx_word' id='word_1_183' title='bbox 1674 3717 1787 3782; x_wconf 90' lang='lat' dir='ltr'>per</span> <span class='ocrx_word' id='word_1_184' title='bbox 1804 3709 2128 3782; x_wconf 88' lang='lat' dir='ltr'>naturam,</span> <span class='ocrx_word' id='word_1_185' title='bbox 2175 3766 2182 3773; x_wconf 86' lang='grc'><strong>,</strong></span> 
     </span>
    </p>
   </div>
   <div class='ocr_carea' id='block_1_8' title="bbox 503 3801 2138 5074">
    <p class='ocr_par' dir='ltr' id='par_1_8' title="bbox 503 3801 2138 5074">
     <span class='ocr_line' id='line_1_31' title="bbox 585 3801 2127 3891; baseline 0.004 -23"><span class='ocrx_word' id='word_1_186' title='bbox 585 3807 806 3869; x_wconf 83' lang='lat' dir='ltr'>tamen</span> <span class='ocrx_word' id='word_1_187' title='bbox 853 3823 939 3869; x_wconf 80' lang='lat' dir='ltr'>ex</span> <span class='ocrx_word' id='word_1_188' title='bbox 983 3804 1203 3869; x_wconf 88' lang='lat' dir='ltr'>divina</span> <span class='ocrx_word' id='word_1_189' title='bbox 1240 3801 1539 3886; x_wconf 86' lang='lat' dir='ltr'>largitate</span> <span class='ocrx_word' id='word_1_190' title='bbox 1578 3812 1643 3872; x_wconf 89' lang='lat' dir='ltr'>et</span> <span class='ocrx_word' id='word_1_191' title='bbox 1688 3808 2087 3891; x_wconf 83' lang='lat' dir='ltr'>benignitate</span> <span class='ocrx_word' id='word_1_192' title='bbox 2108 3858 2127 3891; x_wconf 89' lang='lat'>‚</span> 
     </span>
     <span class='ocr_line' id='line_1_32' title="bbox 503 3911 2135 4000; baseline 0.004 -24"><span class='ocrx_word' id='word_1_193' title='bbox 503 3944 511 3952; x_wconf 89' lang='lat'><strong>·</strong></span> <span class='ocrx_word' id='word_1_194' title='bbox 586 3930 736 3995; x_wconf 81' lang='lat' dir='ltr'>quae</span> <span class='ocrx_word' id='word_1_195' title='bbox 782 3911 904 3975; x_wconf 85' lang='lat' dir='ltr'>sibi</span> <span class='ocrx_word' id='word_1_196' title='bbox 960 3911 1293 3977; x_wconf 90' lang='lat' dir='ltr'>hominem</span> <span class='ocrx_word' id='word_1_197' title='bbox 1350 3912 1769 3994; x_wconf 78' lang='lat' dir='ltr'>ministravit,</span> <span class='ocrx_word' id='word_1_198' title='bbox 1816 3918 2135 4000; x_wconf 86' lang='lat' dir='ltr'>contingit</span> 
     </span>
     <span class='ocr_line' id='line_1_33' title="bbox 587 4019 2135 4109; baseline 0.001 -21"><span class='ocrx_word' id='word_1_199' title='bbox 587 4019 834 4103; x_wconf 80' lang='lat' dir='ltr'>aliquos</span> <span class='ocrx_word' id='word_1_200' title='bbox 861 4019 1157 4085; x_wconf 86' lang='lat' dir='ltr'>homines</span> <span class='ocrx_word' id='word_1_201' title='bbox 1200 4020 1271 4084; x_wconf 92' lang='lat' dir='ltr'>in</span> <span class='ocrx_word' id='word_1_202' title='bbox 1301 4020 1514 4103; x_wconf 88' lang='lat' dir='ltr'>gratia</span> <span class='ocrx_word' id='word_1_203' title='bbox 1556 4021 1802 4104; x_wconf 89' lang='lat' dir='ltr'>angelis</span> <span class='ocrx_word' id='word_1_204' title='bbox 1844 4025 2135 4109; x_wconf 76' lang='lat' dir='ltr'>aequipa-</span> 
     </span>
     <span class='ocr_line' id='line_1_34' title="bbox 586 4127 2132 4211; baseline 0.004 -19"><span class='ocrx_word' id='word_1_205' title='bbox 586 4127 742 4206; x_wconf 87' lang='lat' dir='ltr'>rari‚</span> <span class='ocrx_word' id='word_1_206' title='bbox 770 4131 835 4192; x_wconf 86' lang='lat' dir='ltr'>et</span> <span class='ocrx_word' id='word_1_207' title='bbox 868 4131 1128 4211; x_wconf 88' lang='lat' dir='ltr'>propter</span> <span class='ocrx_word' id='word_1_208' title='bbox 1150 4145 1379 4194; x_wconf 88' lang='lat' dir='ltr'>eorum</span> <span class='ocrx_word' id='word_1_209' title='bbox 1406 4129 1787 4195; x_wconf 88' lang='lat' dir='ltr'>meritorum</span> <span class='ocrx_word' id='word_1_210' title='bbox 1812 4133 2132 4198; x_wconf 82' lang='lat' dir='ltr'>excellen-</span> 
     </span>
     <span class='ocr_line' id='line_1_35' title="bbox 586 4233 2131 4318; baseline 0.004 -19"><span class='ocrx_word' id='word_1_211' title='bbox 586 4233 748 4299; x_wconf 85' lang='lat' dir='ltr'>tiam</span> <span class='ocrx_word' id='word_1_212' title='bbox 773 4234 856 4299; x_wconf 90' lang='lat' dir='ltr'>ad</span> <span class='ocrx_word' id='word_1_213' title='bbox 884 4235 1139 4300; x_wconf 82' lang='lat' dir='ltr'>ordines</span> <span class='ocrx_word' id='word_1_214' title='bbox 1179 4237 1565 4317; x_wconf 89' lang='lat' dir='ltr'>angelorum</span> <span class='ocrx_word' id='word_1_215' title='bbox 1600 4239 1875 4318; x_wconf 82' lang='lat' dir='ltr'>assumi,</span> <span class='ocrx_word' id='word_1_216' title='bbox 1906 4243 1981 4304; x_wconf 92' lang='lat' dir='ltr'>ut</span> <span class='ocrx_word' id='word_1_217' title='bbox 2021 4258 2131 4306; x_wconf 90' lang='lat' dir='ltr'>eo-</span> 
     </span>
     <span class='ocr_line' id='line_1_36' title="bbox 587 4341 2134 4428; baseline 0.006 -22"><span class='ocrx_word' id='word_1_218' title='bbox 587 4357 738 4406; x_wconf 89' lang='lat' dir='ltr'>rum</span> <span class='ocrx_word' id='word_1_219' title='bbox 763 4341 1084 4421; x_wconf 84' lang='lat' dir='ltr'>exaltatio,</span> <span class='ocrx_word' id='word_1_220' title='bbox 1116 4342 1196 4426; x_wconf 83' lang='grc' dir='ltr'>(ὁ)</span> <span class='ocrx_word' id='word_1_221' title='bbox 1244 4342 1677 4424; x_wconf 79' lang='lat' dir='ltr'>sanctificatiO,</span> <span class='ocrx_word' id='word_1_222' title='bbox 1707 4345 1790 4408; x_wconf 87' lang='lat' dir='ltr'>sit</span> <span class='ocrx_word' id='word_1_223' title='bbox 1819 4346 2134 4428; x_wconf 83' lang='lat' dir='ltr'>angelicae</span> 
     </span>
     <span class='ocr_line' id='line_1_37' title="bbox 587 4449 2133 4538; baseline 0.004 -24"><span class='ocrx_word' id='word_1_224' title='bbox 587 4449 798 4514; x_wconf 79' lang='lat' dir='ltr'>ruinae</span> <span class='ocrx_word' id='word_1_225' title='bbox 823 4467 940 4531; x_wconf 89' lang='lat' dir='ltr'>per</span> <span class='ocrx_word' id='word_1_226' title='bbox 978 4450 1325 4532; x_wconf 80' lang='lat' dir='ltr'>quamdam</span> <span class='ocrx_word' id='word_1_227' title='bbox 1366 4451 1907 4534; x_wconf 63' lang='lat' dir='ltr'>aequipollentiam</span> <span class='ocrx_word' id='word_1_228' title='bbox 1942 4473 2133 4538; x_wconf 90' lang='lat' dir='ltr'>repa-</span> 
     </span>
     <span class='ocr_line' id='line_1_38' title="bbox 586 4555 2136 4645; baseline 0.005 -24"><span class='ocrx_word' id='word_1_229' title='bbox 586 4555 774 4622; x_wconf 83' lang='lat' dir='ltr'>ratio.</span> <span class='ocrx_word' id='word_1_230' title='bbox 825 4555 915 4622; x_wconf 88' lang='lat' dir='ltr'>De</span> <span class='ocrx_word' id='word_1_231' title='bbox 948 4556 1069 4621; x_wconf 90' lang='lat' dir='ltr'>isto</span> <span class='ocrx_word' id='word_1_232' title='bbox 1105 4559 1322 4621; x_wconf 89' lang='lat' dir='ltr'>autem</span> <span class='ocrx_word' id='word_1_233' title='bbox 1364 4556 1606 4638; x_wconf 88' lang='lat' dir='ltr'>gaudio</span> <span class='ocrx_word' id='word_1_234' title='bbox 1647 4563 1855 4640; x_wconf 80' lang='lat' dir='ltr'>potest</span> <span class='ocrx_word' id='word_1_235' title='bbox 1900 4563 2136 4645; x_wconf 83' lang='lat' dir='ltr'>exponi</span> 
     </span>
     <span class='ocr_line' id='line_1_39' title="bbox 586 4652 2138 4749; baseline 0.005 -21"><span class='ocrx_word' id='word_1_236' title='bbox 586 4661 749 4728; x_wconf 84' lang='lat' dir='ltr'>illud</span> <span class='ocrx_word' id='word_1_237' title='bbox 772 4662 798 4700; x_wconf 83' lang='lat'><strong>¹</strong></span> <span class='ocrx_word' id='word_1_238' title='bbox 830 4684 848 4729; x_wconf 74' lang='lat' dir='ltr'><strong><em>z</em></strong></span> <span class='ocrx_word' id='word_1_239' title='bbox 905 4683 938 4728; x_wconf 76' lang='grc' dir='ltr'>ι</span> <span class='ocrx_word' id='word_1_240' title='bbox 981 4660 1420 4729; x_wconf 87' lang='lat' dir='ltr'>Consolabitur</span> <span class='ocrx_word' id='word_1_241' title='bbox 1462 4652 1791 4731; x_wconf 57' lang='lat' dir='ltr'>Dominus⁸</span> <span class='ocrx_word' id='word_1_242' title='bbox 1826 4665 1982 4733; x_wconf 91' lang='lat' dir='ltr'>Sion</span> <span class='ocrx_word' id='word_1_243' title='bbox 2004 4717 2022 4749; x_wconf 90' lang='lat'>,</span> <span class='ocrx_word' id='word_1_244' title='bbox 2069 4673 2138 4736; x_wconf 88' lang='lat' dir='ltr'>et</span> 
     </span>
     <span class='ocr_line' id='line_1_40' title="bbox 589 4770 2136 4857; baseline 0.003 -21"><span class='ocrx_word' id='word_1_245' title='bbox 589 4770 1019 4836; x_wconf 85' lang='lat' dir='ltr'>consolabitur</span> <span class='ocrx_word' id='word_1_246' title='bbox 1044 4788 1267 4836; x_wconf 88' lang='lat' dir='ltr'>omnes</span> <span class='ocrx_word' id='word_1_247' title='bbox 1291 4771 1516 4836; x_wconf 86' lang='lat' dir='ltr'>ruinas</span> <span class='ocrx_word' id='word_1_248' title='bbox 1532 4774 1589 4855; x_wconf 87' lang='lat' dir='ltr'>ej</span> <span class='ocrx_word' id='word_1_249' title='bbox 1596 4791 1673 4838; x_wconf 87' lang='lat' dir='ltr'>us</span> <span class='ocrx_word' id='word_1_250' title='bbox 1693 4790 1713 4835; x_wconf 76' lang='lat' dir='ltr'>t</span> <span class='ocrx_word' id='word_1_251' title='bbox 1731 4779 1795 4840; x_wconf 91' lang='lat' dir='ltr'>et</span> <span class='ocrx_word' id='word_1_252' title='bbox 1817 4775 2136 4857; x_wconf 90' lang='lat' dir='ltr'>gaudium</span> 
     </span>
     <span class='ocr_line' id='line_1_41' title="bbox 588 4877 2136 4967; baseline 0.006 -24"><span class='ocrx_word' id='word_1_253' title='bbox 588 4880 654 4943; x_wconf 72' lang='lat' dir='ltr'>et</span> <span class='ocrx_word' id='word_1_254' title='bbox 676 4877 902 4943; x_wconf 76' lang='lat' dir='ltr'>laetitia</span> <span class='ocrx_word' id='word_1_255' title='bbox 926 4877 1293 4943; x_wconf 89' lang='lat' dir='ltr'>invenietur</span> <span class='ocrx_word' id='word_1_256' title='bbox 1336 4877 1406 4941; x_wconf 89' lang='lat' dir='ltr'>in</span> <span class='ocrx_word' id='word_1_257' title='bbox 1455 4894 1554 4944; x_wconf 89' lang='lat' dir='ltr'>ea.</span> <span class='ocrx_word' id='word_1_258' title='bbox 1591 4899 1625 4940; x_wconf 69' lang='lat' dir='ltr'>n</span> <span class='ocrx_word' id='word_1_259' title='bbox 1678 4879 1834 4946; x_wconf 89' lang='lat' dir='ltr'>Sion</span> <span class='ocrx_word' id='word_1_260' title='bbox 1877 4885 2136 4967; x_wconf 79' lang='lat' dir='ltr'>specula</span> 
     </span>
     <span class='ocr_line' id='line_1_42' title="bbox 588 4984 2133 5074; baseline 0.003 -21"><span class='ocrx_word' id='word_1_261' title='bbox 588 4984 1044 5067; x_wconf 81' lang='lat' dir='ltr'>interpretetur</span> <span class='ocrx_word' id='word_1_262' title='bbox 1062 5032 1081 5065; x_wconf 88' lang='lat'>‚</span> <span class='ocrx_word' id='word_1_263' title='bbox 1110 4988 1174 5049; x_wconf 86' lang='lat' dir='ltr'>et</span> <span class='ocrx_word' id='word_1_264' title='bbox 1199 4984 1415 5066; x_wconf 87' lang='lat' dir='ltr'>signat</span> <span class='ocrx_word' id='word_1_265' title='bbox 1442 4984 1677 5051; x_wconf 80' lang='lat' dir='ltr'>coelum</span> <span class='ocrx_word' id='word_1_266' title='bbox 1704 5006 2086 5074; x_wconf 90' lang='lat' dir='ltr'>empyreum</span> <span class='ocrx_word' id='word_1_267' title='bbox 2111 5041 2133 5073; x_wconf 81' lang='grc'><em>,</em></span> 
     </span>
    </p>
   </div>
   <div class='ocr_carea' id='block_1_9' title="bbox 589 5091 2136 5179">
    <p class='ocr_par' dir='ltr' id='par_1_9' title="bbox 589 5091 2136 5179">
     <span class='ocr_line' id='line_1_43' title="bbox 589 5091 2136 5179; baseline 0.005 -19"><span class='ocrx_word' id='word_1_268' title='bbox 589 5091 818 5176; x_wconf 71' lang='lat' dir='ltr'>inquo</span> <span class='ocrx_word' id='word_1_269' title='bbox 859 5091 1048 5175; x_wconf 82' lang='lat' dir='ltr'>positi</span> <span class='ocrx_word' id='word_1_270' title='bbox 1090 5094 1245 5158; x_wconf 87' lang='lat' dir='ltr'>sunt</span> <span class='ocrx_word' id='word_1_271' title='bbox 1289 5092 1509 5174; x_wconf 83' lang='lat' dir='ltr'>angeli</span> <span class='ocrx_word' id='word_1_272' title='bbox 1551 5094 1633 5159; x_wconf 88' lang='lat' dir='ltr'>ad</span> <span class='ocrx_word' id='word_1_273' title='bbox 1680 5097 2136 5179; x_wconf 72' lang='lat' dir='ltr'>speculandam</span> 
     </span>
    </p>
   </div>
   <div class='ocr_carea' id='block_1_10' title="bbox 594 5288 2141 5509">
    <p class='ocr_par' dir='ltr' id='par_1_10' title="bbox 594 5288 2141 5509">
     <span class='ocr_line' id='line_1_44' title="bbox 653 5288 2136 5363; baseline 0.006 -25"><span class='ocrx_word' id='word_1_274' title='bbox 653 5289 673 5326; x_wconf 78' lang='lat'><em>²</em></span> <span class='ocrx_word' id='word_1_275' title='bbox 704 5288 840 5348; x_wconf 69' lang='lat' dir='ltr'>Luc„</span> <span class='ocrx_word' id='word_1_276' title='bbox 871 5299 959 5352; x_wconf 80' lang='lat' dir='ltr'>xv,</span> <span class='ocrx_word' id='word_1_277' title='bbox 985 5291 1034 5354; x_wconf 82' lang='lat'>8,</span> <span class='ocrx_word' id='word_1_278' title='bbox 1074 5291 1152 5341; x_wconf 83' lang='lat' dir='ltr'>to.</span> <span class='ocrx_word' id='word_1_279' title='bbox 1179 5315 1243 5327; x_wconf 90' lang='lat'>-</span> <span class='ocrx_word' id='word_1_280' title='bbox 1272 5289 1295 5325; x_wconf 80' lang='lat'>⁸</span> <span class='ocrx_word' id='word_1_281' title='bbox 1320 5290 1438 5353; x_wconf 64' lang='lat' dir='ltr'>Ita„</span> <span class='ocrx_word' id='word_1_282' title='bbox 1468 5302 1548 5355; x_wconf 78' lang='lat' dir='ltr'>m,</span> <span class='ocrx_word' id='word_1_283' title='bbox 1581 5294 1630 5346; x_wconf 80' lang='lat'>3.</span> <span class='ocrx_word' id='word_1_284' title='bbox 1658 5318 1723 5330; x_wconf 90' lang='lat'><em>—</em></span> <span class='ocrx_word' id='word_1_285' title='bbox 1755 5294 1776 5326; x_wconf 79' lang='lat'>⁸</span> <span class='ocrx_word' id='word_1_286' title='bbox 1803 5294 1941 5354; x_wconf 74' lang='lat' dir='ltr'>Psal.</span> <span class='ocrx_word' id='word_1_287' title='bbox 1986 5309 2136 5363; x_wconf 61' lang='grc' dir='ltr'>κων,</span> 
     </span>
     <span class='ocr_line' id='line_1_45' title="bbox 596 5360 2141 5434; baseline 0.007 -21"><span class='ocrx_word' id='word_1_288' title='bbox 596 5362 674 5413; x_wconf 84' lang='grc'>17.</span> <span class='ocrx_word' id='word_1_289' title='bbox 705 5387 760 5397; x_wconf 90' lang='lat'>--</span> <span class='ocrx_word' id='word_1_290' title='bbox 799 5360 816 5391; x_wconf 77' lang='lat'><strong>⁴</strong></span> <span class='ocrx_word' id='word_1_291' title='bbox 846 5360 983 5424; x_wconf 79' lang='lat' dir='ltr'>Tob.,</span> <span class='ocrx_word' id='word_1_292' title='bbox 1021 5371 1125 5424; x_wconf 71' lang='lat' dir='ltr'>xus,</span> <span class='ocrx_word' id='word_1_293' title='bbox 1163 5361 1210 5412; x_wconf 81' lang='lat'>7.</span> <span class='ocrx_word' id='word_1_294' title='bbox 1237 5387 1299 5400; x_wconf 93' lang='lat'><strong>—</strong></span> <span class='ocrx_word' id='word_1_295' title='bbox 1334 5362 1356 5399; x_wconf 85' lang='lat'>⁸</span> <span class='ocrx_word' id='word_1_296' title='bbox 1380 5363 1534 5420; x_wconf 69' lang='grc'><strong>,1111118</strong></span> <span class='ocrx_word' id='word_1_297' title='bbox 1567 5367 1620 5414; x_wconf 91' lang='lat' dir='ltr'>et</span> <span class='ocrx_word' id='word_1_298' title='bbox 1654 5363 1786 5417; x_wconf 84' lang='lat' dir='ltr'>duos</span> <span class='ocrx_word' id='word_1_299' title='bbox 1826 5380 1937 5434; x_wconf 84' lang='lat' dir='ltr'>seq.</span> <span class='ocrx_word' id='word_1_300' title='bbox 1982 5367 2141 5429; x_wconf 72' lang='lat' dir='ltr'>habet</span> 
     </span>
     <span class='ocr_line' id='line_1_46' title="bbox 594 5429 1878 5509; baseline 0.003 -27"><span class='ocrx_word' id='word_1_301' title='bbox 594 5443 798 5509; x_wconf 77' lang='lat' dir='ltr'>quoque</span> <span class='ocrx_word' id='word_1_302' title='bbox 823 5429 943 5483; x_wconf 85' lang='lat' dir='ltr'>edit.</span> <span class='ocrx_word' id='word_1_303' title='bbox 974 5433 1131 5492; x_wconf 72' lang='lat' dir='ltr'>Paris,</span> <span class='ocrx_word' id='word_1_304' title='bbox 1157 5445 1242 5493; x_wconf 74' lang='lat' dir='ltr'>an,</span> <span class='ocrx_word' id='word_1_305' title='bbox 1271 5434 1413 5483; x_wconf 79' lang='lat'><strong>1521.</strong></span> <span class='ocrx_word' id='word_1_306' title='bbox 1442 5459 1503 5472; x_wconf 94' lang='lat'>-</span> <span class='ocrx_word' id='word_1_307' title='bbox 1531 5436 1551 5466; x_wconf 80' lang='lat'>⁶</span> <span class='ocrx_word' id='word_1_308' title='bbox 1575 5435 1714 5500; x_wconf 66' lang='lat' dir='ltr'>Luc„</span> <span class='ocrx_word' id='word_1_309' title='bbox 1743 5447 1794 5503; x_wconf 90' lang='lat' dir='ltr'>v,</span> <span class='ocrx_word' id='word_1_310' title='bbox 1825 5439 1878 5498; x_wconf 87' lang='grc'>3,</span> 
     </span>
    </p>
   </div>
   <div class='ocr_carea' id='block_1_11' title="bbox 1664 423 2677 496">
    <p class='ocr_par' dir='ltr' id='par_1_11' title="bbox 1664 423 2677 496">
     <span class='ocr_line' id='line_1_47' title="bbox 1664 423 2677 496; baseline 0.002 -2"><span class='ocrx_word' id='word_1_311' title='bbox 1664 423 2091 496; x_wconf 73' lang='grc' dir='ltr'>ΒΕΒΜΟΝΕὸ</span> <span class='ocrx_word' id='word_1_312' title='bbox 2133 423 2234 494; x_wconf 76' lang='grc' dir='ltr'>ΒΕ</span> <span class='ocrx_word' id='word_1_313' title='bbox 2275 425 2677 496; x_wconf 65' lang='lat' dir='ltr'>TEMPORE.</span> 
     </span>
    </p>
   </div>
   <div class='ocr_carea' id='block_1_12' title="bbox 2220 560 3860 4421">
    <p class='ocr_par' dir='ltr' id='par_1_12' title="bbox 2220 560 3792 1294">
     <span class='ocr_line' id='line_1_48' title="bbox 2220 560 3786 651; baseline 0.007 -26"><span class='ocrx_word' id='word_1_314' title='bbox 2220 560 2770 645; x_wconf 76' lang='lat' dir='ltr'>pulchritudinem</span> <span class='ocrx_word' id='word_1_315' title='bbox 2815 564 3167 636; x_wconf 79' lang='lat' dir='ltr'>divinitatis</span> <span class='ocrx_word' id='word_1_316' title='bbox 3221 588 3237 632; x_wconf 73' lang='grc' dir='ltr'><strong><em>ε</em></strong></span> <span class='ocrx_word' id='word_1_317' title='bbox 3302 568 3492 651; x_wconf 72' lang='lat' dir='ltr'>cujm</span> <span class='ocrx_word' id='word_1_318' title='bbox 3544 566 3786 640; x_wconf 68' lang='lat' dir='ltr'>ruinas</span> 
     </span>
     <span class='ocr_line' id='line_1_49' title="bbox 2222 669 3790 757; baseline 0.005 -23"><span class='ocrx_word' id='word_1_319' title='bbox 2222 669 2388 736; x_wconf 86' lang='lat' dir='ltr'>Deus</span> <span class='ocrx_word' id='word_1_320' title='bbox 2411 671 2770 738; x_wconf 88' lang='lat' dir='ltr'>consolatur</span> <span class='ocrx_word' id='word_1_321' title='bbox 2787 721 2806 752; x_wconf 90' lang='lat'>‚</span> <span class='ocrx_word' id='word_1_322' title='bbox 2844 674 3101 757; x_wconf 87' lang='lat' dir='ltr'>quando</span> <span class='ocrx_word' id='word_1_323' title='bbox 3140 677 3428 750; x_wconf 86' lang='lat' dir='ltr'>terrenos</span> <span class='ocrx_word' id='word_1_324' title='bbox 3470 676 3790 744; x_wconf 81' lang='lat' dir='ltr'>homines</span> 
     </span>
     <span class='ocr_line' id='line_1_50' title="bbox 2221 776 3789 864; baseline 0.006 -23"><span class='ocrx_word' id='word_1_325' title='bbox 2221 776 2361 844; x_wconf 91' lang='lat' dir='ltr'>loco</span> <span class='ocrx_word' id='word_1_326' title='bbox 2389 777 2670 858; x_wconf 90' lang='lat' dir='ltr'>illorum,</span> <span class='ocrx_word' id='word_1_327' title='bbox 2701 780 2817 864; x_wconf 82' lang='lat' dir='ltr'>qui</span> <span class='ocrx_word' id='word_1_328' title='bbox 2853 781 3243 863; x_wconf 86' lang='lat' dir='ltr'>ceciderunt,</span> <span class='ocrx_word' id='word_1_329' title='bbox 3273 783 3513 850; x_wconf 78' lang='lat' dir='ltr'>exaltat</span> <span class='ocrx_word' id='word_1_330' title='bbox 3557 785 3650 850; x_wconf 88' lang='lat' dir='ltr'>ad</span> <span class='ocrx_word' id='word_1_331' title='bbox 3675 803 3789 850; x_wconf 86' lang='grc'><strong>01·-</strong></span> 
     </span>
     <span class='ocr_line' id='line_1_51' title="bbox 2222 884 3786 974; baseline 0.006 -25"><span class='ocrx_word' id='word_1_332' title='bbox 2222 884 2406 952; x_wconf 89' lang='lat' dir='ltr'>dines</span> <span class='ocrx_word' id='word_1_333' title='bbox 2429 886 2835 968; x_wconf 88' lang='lat' dir='ltr'>angelorum.</span> <span class='ocrx_word' id='word_1_334' title='bbox 2860 887 3039 954; x_wconf 91' lang='lat' dir='ltr'>Unde</span> <span class='ocrx_word' id='word_1_335' title='bbox 3067 907 3259 974; x_wconf 85' lang='lat' dir='ltr'>super</span> <span class='ocrx_word' id='word_1_336' title='bbox 3277 890 3435 956; x_wconf 90' lang='lat' dir='ltr'>illud</span> <span class='ocrx_word' id='word_1_337' title='bbox 3463 891 3716 958; x_wconf 87' lang='lat' dir='ltr'>Psalmi</span> <span class='ocrx_word' id='word_1_338' title='bbox 3737 895 3786 972; x_wconf 83' lang='lat'>⁸,</span> 
     </span>
     <span class='ocr_line' id='line_1_52' title="bbox 2228 992 3792 1084; baseline 0.006 -27"><span class='ocrx_word' id='word_1_339' title='bbox 2228 992 2593 1061; x_wconf 74' lang='lat' dir='ltr'>constitues</span> <span class='ocrx_word' id='word_1_340' title='bbox 2629 1010 2732 1063; x_wconf 82' lang='lat' dir='ltr'>eos</span> <span class='ocrx_word' id='word_1_341' title='bbox 2755 998 3113 1079; x_wconf 79' lang='lat' dir='ltr'>principes,</span> <span class='ocrx_word' id='word_1_342' title='bbox 3141 996 3361 1064; x_wconf 77' lang='lat' dir='ltr'>Glossa</span> <span class='ocrx_word' id='word_1_343' title='bbox 3401 1020 3418 1064; x_wconf 87' lang='lat'>:</span> <span class='ocrx_word' id='word_1_344' title='bbox 3466 1022 3497 1062; x_wconf 87' lang='lat'>«</span> <span class='ocrx_word' id='word_1_345' title='bbox 3524 998 3792 1084; x_wconf 82' lang='lat' dir='ltr'>Paupe-</span> 
     </span>
     <span class='ocr_line' id='line_1_53' title="bbox 2224 1100 3789 1192; baseline 0.004 -26"><span class='ocrx_word' id='word_1_346' title='bbox 2224 1118 2329 1166; x_wconf 89' lang='lat' dir='ltr'>res</span> <span class='ocrx_word' id='word_1_347' title='bbox 2355 1100 2572 1183; x_wconf 89' lang='lat' dir='ltr'>elegit,</span> <span class='ocrx_word' id='word_1_348' title='bbox 2601 1106 2672 1167; x_wconf 88' lang='lat' dir='ltr'>ut</span> <span class='ocrx_word' id='word_1_349' title='bbox 2698 1103 3006 1169; x_wconf 84' lang='lat' dir='ltr'>exaltaret</span> <span class='ocrx_word' id='word_1_350' title='bbox 3028 1105 3110 1169; x_wconf 90' lang='lat' dir='ltr'>ad</span> <span class='ocrx_word' id='word_1_351' title='bbox 3136 1104 3394 1172; x_wconf 87' lang='lat' dir='ltr'>ordines</span> <span class='ocrx_word' id='word_1_352' title='bbox 3419 1106 3567 1172; x_wconf 86' lang='lat' dir='ltr'>coeli</span> <span class='ocrx_word' id='word_1_353' title='bbox 3594 1154 3615 1186; x_wconf 87' lang='lat'>,</span> <span class='ocrx_word' id='word_1_354' title='bbox 3669 1108 3789 1192; x_wconf 83' lang='lat' dir='ltr'>qui</span> 
     </span>
     <span class='ocr_line' id='line_1_54' title="bbox 2227 1207 3363 1294; baseline 0.003 -24"><span class='ocrx_word' id='word_1_355' title='bbox 2227 1207 2395 1272; x_wconf 87' lang='lat' dir='ltr'>flunt</span> <span class='ocrx_word' id='word_1_356' title='bbox 2421 1226 2504 1272; x_wconf 85' lang='lat' dir='ltr'>ex</span> <span class='ocrx_word' id='word_1_357' title='bbox 2527 1207 2900 1276; x_wconf 89' lang='lat' dir='ltr'>hominibus</span> <span class='ocrx_word' id='word_1_358' title='bbox 2927 1215 2991 1276; x_wconf 90' lang='lat' dir='ltr'>et</span> <span class='ocrx_word' id='word_1_359' title='bbox 3017 1211 3289 1294; x_wconf 88' lang='lat' dir='ltr'>angelis.</span> <span class='ocrx_word' id='word_1_360' title='bbox 3331 1235 3363 1273; x_wconf 80' lang='grc'>1)</span> 
     </span>
    </p>

    <p class='ocr_par' dir='ltr' id='par_1_13' title="bbox 2226 1316 3860 4421">
     <span class='ocr_line' id='line_1_55' title="bbox 2306 1316 3791 1408; baseline 0.007 -26"><span class='ocrx_word' id='word_1_361' title='bbox 2306 1316 2518 1384; x_wconf 86' lang='lat' dir='ltr'>Tertio</span> <span class='ocrx_word' id='word_1_362' title='bbox 2545 1319 2831 1401; x_wconf 88' lang='lat' dir='ltr'>gaudent</span> <span class='ocrx_word' id='word_1_363' title='bbox 2856 1320 3075 1403; x_wconf 88' lang='lat' dir='ltr'>angeli</span> <span class='ocrx_word' id='word_1_364' title='bbox 3098 1322 3180 1388; x_wconf 90' lang='lat' dir='ltr'>de</span> <span class='ocrx_word' id='word_1_365' title='bbox 3203 1323 3409 1390; x_wconf 84' lang='lat' dir='ltr'>salute</span> <span class='ocrx_word' id='word_1_366' title='bbox 3433 1325 3791 1408; x_wconf 78' lang='lat' dir='ltr'>peccatoris</span> 
     </span>
     <span class='ocr_line' id='line_1_56' title="bbox 2228 1429 3787 1514; baseline 0.005 -23"><span class='ocrx_word' id='word_1_367' title='bbox 2228 1431 2483 1509; x_wconf 86' lang='lat' dir='ltr'>propter</span> <span class='ocrx_word' id='word_1_368' title='bbox 2504 1429 2750 1511; x_wconf 83' lang='lat' dir='ltr'>praemii</span> <span class='ocrx_word' id='word_1_369' title='bbox 2773 1429 3039 1495; x_wconf 85' lang='lat' dir='ltr'>actualis</span> <span class='ocrx_word' id='word_1_370' title='bbox 3059 1430 3131 1513; x_wconf 85' lang='lat' dir='ltr'>(c)</span> <span class='ocrx_word' id='word_1_371' title='bbox 3151 1433 3787 1514; x_wconf 83' lang='lat' dir='ltr'>augmentationem,</span> 
     </span>
     <span class='ocr_line' id='line_1_57' title="bbox 2228 1533 3791 1626; baseline 0.006 -28"><span class='ocrx_word' id='word_1_372' title='bbox 2228 1533 2374 1600; x_wconf 88' lang='lat' dir='ltr'>licet</span> <span class='ocrx_word' id='word_1_373' title='bbox 2398 1553 2531 1600; x_wconf 89' lang='lat' dir='ltr'>non</span> <span class='ocrx_word' id='word_1_374' title='bbox 2555 1542 2868 1606; x_wconf 86' lang='lat' dir='ltr'>accrescat</span> <span class='ocrx_word' id='word_1_375' title='bbox 2891 1539 3146 1621; x_wconf 89' lang='lat' dir='ltr'>angelis</span> <span class='ocrx_word' id='word_1_376' title='bbox 3169 1541 3514 1623; x_wconf 85' lang='lat' dir='ltr'>gaudium,</span> <span class='ocrx_word' id='word_1_377' title='bbox 3543 1543 3622 1607; x_wconf 92' lang='lat' dir='ltr'>in</span> <span class='ocrx_word' id='word_1_378' title='bbox 3653 1561 3791 1626; x_wconf 87' lang='lat' dir='ltr'>quo</span> 
     </span>
     <span class='ocr_line' id='line_1_58' title="bbox 2228 1642 3792 1732; baseline 0.004 -25"><span class='ocrx_word' id='word_1_379' title='bbox 2228 1642 2515 1708; x_wconf 87' lang='lat' dir='ltr'>consistit</span> <span class='ocrx_word' id='word_1_380' title='bbox 2549 1645 2896 1728; x_wconf 61' lang='lat' dir='ltr'>praemium</span> <span class='ocrx_word' id='word_1_381' title='bbox 2929 1646 3176 1711; x_wconf 88' lang='lat' dir='ltr'>actuale</span> <span class='ocrx_word' id='word_1_382' title='bbox 3213 1647 3325 1730; x_wconf 85' lang='lat' dir='ltr'>(d),</span> <span class='ocrx_word' id='word_1_383' title='bbox 3355 1648 3510 1732; x_wconf 82' lang='lat' dir='ltr'>quia</span> <span class='ocrx_word' id='word_1_384' title='bbox 3548 1650 3792 1716; x_wconf 82' lang='lat' dir='ltr'>minis-</span> 
     </span>
     <span class='ocr_line' id='line_1_59' title="bbox 2229 1748 3792 1840; baseline 0.008 -28"><span class='ocrx_word' id='word_1_385' title='bbox 2229 1748 2455 1814; x_wconf 86' lang='lat' dir='ltr'>trando</span> <span class='ocrx_word' id='word_1_386' title='bbox 2482 1749 2622 1814; x_wconf 88' lang='lat' dir='ltr'>aliis</span> <span class='ocrx_word' id='word_1_387' title='bbox 2640 1751 2810 1816; x_wconf 91' lang='lat' dir='ltr'>bona</span> <span class='ocrx_word' id='word_1_388' title='bbox 2825 1770 3042 1836; x_wconf 88' lang='lat' dir='ltr'>opera,</span> <span class='ocrx_word' id='word_1_389' title='bbox 3072 1758 3402 1822; x_wconf 89' lang='lat' dir='ltr'>merentur</span> <span class='ocrx_word' id='word_1_390' title='bbox 3428 1756 3792 1840; x_wconf 79' lang='lat' dir='ltr'>praemium</span> 
     </span>
     <span class='ocr_line' id='line_1_60' title="bbox 2229 1856 3860 1947; baseline 0.001 -26"><span class='ocrx_word' id='word_1_391' title='bbox 2229 1856 2473 1922; x_wconf 86' lang='lat' dir='ltr'>actuale</span> <span class='ocrx_word' id='word_1_392' title='bbox 2503 1857 2604 1941; x_wconf 90' lang='lat' dir='ltr'>(e),</span> <span class='ocrx_word' id='word_1_393' title='bbox 2634 1876 2828 1941; x_wconf 89' lang='lat' dir='ltr'>super</span> <span class='ocrx_word' id='word_1_394' title='bbox 2854 1877 2984 1942; x_wconf 85' lang='lat' dir='ltr'>quo</span> <span class='ocrx_word' id='word_1_395' title='bbox 3023 1861 3311 1943; x_wconf 86' lang='lat' dir='ltr'>gaudent</span> <span class='ocrx_word' id='word_1_396' title='bbox 3350 1862 3602 1928; x_wconf 83' lang='lat' dir='ltr'>ratione</span> <span class='ocrx_word' id='word_1_397' title='bbox 3630 1881 3795 1947; x_wconf 81' lang='lat' dir='ltr'>pro-</span> <span class='ocrx_word' id='word_1_398' title='bbox 3841 1911 3860 1922; x_wconf 84' lang='lat'>.</span> 
     </span>
     <span class='ocr_line' id='line_1_61' title="bbox 2231 1964 3795 2048; baseline 0.006 -19"><span class='ocrx_word' id='word_1_399' title='bbox 2231 1964 2355 2048; x_wconf 90' lang='lat' dir='ltr'>prii</span> <span class='ocrx_word' id='word_1_400' title='bbox 2381 1965 2564 2046; x_wconf 90' lang='lat' dir='ltr'>doni;</span> <span class='ocrx_word' id='word_1_401' title='bbox 2599 1969 2663 2032; x_wconf 87' lang='lat' dir='ltr'>et</span> <span class='ocrx_word' id='word_1_402' title='bbox 2688 1984 2838 2032; x_wconf 92' lang='lat' dir='ltr'>cum</span> <span class='ocrx_word' id='word_1_403' title='bbox 2863 1969 3154 2035; x_wconf 79' lang='lat' dir='ltr'>concives</span> <span class='ocrx_word' id='word_1_404' title='bbox 3179 1988 3328 2036; x_wconf 84' lang='lat' dir='ltr'>suos</span> <span class='ocrx_word' id='word_1_405' title='bbox 3368 1971 3451 2037; x_wconf 91' lang='lat' dir='ltr'>ad</span> <span class='ocrx_word' id='word_1_406' title='bbox 3498 1972 3795 2040; x_wconf 82' lang='lat' dir='ltr'>beatitu-</span> 
     </span>
     <span class='ocr_line' id='line_1_62' title="bbox 2230 2074 3793 2163; baseline 0.004 -24"><span class='ocrx_word' id='word_1_407' title='bbox 2230 2074 2448 2140; x_wconf 88' lang='lat' dir='ltr'>dinem</span> <span class='ocrx_word' id='word_1_408' title='bbox 2493 2076 2889 2159; x_wconf 89' lang='lat' dir='ltr'>producunt,</span> <span class='ocrx_word' id='word_1_409' title='bbox 2923 2096 3116 2162; x_wconf 85' lang='lat' dir='ltr'>super</span> <span class='ocrx_word' id='word_1_410' title='bbox 3156 2078 3251 2144; x_wconf 88' lang='lat' dir='ltr'>eis</span> <span class='ocrx_word' id='word_1_411' title='bbox 3290 2080 3531 2163; x_wconf 83' lang='lat' dir='ltr'>absque</span> <span class='ocrx_word' id='word_1_412' title='bbox 3581 2081 3793 2148; x_wconf 87' lang='lat' dir='ltr'>dubio</span> 
     </span>
     <span class='ocr_line' id='line_1_63' title="bbox 2234 2185 3794 2267; baseline 0.005 -19"><span class='ocrx_word' id='word_1_413' title='bbox 2234 2185 2541 2266; x_wconf 88' lang='lat' dir='ltr'>gaudent,</span> <span class='ocrx_word' id='word_1_414' title='bbox 2573 2188 2637 2250; x_wconf 91' lang='lat' dir='ltr'>et</span> <span class='ocrx_word' id='word_1_415' title='bbox 2662 2186 3194 2267; x_wconf 83' lang='lat' dir='ltr'>congratulantur</span> <span class='ocrx_word' id='word_1_416' title='bbox 3219 2188 3466 2254; x_wconf 89' lang='lat' dir='ltr'>ratione</span> <span class='ocrx_word' id='word_1_417' title='bbox 3499 2189 3605 2255; x_wconf 87' lang='lat' dir='ltr'>sui</span> <span class='ocrx_word' id='word_1_418' title='bbox 3633 2208 3794 2256; x_wconf 82' lang='lat' dir='ltr'>con·</span> 
     </span>
     <span class='ocr_line' id='line_1_64' title="bbox 2226 2289 3789 2376; baseline 0.004 -21"><span class='ocrx_word' id='word_1_419' title='bbox 2226 2291 2459 2374; x_wconf 87' lang='lat' dir='ltr'>juncti.</span> <span class='ocrx_word' id='word_1_420' title='bbox 2491 2289 2671 2357; x_wconf 89' lang='lat' dir='ltr'>Unde</span> <span class='ocrx_word' id='word_1_421' title='bbox 2698 2292 2848 2358; x_wconf 87' lang='lat' dir='ltr'>licet</span> <span class='ocrx_word' id='word_1_422' title='bbox 2872 2294 3198 2376; x_wconf 87' lang='lat' dir='ltr'>gaudeant</span> <span class='ocrx_word' id='word_1_423' title='bbox 3223 2296 3304 2361; x_wconf 90' lang='lat' dir='ltr'>de</span> <span class='ocrx_word' id='word_1_424' title='bbox 3345 2296 3635 2362; x_wconf 87' lang='lat' dir='ltr'>hominis</span> <span class='ocrx_word' id='word_1_425' title='bbox 3681 2314 3789 2361; x_wconf 90' lang='lat' dir='ltr'>sa·</span> 
     </span>
     <span class='ocr_line' id='line_1_65' title="bbox 2232 2399 3790 2486; baseline 0.003 -21"><span class='ocrx_word' id='word_1_426' title='bbox 2232 2399 2385 2480; x_wconf 84' lang='lat' dir='ltr'>Inte,</span> <span class='ocrx_word' id='word_1_427' title='bbox 2419 2403 2635 2465; x_wconf 90' lang='lat' dir='ltr'>tamen</span> <span class='ocrx_word' id='word_1_428' title='bbox 2662 2417 2796 2465; x_wconf 89' lang='grc'><strong>11011</strong></span> <span class='ocrx_word' id='word_1_429' title='bbox 2831 2401 3167 2468; x_wconf 84' lang='lat' dir='ltr'>tristantur</span> <span class='ocrx_word' id='word_1_430' title='bbox 3214 2403 3293 2469; x_wconf 90' lang='lat' dir='ltr'>de</span> <span class='ocrx_word' id='word_1_431' title='bbox 3323 2406 3465 2486; x_wconf 79' lang='lat' dir='ltr'>ejus</span> <span class='ocrx_word' id='word_1_432' title='bbox 3507 2404 3790 2472; x_wconf 81' lang='lat' dir='ltr'>damna-</span> 
     </span>
     <span class='ocr_line' id='line_1_66' title="bbox 2234 2507 3792 2594; baseline 0.004 -23"><span class='ocrx_word' id='word_1_433' title='bbox 2234 2507 2406 2572; x_wconf 89' lang='lat' dir='ltr'>tione</span> <span class='ocrx_word' id='word_1_434' title='bbox 2440 2529 2455 2571; x_wconf 89' lang='lat'>:</span> <span class='ocrx_word' id='word_1_435' title='bbox 2486 2525 2564 2572; x_wconf 92' lang='lat' dir='ltr'>eo</span> <span class='ocrx_word' id='word_1_436' title='bbox 2591 2508 2768 2591; x_wconf 85' lang='lat' dir='ltr'>quod</span> <span class='ocrx_word' id='word_1_437' title='bbox 2784 2509 2955 2574; x_wconf 88' lang='lat' dir='ltr'>beati</span> <span class='ocrx_word' id='word_1_438' title='bbox 2976 2509 3417 2593; x_wconf 86' lang='lat' dir='ltr'>susceptibiles</span> <span class='ocrx_word' id='word_1_439' title='bbox 3443 2516 3597 2577; x_wconf 89' lang='lat' dir='ltr'>sunt</span> <span class='ocrx_word' id='word_1_440' title='bbox 3619 2531 3792 2594; x_wconf 82' lang='lat' dir='ltr'>gau-</span> 
     </span>
     <span class='ocr_line' id='line_1_67' title="bbox 2234 2599 3792 2697; baseline 0.005 -19"><span class='ocrx_word' id='word_1_441' title='bbox 2234 2614 2324 2679; x_wconf 88' lang='lat' dir='ltr'>dii</span> <span class='ocrx_word' id='word_1_442' title='bbox 2349 2618 2413 2679; x_wconf 75' lang='lat' dir='ltr'>et</span> <span class='ocrx_word' id='word_1_443' title='bbox 2436 2613 2701 2697; x_wconf 74' lang='lat' dir='ltr'>lactitiae,</span> <span class='ocrx_word' id='word_1_444' title='bbox 2754 2616 2864 2682; x_wconf 72' lang='lat' dir='ltr'>sod</span> <span class='ocrx_word' id='word_1_445' title='bbox 2894 2635 3027 2682; x_wconf 84' lang='lat' dir='ltr'>non</span> <span class='ocrx_word' id='word_1_446' title='bbox 3061 2599 3358 2684; x_wconf 65' lang='lat' dir='ltr'>tristitiae.</span> <span class='ocrx_word' id='word_1_447' title='bbox 3411 2618 3492 2685; x_wconf 87' lang='lat' dir='ltr'>Et</span> <span class='ocrx_word' id='word_1_448' title='bbox 3533 2619 3618 2686; x_wconf 74' lang='lat' dir='ltr'>de</span> <span class='ocrx_word' id='word_1_449' title='bbox 3661 2621 3792 2688; x_wconf 75' lang='lat' dir='ltr'>isto</span> 
     </span>
     <span class='ocr_line' id='line_1_68' title="bbox 2235 2721 3789 2803; baseline 0.005 -18"><span class='ocrx_word' id='word_1_450' title='bbox 2235 2721 2476 2803; x_wconf 85' lang='lat' dir='ltr'>gaudio</span> <span class='ocrx_word' id='word_1_451' title='bbox 2501 2721 2733 2788; x_wconf 84' lang='lat' dir='ltr'>dicitur</span> <span class='ocrx_word' id='word_1_452' title='bbox 2759 2721 2783 2758; x_wconf 72' lang='lat'>⁸</span> <span class='ocrx_word' id='word_1_453' title='bbox 2812 2744 2829 2787; x_wconf 75' lang='lat' dir='ltr'><em>z</em></span> <span class='ocrx_word' id='word_1_454' title='bbox 2871 2747 2902 2786; x_wconf 73' lang='grc' dir='ltr'><strong>α</strong></span> <span class='ocrx_word' id='word_1_455' title='bbox 2945 2723 3370 2792; x_wconf 75' lang='lat' dir='ltr'>Revertantur</span> <span class='ocrx_word' id='word_1_456' title='bbox 3413 2744 3642 2794; x_wconf 82' lang='lat' dir='ltr'>omnes</span> <span class='ocrx_word' id='word_1_457' title='bbox 3696 2727 3789 2792; x_wconf 88' lang='lat' dir='ltr'>ti-</span> 
     </span>
     <span class='ocr_line' id='line_1_69' title="bbox 2237 2830 3792 2915; baseline 0.005 -22"><span class='ocrx_word' id='word_1_458' title='bbox 2237 2833 2482 2895; x_wconf 87' lang='lat' dir='ltr'>mentes</span> <span class='ocrx_word' id='word_1_459' title='bbox 2509 2830 2876 2912; x_wconf 87' lang='lat' dir='ltr'>Dominum,</span> <span class='ocrx_word' id='word_1_460' title='bbox 2903 2834 2969 2896; x_wconf 88' lang='lat' dir='ltr'>et</span> <span class='ocrx_word' id='word_1_461' title='bbox 2989 2831 3356 2915; x_wconf 76' lang='lat' dir='ltr'>relinquent</span> <span class='ocrx_word' id='word_1_462' title='bbox 3372 2838 3599 2915; x_wconf 89' lang='lat' dir='ltr'>gentes</span> <span class='ocrx_word' id='word_1_463' title='bbox 3613 2834 3792 2902; x_wconf 80' lang='lat' dir='ltr'>idola</span> 
     </span>
     <span class='ocr_line' id='line_1_70' title="bbox 2234 2936 3787 3021; baseline 0.004 -21"><span class='ocrx_word' id='word_1_464' title='bbox 2234 2954 2373 3016; x_wconf 88' lang='lat' dir='ltr'>sua,</span> <span class='ocrx_word' id='word_1_465' title='bbox 2403 2940 2469 3002; x_wconf 92' lang='lat' dir='ltr'>et</span> <span class='ocrx_word' id='word_1_466' title='bbox 2490 2936 2749 3002; x_wconf 89' lang='lat' dir='ltr'>venient</span> <span class='ocrx_word' id='word_1_467' title='bbox 2774 2938 2900 3004; x_wconf 89' lang='lat' dir='ltr'>viri</span> <span class='ocrx_word' id='word_1_468' title='bbox 2928 2939 2999 3004; x_wconf 88' lang='lat' dir='ltr'>in</span> <span class='ocrx_word' id='word_1_469' title='bbox 3023 2938 3400 3021; x_wconf 83' lang='lat' dir='ltr'>Jerusalem,</span> <span class='ocrx_word' id='word_1_470' title='bbox 3429 2945 3495 3006; x_wconf 84' lang='lat' dir='ltr'>et</span> <span class='ocrx_word' id='word_1_471' title='bbox 3528 2942 3787 3006; x_wconf 83' lang='lat' dir='ltr'>habita·</span> 
     </span>
     <span class='ocr_line' id='line_1_71' title="bbox 2235 3044 3791 3152; baseline 0.004 -43"><span class='ocrx_word' id='word_1_472' title='bbox 2235 3044 2401 3109; x_wconf 89' lang='lat' dir='ltr'>bunt</span> <span class='ocrx_word' id='word_1_473' title='bbox 2425 3044 2495 3108; x_wconf 91' lang='lat' dir='ltr'>in</span> <span class='ocrx_word' id='word_1_474' title='bbox 2518 3062 2617 3152; x_wconf 65' lang='lat' dir='ltr'>eq,</span> <span class='ocrx_word' id='word_1_475' title='bbox 2646 3047 2710 3108; x_wconf 88' lang='lat' dir='ltr'>et</span> <span class='ocrx_word' id='word_1_476' title='bbox 2732 3045 3110 3127; x_wconf 88' lang='lat' dir='ltr'>gaudebunt</span> <span class='ocrx_word' id='word_1_477' title='bbox 3133 3046 3207 3111; x_wconf 91' lang='lat' dir='ltr'>in</span> <span class='ocrx_word' id='word_1_478' title='bbox 3237 3066 3317 3114; x_wconf 88' lang='lat' dir='ltr'>ea</span> <span class='ocrx_word' id='word_1_479' title='bbox 3342 3066 3567 3114; x_wconf 87' lang='lat' dir='ltr'>omnes</span> <span class='ocrx_word' id='word_1_480' title='bbox 3596 3064 3791 3133; x_wconf 85' lang='lat' dir='ltr'>reges</span> 
     </span>
     <span class='ocr_line' id='line_1_72' title="bbox 2235 3152 3790 3237; baseline 0.005 -21"><span class='ocrx_word' id='word_1_481' title='bbox 2235 3155 2446 3217; x_wconf 82' lang='lat' dir='ltr'>terrae.</span> <span class='ocrx_word' id='word_1_482' title='bbox 2474 3173 2505 3212; x_wconf 72' lang='grc' dir='ltr'><strong>υ</strong></span> <span class='ocrx_word' id='word_1_483' title='bbox 2529 3152 2938 3220; x_wconf 70' lang='lat' dir='ltr'>Reuertemur</span> <span class='ocrx_word' id='word_1_484' title='bbox 2964 3171 3079 3237; x_wconf 91' lang='lat' dir='ltr'>per</span> <span class='ocrx_word' id='word_1_485' title='bbox 3097 3155 3543 3221; x_wconf 87' lang='lat' dir='ltr'>contritionem</span> <span class='ocrx_word' id='word_1_486' title='bbox 3565 3171 3790 3225; x_wconf 69' lang='lat' dir='ltr'>omnes</span> 
     </span>
     <span class='ocr_line' id='line_1_73' title="bbox 2238 3259 3791 3348; baseline 0.002 -22"><span class='ocrx_word' id='word_1_487' title='bbox 2238 3259 2532 3329; x_wconf 80' lang='lat' dir='ltr'>timentes</span> <span class='ocrx_word' id='word_1_488' title='bbox 2579 3260 2928 3327; x_wconf 79' lang='lat' dir='ltr'>Dominum</span> <span class='ocrx_word' id='word_1_489' title='bbox 2975 3260 3155 3326; x_wconf 81' lang='lat' dir='ltr'>filiali</span> <span class='ocrx_word' id='word_1_490' title='bbox 3210 3263 3571 3329; x_wconf 86' lang='lat' dir='ltr'>reverentia</span> <span class='ocrx_word' id='word_1_491' title='bbox 3590 3312 3612 3344; x_wconf 87' lang='lat'>,</span> <span class='ocrx_word' id='word_1_492' title='bbox 3672 3263 3791 3348; x_wconf 86' lang='lat' dir='ltr'>qui</span> 
     </span>
     <span class='ocr_line' id='line_1_74' title="bbox 2238 3367 3791 3452; baseline 0.005 -20"><span class='ocrx_word' id='word_1_493' title='bbox 2238 3368 2450 3434; x_wconf 89' lang='lat' dir='ltr'>aversi</span> <span class='ocrx_word' id='word_1_494' title='bbox 2474 3368 2726 3432; x_wconf 81' lang='lat' dir='ltr'>fuerant</span> <span class='ocrx_word' id='word_1_495' title='bbox 2753 3387 2792 3442; x_wconf 83' lang='lat' dir='ltr'>a</span> <span class='ocrx_word' id='word_1_496' title='bbox 2816 3367 2947 3433; x_wconf 87' lang='lat' dir='ltr'>Deo</span> <span class='ocrx_word' id='word_1_497' title='bbox 2973 3386 3089 3451; x_wconf 89' lang='lat' dir='ltr'>per</span> <span class='ocrx_word' id='word_1_498' title='bbox 3107 3373 3473 3452; x_wconf 83' lang='lat' dir='ltr'>peccatum3</span> <span class='ocrx_word' id='word_1_499' title='bbox 3505 3377 3567 3440; x_wconf 81' lang='lat' dir='ltr'>et</span> <span class='ocrx_word' id='word_1_500' title='bbox 3588 3372 3791 3442; x_wconf 75' lang='lat' dir='ltr'>relin-</span> 
     </span>
     <span class='ocr_line' id='line_1_75' title="bbox 2239 3474 3790 3558; baseline 0.003 -16"><span class='ocrx_word' id='word_1_501' title='bbox 2239 3481 2434 3558; x_wconf 78' lang='lat' dir='ltr'>quent</span> <span class='ocrx_word' id='word_1_502' title='bbox 2456 3481 2674 3558; x_wconf 67' lang='lat' dir='ltr'>flentcs</span> <span class='ocrx_word' id='word_1_503' title='bbox 2703 3474 2884 3542; x_wconf 80' lang='lat' dir='ltr'>idola</span> <span class='ocrx_word' id='word_1_504' title='bbox 2908 3476 3299 3558; x_wconf 83' lang='lat' dir='ltr'>vanitatum,</span> <span class='ocrx_word' id='word_1_505' title='bbox 3326 3484 3391 3550; x_wconf 77' lang='lat' dir='ltr'>et</span> <span class='ocrx_word' id='word_1_506' title='bbox 3415 3481 3684 3546; x_wconf 80' lang='lat' dir='ltr'>venient</span> <span class='ocrx_word' id='word_1_507' title='bbox 3713 3482 3790 3550; x_wconf 76' lang='lat' dir='ltr'>in</span> 
     </span>
     <span class='ocr_line' id='line_1_76' title="bbox 2237 3582 3792 3670; baseline 0.001 -21"><span class='ocrx_word' id='word_1_508' title='bbox 2237 3583 2588 3650; x_wconf 78' lang='lat' dir='ltr'>Jerusalem</span> <span class='ocrx_word' id='word_1_509' title='bbox 2627 3582 3019 3649; x_wconf 88' lang='lat' dir='ltr'>concorditer</span> <span class='ocrx_word' id='word_1_510' title='bbox 3060 3601 3175 3667; x_wconf 88' lang='lat' dir='ltr'>per</span> <span class='ocrx_word' id='word_1_511' title='bbox 3206 3585 3378 3667; x_wconf 85' lang='lat' dir='ltr'>pacis</span> <span class='ocrx_word' id='word_1_512' title='bbox 3418 3586 3792 3670; x_wconf 61' lang='grc' dir='ltr'><strong>1181181111Ιί-</strong></span> 
     </span>
     <span class='ocr_line' id='line_1_77' title="bbox 2239 3689 3788 3777; baseline 0.003 -22"><span class='ocrx_word' id='word_1_513' title='bbox 2239 3694 2467 3770; x_wconf 88' lang='lat' dir='ltr'>tatem,</span> <span class='ocrx_word' id='word_1_514' title='bbox 2497 3695 2556 3757; x_wconf 79' lang='lat' dir='ltr'>et</span> <span class='ocrx_word' id='word_1_515' title='bbox 2582 3689 2965 3760; x_wconf 75' lang='lat' dir='ltr'>habitabunt</span> <span class='ocrx_word' id='word_1_516' title='bbox 3003 3694 3079 3759; x_wconf 81' lang='lat' dir='ltr'>in</span> <span class='ocrx_word' id='word_1_517' title='bbox 3119 3708 3195 3759; x_wconf 86' lang='lat' dir='ltr'>ea</span> <span class='ocrx_word' id='word_1_518' title='bbox 3220 3710 3336 3775; x_wconf 91' lang='lat' dir='ltr'>per</span> <span class='ocrx_word' id='word_1_519' title='bbox 3372 3693 3528 3757; x_wconf 91' lang='lat' dir='ltr'>boni</span> <span class='ocrx_word' id='word_1_520' title='bbox 3571 3694 3788 3777; x_wconf 87' lang='lat' dir='ltr'>operis</span> 
     </span>
     <span class='ocr_line' id='line_1_78' title="bbox 2240 3798 3788 3884; baseline 0.003 -20"><span class='ocrx_word' id='word_1_521' title='bbox 2240 3799 2804 3865; x_wconf 88' lang='lat' dir='ltr'>continuationem.</span> <span class='ocrx_word' id='word_1_522' title='bbox 2834 3801 2911 3863; x_wconf 89' lang='lat' dir='ltr'>Et</span> <span class='ocrx_word' id='word_1_523' title='bbox 2945 3799 3100 3883; x_wconf 88' lang='lat' dir='ltr'>quia</span> <span class='ocrx_word' id='word_1_524' title='bbox 3124 3798 3266 3865; x_wconf 76' lang='lat' dir='ltr'>haec</span> <span class='ocrx_word' id='word_1_525' title='bbox 3309 3800 3482 3865; x_wconf 83' lang='lat' dir='ltr'>fiunt</span> <span class='ocrx_word' id='word_1_526' title='bbox 3525 3801 3788 3884; x_wconf 85' lang='lat' dir='ltr'>adjuto-</span> 
     </span>
     <span class='ocr_line' id='line_1_79' title="bbox 2240 3904 3785 3990; baseline 0.004 -19"><span class='ocrx_word' id='word_1_527' title='bbox 2240 3906 2339 3971; x_wconf 88' lang='lat' dir='ltr'>rio</span> <span class='ocrx_word' id='word_1_528' title='bbox 2364 3905 2783 3989; x_wconf 89' lang='lat' dir='ltr'>angelorum,</span> <span class='ocrx_word' id='word_1_529' title='bbox 2831 3906 2945 3990; x_wconf 88' lang='lat' dir='ltr'>qui</span> <span class='ocrx_word' id='word_1_530' title='bbox 2984 3911 3132 3971; x_wconf 90' lang='lat' dir='ltr'>sunt</span> <span class='ocrx_word' id='word_1_531' title='bbox 3169 3904 3459 3989; x_wconf 87' lang='lat' dir='ltr'>deputati</span> <span class='ocrx_word' id='word_1_532' title='bbox 3501 3908 3582 3973; x_wconf 94' lang='lat' dir='ltr'>ad</span> <span class='ocrx_word' id='word_1_533' title='bbox 3626 3927 3785 3976; x_wconf 82' lang='lat' dir='ltr'>nos-</span> 
     </span>
     <span class='ocr_line' id='line_1_80' title="bbox 2240 4013 3789 4098; baseline 0.002 -19"><span class='ocrx_word' id='word_1_534' title='bbox 2240 4020 2409 4079; x_wconf 86' lang='lat' dir='ltr'>tram</span> <span class='ocrx_word' id='word_1_535' title='bbox 2453 4013 2800 4079; x_wconf 87' lang='lat' dir='ltr'>custodiam</span> <span class='ocrx_word' id='word_1_536' title='bbox 2822 4059 2841 4091; x_wconf 84' lang='lat'>,</span> <span class='ocrx_word' id='word_1_537' title='bbox 2887 4013 3032 4079; x_wconf 89' lang='lat' dir='ltr'>ideo</span> <span class='ocrx_word' id='word_1_538' title='bbox 3079 4030 3252 4098; x_wconf 64' lang='lat' dir='ltr'>reyes</span> <span class='ocrx_word' id='word_1_539' title='bbox 3306 4020 3494 4082; x_wconf 79' lang='lat' dir='ltr'>terroe</span> <span class='ocrx_word' id='word_1_540' title='bbox 3506 4062 3530 4095; x_wconf 89' lang='lat'>,</span> <span class='ocrx_word' id='word_1_541' title='bbox 3579 4016 3645 4081; x_wconf 89' lang='lat' dir='ltr'>id</span> <span class='ocrx_word' id='word_1_542' title='bbox 3693 4018 3789 4082; x_wconf 84' lang='lat' dir='ltr'>est</span> 
     </span>
     <span class='ocr_line' id='line_1_81' title="bbox 2242 4120 3791 4206; baseline 0.002 -17"><span class='ocrx_word' id='word_1_543' title='bbox 2242 4122 2459 4204; x_wconf 89' lang='lat' dir='ltr'>angeli</span> <span class='ocrx_word' id='word_1_544' title='bbox 2475 4170 2498 4203; x_wconf 88' lang='lat'>,</span> <span class='ocrx_word' id='word_1_545' title='bbox 2547 4120 2662 4205; x_wconf 87' lang='lat' dir='ltr'>qui</span> <span class='ocrx_word' id='word_1_546' title='bbox 2704 4124 2949 4204; x_wconf 83' lang='lat' dir='ltr'>regunt</span> <span class='ocrx_word' id='word_1_547' title='bbox 2994 4140 3113 4203; x_wconf 91' lang='lat' dir='ltr'>per</span> <span class='ocrx_word' id='word_1_548' title='bbox 3160 4122 3704 4206; x_wconf 84' lang='lat' dir='ltr'>dispensationem</span> <span class='ocrx_word' id='word_1_549' title='bbox 3747 4142 3791 4192; x_wconf 78' lang='lat' dir='ltr'>a</span> 
     </span>
     <span class='ocr_line' id='line_1_82' title="bbox 2241 4227 3785 4313; baseline 0.004 -18"><span class='ocrx_word' id='word_1_550' title='bbox 2241 4229 2371 4295; x_wconf 89' lang='lat' dir='ltr'>Deo</span> <span class='ocrx_word' id='word_1_551' title='bbox 2397 4229 2490 4295; x_wconf 89' lang='lat' dir='ltr'>eis</span> <span class='ocrx_word' id='word_1_552' title='bbox 2527 4228 2764 4307; x_wconf 86' lang='lat' dir='ltr'>datam,</span> <span class='ocrx_word' id='word_1_553' title='bbox 2809 4227 3177 4313; x_wconf 68' lang='lat' dir='ltr'>candebant</span> <span class='ocrx_word' id='word_1_554' title='bbox 3205 4234 3465 4312; x_wconf 86' lang='lat' dir='ltr'>propter</span> <span class='ocrx_word' id='word_1_555' title='bbox 3489 4232 3785 4300; x_wconf 84' lang='lat' dir='ltr'>acciden-</span> 
     </span>
     <span class='ocr_line' id='line_1_83' title="bbox 2242 4335 3782 4421; baseline 0.002 -15"><span class='ocrx_word' id='word_1_556' title='bbox 2242 4336 2650 4421; x_wconf 76' lang='lat' dir='ltr'>talispraemii</span> <span class='ocrx_word' id='word_1_557' title='bbox 2663 4335 3276 4418; x_wconf 88' lang='lat' dir='ltr'>augmentationem.</span> <span class='ocrx_word' id='word_1_558' title='bbox 3296 4336 3640 4421; x_wconf 86' lang='lat' dir='ltr'>Rogemus,</span> <span class='ocrx_word' id='word_1_559' title='bbox 3659 4344 3782 4408; x_wconf 83' lang='lat' dir='ltr'>etc.</span> 
     </span>
    </p>
   </div>
   <div class='ocr_carea' id='block_1_13' title="bbox 2349 4571 3675 4652">
    <p class='ocr_par' dir='ltr' id='par_1_14' title="bbox 2349 4571 3675 4652">
     <span class='ocr_line' id='line_1_84' title="bbox 2349 4571 3675 4652; baseline 0 -1"><span class='ocrx_word' id='word_1_560' title='bbox 2349 4573 2722 4652; x_wconf 82' lang='lat' dir='ltr'>DOMINIGA</span> <span class='ocrx_word' id='word_1_561' title='bbox 2764 4572 2846 4647; x_wconf 90' lang='lat' dir='ltr'>IV</span> <span class='ocrx_word' id='word_1_562' title='bbox 2888 4571 3077 4648; x_wconf 81' lang='lat' dir='ltr'>POST</span> <span class='ocrx_word' id='word_1_563' title='bbox 3119 4571 3675 4651; x_wconf 78' lang='lat' dir='ltr'>PENTEGOSTEN.</span> 
     </span>
    </p>
   </div>
   <div class='ocr_carea' id='block_1_14' title="bbox 2645 4744 3378 4817">
    <p class='ocr_par' dir='ltr' id='par_1_15' title="bbox 2645 4744 3378 4817">
     <span class='ocr_line' id='line_1_85' title="bbox 2645 4744 3378 4817; baseline 0.001 -1"><span class='ocrx_word' id='word_1_564' title='bbox 2645 4745 2935 4817; x_wconf 86' lang='lat' dir='ltr'>SERMO</span> <span class='ocrx_word' id='word_1_565' title='bbox 2979 4744 3305 4816; x_wconf 89' lang='lat' dir='ltr'>PRIMUS</span> <span class='ocrx_word' id='word_1_566' title='bbox 3330 4746 3378 4817; x_wconf 81' lang='lat'>⁸.</span> 
     </span>
    </p>
   </div>
   <div class='ocr_carea' id='block_1_15' title="bbox 2246 4880 3788 5168">
    <p class='ocr_par' dir='ltr' id='par_1_16' title="bbox 2246 4880 3788 5168">
     <span class='ocr_line' id='line_1_86' title="bbox 2324 4880 3788 4968; baseline 0.003 -20"><span class='ocrx_word' id='word_1_567' title='bbox 2324 4880 2687 4950; x_wconf 65' lang='lat' dir='ltr'>ascendens</span> <span class='ocrx_word' id='word_1_568' title='bbox 2715 4888 2928 4948; x_wconf 81' lang='lat' dir='ltr'>autem</span> <span class='ocrx_word' id='word_1_569' title='bbox 2970 4882 3046 4948; x_wconf 79' lang='lat' dir='ltr'>in</span> <span class='ocrx_word' id='word_1_570' title='bbox 3085 4898 3285 4950; x_wconf 81' lang='lat' dir='ltr'>unam</span> <span class='ocrx_word' id='word_1_571' title='bbox 3331 4884 3558 4951; x_wconf 65' lang='lat' dir='ltr'>numm</span> <span class='ocrx_word' id='word_1_572' title='bbox 3577 4931 3598 4964; x_wconf 82' lang='grc'><em>,</em></span> <span class='ocrx_word' id='word_1_573' title='bbox 3633 4900 3788 4968; x_wconf 69' lang='lat' dir='ltr'>quw</span> 
     </span>
     <span class='ocr_line' id='line_1_87' title="bbox 2246 4988 3785 5070; baseline -0.001 -9"><span class='ocrx_word' id='word_1_574' title='bbox 2246 4998 2385 5061; x_wconf 80' lang='lat' dir='ltr'>crat</span> <span class='ocrx_word' id='word_1_575' title='bbox 2412 4991 2710 5061; x_wconf 75' lang='lat' dir='ltr'>Simonis</span> <span class='ocrx_word' id='word_1_576' title='bbox 2733 4990 2780 5070; x_wconf 80' lang='lat'>⁶,</span> <span class='ocrx_word' id='word_1_577' title='bbox 2818 4993 2938 5055; x_wconf 88' lang='lat' dir='ltr'>etc.</span> <span class='ocrx_word' id='word_1_578' title='bbox 2985 4988 3184 5056; x_wconf 84' lang='lat' dir='ltr'>Navis</span> <span class='ocrx_word' id='word_1_579' title='bbox 3225 4988 3508 5060; x_wconf 84' lang='lat' dir='ltr'>Simonis</span> <span class='ocrx_word' id='word_1_580' title='bbox 3534 4996 3630 5058; x_wconf 82' lang='lat' dir='ltr'>est</span> <span class='ocrx_word' id='word_1_581' title='bbox 3671 4991 3785 5060; x_wconf 84' lang='lat' dir='ltr'>Ec·</span> 
     </span>
     <span class='ocr_line' id='line_1_88' title="bbox 2246 5097 3786 5168; baseline 0.001 -2"><span class='ocrx_word' id='word_1_582' title='bbox 2246 5099 2435 5166; x_wconf 78' lang='lat' dir='ltr'>alesia</span> <span class='ocrx_word' id='word_1_583' title='bbox 2459 5098 2710 5166; x_wconf 88' lang='lat' dir='ltr'>Simoni</span> <span class='ocrx_word' id='word_1_584' title='bbox 2736 5097 3099 5165; x_wconf 86' lang='lat' dir='ltr'>commissa.</span> <span class='ocrx_word' id='word_1_585' title='bbox 3122 5097 3659 5168; x_wconf 80' lang='lat' dir='ltr'>Considerandum</span> <span class='ocrx_word' id='word_1_586' title='bbox 3675 5119 3786 5168; x_wconf 86' lang='lat' dir='ltr'>au·</span> 
     </span>
    </p>
   </div>
   <div class='ocr_carea' id='block_1_16' title="bbox 2246 5293 3788 5500">
    <p class='ocr_par' dir='ltr' id='par_1_17' title="bbox 2246 5293 3788 5500">
     <span class='ocr_line' id='line_1_89' title="bbox 2310 5293 3783 5363; baseline -0.003 -16"><span class='ocrx_word' id='word_1_587' title='bbox 2310 5295 2379 5361; x_wconf 80' lang='grc' dir='ltr'>(ιι)</span> <span class='ocrx_word' id='word_1_588' title='bbox 2404 5295 2556 5361; x_wconf 84' lang='lat' dir='ltr'>vulg.</span> <span class='ocrx_word' id='word_1_589' title='bbox 2583 5295 2787 5346; x_wconf 75' lang='lat' dir='ltr'>everrit.</span> <span class='ocrx_word' id='word_1_590' title='bbox 2807 5321 2870 5334; x_wconf 92' lang='lat'><em>-</em></span> <span class='ocrx_word' id='word_1_591' title='bbox 2894 5294 2965 5360; x_wconf 82' lang='lat' dir='ltr'>(b)</span> <span class='ocrx_word' id='word_1_592' title='bbox 2987 5293 3166 5361; x_wconf 79' lang='lat' dir='ltr'>suppl.</span> <span class='ocrx_word' id='word_1_593' title='bbox 3191 5294 3319 5348; x_wconf 84' lang='lat' dir='ltr'>sive.</span> <span class='ocrx_word' id='word_1_594' title='bbox 3340 5319 3404 5336; x_wconf 83' lang='lat'>....</span> <span class='ocrx_word' id='word_1_595' title='bbox 3431 5295 3497 5361; x_wconf 82' lang='lat' dir='ltr'>(c)</span> <span class='ocrx_word' id='word_1_596' title='bbox 3515 5296 3666 5349; x_wconf 73' lang='lat' dir='ltr'>Forte</span> <span class='ocrx_word' id='word_1_597' title='bbox 3686 5295 3783 5363; x_wconf 75' lang='lat'>²⁶9·</span> 
     </span>
     <span class='ocr_line' id='line_1_90' title="bbox 2246 5365 3788 5500; baseline -0.005 -80"><span class='ocrx_word' id='word_1_598' title='bbox 2246 5366 2590 5500; x_wconf 52' lang='lat' dir='ltr'>ffiffizitalts.</span> <span class='ocrx_word' id='word_1_599' title='bbox 2621 5392 2677 5416; x_wconf 57' lang='lat' dir='ltr'>v-</span> <span class='ocrx_word' id='word_1_600' title='bbox 2718 5365 2799 5438; x_wconf 81' lang='lat' dir='ltr'>(d)</span> <span class='ocrx_word' id='word_1_601' title='bbox 2831 5366 2956 5422; x_wconf 72' lang='lat' dir='ltr'>Item</span> <span class='ocrx_word' id='word_1_602' title='bbox 2990 5366 3277 5426; x_wconf 73' lang='grc' dir='ltr'><strong>8811811ιί818.</strong></span> <span class='ocrx_word' id='word_1_603' title='bbox 3310 5392 3371 5488; x_wconf 45' lang='grc' dir='ltr'>-ο-</span> <span class='ocrx_word' id='word_1_604' title='bbox 3404 5368 3463 5436; x_wconf 83' lang='lat' dir='ltr'>(e)</span> <span class='ocrx_word' id='word_1_605' title='bbox 3499 5369 3622 5428; x_wconf 74' lang='lat' dir='ltr'>Item</span> <span class='ocrx_word' id='word_1_606' title='bbox 3653 5369 3788 5422; x_wconf 66' lang='lat' dir='ltr'>mci.</span> 
     </span>
    </p>
   </div>
  </div>
 </body>
</html>
