4059 6317
741 450 861 522 {94

741 591 940 657 Carbo
982 582 1238 676 quando
1281 593 1513 677 igneus
1558 598 1689 675 est,
1744 595 1933 676 niger
1975 611 2107 658 non
2143 596 2274 670 est,

739 700 872 763 imo
903 699 1179 764 candens
1204 704 1268 766 et
1299 701 1580 783 lucidus3
1622 702 1733 767 sed
1771 700 2027 785 quaudo
2074 699 2301 763 extio-2

737 807 983 888 guitur,
1012 806 1200 889 niger
1221 809 1517 875 efficitur.
1549 809 1654 874 Sic
1676 809 1890 874 anima
1917 825 2136 872 amore
2166 804 2275 869 Dei

734 914 979 995 ignita,
1010 920 1074 979 et
1098 916 1366 999 pulchra
1392 922 1456 982 et
1494 918 1705 983 lucida
1744 921 1841 983 est
1868 922 1887 957 ¹
1925 939 1940 981 ε
1979 940 2009 977 α
2034 914 2270 980 Simili-

733 1023 889 1087 tudo
922 1024 1299 1090 animalium
1318 1076 1334 1106 ,
1374 1028 1438 1091 et
1465 1029 1756 1109 aspectus
1783 1042 2045 1103 eorum,
2089 1021 2273 1105 quasi

731 1130 908 1212 ignis
949 1132 1301 1198 carbonum
1332 1134 1718 1199 ardentium.
1752 1154 1784 1192 1>
1820 1131 1945 1196 Sed
1971 1129 2229 1213 quando
2249 1175 2268 1206 ²

732 1239 1093 1303 abundante
1136 1240 1470 1323 iniquitate
1485 1289 1506 1320 ,
1549 1240 1822 1306 charitas
1871 1237 2267 1318 refrigescit,

731 1350 885 1410 tunc
928 1349 1144 1412 anima
1184 1348 1364 1431 quasi
1408 1349 1598 1414 carbo
1633 1347 1974 1430 nigrescit3
2008 1345 2119 1409 sed
2156 1361 2271 1425 per

727 1452 1042 1536 lacrymas
1068 1454 1300 1520 iterum
1344 1474 1538 1540 super
1572 1456 1788 1521 nivem
1826 1453 2105 1518 albescit.
2147 1450 2266 1514 La-

729 1564 873 1626 vate
899 1580 1089 1644 ergo,
1119 1562 1475 1628 charissimi
1492 1612 1509 1643 ,
1540 1562 1842 1646 lacrymis
1866 1560 2095 1627 vestris
2121 1559 2265 1623 aui-

728 1686 866 1732 mas
910 1675 1157 1734 vestras
1189 1688 1207 1732 :
1246 1670 1532 1737 Christus
1577 1671 1752 1735 enim
1789 1670 1870 1734 ad
1914 1668 2265 1733 lavandum

727 1775 964 1841 addidit
999 1776 1187 1840 uobis
1220 1776 1537 1859 lacrymas
1571 1797 1739 1843 suas,
1784 1775 2162 1842 Ambrosius
2192 1776 2215 1810 ²
2244 1797 2260 1838 ε

736 1905 767 1941 α
779 1882 878 1947 Me
905 1882 998 1947 illi
1014 1883 1083 1946 in
1101 1883 1254 1948 facie
1274 1883 1501 1949 Christi
1514 1884 1785 1949 abluunt
1809 1885 2019 1962 fletus,
2046 1883 2265 1965 lacry-

727 2008 852 2054 mae
877 1990 1005 2055 illae
1033 1990 1258 2054 delicta
1276 2009 1420 2055 mea
1436 1990 1733 2056 laverunt
1757 1989 2071 2074 peccantis
2096 1990 2208 2071 (a).
2226 2011 2256 2049 ι)

804 2096 891 2162 De
903 2098 1122 2161 tertio³
1142 2119 1156 2160 ε
1183 2120 1213 2157 α
1232 2096 1495 2163 Lavabit
1508 2098 1577 2161 in
1588 2099 1739 2164 vino
1755 2097 1984 2162 stolam
2008 2115 2252 2161 suam.»

724 2204 964 2270 Vinum
989 2205 1161 2270 enim
1188 2210 1303 2285 est,
1336 2206 1510 2288 quod
1536 2206 1820 2289 quotidie
1847 2223 1965 2288 pro
1993 2205 2264 2288 peccatis

726 2313 795 2375 in
808 2311 990 2376 altari
1007 2312 1718 2394 offertur.fAugustinus
1738 2314 1760 2348 ⁸
1780 2332 1797 2377 ε
1827 2336 1859 2375 α
1873 2313 2034 2390 Quia
2062 2314 2267 2396 quoti·

725 2420 827 2483 die
859 2419 1159 2497 labimur,
1199 2420 1481 2502 quotidie
1519 2420 1808 2486 Christus
1836 2423 2103 2505 mystice
2146 2440 2263 2505 pro

722 2529 906 2592 nobis
932 2529 1323 2594 immolatur.
1346 2551 1379 2589 ι)
1415 2529 1541 2596 Sed
1561 2532 1714 2614 quia
1745 2532 1973 2599 vinum
2003 2538 2099 2597 est
2129 2552 2264 2616 spe-

720 2636 844 2711 cie,
874 2636 1142 2717 sanguis
1182 2638 1250 2701 in
1278 2656 1347 2703 re
1367 2686 1388 2717 ,
1418 2639 1562 2703 ideo
1603 2641 1894 2722 sequitur
1921 2645 1945 2681 ⁸
1975 2662 1990 2704 ε
2031 2663 2063 2702 α
2090 2640 2166 2704 Et
2192 2642 2262 2704 in

719 2744 1040 2824 sanguine
1063 2761 1212 2808 uvae
1239 2744 1508 2826 pallium
1536 2764 1755 2811 suum.
1792 2769 1822 2807 n
1855 2746 2006 2812 Haec
2031 2767 2164 2812 uva
2190 2747 2263 2811 in

721 2850 1018 2915 torculari
1047 2852 1254 2915 crucis
1299 2853 1578 2917 multum
1618 2872 1835 2936 pressa
1862 2856 1983 2921 fuit
2001 2904 2023 2935 ,
2056 2862 2120 2920 et
2153 2874 2262 2919 ex-

718 2974 957 3038 pressa.
996 2958 1400 3038 Augustinus
1441 2960 1463 2995 ·
1493 2982 1507 3024 :
1548 2984 1578 3021 α
1608 2959 1864 3024 Primus
1894 2962 1967 3042 (b)
2015 2962 2085 3025 iu
2123 2965 2254 3025 tor·

716 3064 916 3128 culari
963 3064 1034 3148 (c)
1085 3066 1402 3146 Christus,
1451 3085 1602 3131 cum
1641 3067 1748 3132 ille
1789 3069 2008 3132 botrus
2053 3070 2122 3132 in
2172 3069 2253 3152 (d)

717 3170 1005 3252 passione
1063 3189 1400 3255 expressus
1461 3176 1785 3240 emanavit
1841 3175 1934 3257 (e).
1992 3197 2024 3236 n
2083 3173 2259 3240 Unde

718 3274 1056 3341 Psalmista
1084 3279 1106 3314 ⁸
1141 3301 1156 3343 ε
1198 3302 1229 3340 «
1256 3281 1429 3345 Calix
1454 3300 1636 3346 meus
1662 3283 2024 3363 inebrians,
2056 3301 2255 3366 quam

717 3384 1060 3467 praeclarus
1074 3391 1257 3451 esti»
1285 3387 1447 3464 Quid
1464 3394 1680 3454 autem
1691 3394 1787 3453 est
1812 3390 1951 3454 haec
1981 3390 2166 3469 stola,
2196 3396 2260 3455 et

717 3492 839 3557 hoc
866 3494 1133 3577 pallium
1150 3497 1183 3559 ‘t
1212 3494 1443 3578 Utique
1474 3496 1769 3577 Ecclesia,
1801 3516 1949 3580 quae
1973 3498 2253 3562 multum

717 3600 992 3677 lavatur,
1025 3604 1175 3688 quia
1202 3605 1481 3670 multum
1504 3605 1735 3670 dicitur
1757 3624 1894 3671 esse
1921 3607 2207 3672 candida.
2232 3614 2255 3650 ⁷

720 3728 752 3768 α
774 3709 1161 3775 Vestimenta
1177 3716 1393 3777 autem
1430 3715 1571 3795 ejus
1602 3714 1868 3779 candida
1911 3714 2075 3780 facta
2104 3720 2256 3780 sunt

715 3816 881 3883 sicut
906 3820 1046 3884 nix.
1081 3841 1113 3881 n
2021 3836 2028 3841 ·

794 3925 881 3991 De
902 3929 1166 4009 quarto⁸
1196 3950 1213 3992 t
1239 3952 1270 3990 α
1295 3927 1416 4005 Qui
1438 3928 1658 3994 dilexit
1679 3947 1795 3993 nos
1812 3975 1830 4011 ,
1860 3935 1924 3995 et
1945 3931 2105 3999 lavit
2129 3951 2254 3997 nos

714 4052 754 4097 a
777 4034 1048 4117 peccatis
1067 4036 1300 4099 nostris
1328 4036 1396 4099 in
1422 4036 1739 4118 sanguine
1766 4056 1882 4102 suo
1899 4039 2004 4121 (f).
2030 4061 2062 4100 n
2095 4040 2255 4106 Nota

714 4144 884 4225 quod
910 4143 1062 4208 dicit
1086 4162 1130 4211 a
1154 4146 1448 4225 peccatis.
1481 4144 1661 4209 Certe
1702 4146 1816 4227 qui
1842 4146 2122 4229 aliquem
2151 4149 2254 4211 la-

712 4254 895 4314 varet
911 4298 932 4330 ‚
985 4251 1097 4333 qui
1126 4252 1195 4315 in
1222 4251 1615 4335 sterquilinio
1654 4252 1884 4317 cloacae
1934 4272 2048 4336 per
2079 4254 2251 4318 diem

712 4355 1033 4437 latuisset,
1066 4359 1214 4422 satis
1241 4376 1390 4424 eum
1419 4357 1732 4440 diligeret.
1781 4359 1862 4423 Et
1902 4365 2069 4425 certe
2103 4379 2255 4444 pec-

714 4468 927 4529 catum
954 4470 1048 4528 est
1074 4464 1303 4530 millies
1330 4465 1642 4530 sordidius
1672 4465 1954 4549 quolibet
1978 4468 2251 4550 sterqui-

711 4571 867 4637 linio
886 4622 908 4652 ‚
937 4573 1007 4636 iu
1044 4591 1174 4655 quo
1202 4575 1418 4655 jacent
1454 4579 1832 4656 peccatores.
1864 4575 1887 4609 ⁹
1919 4596 1950 4635 (ι
1978 4574 2053 4638 ln
2087 4579 2251 4639 ster-

714 4681 984 4763 quilinio
1012 4700 1206 4764 super
1227 4681 1453 4761 faciem
1475 4686 1661 4746 terrae
1677 4682 2005 4764 jacebunt.
2028 4703 2061 4742 ι)
2090 4681 2253 4748 Nota

712 4787 901 4852 ctiam
939 4788 1112 4871 quod
1158 4788 1309 4852 dicit
1350 4803 1501 4867 noa,
1549 4807 1679 4852 non
1729 4805 1847 4855 me.
1891 4788 2035 4854 Non
2076 4790 2250 4854 enim

709 4913 916 4960 unum
945 4895 1154 4959 solum
1189 4896 1257 4958 in
1302 4894 1698 4977 sterquilinio
1731 4898 2050 4979 ,iacentem
2075 4945 2093 4977 ,
2128 4916 2251 4962 ne·

708 5021 835 5085 que
843 5021 976 5068 uno
994 5003 1096 5068 die
1117 5006 1366 5067 tantum
1376 5005 1694 5085 jacentem
1711 5004 1885 5069 lavat
1909 5004 2244 5085 Dominu8‚

766 5166 786 5201 ¹
815 5166 1017 5228 Ezech„
1047 5178 1083 5228 ι,
1116 5169 1194 5217 13.
1218 5191 1280 5204 -
1305 5166 1325 5196 ²
1349 5165 1582 5217 Ambros.
1601 5191 1664 5203 -
1687 5166 1709 5201 ⁸
1732 5167 1870 5227 Gen„
1901 5180 2050 5232 1211,
2083 5126 2159 5219 11:
2188 5196 2249 5206 —

706 5234 728 5270 ὖ
760 5238 888 5301 Aug.
925 5264 991 5276 -·
1023 5238 1045 5275 ⁸
1086 5238 1179 5302 ld.,
1219 5239 1395 5288 Enarr.
1439 5238 1492 5286 in
1516 5237 1664 5301 [Psal.
1696 5250 1787 5302 ιν,
1816 5252 1871 5289 u.
1899 5242 1948 5289 4.
1977 5268 2037 5276 -—
2068 5241 2088 5270 ⁸
2116 5241 2247 5290 Psal.

705 5320 848 5371 χιιι,
890 5312 938 5361 5.
980 5337 1041 5349 -
1088 5313 1104 5343 ⁷
1150 5310 1353 5370 matth„
1402 5321 1547 5373 xvn,
1586 5313 1635 5360 2.
1664 5336 1724 5347 -
1772 5314 1790 5340 ⁸
1829 5313 1997 5374 Apoc„
2028 5324 2078 5374 1,
2108 5315 2155 5361 5.
2185 5337 2249 5349 —

706 5380 729 5414 ⁹
759 5381 960 5444 lev-em..
993 5396 1121 5447 vm,
1170 5386 1217 5433 2.
1256 5409 1316 5420 —
1365 5385 1400 5414 ¹·
1433 5382 1694 5447 chrysost.
1724 5408 1785 5420 -
1833 5385 1873 5419 ¹¹
1912 5385 2157 5435 Ber-nard.
2186 5410 2247 5421 —

706 5450 747 5485 ¹²
784 5454 949 5515 Joan„
983 5469 1101 5518 xix,
1130 5458 1208 5506 34.
1238 5482 1301 5493 —
1341 5455 1379 5489 ¹³
1405 5455 1608 5515 Ezech„
1639 5467 1807 5516 nvn,
1837 5458 1885 5504 2.
1918 5483 1981 5494 —
2008 5458 2046 5492 ¹⁴
2074 5459 2243 5515 Jocm„

1830 454 2244 525 SERMONES
2288 454 2381 520 DE
2420 452 2819 524 TEMPORE.

2383 591 2515 655 imo
2541 590 3039 657 innumerabiles
3071 590 3319 656 animas
3346 590 3884 659 innumerabilibus

2385 697 2609 764 diebus
2633 699 2704 761 in
2730 700 3001 782 peccatis
3020 701 3323 782 jacentes
3352 700 3626 766 Joannes
3654 702 3887 786 Chryso-

2385 807 2630 869 stomus
2679 805 2768 868 ¹⁰:
2811 828 2841 865 α
2879 804 2993 868 Hic
3034 807 3308 887 sanguis
3348 806 3594 871 effusus
3636 813 3755 888 est,
3794 809 3889 892 qui

2385 929 2641 976 omnem
2668 913 2889 977 orbem
2927 915 3250 977 terrarum
3292 913 3471 980 lavit.
3501 936 3533 975 ι
3563 914 3722 980 Nota
3754 934 3889 997 ergo

2382 1019 2576 1085 illud:
2610 1022 2693 1085 In
2717 1021 3032 1105 sanquine
3051 1022 3199 1101 ζεαο.
3233 1020 3412 1086 Certe
3441 1040 3559 1086 nos
3586 1022 3736 1085 satis
3759 1022 3893 1087 ami·

2381 1144 2496 1190 cus
2532 1128 2861 1209 diligeret,
2894 1129 3006 1211 qui
3052 1128 3120 1191 in
3158 1128 3442 1193 balsamo
3471 1148 3588 1193 nos
3636 1130 3887 1207 lavaret3

2379 1237 2618 1316 quanto
2648 1236 2858 1316 magis
2884 1236 2995 1317 qui
3023 1236 3091 1299 in
3116 1237 3434 1318 sanguine
3458 1255 3577 1301 nos
3604 1236 3757 1303 lavit
3780 1242 3893 1301 tam

2377 1341 2652 1422 pretioso
2666 1343 2697 1405 ⁸?
2724 1340 2885 1406 Vere
2914 1343 3187 1423 pretioso
3207 1363 3224 1422 ;
3252 1342 3616 1409 Bernardus
3630 1345 3671 1382 ¹¹
3702 1366 3756 1407 :u
3769 1343 3892 1407 Mit-

2377 1446 2534 1511 titur
2559 1447 2843 1530 Virginis
2869 1450 3078 1527 filius‚
3115 1449 3420 1514 Altissimi
3452 1450 3599 1530 Dei,
3646 1453 3895 1533 etjuhe-

2375 1559 2483 1619 tur
2507 1555 2705 1619 occidi
2721 1604 2741 1634 ,
2773 1561 2846 1620 ut
2870 1556 3246 1621 vulneribus
3273 1557 3433 1622 meis
3460 1560 3736 1641 pretioso
3762 1578 3892 1623 san-

2377 1661 2597 1743 guinis
2621 1661 2793 1726 illius
2821 1662 3102 1728 balsamo
3134 1664 3483 1729 medeatur.
3511 1687 3542 1724 »
3582 1665 3733 1730 Haec
3757 1684 3893 1749 qua·

2374 1769 2522 1831 tuor
2547 1768 2837 1849 lavacra,
2868 1771 2986 1835 hos
3012 1775 3287 1854 quatuor
3321 1773 3599 1854 liquores
3628 1772 3895 1837 Christus

2373 1874 2451 1939 de
2477 1894 2593 1940 suo
2619 1895 2881 1961 corpore
2920 1880 3210 1943 exhibuit
3242 1901 3257 1942 ε
3289 1899 3521 1962 aquam
3564 1880 3733 1946 latus
3749 1929 3768 1961 ,
3813 1880 3894 1944 la·

2374 2000 2660 2066 crymam
2688 1985 2946 2065 oculuS,
2976 1987 3203 2051 vinum
3233 2004 3498 2063 manuS,
3526 1988 3898 2069 sanguinem

2371 2093 2580 2156 totum
2610 2091 2836 2158 Christi
2880 2112 3109 2176 corpus
3150 2094 3562 2159 ministravit.
3612 2094 3705 2160 De
3746 2112 3898 2177 aqua

2370 2200 2598 2266 dicitur
2643 2203 2690 2238 ¹²
2737 2226 2753 2268 ε
2816 2226 2847 2264 α
2875 2204 3189 2269 Continuo
3243 2206 3443 2269 exivit
3496 2205 3794 2286 sanguiS,
3846 2208 3902 2267 et

2371 2327 2604 2392 aqua.»
2628 2310 2749 2388 Qui
2780 2312 2903 2376 fiac
2929 2331 3094 2396 aqua
3124 2313 3424 2377 mundari
3452 2317 3515 2378 et
3542 2313 3717 2377 retici
3746 2311 3896 2389 vult,

2369 2434 2502 2480 non
2528 2418 2608 2482 ad
2634 2419 2962 2484 sinistrum
2990 2439 3141 2485 cum
3179 2420 3396 2503 impiis
3418 2470 3433 2499 ‚
3479 2420 3591 2485 sed
3635 2420 3716 2484 ad
3755 2421 3897 2485 dex-

2368 2527 2544 2588 trum
2570 2524 2735 2590 latus
2762 2527 2990 2592 Christi
3016 2528 3097 2592 sit
3124 2528 3170 2564 ¹⁸
3199 2549 3215 2592 ε
3244 2551 3275 2587 (ι
3294 2527 3450 2592 Ecce
3475 2547 3665 2610 aquae
3687 2527 3903 2592 redun-

2367 2631 2588 2697 dantes
2614 2653 2695 2698 ex
2722 2634 2915 2700 latere
2937 2636 3231 2718 dextro‚n
3264 2641 3384 2702 etc.
3414 2635 3499 2701 De
3525 2637 3810 2720 lacryma
3827 2636 3898 2698 ¹⁸:

2375 2762 2407 2799 α
2430 2739 2841 2823 Lacrymatus
2887 2749 2982 2808 est
3019 2742 3222 2809 Jesus.
3245 2766 3276 2804 n
3314 2743 3491 2809 Sicut
3542 2749 3700 2809 tunc
3747 2760 3902 2808 mor·

2366 2850 2553 2911 tuum
2599 2847 2811 2912 Lazari
2863 2867 3126 2932 corpus,
3171 2850 3259 2914 ita
3321 2854 3614 2915 mortuas
3666 2851 3904 2915 animas

2367 2955 2650 3036 quotidie
2676 2956 2958 3021 suscitat.
3006 2956 3093 3021 De
3122 2959 3273 3022 vino
3314 2962 3526 3041 patet,
3575 2957 3904 3042 quiaillud

2367 3062 2807 3127 mundissimis
2844 3065 3143 3129 manibus
3197 3065 3519 3149 discipulis
3569 3067 3743 3131 dedit
3792 3066 3836 3101 ¹⁵
3883 3087 3898 3127 ε

2374 3192 2405 3231 (ι
2432 3171 2762 3254 Accipiens
2792 3172 3050 3237 calicem
3069 3221 3085 3250 ‚
3117 3176 3235 3237 etc.
3261 3195 3291 3232 ι)
3316 3172 3427 3239 Vae
3455 3192 3612 3255 ergo
3634 3176 3905 3238 immun-

2364 3277 2462 3341 dis
2492 3280 2788 3344 manibus
2833 3282 3172 3346 sacerdotis
3198 3330 3215 3359 ‚
3246 3283 3327 3347 de
3362 3302 3490 3366 quo
3532 3284 3661 3348 dici
3705 3287 3904 3367 potest

2366 3386 2522 3452 illud
2559 3388 2603 3423 ¹⁶
2634 3408 2653 3453 ε
2693 3411 2724 3448 (ι
2749 3388 2907 3453 Ecce
2943 3408 3174 3454 manus
3200 3391 3511 3456 tradentis
3536 3441 3555 3471 ,
3587 3414 3618 3451 n
3656 3397 3778 3456 etc.
3824 3390 3906 3455 De

2364 3496 2685 3576 sanguine
2711 3514 2966 3579 quoque
2994 3502 3206 3579 patet,
3238 3496 3410 3581 quod
3442 3498 3627 3563 illum
3664 3499 3740 3565 de
3771 3516 3907 3563 ma-

2361 3600 2592 3680 nibus,
2622 3602 3022 3685 etpedibus,
3068 3604 3146 3668 de
3188 3604 3424 3683 latere,
3473 3605 3608 3669 imo
3653 3607 3735 3670 de
3778 3609 3905 3669 toto

2362 3708 2548 3772 corde
2591 3708 2666 3790 (q)
2685 3758 2703 3789 ‚
2752 3711 2943 3773 etiam
2983 3711 3062 3775 de
3106 3711 3381 3776 minimo
3429 3712 3637 3794 digito
3675 3713 3902 3777 emisit.

2359 3814 2761 3897 Augustinus
2780 3818 2825 3857 ¹⁷
2848 3838 2864 3880 ε
2887 3817 3150 3882 «Oravit
3183 3817 3463 3898 Patrem,
3493 3824 3735 3884 etcum
3763 3838 3903 3885 ora-

2360 3927 2490 3998 ret,
2522 3922 2700 4003 globi
2737 3924 3074 4006 sanguinis
3119 3924 3199 3989 de
3225 3928 3359 3990 toto
3384 3926 3573 3991 corde
3599 3928 3746 4008 ejus
3772 3926 3905 3991 stil-

2360 4028 2598 4094 labant.
2628 4051 2659 4091 n

2906 4193 3193 4263 SERMO
3235 4194 3351 4263 ΠΙ.

2444 4354 2566 4428 Qui
2600 4353 2767 4421 lotus
2792 4361 2915 4431 est.
2947 4371 3078 4422 non
3108 4355 3400 4439 indiget,
3443 4357 3583 4423 nisi
3608 4362 3686 4425 ut
3709 4357 3903 4440 pedes

2306 4508 2321 4523 .
2359 4463 2527 4529 lavet
2540 4462 2608 4526 ¹⁸.
2630 4460 2828 4526 Pedes
2848 4462 3080 4527 animae
3098 4467 3248 4527 sunt
3266 4463 3557 4543 affectus,
3576 4465 3690 4548 qui
3711 4466 3904 4530 etiam

2359 4570 2428 4633 in
2454 4570 2637 4634 bonis
2662 4589 2702 4634 a
2727 4570 2991 4654 pulvere
3018 4571 3365 4637 venialium
3403 4576 3554 4636 sunt
3584 4573 3904 4637 mundau-

2359 4679 2446 4743 di.
2505 4678 2701 4743 Pedes
2744 4698 2902 4760 ergo
2954 4679 3275 4760 lavantur,
3325 4681 3581 4763 quando
3629 4680 3904 4746 affectus

2357 4786 2590 4850 animae
2618 4788 3035 4852 mundantur.
3067 4788 3343 4853 Istorum
3373 4790 3605 4872 pedum
3623 4789 3814 4869 lotio,
3842 4788 3905 4854 id

2357 4899 2454 4958 est
2481 4892 2827 4961 affectuum
2867 4897 3171 4979 purgatio
3193 4946 3210 4977 ,
3252 4897 3429 4962 utilis
3472 4902 3567 4963 est
3588 4898 3785 4962 nobis
3827 4896 3907 4961 ad

2357 5079 2439 5131 xi,
2481 5069 2559 5117 35.
2589 5092 2652 5105 —
2683 5068 2723 5102 ¹⁸
2761 5065 2966 5126 Mutila,
2999 5078 3159 5130 xva,
3187 5069 3266 5118 2⁴1.
3295 5093 3356 5105 —
3391 5070 3436 5103 ¹⁶
3466 5070 3601 5133 Luc„
3638 5080 3794 5135 xxm,
3821 5073 3901 5120 2¹.

2356 5166 2418 5177 -
2448 5140 2484 5171 ¹²
2512 5141 2644 5203 Aug.
2671 5165 2735 5176 -
2765 5139 2806 5174 ¹⁸
2827 5140 2999 5200 Joan„
3026 5150 3155 5202 xm,
3188 5142 3262 5188 10.

2424 5241 2491 5306 (α)
2508 5240 2628 5290 Coet.
2639 5238 2761 5289 edit.
2772 5238 3074 5302 peccatis.—
3086 5236 3156 5304 (ὁ)
3174 5238 3351 5303 Suppl.
3362 5239 3621 5291 botrus.-
3638 5241 3700 5306 (c)
3719 5240 3903 5308 Suppl.

2353 5327 2562 5377 pressus
2579 5316 2672 5362 est.
2693 5338 2754 5351 -
2787 5312 2863 5375 (d)
2894 5311 3012 5361 Del.
3044 5311 3097 5360 in
3125 5337 3188 5349 -
3224 5313 3290 5376 (e)
3326 5312 3439 5376 Ley.
3471 5326 3749 5377 expressus
3794 5319 3901 5377 cst,

2356 5384 2609 5449 manavit,
2644 5387 2827 5434 etc.—
2857 5384 2931 5449 (s)
2982 5381 3108 5433 Goet.
3154 5382 3278 5433 edit.
3323 5397 3418 5433 non
3450 5384 3629 5435 liabent
3677 5386 3738 5435 in
3784 5398 3901 5436 san·

2357 5457 2510 5521 guine
2551 5470 2664 5507 suo.
2705 5482 2767 5494 —
2796 5454 2870 5519 (9)
2898 5455 3015 5519 Leq.
3049 5467 3284 5519 corpore.
