4059 6317
1099 502 1479 576 nomch
1518 502 1600 570 IN
1640 501 2170 571 smenslm.
2214 502 2476 570 emmo
2517 501 2567 568 l.

240 639 431 706 divini
471 639 741 706 seminis
783 642 977 707 firma
1021 641 1355 726 susceptio.
1398 640 1498 706 Ad
1535 641 1661 705 hoc
1696 641 1776 704 ut

239 747 500 812 verbum
526 746 639 813 Dei
665 747 742 812 in
766 748 1067 816 audiente
1092 749 1316 815 afferat
1339 748 1643 827 fructum,
1661 745 1770 811 de-

237 854 360 933 bet,
379 854 732 920 secundum
755 854 1244 922 instructionem
1257 854 1549 922 hodierni
1569 851 1775 920 Evan-

236 960 420 1043 gelii,
458 962 671 1046 primo
699 962 940 1046 recipi,
979 964 1117 1029 sive
1157 963 1365 1029 audiri
1408 964 1774 1028 reverenter

235 1086 377 1132 cnm
406 1067 640 1133 mentis
662 1068 1081 1152 qmetatione3
1106 1070 1384 1137 secundo
1408 1068 1594 1135 debet
1618 1067 1773 1133 reti-

234 1174 364 1239 neri
382 1175 679 1256 firmiter,
699 1175 842 1241 sive
867 1177 1063 1256 credi,
1088 1195 1238 1242 cum
1261 1176 1521 1242 unionis
1552 1174 1770 1242 adhae·

235 1283 446 1360 sione;
500 1282 613 1348 sed
665 1283 852 1348 tertio
887 1284 1076 1350 debet
1116 1283 1388 1367 intelligi
1429 1281 1773 1363 diligenter

234 1408 377 1454 cum
411 1389 625 1472 operis
657 1391 1056 1456 executione.

308 1493 526 1560 Primo
544 1496 820 1563 verbum
836 1496 949 1564 Dei
973 1496 1158 1562 debet
1184 1499 1550 1562 reverenter
1578 1494 1778 1578 recipi

235 1604 364 1669 sive
386 1603 601 1669 audiri
626 1622 778 1670 cum
803 1604 1037 1670 mentis
1053 1604 1444 1688 quietatione
1459 1652 1479 1684 ,
1498 1621 1577 1669 eo
1604 1603 1775 1686 quod

236 1709 301 1773 in
327 1709 641 1776 hodierno
668 1710 1026 1794 Evangelio
1041 1712 1190 1778 dicit
1221 1712 1569 1778 Dominus:
1596 1709 1777 1785 Quod

235 1822 441 1886 autem
457 1819 774 1901 inspinas
781 1819 870 1902 (a)
877 1818 1129 1898 cecidit,
1141 1819 1216 1887 hi
1224 1824 1381 1888 emit
1391 1815 1509 1904 qni
1519 1818 1779 1888 verbum

235 1924 517 1993 audiunt
537 1973 558 2004 ‚
599 1933 666 1994 et
698 1942 743 1992 a
779 1925 1331 1994 sollicitudinibus
1350 1976 1370 2007 ‚
1401 1931 1463 1995 et
1486 1926 1776 2004 divicit&

239 2038 297 2100 et
328 2033 771 2115 vohcptatibne
800 2035 959 2101 vitoe
1000 2042 1218 2103 mutes
1257 2036 1694 2121 suffocantur,
1718 2039 1779 2104 et

239 2154 360 2207 non
409 2141 704 2221 referrem
749 2142 1053 2221 motum.
1106 2140 1285 2208 Unde
1337 2142 1691 2224 Gregorius
1711 2143 1773 2205 ¹:

251 2267 279 2307 ι
297 2244 690 2313 Perturbatus
716 2251 963 2314 mentes
986 2249 1389 2315 saecularium
1413 2250 1646 2332 eoipso
1658 2247 1783 2314 cla-

245 2357 452 2434 mant,
483 2355 662 2437 quod
686 2354 992 2438 inquietae
1016 2359 1166 2421 sunt
1183 2403 1205 2436 ,
1234 2358 1388 2440 quia
1429 2376 1471 2423 a
1500 2375 1656 2425 vera
1677 2375 1784 2422 sa-

244 2461 472 2543 pientia
499 2460 729 2528 divisae
752 2461 828 2545 (b)
862 2466 1034 2541 sunt,
1051 2484 1082 2523 x·
1109 2463 1345 2528 scilicet
1361 2461 1483 2528 fide
1503 2466 1568 2528 et
1586 2466 1780 2528 mori·

244 2566 376 2632 hus.
397 2567 518 2632 Dei
545 2571 787 2633 secreta
813 2587 946 2636 non
967 2570 1451 2651 cognoscimus,
1478 2570 1605 2636 nisi
1647 2571 1780 2636 vir-

243 2678 372 2740 tum
397 2675 736 2741 decideriis
749 2680 1131 2761 jungamur,
1162 2678 1317 2762 qnia
1339 2678 1625 2744 vivacius
1646 2696 1788 2746 vcr-

245 2781 322 2846 ba
346 2780 452 2847 Dei
489 2800 681 2847 mens
709 2787 1033 2865 penetrat,
1062 2802 1211 2848 cum
1238 2785 1571 2852 admittere
1596 2804 1785 2852 oura-

247 2907 384 2954 rum
421 2889 843 2956 sanctuarium
882 2891 1235 2957 tumultum
1268 2897 1557 2974 recusat,
1586 2895 1790 2978 siqui-

247 2995 382 3060 dem
407 3003 434 3038 ¹
487 3019 520 3058 α
538 2998 746 3063 verba
779 2998 1079 3081 sapientis
1118 2999 1470 3066 audiuntur
1511 3019 1660 3066 cum
1715 3003 1785 3085 (c)

248 3101 510 3168 silentio.
538 3124 575 3163 n
622 3102 759 3169 Hoc
783 3106 1114 3172 attendens
1139 3105 1341 3172 Maria
1379 3106 1783 3192 Magdalena‚

249 3211 604 3276 secundum
651 3212 828 3295 quod
879 3212 1110 3279 dicitur
1135 3213 1159 3250 ⁸
1190 3232 1209 3279 ε
1251 3236 1284 3276 ι
1316 3214 1556 3281 Sedens
1608 3234 1793 3282 secus

251 3317 428 3400 pedes
452 3319 714 3385 Domini
756 3320 1053 3386 audiebat
1084 3322 1168 3407 (cl)
1197 3322 1472 3390 verbum
1515 3323 1691 3389 illius
1713 3342 1731 3389 ε
1751 3347 1783 3386 s

253 3424 468 3494 sedens
493 3445 617 3510 per
640 3428 876 3492 mentis
903 3429 1465 3513 tranquillitatcm;
1496 3449 1628 3495 non
1654 3431 1792 3496 dis-

254 3550 509 3599 currens
523 3553 643 3618 per
669 3535 877 3602 cordis
895 3536 1389 3604 distractionem.
1416 3537 1599 3615 Quia,
1626 3537 1796 3604 sicut

254 3638 394 3704 dicit
423 3640 780 3723 Gregorius
799 3642 848 3721 ⁴,
894 3667 928 3705 e
942 3648 1188 3731 oportet
1210 3644 1671 3710 desiderantem
1699 3661 1798 3709 sa-

257 3748 552 3829 pientiam
582 3749 1170 3817 dissolviacuriset
1195 3750 1787 3818 distractionibus:-

256 3850 565 3933 siquidem
585 3852 608 3887 ⁸
656 3875 690 3913 α
708 3852 824 3934 qui
873 3853 1228 3919 minoratur
1265 3857 1447 3934 actu,
1495 3854 1800 3938 percipiet

257 3959 708 4041 sapientiam.»
747 3959 938 4027 Seciae
969 3959 1161 4042 pedes
1198 3960 1463 4029 Domini
1503 3980 1620 4045 per
1653 3980 1799 4028 cor-

258 4065 349 4130 dis
369 4065 890 4134 humiliationem
904 4115 922 4146 ,
953 4067 1105 4150 quia
1140 4067 1539 4133 obstaculum
1565 4069 1798 4137 verita-

261 4172 333 4235 tis
357 4178 450 4239 est
471 4177 701 4238 tumor
721 4173 1062 4253 superbiae,
1090 4174 1200 4257 qui
1226 4174 1385 4240 dum
1412 4175 1559 4255 flat,
1588 4177 1795 4242 obnu-

261 4277 426 4346 bilat.
456 4279 789 4347 Audiebat
805 4279 1064 4347 verbum
1084 4280 1266 4349 illiue
1288 4299 1401 4365 per
1423 4284 1682 4349 auditus
1706 4283 1795 4347 in-

264 4386 664 4455 clinationem
681 4436 705 4468 ,
736 4391 801 4452 et
824 4388 1201 4454 obliviscens
1235 4389 1545 4471 populum
1581 4389 1613 4456 J
1618 4391 1798 4457 udai-

265 4511 423 4574 cum,
445 4498 512 4560 et
538 4495 811 4562 domum
837 4494 1036 4578 patris
1060 4495 1163 4561 sui
1186 4495 1419 4562 diaboli
1444 4515 1560 4581 per
1586 4498 1796 4562 imita·

268 4600 518 4667 tionem.

342 4707 640 4775 Secundo
665 4706 854 4774 debet
876 4706 1136 4773 retineri
1162 4708 1297 4776 sive
1321 4710 1490 4776 credi
1507 4711 1800 4793 firmiter,

275 4832 412 4880 cum
448 4814 716 4905 unionis
742 4814 1125 4880 admone.
1159 4815 1338 4882 Unde
1378 4816 1459 4882 de
1495 4817 1663 4898 illis,
1688 4818 1804 4902 qui

277 4939 398 4987 non
440 4923 610 4989 bene
650 4920 927 4987 retinent
943 4970 962 5002 ,
1005 4921 1158 4987 dicit
1207 4921 1589 4989 Dominus⁶t
1636 4926 1805 4994 Nam

282 5027 1559 5113 mwdnapraparam‚hieww,qmcum
1584 5032 1809 5102 audie·

279 5140 422 5218 rint,
453 5139 522 5221 (e)
568 5154 717 5205 cum
740 5135 985 5220 aaudio
1009 5138 1379 5220 suscipiunt
1415 5139 1718 5223 verbum5
1743 5147 1807 5210 et

336 5263 354 5298 ²
383 5263 618 5329 Gregor„
658 5260 867 5323 Hor-al„
909 5260 997 5312 lib.
1036 5262 1221 5326 xvlll,
1254 5275 1303 5314 c.
1344 5275 1503 5326 xum,
1540 5279 1593 5316 n.
1635 5268 1718 5317 70.
1744 5291 1806 5306 -

285 5331 302 5361 ³
329 5333 505 5397 Recte„
537 5347 617 5399 lx,
650 5334 851 5385 17.—⁸
882 5333 1086 5397 an.,x,
1119 5335 1307 5386 39.—⁴
1336 5336 1570 5403 Gregor.‚
1598 5338 1806 5402 uorat„

285 5400 368 5454 lib.
385 5406 563 5471 xxm,
579 5421 633 5458 c·
649 5417 740 5470 xx,
755 5419 812 5458 n.
828 5406 906 5456 37.
919 5405 1018 5444 —⁸
1034 5405 1211 5471 Eoeli„
1231 5411 1646 5472 nunna—⁴
1670 5410 1809 5472 Luc„

291 5480 494 5539 mma.
527 5503 593 5516 —
623 5475 1212 5541 ’mih-,xu1,w·-
1244 5476 1550 5544 ⁸lbid,‚28.

3302 507 3420 571 123

1878 638 2233 706 ltimdicee
2265 639 2343 720 (t)
2372 636 2778 716 incumbent,
2810 638 2924 720 qui
2954 637 3033 720 (a)
3060 637 3424 722 adtempm

1879 746 2174 824 ercam,
2203 753 2261 813 et
2285 747 2657 828 intempore
2686 746 3070 813 tentationis
3095 745 3417 816 recedunt.

1881 852 2006 920 Sed
2027 855 2108 919 de
2134 855 2235 918 his
2256 855 2369 939 qui
2396 853 2665 919 firmiter
2685 853 2972 934 credunt,
2993 854 3129 918 sive
3147 854 3427 920 retinue-

1879 965 2065 1042 runt,
2094 961 2393 1044 adjungit
2417 961 2672 1026 dicens:
2708 960 2895 1038 Quod
2920 965 3133 1027 autem
3176 963 3252 1028 in
3294 968 3425 1030 ter-

1880 1084 2022 1135 ram
2051 1061 2295 1147 bonane,
2321 1068 2563 1134 bisunt
2586 1067 2701 1145 qui
2717 1065 2902 1134 corde
2924 1068 3080 1135 bono
3103 1072 3163 1136 et
3189 1071 3425 1152 optimo

1881 1175 2216 1242 audierites
2264 1174 2516 1241 verbum
2562 1175 2842 1241 retinent
2886 1174 2968 1258 (Ιι)
2993 1223 3011 1254 ,
3051 1179 3111 1243 et
3148 1177 3426 1256 fructum

1881 1281 2163 1366 afferunt
2180 1285 2255 1349 in
2277 1282 2626 1365 patientia,
2655 1299 2733 1347 eo
2761 1282 2933 1365 quod
2956 1283 3427 1366 persecutiones

1879 1395 1944 1456 et
1968 1390 2271 1474 quaelibet
2307 1388 2478 1454 mala
2503 1405 2711 1471 poenae
2757 1388 3068 1473 patienter
3109 1389 3431 1456 sustinent

1881 1503 2137 1582 propter
2164 1499 2439 1564 verbum
2468 1496 2601 1562 Dei.

1966 1605 2185 1671 Tertio
2233 1605 2415 1670 debet
2456 1604 2732 1688 intelligi
2773 1603 3111 1687 diligenter
3155 1605 3220 1688 (i)
3280 1623 3428 1670 cum

1883 1713 2096 1796 operis
2123 1712 2494 1779 executione
2511 1760 2530 1791 ‚
2560 1712 2713 1796 quia
2740 1711 2818 1777 de
2856 1711 3015 1791 illis,
3045 1713 3159 1795 qui
3201 1712 3423 1778 a'udie-

1883 1823 2040 1884 runt
2074 1822 2138 1883 et
2165 1818 2343 1902 operi
2386 1820 2750 1903 mancipare
2780 1818 3246 1900 neglexerunt,
3279 1819 3433 1884 dicit

1884 1927 2223 1995 Matthaeus
2237 1928 2260 1963 ²
2298 1949 2314 1992 ε
2366 1950 2398 1989 α
2424 1927 2644 1993 Omnis
2687 1925 2801 2010 qni
2841 1924 3018 1990 audit
3048 1925 3121 2007 (j)
3159 1925 3430 1990 verbum

1885 2036 2076 2116 regni
2100 2037 2164 2099 et
2188 2052 2320 2099 non
2344 2033 2646 2115 intelligit
2683 2033 2763 2114 (k)
2788 2078 2806 2108 ‚
2838 2032 3015 2098 venit
3054 2032 3346 2098 diabolus
3370 2036 3434 2100 et

1892 2141 2059 2206 tollit
2081 2141 2357 2206 verbum
2392 2140 2471 2206 de
2497 2140 2684 2206 corde
2711 2157 2933 2205 eorum
2955 2187 2976 2219 ,
3001 2157 3084 2204 ne
3109 2140 3432 2205 credentes
3478 2201 3493 2220 ,

1887 2248 2052 2313 salvi
2072 2249 2254 2312 flant.
2274 2269 2306 2308 n
2331 2247 2453 2313 Sed
2470 2247 2551 2312 de
2566 2246 2669 2310 his
2687 2247 2799 2330 qni
2823 2246 3269 2312 intellexerunt
3282 2265 3432 2313 cum

1887 2354 2098 2439 operis
2123 2355 2517 2434 executione,
2541 2353 2717 2419 addit
2738 2353 2951 2419 dicens
2966 2355 3029 2418 ⁸:
3063 2376 3094 2415 e
3107 2353 3288 2433 Quod
3309 2374 3435 2421 au-

1886 2467 2018 2528 tem
2049 2463 2108 2544 (l)
2139 2462 2208 2527 in
2224 2467 2459 2526 terram
2488 2462 2725 2526 bonam
2762 2461 3146 2527 seminatum
3177 2464 3283 2543 (m)
3313 2466 3431 2545 est,

1888 2570 1996 2635 hic
2034 2573 2160 2649 est,
2201 2569 2314 2652 qui
2355 2568 2532 2633 audit
2579 2568 2852 2633 verbum
2891 2571 2956 2633 et
3002 2567 3301 2650 intelligit
3320 2616 3340 2648 ‚
3370 2573 3435 2634 et

1888 2677 2170 2743 fructum
2205 2676 2393 2741 affert
2410 2724 2432 2755 ‚
2465 2675 2700 2741 etfacit
2725 2674 2900 2740 aliud
2924 2674 3188 2758 quidem
3216 2679 3433 2741 cente-

1891 2784 2132 2850 simum
2149 2830 2172 2862 ,
2212 2783 2385 2848 aliud
2437 2787 2653 2848 autem
2708 2781 3179 2864 sexagesimum
3201 2827 3220 2861 ‚
3263 2781 3437 2847 aliud

1893 2909 2047 2957 vero
2068 2890 2488 2955 tricesimum.
2501 2910 2534 2949 υ
2560 2892 2645 2954 1η
2666 2893 2903 2955 terram
2919 2888 3147 2955 bonam
3160 2890 3436 2955 verbum

1891 2998 2244 3063 seminatur
2261 3046 2283 3077 ‚
2312 2998 2487 3081 quod
2535 2996 2915 3078 intelligitur
2952 3001 3016 3061 et
3043 3014 3233 3080 opere
3260 3015 3436 3062 com-

1893 3106 2145 3189 pletur:
2176 3109 2242 3171 et
2266 3108 2419 3170 tunc
2460 3105 2735 3170 verbum
2764 3104 2913 3168 tacit
2950 3105 3227 3185 mictum
3256 3105 3440 3172 trice-

1895 3214 2136 3280 simum
2162 3213 2231 3277 in
2258 3211 2643 3294 conjugatis,
2669 3213 3142 3295 sexagesimmn
3156 3210 3226 3275 in
3247 3210 3440 3276 conti-

1896 3320 2195 3385 nentibus
2215 3367 2233 3399 ,
2295 3319 2407 3384 sed
2467 3320 2881 3404 centesimum
2925 3317 2993 3382 in
3046 3317 3432 3398 virginibus.

1895 3427 2192 3491 Meritum
2207 3442 2369 3506 ergo
2380 3428 2877 3507 conjugatorum
2894 3442 3006 3506 per
3016 3422 3437 3501 tricesimum,

1898 3534 2012 3617 qui
2039 3532 2373 3614 consurgit
2396 3550 2479 3597 ex
2508 3531 2786 3596 ternario
2810 3534 2874 3595 et
2897 3530 3180 3609 denario,
3210 3528 3443 3595 intelli-

1898 3641 2080 3722 gitur
2102 3687 2120 3718 ‚
2149 3640 2301 3722 quia
2325 3638 2656 3721 conjugati
2683 3637 2923 3702 habent
2946 3636 3139 3702 fldem
3164 3635 3445 3701 Trinita-

1899 3746 2013 3826 tis,
2043 3750 2107 3812 et
2134 3746 2464 3812 adhaerent
2502 3746 2720 3811 decem
2747 3744 3081 3827 praeceptis
3105 3743 3297 3827 legis;
3330 3761 3443 3827 per

1901 3871 2254 3920 numerum
2284 3857 2502 3919 autem
2533 3851 3029 3934 sexagesimum,
3048 3851 3161 3934 qui
3189 3868 3445 3916 consur-

1901 3961 2000 4044 git
2035 3978 2121 4026 ex
2146 3960 2395 4025 senario
2421 3962 2484 4023 et
2508 3959 2771 4024 denario
2789 4006 2811 4039 ,
2837 3957 3222 4040 intelligitur
3247 3958 3441 4023 meri-

1903 4073 2042 4133 tum
2071 4066 2541 4132 continentium
2560 4114 2579 4144 ,
2610 4066 2765 4148 quia
2788 4065 3183 4130 continentes
3214 4065 3447 4131 debent

1901 4174 2231 4241 adhaerere
2257 4173 2475 4239 decem
2515 4174 2850 4255 praeceptis
2872 4171 3069 4255 legis,
3095 4176 3159 4238 et
3182 4172 3445 4256 insuper

1902 4301 2018 4348 sex
2042 4280 2343 4365 operibus
2362 4279 2838 4359 misericordiae,
2858 4296 3006 4362 quae
3032 4279 3101 4344 in
3113 4279 3237 4345 hoc
3251 4297 3447 4346 versu

1904 4389 2352 4455 continentur:

1961 4549 2141 4614 visito,
2168 4554 2314 4615 poto,
2341 4549 2475 4615 cibo,
2501 4549 2721 4614 redimo,
2748 4552 2886 4614 tego,
2911 4548 3118 4616 colligo,
3145 4549 3340 4601 condo.

1986 4711 2182 4777 Debet
2231 4711 2406 4775 enim
2457 4711 2789 4777 continens
2831 4709 3094 4776 visitare
3132 4710 3446 4792 infirmos,

1905 4819 2120 4884 cibare
2149 4822 2214 4883 et
2239 4821 2457 4901 potare
2475 4819 2760 4901 jejunos,
2797 4816 3111 4882 redimere
3136 4816 3445 4899 captivos,

1905 4930 2125 5008 tegere
2152 4925 2361 4990 nudos
2376 4972 2399 5004 ,
2428 4923 2731 5005 colligere
2754 4922 3169 5007 peregrinos,
3199 4924 3265 4987 et
3294 4939 3447 4987 con-

1907 5033 2059 5099 dere
2084 5031 2221 5099 sive
2247 5031 2511 5115 sepelire
2529 5033 2837 5096 mortuos.
2855 5029 3154 5094 Meritum
3171 5047 3451 5112 namque

1973 5193 2047 5259 (α)
2065 5194 2187 5245 caet.
2219 5191 2339 5244 edit.
2358 5193 2536 5257 spinis.
2564 5217 2628 5229 —
2644 5191 2715 5257 (ὁ)
2740 5192 2861 5242 Item
2881 5191 3113 5242 diversae.
3134 5216 3199 5229 —
3218 5189 3274 5255 (c)
3300 5190 3447 5255 ναῖς.

1909 5265 1981 5316 in.
2010 5291 2076 5304 --
2105 5264 2189 5328 (d)
2211 5263 2334 5315 Coet.
2355 5263 2476 5314 edit.
2504 5263 2734 5314 audiens.
2760 5289 2825 5302 --
2853 5264 2915 5329 (e)
2937 5264 3062 5314 Coet.
3089 5263 3212 5313 edit.
3234 5262 3354 5313 add.
3382 5267 3451 5314 et.

1910 5363 1974 5376 —
2002 5337 2072 5401 (s)
2101 5336 2226 5388 caet.
2263 5334 2385 5385 edit.
2413 5333 2653 5386 radicem.
2680 5360 2743 5372 —
2761 5334 2835 5401 (q)
2865 5335 3012 5398 Quia.
3039 5361 3103 5374 —
3132 5335 3201 5399 (m
3229 5333 3453 5388 andiunt

1913 5407 2211 5460 vntum-
2234 5405 2297 5472 (ι)
2329 5405 2602 5458 patienter.
2633 5433 2688 5444 —
2721 5407 2792 5472 (j)
2820 5407 3012 5459 Omnes
3029 5406 3118 5472 qui
3133 5407 3364 5459 andiunt.
3388 5429 3455 5443 —

1913 5480 1988 5547 (k)
2014 5478 2254 5545 intelligit
2281 5505 2347 5518 —
2372 5478 2438 5545 (Ι)
2468 5478 2615 5544 Vutq.
2642 5478 2740 5544 Qui
2764 5491 2909 5534 vero.
2926 5503 2991 5526 «-
3016 5479 3110 5547 (m)
3141 5478 3446 5534 secuntus.
