4059 6317
663 495 785 558 590

661 629 868 686 contra
891 623 1232 684 divitiarum
1251 624 1550 685 fortunam
1566 624 1821 699 loquens
1839 624 1857 660 ¹
1879 643 1895 683 ε
1923 643 1954 679 ι
1968 622 2206 682 Caduca

663 720 936 792 nimium,
964 739 994 775 ιι
1025 719 1236 794 inquit,
1274 740 1303 773 α
1329 724 1386 779 et
1411 719 1665 793 fragilia,
1696 722 1753 779 et
1776 718 2031 793 puerilia
2070 720 2207 776 sunt

661 817 787 876 haec
823 816 1169 891 temporalia
1208 817 1406 889 bona,
1446 833 1580 891 quse
1611 815 1808 873 subito
1846 814 2202 885 adveniunt,

662 911 979 986 subitoque
1007 911 1309 982 recedunt,
1336 916 1394 970 et
1421 912 1484 968 in
1509 910 1680 968 nullo
1702 909 1837 967 loco
1853 951 1872 981 ,
1913 909 2203 983 nullaque

660 1020 919 1078 persona
963 1003 1270 1064 stabilibus
1313 1003 1615 1063 radicibus
1657 1002 1780 1061 fixa
1821 1003 2147 1059 consistunt
2185 1020 2200 1059 ε

663 1098 769 1155 sed
791 1098 926 1158 illos
954 1114 1109 1174 quos
1135 1097 1199 1156 in
1220 1097 1475 1159 sublime
1495 1096 1821 1172 aliquando
1848 1096 2204 1165 extulerunt,

662 1191 984 1266 improvise
1041 1209 1303 1264 recessa,
1350 1191 1655 1251 destitutos
1698 1190 1760 1248 in
1806 1188 2206 1247 miserabilem

663 1285 1034 1360 profundum
1060 1287 1430 1360 demergunt.
1461 1285 1549 1344 Ob
1579 1300 1763 1360 qnam
1801 1299 2043 1342 causam
2074 1298 2209 1340 nar-

663 1383 788 1453 rat,
837 1379 1005 1454 quod
1042 1397 1148 1439 rex
1191 1379 1439 1455 quidam
1483 1377 1720 1453 sapiens
1760 1376 1897 1447 fuit,
1925 1377 2022 1435 cui
2057 1376 2204 1433 dum

665 1489 888 1533 corona
922 1474 1086 1548 regia
1116 1478 1269 1532 esset
1307 1471 1540 1545 oblata,
1577 1476 1646 1530 ut
1670 1471 1847 1546 capiti
1872 1486 1983 1528 suo
2010 1471 2207 1542 impo-

664 1570 831 1626 neret
856 1584 1020 1636 eam,
1049 1566 1150 1626 ille
1173 1583 1308 1625 eam
1334 1582 1520 1625 manu
1545 1565 1650 1624 diu
1690 1563 1904 1623 dicitur
1944 1560 2210 1621 conside-

664 1676 856 1731 rasse,
883 1666 941 1720 et
961 1660 1202 1720 tandem
1225 1659 1443 1718 dixisse
1470 1678 1485 1717 ε
1521 1682 1548 1711 ι
1563 1661 1608 1717 Ο
1637 1673 1860 1717 corona
1886 1655 2078 1729 magis
2101 1670 2213 1713 no-

667 1754 805 1814 bilis
830 1770 1015 1830 quam
1040 1753 1213 1826 felix,
1244 1770 1424 1829 quam
1454 1753 1504 1810 si
1533 1753 1666 1828 quis
1693 1767 1830 1810 vere
1863 1751 2212 1823 cognoscat,

667 1867 852 1925 quam
880 1850 1084 1909 multis
1111 1849 1286 1921 curis,
1306 1848 1624 1923 multisque
1650 1845 1930 1922 periculis
1954 1851 2012 1904 et
2040 1844 2211 1903 mise-

667 1944 770 2002 riis
795 1944 977 2019 plena
1004 1943 1105 2015 sit,
1134 1959 1243 2001 nec
1276 1943 1444 2001 humi
1488 1941 1733 2016 quidem
1763 1941 2056 2013 jacentem
2102 1937 2213 1995 tol·

667 2037 789 2096 lere
819 2038 1024 2096 vellet!
1056 2059 1086 2093 ιι
1118 2040 1247 2097 llaec
1285 2052 1429 2109 ergo
1476 2034 1679 2094 omnia
1723 2034 1871 2092 dum
1899 2030 2212 2107 Apostolus

668 2131 1093 2206 consideravit,
1135 2134 1378 2206 propter
1417 2129 1708 2189 Christum
1753 2126 1959 2186 omnia
2002 2124 2214 2184 dereli-

668 2227 818 2301 quit,
850 2229 960 2284 etc.

736 2319 925 2378 Tertia
937 2333 1191 2391 corona,
1215 2333 1338 2393 qua
1364 2333 1402 2375 a
1429 2315 1675 2374 diabolo
1700 2329 2097 2382 coronamur,
2127 2316 2214 2370 est

669 2429 892 2473 corona
914 2412 1222 2489 superbiae.
1254 2415 1380 2486 lpse
1420 2411 1579 2468 enim
1606 2407 1886 2466 diabolus
1918 2427 1949 2461 α
1977 2409 2065 2464 est
2102 2421 2209 2464 rex

667 2524 847 2583 super
889 2524 1096 2565 omnes
1134 2506 1291 2565 filios
1334 2504 1654 2580 superbiae,
1679 2525 1705 2557 ιι
1747 2502 1897 2560 sicut
1926 2501 2140 2559 dicitur
2162 2501 2206 2556 ².

668 2604 800 2660 lloec
839 2603 999 2659 enim
1039 2616 1263 2659 corona
1296 2602 1420 2658 tota
1459 2601 1546 2656 est
1585 2612 1775 2667 vana,
1824 2612 2003 2669 super
2047 2610 2209 2652 vano

607 2692 613 2696 ’
667 2695 916 2754 tundata
946 2714 961 2753 ε
1006 2700 1063 2753 et
1099 2695 1223 2752 imo
1268 2708 1500 2767 semper
1524 2696 1610 2749 est
1631 2691 1818 2749 rninoe
1845 2692 2072 2763 parata.
2102 2690 2212 2746 Do-

668 2807 803 2849 mus
844 2789 1000 2848 enim
1027 2789 1148 2848 alta
1172 2804 1294 2846 non
1321 2787 1384 2845 in
1410 2790 1579 2863 petra
1595 2828 1617 2858 ,
1644 2784 1751 2844 sed
1778 2785 1842 2842 in
1870 2799 2052 2841 arena
2077 2782 2211 2840 fun-

671 2885 833 2955 data,
858 2899 1092 2958 semper
1117 2882 1373 2940 minatur
1400 2879 1665 2951 ruinam3
1713 2883 1769 2936 et
1813 2882 1974 2936 tanto
2020 2876 2215 2949 major

671 2982 787 3051 est,
834 2980 1057 3053 quanto
1107 2976 1285 3034 situm
1335 2974 1562 3034 obtinet
1605 2972 1874 3031 altiorem
1923 2990 1939 3029 ε
1989 2973 2213 3045 quanto

672 3073 833 3131 enim
853 3070 1006 3145 lapis
1030 3086 1068 3128 a
1104 3070 1240 3128 loco
1277 3067 1612 3126 sublimiori
1653 3065 1842 3136 cadit,
1882 3068 2046 3123 tanto
2089 3064 2215 3136 eius

672 3181 843 3225 casus
868 3167 957 3223 est
995 3164 1252 3237 gravior.
1292 3166 1441 3222 Cum
1476 3178 1620 3235 ergo
1658 3175 1881 3219 corona
1918 3158 2215 3234 superba,

673 3266 730 3320 et
752 3257 1154 3335 temporaliter
1179 3257 1331 3330 alta,
1358 3257 1433 3315 sit
1467 3271 1702 3331 semper
1738 3253 1816 3313 ad
1843 3253 2081 3312 ruinam
2106 3268 2213 3326 pa·

671 3358 833 3425 rata,
867 3352 1037 3411 nullo
1076 3351 1263 3410 modo
1301 3353 1387 3409 est
1421 3349 1755 3425 appetenda
1782 3362 1798 3407 ε
1827 3363 1969 3406 nam
2000 3346 2077 3404 de
2102 3345 2216 3403 hac

672 3463 896 3507 corona
936 3445 1019 3504 sic
1067 3445 1279 3503 dicitur
1306 3447 1328 3482 ⁸
1357 3462 1372 3503 ε
1407 3463 1436 3497 α
1475 3446 1567 3502 Vae
1609 3458 1844 3501 coronae
1887 3439 2215 3514 superbias,

674 3543 852 3602 ebriis
879 3540 1155 3615 Ephraim
1172 3580 1192 3611 ,
1218 3544 1276 3598 et
1301 3538 1435 3597 flori
1470 3536 1764 3596 decidenti
1781 3579 1798 3608 ,
1826 3534 2031 3608 gloriae
2058 3533 2220 3592 exal-

675 3634 908 3696 tationis
949 3636 1076 3709 ejus
1115 3652 1131 3692 z
1163 3655 1190 3689 ιι
1225 3633 1396 3709 quasi
1441 3633 1636 3691 dicat:
1664 3636 1759 3690 Vm
1801 3635 2085 3687 aeternum
2111 3629 2220 3686 erit

676 3731 966 3808 superbiai
990 3728 1349 3799 coronantis,
1373 3743 1512 3786 cum
1541 3742 1762 3784 corona
1790 3724 1919 3783 talis
1946 3724 2042 3796 sit,
2070 3723 2218 3782 sicut

676 3826 867 3900 gloria
884 3824 1046 3882 floris
1060 3823 1140 3881 ad
1157 3821 1465 3881 modicum
1484 3819 1832 3878 decidentis.
1845 3817 2008 3875 Unde
2023 3816 2217 3875 statim

677 3919 949 3978 subditur
995 3916 1223 3975 ibidem
1261 3912 1284 3948 ⁴
1335 3934 1351 3974 ε
1407 3934 1438 3970 ιι
1478 3913 1734 3972 Pedibus
1774 3910 2219 3969 conculcabitur

679 4028 903 4073 corona
927 4010 1219 4087 superbias
1240 4008 1568 4079 ebriorum,
1585 4010 1643 4064 et
1670 4005 1779 4064 erit
1803 4004 1915 4062 flos
1938 4003 2219 4062 decidens

680 4107 883 4181 gloriae
924 4103 1295 4164 exaltationis
1331 4103 1478 4177 ejus,
1506 4122 1535 4158 ιι
1570 4103 1809 4174 Propter
1841 4097 2009 4173 quod
2051 4097 2219 4155 dam-

679 4199 802 4258 nati
831 4198 1037 4257 dicunt
1056 4196 1206 4255 illud
1228 4198 1249 4232 ⁸
1279 4215 1295 4255 ε
1331 4216 1360 4249 α
1379 4194 1534 4266 Quid
1559 4192 1735 4251 nobis
1764 4192 1986 4267 profuit
2011 4206 2216 4266 super-

681 4291 1138 4361 biaisssultum,
1156 4290 1291 4349 etin
1313 4294 1577 4364 tempore
1605 4284 1773 4345 brevi
1800 4285 2129 4344 Alexander
2158 4302 2220 4342 se

682 4387 896 4459 erexit3
927 4385 1035 4444 sed
1061 4385 1277 4451 subito,
1309 4385 1454 4442 dum
1478 4398 1603 4441 non
1630 4380 1918 4452 credidit,
1944 4379 2108 4438 velut
2133 4377 2221 4437 fu-

682 4496 816 4538 mus
843 4479 1101 4537 evanuit.
1129 4477 1396 4536 lulianus
1415 4480 1682 4552 apostata
1699 4474 1763 4532 in
1781 4478 2007 4532 tantum
2024 4488 2222 4531 ascen-

685 4573 803 4644 dit,
832 4573 1000 4648 quod
1026 4579 1231 4632 contra
1256 4571 1545 4629 Christum
1571 4571 1670 4627 Dei
1696 4567 1887 4626 filium
1915 4584 1976 4625 se
2004 4568 2219 4640 erexit;

685 4667 792 4727 sed
826 4669 972 4728 dum
1006 4669 1245 4727 vincere
1275 4673 1474 4728 Persas
1499 4665 1776 4735 credidit,
1805 4679 1842 4722 a
1866 4663 2050 4721 milite
2076 4661 2223 4720 invi·

685 4762 932 4820 sibiliter
971 4763 1162 4820 victus
1201 4761 1310 4821 fuit
1343 4765 1387 4819 ⁸.
1418 4765 1481 4821 Et
1507 4761 1653 4818 dum
1680 4756 2016 4817 confirmari
2045 4756 2108 4813 in
2134 4773 2223 4815 re·

685 4872 806 4930 gno
836 4857 1115 4932 speravit,
1134 4856 1197 4914 in
1219 4872 1341 4930 quo
1364 4858 1592 4915 tantum
1618 4853 2008 4927 imperaverat
2036 4851 2225 4910 tribus

684 4950 888 5023 anuis,
917 4954 1059 5010 tunc
1081 4950 1279 5009 subito
1306 4949 1513 5009 lancea
1537 4947 1866 5024 perforatus
1891 4945 2139 5018 interiit,
2168 4950 2226 5003 et

748 5075 767 5109 ¹
791 5073 962 5125 Valet.
990 5075 1149 5135 Max„
1172 5072 1260 5123 lib.
1294 5071 1382 5133 Vl,
1409 5084 1457 5121 c.
1486 5081 1561 5130 ιι,
1589 5072 1789 5119 extern.
1817 5080 1874 5117 n.
1905 5069 1955 5116 Ἰ.
1983 5092 2045 5104 -
2072 5068 2092 5098 ’
2112 5066 2223 5130 lob,

685 5159 793 5211 xm,
826 5149 907 5198 25.
942 5173 1003 5185 —
1040 5146 1206 5207 ⁸180...
1235 5154 1433 5202 xxviii,
1465 5148 1511 5192 1.
1542 5168 1603 5180 -
1627 5142 1642 5171 ⁴
1684 5140 1831 5205 ibid„
1859 5143 1904 5189 3.
1939 5166 1991 5176 —
2031 5140 2053 5173 ⁸
2081 5138 2220 5202 Sap..

685 5221 815 5341 2:531·
829 5216 1372 5349 I·05.2{‚⁰.1⁰¹'¹¹1212·.'1¹3‘·
1390 5213 1579 5350 sps}
1603 5209 2224 5332 “”ι1ι,ἰ’νΐ·ἑῗὲ;.ῗ““

808 5327 823 5341 .
1093 5326 1132 5354 .,
1340 5321 1356 5337 .
1585 5319 1619 5347 .,
1731 5317 1746 5331 .
1849 5317 1864 5343 ,
1927 5315 1940 5330 .
2120 5317 2133 5330 .
2161 5306 2222 5318 —

687 5362 704 5393 ²
739 5362 886 5413 Hunc
931 5367 984 5412 et
1015 5361 1307 5427 quindecim
1353 5359 1625 5421 sequentes
1662 5352 1818 5403 habet
1855 5366 2059 5415 quoque
2097 5352 2221 5402 edit.

691 5434 881 5498 Hagen.
921 5447 1004 5484 an.
1049 5435 1182 5485 1496.
1215 5460 1276 5470 —
1312 5433 1471 5490 ⁸1⁸0..
1509 5438 1664 5490 xux,
1696 5427 1770 5474 ¹2.
1800 5450 1863 5461 —
1898 5426 1918 5454 ⁹
1954 5425 2217 5475 Claudian.

1656 488 2077 556 SERMONES
2120 488 2221 553 DE
2262 487 2612 557 SANCTIS.
2656 492 2865 559 mn.

2314 625 2511 697 vellet,
2537 627 2757 700 nollet,
2781 627 2943 703 qnod
2967 628 3226 688 Christus
3246 628 3325 689 de
3351 644 3429 689 eo
3455 629 3856 704 triumphave-

2311 717 2418 790 rit,
2448 736 2551 779 ore
2590 721 2883 782 maledico
2926 722 3230 782 confessus
3271 739 3480 783 coram
3516 723 3858 782 hominibus

2311 811 2439 871 fuit.
2476 817 2790 890 Propterea
2814 822 3050 875 sanctus
3076 818 3393 893 Apostolus
3433 835 3721 877 coronam
3760 834 3858 875 sn-

2312 908 2535 981 perbioe
2560 910 2769 984 procul
2792 911 2952 984 Jecit,
2983 915 3043 970 et
3066 912 3213 970 dum
3234 927 3528 970 coronam
3556 912 3856 970 humilita-

2314 1001 2384 1059 tis
2412 1005 2662 1079 accepit,
2693 1004 2771 1063 ad
2800 1007 3029 1078 regium
3076 1012 3133 1065 et
3167 1006 3403 1065 coeleste
3442 1006 3725 1064 diadema
3758 1023 3854 1063 su·

2312 1096 2553 1157 blimari
2581 1101 2940 1174 promeruit,
2964 1106 3031 1160 ut
3069 1102 3145 1160 de
3181 1118 3255 1161 eo
3295 1102 3710 1178 propriissime
3742 1102 3855 1160 did

2313 1191 2532 1266 possit:
2561 1195 2823 1266 Posuisti,
2846 1198 3088 1268 Domine,
3114 1212 3276 1270 uper
3300 1197 3597 1269 eaputejns
3622 1212 3861 1253 cumn

2316 1287 2383 1342 de
2408 1287 2594 1359 lapide
2618 1292 2871 1360 pretioso.
2914 1291 3102 1359 Quam
3141 1295 3199 1349 et
3237 1290 3418 1349 nobis
3451 1295 3733 1365 prostare
3772 1288 3859 1346 di-

2317 1382 2559 1451 gnetur,
2587 1385 2694 1439 etc.

2519 1577 2619 1652 DE
2666 1578 3209 1653 EXALTATIONE
3257 1579 3324 1659 S.
3372 1578 3669 1653 CRUGIS.

2920 1732 3173 1794 SERMO
3211 1731 3255 1794 ⁷.

2389 1851 2477 1908 Aa
2497 1851 2724 1924 populos
2749 1851 3001 1909 multabo
3036 1854 3247 1922 sianum
3279 1867 3455 1909 mann
3487 1852 3536 1910 ⁸.
3572 1854 3729 1911 Crux
3768 1852 3871 1911 do-

2318 1944 2560 2011 minica,
2580 1944 2723 2018 quia
2741 1960 2815 2002 ex
2833 1948 2993 2002 tactu
3012 1944 3325 2003 dominica»,
3352 1946 3550 2003 carnis
3570 1946 3685 2004 fuit
3708 1960 3873 2005 sans·

2320 2036 2573 2109 tifieata,
2600 2036 2663 2095 in
2685 2054 2809 2112 qua
2834 2044 2892 2095 et
2932 2037 3085 2096 facta
3120 2040 3208 2096 est
3248 2038 3588 2113 redemptio
3634 2044 3873 2111 nostra,

2320 2129 2384 2188 in
2429 2130 2630 2189 multis
2672 2131 2888 2189 exstitit
2938 2131 3211 2190 exaltata.
3258 2135 3321 2191 ln
3380 2132 3689 2191 dominica
3738 2149 3875 2208 pas-

2320 2226 2487 2284 sione
2518 2227 2591 2298 (α)
2617 2227 2850 2300 primo,
2879 2231 2936 2285 et
2961 2226 3378 2302 principaliter.
3426 2231 3576 2286 Nam
3623 2227 3874 2302 quando

2320 2320 2605 2379 Dominus
2631 2319 2909 2393 bajulans
2934 2321 3049 2380 sibi
3076 2337 3347 2393 crucem,
3375 2338 3511 2379 eam
3546 2338 3731 2395 super
3768 2322 3879 2379 hn-

2321 2429 2520 2471 meros
2545 2429 2685 2472 suos
2712 2412 2998 2487 elevavit,
3023 2419 3081 2473 et
3106 2415 3346 2473 tandem
3374 2415 3503 2490 ipse
3528 2431 3714 2489 super
3736 2432 3877 2473 eam

2322 2506 2622 2578 ascendit,
2684 2523 2882 2566 nonne
2926 2507 3105 2567 valde
3158 2509 3409 2567 exaltata
3473 2508 3617 2580 fuit,
3686 2525 3876 2582 quam

2321 2600 2646 2658 Altissimus
2701 2616 2877 2674 super
2939 2618 3002 2659 se
3054 2602 3363 2676 portavit?
3423 2602 3589 2659 Unde
3658 2602 3881 2661 dicitur

2323 2693 2481 2752 cruci
2508 2694 2530 2729 ⁰
2557 2711 2571 2751 :
2610 2714 2639 2746 α
2664 2694 2852 2752 Flecte
2876 2710 3098 2767 ramos,
3119 2694 3300 2753 arbor
3324 2695 3462 2753 alta.
3488 2715 3515 2749 ιι
3560 2698 3633 2753 Et
3673 2696 3881 2754 Domi-

2323 2803 2437 2845 nus
2479 2787 2753 2862 praedixit
2789 2786 2878 2846 ¹⁰:
2934 2808 2963 2841 α
3007 2792 3128 2861 Ego
3174 2788 3452 2846 Dominus
3494 2789 3759 2847 exaltavi
3806 2789 3882 2847 li-

2325 2896 2514 2954 gnum
2539 2881 2785 2941 humile.
2806 2901 2835 2937 ιι
2861 2882 3025 2951 Vere,
3048 2882 3379 2940 secundum
3403 2882 3879 2956 Augustinumu,

2324 2974 2556 3048 lignum
2599 2975 2787 3033 crucis
2834 2976 3048 3035 exstitit
3096 2976 3448 3048 exaltatum,
3492 2977 3747 3052 qnando
3810 2976 3883 3034 li·

2327 3084 2545 3141 gnum,
2579 3068 2744 3142 quod
2773 3074 2896 3127 erat
2918 3068 3219 3128 latronum
3254 3070 3619 3144 patibulum,
3645 3069 3883 3129 tactum

2325 3165 2410 3219 est
2435 3162 2634 3235 regale
2662 3163 2976 3233 vexillum,
3005 3168 3061 3221 et
3089 3164 3353 3222 transivit
3386 3163 3466 3223 ad
3501 3163 3727 3223 frontes
3764 3165 3885 3223 im-

2325 3258 2686 3329 peratorum.
2706 3276 2733 3311 ιι
2759 3256 3030 3315 Secundo
3049 3273 3194 3314 crux
3216 3256 3325 3315 fuit
3352 3256 3602 3316 exaltata
3628 3258 3692 3315 in
3712 3262 3885 3333 Apo-

2326 3348 2615 3407 stolorum
2638 3348 3078 3424 praedicatione,
3098 3350 3342 3425 quando
3360 3367 3465 3425 per
3482 3356 3672 3410 totum
3696 3368 3887 3410 mun·

2329 3442 2479 3500 dum
2505 3443 2699 3516 gloria
2726 3442 2915 3501 crucis
2942 3442 3247 3516 divulgata
3274 3449 3378 3503 est.
3406 3445 3569 3502 Unde
3610 3449 3672 3503 et
3712 3446 3888 3504 dice-

2326 3536 2430 3594 bat
2456 3536 2767 3611 Apostolus
2798 3539 2844 3574 ¹²
2877 3556 2891 3594 ε
2931 3560 2958 3590 «
2986 3537 3137 3597 Nihil
3169 3538 3376 3612 judico
3409 3555 3505 3597 me
3541 3540 3695 3598 scire
3722 3539 3891 3600 inter

2326 3646 2463 3700 voe,
2493 3629 2607 3687 nisi
2632 3633 2830 3689 lesum
2858 3631 3181 3704 Christum,
3210 3637 3267 3690 et
3298 3632 3455 3691 hunc
3498 3633 3887 3692 crucifixum.

2329 3725 2376 3760 ¹⁸
2403 3726 2566 3794 Non,
2610 3743 2640 3779 ιι
2680 3723 2907 3800 inquit,
2958 3744 2989 3779 α
3023 3725 3162 3783 veni
3208 3725 3287 3784 ad
3332 3742 3439 3784 vos
3474 3726 3538 3784 in
3580 3727 3893 3801 sapientia

2327 3816 2493 3875 verbi
2510 3859 2530 3889 ,
2567 3822 2633 3876 ut
2671 3833 2796 3876 non
2831 3821 3146 3877 evacuetur
3181 3835 3328 3878 crux
3365 3819 3590 3878 Christi.
3619 3841 3649 3877 ιι
3678 3822 3889 3881 Tertio

2326 3908 2436 3969 fuit
2462 3910 2715 3969 exaltata
2740 3911 2803 3969 in
2844 3927 2952 3970 sua
2979 3912 3314 3971 inventione
3336 3915 3576 3987 propter
3602 3930 3705 3984 ea,
3740 3931 3893 3989 qum

2326 4003 2480 4063 facta
2522 4011 2657 4064 sunt
2703 4010 2873 4076 tunc,
2915 4005 3203 4066 miracula
3239 4025 3254 4063 z
3297 4006 3430 4081 lege
3466 4007 3787 4066 historiam
3818 4009 3891 4069 ¹⁸.

2327 4100 2545 4168 Quarto
2574 4100 2684 4156 fuit
2709 4099 2962 4158 exaltata
2984 4100 3046 4157 in
3068 4100 3324 4158 victorias
3349 4100 3695 4172 collatione,
3727 4108 3795 4161 et
3820 4103 3891 4162 in

2327 4192 2505 4267 hujus
2533 4193 2684 4268 signi
2708 4194 3042 4252 ostensione
3082 4195 3195 4269 ipsi
3233 4196 3645 4270 Constantine,
3680 4200 3789 4257 cui
3827 4205 3891 4259 et

2331 4286 2554 4345 dictum
2595 4290 2682 4346 est
2709 4305 2723 4346 ε
2757 4308 2785 4341 «ι
2807 4287 3050 4347 Confide
3080 4305 3096 4346 ε
3136 4290 3199 4346 in
3235 4289 3350 4347 hoc
3388 4290 3553 4363 signo
3584 4290 3820 4351 vinces.
3852 4314 3887 4348 ιι

2331 4381 2546 4451 Quinto
2568 4382 2678 4441 fuit
2713 4382 3279 4441 exalmtaehodierna
3306 4383 3403 4441 die
3438 4384 3503 4441 in
3537 4384 3665 4457 eius
3705 4402 3896 4446 recu·

2329 4475 2664 4549 peratione,
2690 4480 2750 4534 et
2773 4476 3033 4534 victorias
3058 4476 3403 4549 collatione,
3441 4476 3506 4535 in
3546 4478 3892 4539 miraculo-

2330 4585 2463 4627 rum
2508 4568 2834 4627 multorum
2880 4570 3226 4645 operatione
3268 4589 3285 4629 ε
3339 4571 3472 4645 lege
3514 4571 3893 4633 hodiernam

2330 4662 2635 4722 historiam
2658 4665 2719 4716 ²⁸.
2746 4665 2917 4722 Sexto
2946 4668 3032 4722 est
3056 4665 3209 4721 Crux
3235 4663 3489 4723 exaltata
3512 4665 3576 4723 in
3603 4665 3896 4727 fidelium

2332 4757 2671 4828 devotione,
2699 4774 2771 4815 eo
2799 4756 2967 4831 quod
2994 4757 3072 4816 ab
3098 4757 3379 4817 omnibus
3404 4758 3702 4819 adoretur.
3734 4764 3895 4838 Sap-

2330 4851 2475 4910 timo
2528 4850 2881 4911 exaltabitur
2924 4866 3072 4910 crux
3121 4851 3327 4910 Christi
3380 4854 3444 4911 in
3487 4852 3583 4911 die
3624 4854 3896 4928 judicii,

2333 5041 2587 5104 Mamert„
2616 5039 2796 5104 hymn.
2826 5041 2988 5104 Pass.,
3016 5040 3081 5091 ad
3115 5042 3325 5094 Laudes.
3355 5069 3408 5079 —
3438 5044 3478 5078 ί·
3498 5042 3709 5107 sset-1³„
3748 5056 3897 5109 xm,

2333 5114 2411 5162 24.
2435 5140 2499 5151 —
2529 5112 2561 5146 ¹¹
2586 5116 2737 5176 Aug„
2766 5113 2820 5161 in
2846 5110 2979 5163 Psal.
3011 5124 3189 5178 xxxvi,
3216 5126 3269 5164 n.
3300 5116 3348 5177 4,
3370 5114 3537 5179 quoad
3555 5128 3808 5168 sensnm.
3830 5144 3899 5155 —

2331 5186 2372 5220 ¹²
2406 5184 2423 5233 1
2463 5184 2596 5246 Cor„
2632 5195 2690 5245 ιι,
2730 5186 2780 5234 2.
2815 5209 2877 5221 --
2916 5184 2951 5213 ⁸³
2990 5182 3139 5247 ibid„
3172 5196 3212 5249 1,
3248 5188 3324 5236 Π.
3358 5211 3420 5223 -
3452 5186 3495 5222 ¹⁸
3530 5186 3667 5237 Risi.
3706 5188 3901 5251 cede„

2329 5255 2419 5306 lib.
2457 5255 2602 5318 Vm,
2633 5268 2680 5305 c.
2720 5266 2866 5306 xxix.
2900 5281 2953 5291 -
3001 5257 3040 5292 ¹⁸
3067 5256 3198 5306 Hist.
3233 5259 3463 5321 tripart„
3492 5256 3596 5323 lib,
3627 5259 3678 5324 l,
3714 5272 3770 5311 c.
3804 5271 3893 5324 ιη

2334 5326 2495 5378 Eccle.
2527 5326 2666 5385 laist„
2697 5325 2787 5378 lib.
2816 5327 2950 5391 vm,
2980 5331 3033 5378 et
3065 5328 3155 5379 lib.
3184 5329 3249 5393 ll,
3281 5343 3329 5380 c.
3364 5341 3529 5382 nvn.

2399 5430 2462 5489 (a)
2495 5426 2618 5478 Coet.
2650 5425 2771 5477 edu.
2802 5427 3069 5491 passionis.
