4059 6317
1157 453 1260 523 DE
1298 454 1368 519 S.
1410 449 1761 521 ANDREA.
1804 448 2069 521 SERMO
2111 450 2221 519 111.

108 595 275 671 agite,
301 613 336 650 ιν
359 595 468 653 etc.
500 594 575 653 0!
607 593 656 652 si
685 595 898 654 scirent
939 596 1279 669 peccatores
1319 591 1514 668 qualis
1549 593 1636 649 est

106 688 438 766 poenitentia
476 691 858 765 peccatorum
905 687 1356 758 damnatorum,
1398 686 1475 745 de
1515 702 1636 760 qua

109 785 312 842 dicitur
342 781 360 816 ¹
401 800 416 839 ε
461 802 492 837 α
535 783 934 841 Poenitentiam
977 785 1245 873 agentes7
1284 784 1342 839 et
1375 796 1498 853 prae
1532 794 1633 837 an-

105 877 295 951 gustia·
305 876 541 952 spiritus
557 880 881 950 gementes,
899 896 930 932 >2
946 874 1109 935 omni
1125 878 1391 949 tempore
1405 872 1633 945 flerent,

103 974 166 1031 ut
189 986 294 1028 sua
312 975 557 1045 peccata
588 970 851 1030 delerent
887 974 943 1028 et
974 971 1319 1045 purgarent.
1355 966 1519 1025 Unde
1545 982 1633 1023 re-

105 1064 346 1141 quisitus
372 1063 621 1139 quidam
647 1068 879 1122 sanctus
900 1067 1069 1139 pater
1093 1078 1276 1138 quare
1289 1061 1372 1119 sic
1398 1077 1460 1118 se
1492 1058 1640 1119 affli-

106 1163 281 1234 geret,
310 1162 368 1218 et
394 1158 477 1216 sic
507 1159 844 1232 jejunaret,
869 1161 926 1216 et
946 1157 1120 1215 tantis
1152 1155 1368 1229 vigiliis
1391 1153 1637 1213 insuda-

103 1256 207 1325 ret,
236 1254 358 1311 ait:
403 1253 604 1313 Omnis
643 1251 985 1328 poenitentia
1026 1250 1203 1323 huJus
1248 1249 1411 1321 vitae,
1455 1263 1638 1324 poena

104 1350 644 1423 quantumcumque
674 1345 749 1404 sit
773 1362 1020 1419 magna,
1066 1348 1152 1402 est
1191 1342 1341 1401 sicut
1373 1340 1560 1414 nulla,
1588 1339 1639 1398 si

104 1441 178 1498 ad
207 1441 362 1500 illius
387 1456 576 1515 poenae
592 1440 832 1499 unicam
847 1440 1059 1497 horam
1075 1436 1250 1495 fuerit
1270 1438 1636 1511 comparata.

104 1534 249 1593 Dixit
276 1534 451 1593 etiam
473 1534 641 1609 quod
665 1536 828 1593 tanta
865 1536 950 1591 est
975 1531 1195 1606 gloria,
1224 1546 1358 1605 quoe
1386 1530 1639 1588 debetur

102 1628 326 1686 homini
350 1643 466 1704 pro
490 1627 606 1686 hac
628 1643 841 1703 poena‚
879 1626 1048 1702 quod
1073 1625 1136 1683 in
1161 1624 1269 1683 illa
1306 1623 1515 1682 ultima
1543 1638 1638 1682 re·

104 1721 414 1781 tributione
452 1721 753 1781 Abraham
779 1721 956 1780 vellet
1002 1719 1254 1795 amplius
1281 1717 1586 1778 laborasse
1617 1738 1632 1776 :

103 1815 262 1889 quia,
289 1820 355 1874 ut
393 1816 534 1875 dicit
574 1816 889 1891 Apostolus
915 1817 960 1887 ²,
992 1834 1022 1869 α
1051 1813 1459 1890 unusquisque
1486 1812 1637 1873 acci-

99 1909 219 1984 piet
235 1911 565 1969 secundum
592 1927 768 1969 suum
792 1909 1083 1969 laborem.
1115 1930 1144 1965 >v

169 2004 441 2063 Secundo
475 2004 547 2079 (a)
585 2020 887 2063 summum
912 2004 1225 2063 brachium
1252 2002 1440 2063 crucis
1466 2002 1637 2077 spiri·

101 2098 269 2157 tualis
321 2104 409 2158 est
459 2099 867 2159 misericordia
928 2104 1199 2175 respectu
1257 2097 1635 2157 afflictorum.

99 2198 241 2255 Nam
268 2197 527 2271 compati
554 2196 720 2255 alteri
747 2211 819 2255 ex
836 2211 982 2254 vero
1006 2194 1208 2266 corde,
1238 2196 1325 2253 est
1346 2192 1640 2268 quodam-

100 2291 280 2351 modo
315 2307 551 2350 crucem
586 2293 846 2365 portare,
888 2289 1039 2348 sicut
1082 2288 1223 2346 dicit
1248 2287 1562 2360 Gregorius
1591 2287 1634 2343 ³.

102 2386 175 2442 De
200 2384 311 2443 hac
347 2384 662 2460 exponitur
697 2383 852 2443 illud
890 2383 912 2418 ¹·
956 2401 972 2440 ε
1009 2402 1040 2437 «
1066 2382 1268 2441 Stabat
1307 2382 1478 2455 juxta
1504 2397 1638 2439 cru-

100 2492 226 2538 cem
242 2480 380 2536 Jesu
407 2482 596 2536 mater
621 2479 769 2551 ejuS,
791 2499 821 2533 s
843 2481 951 2536 etc.
975 2480 1123 2536 Nam
1149 2478 1311 2534 tanta
1331 2476 1442 2534 fuit
1476 2491 1640 2537 com-

98 2570 290 2643 passio
315 2564 532 2629 matris
549 2570 629 2629 ad
653 2570 848 2629 filium
864 2614 885 2644 ,
929 2569 1099 2646 quod
1133 2569 1335 2628 anima
1374 2570 1499 2642 ejus
1529 2569 1641 2627 fuit

100 2664 313 2723 summi
340 2664 570 2724 doloris
598 2663 802 2738 gladio
830 2663 1133 2738 perforata
1162 2681 1177 2720 :
1205 2663 1284 2721 ita
1312 2662 1480 2737 quod
1505 2661 1639 2720 nul-

100 2756 189 2815 lus
222 2775 493 2835 unquam
542 2757 745 2817 matris
785 2761 983 2817 tantus
1030 2759 1224 2832 potuit
1270 2773 1392 2815 esse
1440 2756 1637 2815 dolor.

101 2852 224 2911 Fuit
239 2853 417 2912 etiam
430 2857 593 2912 tanta
616 2852 949 2928 compassio
967 2851 1077 2909 filii
1092 2852 1171 2910 ad
1186 2856 1458 2923 matrem,
1472 2848 1639 2926 quod

102 2945 243 3004 dum
278 2964 414 3006 eam
459 2946 543 3005 sic
587 2945 867 3004 afflictam
913 2944 1173 3017 videret,
1219 2944 1275 3003 ei
1311 2960 1385 3004 ex
1421 2944 1642 3003 intimis

100 3041 423 3103 visceribus
470 3040 795 3101 condolens
810 3082 831 3112 ‚
869 3057 1004 3099 eam
1039 3039 1443 3099 amantissimo
1472 3039 1640 3097 disci-

102 3134 243 3207 pulo
298 3136 767 3195 commendaret.
829 3138 946 3193 Hac
1004 3136 1181 3193 etiam
1230 3134 1640 3208 compassione

101 3227 349 3286 fraterna
375 3228 732 3287 transfossus
769 3228 1084 3303 Apostolus
1124 3227 1359 3286 dicebat
1399 3230 1592 3300 AEgeoe
1622 3244 1638 3283 z

106 3340 134 3375 ι
160 3325 280 3397 Ego
309 3322 386 3381 de
415 3327 521 3383 tuo
557 3324 794 3382 interitu
835 3323 1013 3382 doleo
1030 3364 1052 3394 ,
1092 3337 1216 3382 non
1244 3323 1319 3381 de
1348 3337 1483 3379 mea
1510 3337 1642 3396 pas-

99 3416 259 3475 sione
288 3416 636 3476 conturbor.
666 3419 824 3476 Meus
869 3416 1029 3475 enim
1071 3416 1247 3475 dolor
1284 3416 1460 3473 unius
1499 3414 1642 3487 diei,

99 3509 189 3568 vel
216 3509 481 3570 duorum
520 3510 619 3570 vel
644 3510 858 3582 trium3
908 3510 1015 3568 sed
1054 3513 1190 3569 tuus
1230 3509 1496 3568 interitus
1532 3524 1644 3565 nec

100 3618 202 3676 per
221 3604 412 3663 millia
433 3620 735 3663 annorum
743 3603 960 3680 poterit
970 3602 1278 3679 pervenire
1301 3602 1380 3660 ad
1389 3601 1591 3661 finem.
1608 3622 1639 3657 n

99 3697 236 3755 Item
284 3715 357 3756 ex
408 3698 823 3773 compassione
869 3697 958 3756 illi
998 3696 1283 3755 succurrit
1327 3695 1642 3771 episcope,

99 3805 276 3867 quem
322 3792 607 3851 diabolus
642 3791 754 3849 sub
799 3790 994 3867 specie
1037 3790 1301 3849 mulieris
1343 3786 1646 3848 laboravit

98 3885 475 3956 subvertere,
505 3887 653 3945 sicut
690 3889 852 3961 patet
893 3887 957 3944 in
994 3886 1113 3944 fine
1163 3886 1470 3960 Legendoe.
1500 3891 1644 3946 item

99 3995 166 4037 ex
188 3981 476 4055 passione
519 3997 632 4055 pro
660 3980 848 4039 salute
887 3979 1107 4038 Nicolai
1146 3980 1304 4037 senis
1346 3979 1644 4054 lacrymas

97 4074 311 4133 multas
351 4074 546 4145 fudit,
590 4078 649 4132 et
684 4075 970 4148 juvenem
1002 4073 1175 4132 illum
1218 4073 1535 4150 pulchrum
1565 4074 1643 4133 ab

97 4169 477 4227 accusatione
510 4168 713 4226 matris
750 4166 981 4243 eripuit.
1025 4170 1091 4226 Et
1127 4167 1253 4226 haec
1296 4167 1418 4226 duo
1464 4167 1644 4226 mira-

99 4261 231 4320 cula
256 4264 432 4337 quasi
461 4262 526 4321 in
559 4261 854 4338 principio
895 4262 1161 4320 invenies
1198 4263 1503 4337 Legendae..
1533 4266 1644 4321 Po-

96 4357 240 4414 terat
265 4372 412 4430 ergo
453 4355 611 4414 illud
649 4354 845 4413 dicere
872 4356 895 4391 ⁸
927 4373 942 4412 :
981 4374 1010 4410 α
1036 4354 1175 4426 Quis
1209 4354 1564 4427 infirmatur,
1589 4362 1647 4416 et

98 4463 206 4522 ego
235 4467 360 4509 non
383 4450 698 4509 infirmor?
724 4472 754 4504 x>
789 4450 903 4509 Sed
931 4450 1066 4527 quis
1089 4450 1269 4510 hodie
1293 4451 1647 4527 compatitur

96 4544 415 4615 proximo?
444 4544 813 4620 Compatitur
838 4561 1110 4619 paganus
1126 4562 1389 4624 pagano,
1411 4545 1647 4605 «Iudaeus

93 4637 296 4698 Judaeo
307 4659 327 4713 3
376 4639 505 4698 imo
549 4639 717 4714 quod
756 4640 948 4713 majus
994 4644 1112 4711 est,
1156 4639 1400 4699 brutum
1443 4640 1643 4699 bruto.

95 4731 207 4790 Sed
234 4733 606 4794 Christianus
631 4732 734 4791 vix
761 4733 1114 4808 compatitur
1140 4733 1487 4793 Christiano.
1511 4737 1648 4792 Nar·

93 4831 183 4884 rat
221 4825 386 4884 enim
431 4842 687 4885 romana
737 4825 1018 4899 historia,
1070 4826 1238 4901 quod
1283 4827 1428 4885 dum
1469 4828 1646 4901 legati

97 4918 652 4993 Carthaginensium
680 4918 759 4977 ad
791 4936 931 4980 suos
958 4919 1223 4994 captivos
1263 4919 1646 4980 redimendos

95 5014 395 5075 venissent
423 5014 491 5070 in
517 5012 765 5086 Urbem,
799 5016 1036 5072 senatus
1060 5030 1345 5073 romanus
1373 5032 1646 5093 compas-

95 5107 260 5169 sione
290 5107 644 5180 confossus,
671 5106 838 5166 nulla
874 5107 953 5166 ab
992 5109 1077 5168 eis
1103 5114 1344 5185 accepta
1367 5110 1644 5186 pecunia,

159 5258 179 5293 ¹
209 5258 347 5323 Sap„
379 5267 437 5320 v,
467 5258 518 5307 3.
542 5281 598 5292 —
628 5255 686 5306 ¹1
710 5255 849 5317 Con,
874 5267 924 5321 v,
953 5258 1002 5308 8.
1021 5284 1083 5296 —
1110 5257 1133 5294 ⁸
1153 5259 1329 5325 Greg.,
1353 5260 1409 5309 in
1430 5260 1647 5325 Evanq„

96 5327 239 5381 bom.
284 5338 506 5387 xxxvn,
537 5339 594 5380 n.
631 5330 684 5390 5,
718 5328 889 5393 quoad
928 5341 1156 5381 sensum.
1184 5356 1249 5368 —
1284 5331 1303 5362 ⁴
1342 5332 1507 5395 Joan„
1537 5342 1647 5396 xlx,

99 5403 180 5452 8⁵.
206 5427 272 5440 -
299 5398 324 5435 ⁸
346 5401 388 5450 ΙΙ
422 5400 567 5460 Cor„
596 5410 673 5464 xi,
701 5404 781 5451 29.
809 5426 871 5438 -
898 5401 920 5436 ⁸
946 5399 1087 5462 Gal„
1117 5412 1169 5464 V,
1196 5404 1275 5452 24.
1303 5427 1364 5441 -
1391 5403 1411 5433 ²
1431 5402 1648 5467 Philip„

3161 464 3289 533 499

1744 592 1949 666 captos
1975 606 2184 649 omnes
2214 589 2461 664 juvenes
2480 589 2743 651 reddidit
2756 607 3007 655 numero
3021 594 3283 657 duorum

1743 684 1999 742 millium
2062 682 2562 759 septingentorum
2626 686 3018 761 quadraginta
3080 691 3278 751 trium.

1744 779 2058 852 Nunquam
2082 777 2258 835 hodie
2296 777 2380 835 sic
2423 778 2644 839 faciunt
2678 779 3003 841 Christiani.
3029 785 3203 854 Quod
3232 785 3282 844 si

1745 886 1868 929 non
1921 873 2325 929 Romanorum
2365 875 2418 929 te
2473 876 2674 932 movet
2712 875 3087 951 exemplum,
3140 879 3283 937 audi

1745 965 2087 1040 exemplum
2153 965 2483 1024 brutorum.
2552 969 2760 1043 Upupa
2816 969 2944 1028 avis
2999 969 3286 1031 vilissima

3362 985 3529 1031 Elem

1743 1061 1906 1116 tanta
1931 1059 2010 1116 ad
2037 1062 2310 1134 parentes
2337 1077 2478 1119 suos
2504 1060 2720 1135 pietate
2748 1069 3045 1136 movetur,
3065 1069 3133 1125 ut
3167 1066 3284 1126 illis
3309 1047 3448 1104 ⁹¹⁰³*

1745 1154 2185 1213 senescentibus
2230 1155 2476 1215 sollicite
2537 1163 2765 1232 quoerat
2805 1159 3039 1233 cibum,
3087 1164 3146 1219 et
3180 1177 3284 1221 eos

1744 1248 1866 1304 suis
1891 1247 2105 1321 pennis
2132 1249 2463 1323 confoveat,
2491 1267 2566 1309 ne
2593 1251 2813 1326 frigore
2838 1258 3102 1327 pereant.

1813 1341 2002 1425 'l'ertio
2059 1342 2331 1401 dextrum
2376 1344 2689 1404 brachium
2730 1347 2918 1406 crucis
2966 1348 3287 1424 spiritualis

1745 1438 1830 1492 est
1882 1436 2270 1511 temperantia
2321 1443 2593 1512 respectu
2644 1455 3088 1517 prosperorum.
3139 1446 3285 1503 Vere

1746 1528 1904 1587 enim
1931 1529 2208 1588 dicuntur
2235 1546 2473 1590 crucem
2501 1530 2676 1606 ferre,
2694 1533 3105 1608 quinoverunt
3121 1553 3158 1596 a
3183 1538 3286 1597 de-

1744 1620 1894 1680 liciis
1922 1624 2215 1683 abstinere
2232 1668 2253 1698 ,
2284 1629 2341 1683 et
2361 1642 2601 1685 carnem
2617 1669 2638 1700 ‚
2668 1643 2745 1685 ne
2771 1628 2968 1688 valeat
2992 1630 3286 1707 lascivire,

1745 1717 2061 1777 sobrietate
2081 1735 2371 1779 coercere.
2396 1721 2559 1779 Unde
2579 1721 2793 1781 dicitur
2811 1725 2833 1760 ⁸
2856 1745 2871 1779 ε
2898 1743 2929 1779 α
2951 1726 3061 1794 Qui
3087 1731 3286 1787 autem

1746 1812 1953 1872 Christi
1980 1818 2148 1887 sunt,
2192 1832 2432 1874 carnem
2479 1833 2650 1875 suam
2689 1819 3105 1879 crucifixerunt
3147 1838 3287 1881 cum

1746 1906 1902 1964 vitiis
1940 1911 1997 1965 et
2042 1909 2547 1982 concupiscentiis
2585 1932 2614 1967 n
2646 1911 2760 1971 Sed
2793 1913 2989 1987 gulosi
3023 1914 3132 1973 filii
3160 1915 3288 1975 dia-

1746 2000 1871 2059 boli
1897 2000 2042 2059 dant
2071 2003 2274 2060 omnia
2306 2004 2514 2062 ventri.
2545 2009 2761 2064 Contra
2795 2023 2948 2081 quos
2976 2008 3190 2068 dicitur
3214 2013 3238 2047 ‘¹
3266 2029 3284 2070 ε

1750 2114 1779 2147 α
1808 2094 1967 2153 Multi
2000 2095 2344 2166 ambulant,
2381 2114 2534 2172 quos
2578 2115 2731 2173 saepe
2773 2100 3050 2161 dicebam
3089 2103 3290 2176 vohis,

1746 2203 1904 2245 nunc
1926 2192 2130 2246 autem
2159 2195 2213 2247 et
2238 2190 2387 2248 flens
2417 2191 2575 2265 dico,
2607 2191 2880 2252 inimicos
2906 2197 3097 2255 crucis
3131 2198 3291 2256 Chri-

1748 2282 1840 2354 sti,
1868 2299 2127 2356 quorum
2173 2286 2322 2342 Deus
2367 2287 2569 2343 venter
2615 2290 2734 2360 est,
2764 2308 2794 2342 s
2831 2292 2940 2347 etc.
2989 2293 3119 2349 Non
3152 2290 3289 2350 talis

1745 2375 1854 2434 fuit
1885 2377 1984 2435 hic
2011 2382 2247 2437 sanctus
2280 2380 2622 2456 apostolus3
2663 2383 2772 2441 sed
2800 2384 2951 2443 sicut
2987 2386 3200 2447 dicitur
3224 2387 3290 2447 in

1746 2473 2022 2544 Legenda
2051 2473 2126 2532 de
2154 2474 2441 2533 miraculo
2470 2477 2526 2535 S.
2549 2477 2797 2553 Nicolai,
2815 2496 2931 2554 pro
2942 2497 3016 2540 eo
3029 2498 3091 2540 se
3108 2482 3287 2542 valde

1747 2566 1977 2639 afflixit,
2008 2572 2067 2626 et
2102 2584 2341 2626 carnem
2362 2570 2693 2644 jejunando
2706 2575 3026 2634 maceravit
3034 2595 3054 2649 3
3082 2577 3291 2664 necje-

1742 2661 1980 2734 junium
2005 2662 2323 2736 relaxavit,
2359 2680 2670 2740 quousque
2698 2682 2761 2725 se
2788 2668 3137 2728 exauditum
3163 2687 3290 2731 esse

1749 2756 2048 2829 cognovit.
2073 2759 2200 2832 lpse
2229 2759 2407 2816 etiam
2436 2775 2616 2819 senex
2641 2759 2915 2820 Nicolaus
2929 2803 2951 2834 ,
2980 2779 3054 2823 eo
3091 2764 3291 2839 praeci·

1746 2849 1967 2924 piente,
1995 2850 2325 2924 plurimum
2351 2868 2415 2910 se
2442 2852 2672 2922 afflixit,
2702 2858 2760 2913 et
2787 2871 3028 2915 carnem
3047 2858 3292 2931 jejuniis

1751 2941 1915 3000 duris
1941 2943 2179 3002 attrivit.
2210 2946 2350 3014 Quis
2375 2963 2644 3022 unquam
2682 2954 3025 3009 sanctorum
3061 2951 3291 3027 absque

1748 3036 1860 3095 hac
1900 3040 2289 3113 temperantia
2316 3038 2465 3098 fuit?
2503 3043 2654 3115 Lege
2679 3041 2832 3101 vitas
2856 3045 3291 3105 monachorum

1749 3132 2005 3206 AEgypti,
2030 3136 2087 3190 et
2113 3148 2345 3205 eorum,
2374 3135 2479 3208 qui
2505 3134 2569 3192 in
2598 3135 2843 3195 desertis
2874 3141 2933 3195 et
2957 3138 3292 3199 solitudini-

1747 3224 1864 3283 bus
1889 3225 2298 3300 morabantur,
2329 3228 2549 3302 quibus
2573 3228 2782 3289 vinum
2805 3231 3035 3305 bibere,
3047 3233 3145 3293 vel
3162 3250 3294 3293 coc-

1750 3322 1877 3376 tum
1904 3319 2134 3395 aliquid
2175 3321 2569 3395 manducare,
2594 3322 2834 3383 luxuria
2860 3325 3198 3399 videbatur,
3225 3330 3294 3386 ut

1749 3414 2142 3488 Hieronymus
2166 3416 2189 3451 ⁸
2220 3419 2439 3474 narrat.
2480 3420 2548 3475 Et
2589 3418 2739 3492 quid
2776 3418 2999 3497 mirum
3024 3420 3292 3480 Christia-

1747 3506 1862 3580 nia,
1890 3508 2135 3583 quando
2157 3513 2563 3569 Romanorum
2573 3510 2810 3584 uxores,
2830 3514 3076 3588 quando
3096 3515 3294 3575 adhuc

1746 3601 1968 3675 pagani
2016 3605 2211 3673 erant,
2255 3606 2430 3663 tantae
2470 3603 2533 3663 in
2579 3604 2858 3664 omnibus
2897 3610 3294 3684 temperantioe

1751 3698 1947 3766 erant,
1984 3698 2051 3753 ut
2078 3697 2249 3769 juxta
2288 3698 2586 3757 Valerium
2624 3700 2946 3760 Maximum
2972 3704 3017 3775 ⁹,
3051 3704 3152 3763 vix
3189 3710 3294 3765 aut

1749 3803 2060 3864 nunquam
2095 3791 2515 3864 egrederentur
2556 3793 2620 3851 in
2661 3794 2973 3871 publicum
2992 3838 3012 3870 ,
3043 3797 3293 3858 detesta-

1748 3889 1950 3940 rentur
1970 3884 2298 3943 secundum
2343 3885 2415 3960 (b)
2469 3888 2951 3962 matrimonium,
2992 3891 3167 3966 quasi
3203 3893 3296 3951 in-

1748 3978 2149 4051 temperantiae
2175 3979 2431 4053 signum,
2454 3997 2564 4038 nec
2589 3997 2859 4056 unquam
2880 3983 3172 4044 bibebant
3197 3987 3291 4044 vi-

1749 4086 1917 4142 num,
1945 4087 2017 4131 eo
2047 4073 2215 4148 quod
2242 4078 2395 4132 esset
2426 4074 2508 4133 ad
2544 4075 2843 4136 luxuriam
2879 4078 3243 4139 incentivum
3272 4099 3289 4138 z

1750 4164 2017 4224 similiter
2055 4169 2114 4225 et
2150 4166 2265 4225 viri
2294 4170 2340 4206 ¹⁰
2367 4167 2522 4228 adeo
2559 4169 2757 4229 sobrie
2784 4171 3201 4244 comedebant,
3228 4178 3296 4234 ut

1750 4257 1849 4315 vix
1878 4275 2087 4317 verum
2116 4276 2265 4331 esse,
2295 4260 2401 4335 qui
2432 4261 2671 4336 legerit,
2697 4264 2919 4324 credat.
2953 4265 3293 4327 contunda-

1751 4355 1846 4410 tur
1870 4369 2014 4427 ergo
2039 4356 2234 4412 vestra
2256 4354 2503 4414 lascivia
2523 4356 2703 4415 simul
2729 4361 2789 4416 et
2808 4358 2982 4432 gula,
3010 4376 3143 4435 quoe
3169 4376 3294 4421 non

1751 4451 2060 4517 contenta,
2088 4448 2313 4506 etiamsi
2339 4448 2558 4507 habeat
2598 4449 2741 4509 vina
2758 4494 2779 4523 ,
2811 4467 3048 4527 semper
3087 4454 3297 4530 quaerit

1749 4556 1912 4599 nova
1938 4544 1996 4598 et
2021 4541 2311 4616 exquisita
2337 4542 2583 4615 cibaria,
2608 4559 2732 4602 non
2755 4543 2993 4605 dimittit
3001 4564 3115 4622 pro
3126 4548 3293 4610 bono

1750 4634 2007 4708 prandio
2033 4634 2259 4693 bonam
2285 4651 2538 4693 coenam.
2572 4636 2742 4707 Quod
2769 4638 2907 4712 leo,
2932 4641 3156 4700 animal
3181 4658 3293 4716 gu·

1750 4726 1977 4802 losum,
2023 4743 2148 4786 non
2190 4727 2332 4787 facit
2348 4748 2367 4802 3
2418 4730 2526 4789 sed
2564 4730 2712 4790 dum
2753 4731 2908 4791 bene
2943 4750 3066 4794 una
3106 4735 3205 4794 die
3229 4752 3294 4797 se

1750 4822 1958 4896 pascit,
1984 4838 2093 4897 per
2119 4826 2235 4880 tres
2261 4822 2389 4881 dies
2417 4822 2771 4893 abstinendo
2812 4825 3079 4900 quiescit.

1823 4916 2107 4986 Quartum
2147 4915 2459 4975 brachium
2474 4960 2495 4989 ,
2524 4916 2742 4977 scilicet
2779 4919 3081 4980 sinistrum
3113 4921 3295 4996 huius

1753 5009 1963 5079 crucis,
1992 5013 2078 5067 est
2095 5010 2379 5084 patientia
2399 5015 2669 5086 respectu
2687 5012 3096 5074 adversorum.
3119 5019 3292 5076 Recte

1754 5173 1844 5227 m,
1889 5164 1968 5214 18.
2011 5188 2068 5200 -
2116 5162 2136 5195 ⁸
2180 5161 2416 5222 Hieron„
2460 5162 2558 5215 Vir.
2597 5164 2654 5214 8.
2695 5165 2949 5217 Hilurica.
2981 5192 3043 5204 —
3068 5167 3093 5204 ὓ
3119 5167 3290 5222 valer.

1751 5237 1911 5299 Max„
1938 5235 2028 5286 lib.
2057 5235 2120 5300 11,
2143 5249 2191 5285 c.
2217 5247 2254 5299 1,
2280 5247 2335 5284 n.
2358 5237 2387 5285 3
2414 5237 2468 5285 et
2489 5239 2539 5286 5.
2556 5262 2621 5274 —
2641 5237 2685 5272 ¹⁰
2712 5237 2861 5303 thid„
2889 5252 2937 5290 c.
2965 5250 3048 5305 111,
3074 5253 3131 5291 n.
3158 5243 3299 5294 5⁶¹4&

1818 5325 1885 5390 (a)
1917 5325 2042 5377 Goet.
2079 5323 2204 5374 edit.
2247 5323 2558 5375 Secundum.
2592 5350 2654 5362 —
2690 5325 2758 5390 (b)
2800 5327 2923 5377 Item
2958 5328 3074 5379 sibi.
3120 5328 3291 5384 rator.

1756 5400 1892 5450 Max.
1924 5396 2203 5449 multorum
2230 5396 2673 5450 matrimoniorum
2698 5399 3086 5464 experientiam.

3372 3426 3530 3470 Elm-

3317 3489 3460 3547 plum.
