4059 6317
1782 415 2201 486 SERMONES
2243 416 2345 484 DE
2384 415 2779 486 TEMPORE.

2420 551 2587 620 Dicit
2610 569 2813 635 ergo:
2857 550 3174 620 studetur
3189 569 3218 633 ‚·
3242 549 3355 616 ubi
3384 552 3642 616 notatur
3675 549 3859 616 mali-s
3923 567 4038 611 sna.

3886 630 4052 687 maligni

2340 661 2556 745 gnitas
2598 661 2779 728 Judae
2834 659 3207 743 proditoris,
3258 659 3495 742 proprii
3545 659 3859 742 discipuli.
3888 698 3965 737 m.

701 422 824 484 13⁰

782 676 1209 768 DOMINIGA
1263 676 1350 752 IN
1402 676 2149 761 QUINQUAGESIMA.

1094 845 1382 918 SERMO
1423 846 1747 916 PRIMUS
1785 855 1830 916 ¹.

783 981 1099 1050 studetur
1141 983 1310 1048 enim
1345 981 1635 1065 omibus
1653 1029 1672 1058 ‚
1704 985 1764 1048 et
1788 978 2099 1048 illudetur
2119 1028 2138 1059 ‚
2168 988 2232 1048 et

696 1090 1121 1175 stapellabitur
1144 1139 1163 1167 ‚
1214 1095 1274 1157 et
1326 1095 1741 1173 conspuetum·
1791 1093 1849 1156 et
1898 1094 2231 1171 postquam

696 1199 1182 1283 flavellavcrint,
1212 1195 1499 1266 occident
1541 1213 1683 1263 eum
1711 1198 1755 1260 ¹.
1786 1195 2097 1273 Quoniam
2126 1213 2228 1260 so-

697 1304 831 1371 lent
851 1324 1004 1370 oves
1023 1306 1265 1387 gregis,
1297 1322 1594 1386 percusso
1619 1307 1889 1387 pastore,
1911 1304 2195 1386 dispergi
2207 1327 2225 1381 ;

696 1412 848 1479 hinc
883 1417 979 1478 est
1007 1413 1177 1496 quod
1204 1412 1511 1477 Dominus
1552 1416 1765 1476 noster
1800 1410 1981 1477 Jesus
2015 1410 2229 1476 Chris-

697 1524 823 1600 tus,
862 1520 1195 1603 praesciens
1230 1537 1381 1583 suos
1415 1517 1756 1601 discipulos
1790 1518 1862 1582 in
1889 1517 2231 1600 corporalis

696 1645 833 1696 suae
875 1626 1098 1692 mortis
1146 1625 1551 1708 percussione
1588 1626 1657 1690 in
1699 1624 1960 1691 modum
2007 1625 2229 1689 ovium

698 1735 981 1818 dispergi
1019 1752 1132 1817 per
1157 1734 1342 1799 devia
1368 1734 1624 1813 erroris,
1659 1733 1738 1798 ad
1764 1731 2226 1797 fortificandum

697 1861 804 1909 eos
849 1843 919 1908 in
958 1843 1065 1908 via
1098 1842 1246 1907 fidei
1288 1848 1352 1907 et
1390 1843 1458 1906 in
1494 1842 1587 1908 eis
1623 1846 1885 1907 caeteros
1924 1839 2117 1917 ahos„
2147 1857 2231 1903 ne

697 1954 950 2033 possent
973 1950 1228 2015 credere
1253 1949 1375 2015 boc
1401 1950 1525 2014 sibi
1550 1948 1829 2014 accidere
1855 1946 1936 2011 ab
1969 1948 2227 2020 eventu,

697 2058 834 2122 sive
878 2057 1279 2139 ignorantia,
1319 2057 1622 2139 dignatus
1658 2057 1753 2119 est
1797 2052 2139 2136 praedicere
2165 2051 2232 2114 in

697 2164 895 2229 verbo
930 2164 1251 2247 proposito
1295 2162 1452 2228 illud
1491 2161 1813 2226 infinitum
1851 2159 2228 2224 beneficium

695 2289 832 2337 suae
859 2270 1189 2354 passionis,
1222 2273 1289 2334 et
1321 2268 1570 2333 coeleste
1595 2266 1971 2349 mysterium
1996 2270 2233 2331 nostrae

697 2377 1170 2460 redemptionis,
1204 2379 1268 2441 et
1290 2374 1464 2458 quod
1489 2375 1624 2455 ipse
1657 2374 1822 2439 Deus
1857 2377 2139 2436 aeternus
2164 2390 2233 2436 se

695 2484 1008 2549 inclinans
1056 2482 1388 2547 humiliter
1438 2480 1659 2545 mortis
1703 2497 1956 2545 crucem
1999 2479 2078 2561 (α)
2116 2496 2233 2561 pro

697 2591 899 2657 salute
929 2589 1187 2672 generis
1211 2587 1482 2656 humani
1515 2604 1664 2652 cum
1689 2586 1996 2651 desiderio
2026 2604 2234 2650 susce-

697 2698 910 2781 pisset.
938 2695 1328 2779 Exprimitur
1349 2697 1566 2760 autem
1585 2693 1655 2756 in
1668 2693 1770 2757 his
1783 2692 1993 2758 verbis
2005 2692 2234 2757 Christi

696 2805 906 2888 passio
933 2806 1246 2887 quantum
1273 2801 1354 2865 ad
1368 2803 1508 2884 ejus
1525 2798 1930 2882 principium,
1949 2801 2233 2866 medium

698 2918 762 2978 et
784 2912 1122 2990 ultimum,
1153 2910 1220 2973 in
1244 2908 1480 2992 quibus
1508 2906 1620 2972 Dei
1646 2908 1919 2990 perfecta
1956 2909 2234 2989 cognitio

699 3018 1006 3084 consistit.
1038 3015 1426 3099 Principium
1471 3032 1751 3096 namque
1781 3015 2090 3097 passionis
2112 3016 2236 3081 fuit

700 3123 1066 3207 malignitas
1108 3122 1349 3205 proprii
1391 3121 1716 3204 discipuli,
1746 3121 2126 3204 proveniens
2152 3141 2235 3187 ex

698 3232 931 3299 diaboli
956 3229 1400 3312 suggestionum
1431 3228 1716 3294 medium
1756 3245 1904 3292 vero
1931 3228 2051 3291 fuit
2076 3246 2236 3295 con-

698 3337 1127 3423 temptibilitas
1172 3336 1373 3402 ultimi
1402 3334 1725 3419 opprobrii
1759 3335 1827 3398 in
1853 3335 2235 3416 flagellatio-

696 3464 802 3526 ne,
831 3450 896 3510 et
919 3445 1103 3510 faciei
1137 3442 1616 3526 conspuitione;
1649 3441 1758 3507 sed
1787 3441 2087 3507 ultimum
2116 3442 2236 3507 fuit

697 3553 1005 3620 acerbitas
1053 3550 1324 3617 dolorosi
1380 3549 1672 3633 supplicii
1727 3549 1795 3615 in
1846 3550 2128 3632 corporis
2172 3555 2237 3614 et

698 3663 932 3728 animae
967 3657 1381 3744 separatione.
1422 3656 1636 3722 Primo
1671 3675 1829 3739 ergo
1867 3657 2236 3739 malignitas

698 3768 939 3851 proprii
964 3765 1256 3849 discipuli
1286 3767 1566 3843 notatur,
1595 3782 1744 3830 cum
1770 3763 2044 3829 dicitnr:
2083 3764 2236 3832 Tra-

700 3874 883 3943 detur
913 3874 1088 3941 enim
1112 3871 1425 3956 pentibus,
1453 3872 1517 3936 id
1531 3875 1628 3937 est
1649 3870 1845 3936 Filius
1864 3870 1971 3936 Dei
1991 3891 2030 3936 a
2046 3872 2230 3952 luda,

699 3981 948 4050 diabolo
980 3982 1391 4062 suggerente.
1436 3976 1614 4042 Unde
1656 3977 1885 4042 dicitur
1908 3981 1929 4016 ⁸
1960 3999 1975 4041 :
2015 4001 2046 4040 α
2075 3978 2233 4044 Cum

693 4091 831 4171 jam
858 4086 1144 4153 diabolus
1170 4086 1242 4152 in
1267 4102 1376 4150 cor
1401 4084 1673 4149 misisset
1695 4084 1899 4164 Judae,
1925 4089 2000 4149 ut
2028 4086 2233 4151 trade-

700 4202 800 4266 tet
842 4214 992 4262 eum
1007 4242 1030 4276 ‚
1079 4217 1112 4258 s
1162 4199 1284 4264 etc.
1340 4194 1629 4262 Secundo
1680 4197 2234 4276 contemptibilitas

698 4304 906 4372 ultimi
932 4305 1278 4386 opprobrii,
1307 4321 1457 4370 cum
1484 4302 1698 4367 subdit
1730 4323 1746 4366 ;
1780 4305 1870 4370 Et
1891 4303 2229 4382 t'uudetur⁹

697 4418 755 4482 et
779 4411 1206 4495 fluaeuabitur
1226 4459 1247 4491 ,
1279 4418 1337 4481 et
1360 4417 1761 4493 conspuetur.
1802 4409 2131 4476 Illusiones
2168 4416 2233 4478 et

695 4523 882 4604 sputa
906 4522 1095 4602 atque
1128 4517 1580 4602 flagellationes
1605 4520 1756 4588 sunt
1789 4517 1977 4599 signa
2019 4525 2232 4584 extre-

696 4646 820 4696 mae
860 4626 1310 4692 vilificationis.
1354 4623 1564 4689 Tertio
1616 4628 1877 4690 notatur
1925 4626 2230 4690 acerbitas

692 4733 968 4801 dolorosi
994 4731 1311 4815 supplicii,
1329 4748 1475 4796 cum
1504 4730 1816 4795 subinfert
1843 4752 1857 4793 ε
1888 4731 2229 4814 Postquam

690 4842 1162 4927 flagellaverint
1182 4888 1202 4920 ,
1250 4836 1536 4907 occident
1588 4853 1750 4904 eum.
1809 4836 2003 4903 Valde
2052 4840 2227 4904 enim

690 4949 810 5014 fuit
834 4949 1139 5014 acerbum
1165 4947 1318 5012 illud
1349 4948 1736 5011 tormentum
1766 4943 2025 5026 Christi,
2056 4947 2226 5028 quod

687 5060 822 5122 tam
845 5054 1134 5121 celeriter
1157 5071 1307 5118 eum
1334 5053 1563 5118 occidit
1599 5075 1616 5118 ε
1657 5055 1805 5116 ante
1829 5051 2004 5117 enim
2042 5053 2224 5134 obiit,

687 5181 882 5246 quam
904 5162 1037 5240 alii,
1064 5161 1178 5244 qni
1195 5179 1346 5228 cum
1365 5179 1444 5226 eo
1469 5164 1653 5226 erant
1678 5158 1991 5226 crucifixi.

752 5328 766 5357 ¹
792 5326 940 5377 Hunc
974 5337 1080 5376 non
1115 5322 1270 5375 habet
1304 5322 1425 5375 edit.
1461 5321 1617 5374 Paris.
1655 5335 1739 5373 an.
1767 5324 1906 5373 152¹.
1942 5349 1997 5359 —
2030 5324 2054 5357 ²
2086 5323 2220 5390 Luc„

686 5407 841 5463 mn,
868 5398 1028 5450 32-33.
1055 5421 1118 5434 —
1148 5396 1171 5432 ⁸
1195 5395 1363 5458 Joan„
1390 5405 1507 5459 xm,
1533 5396 1582 5444 2.
1611 5419 1673 5432 -
1704 5393 1728 5429 δ
1755 5392 1897 5443 Psal.
1928 5404 2018 5457 xc,
2051 5397 2131 5445 10.
2165 5422 2222 5435 -

2342 768 2468 834 Ista
2499 769 2672 833 enim
2713 769 3082 851 malignitas
3127 766 3376 850 plenius
3423 769 3785 851 apparebit,
3814 768 3867 831 si

2339 875 2679 957 diligenter
2723 875 3196 940 consideremus
3237 874 3548 956 triplicem
3575 874 3872 939 conditio-

2340 1000 2489 1047 nem
2514 983 2698 1047 istam
2719 1031 2736 1059 ‚
2770 982 3231 1064 malignitatem
3258 981 3593 1064 proditoris
3624 999 3869 1064 aggra-

2338 1094 2593 1155 vantem
2617 1138 2636 1171 ,
2665 1090 2954 1155 videlicet
2979 1090 3185 1171 primo
3213 1089 3657 1153 confidentiam
3692 1107 3871 1153 secu-

2340 1197 2541 1261 ritatis
2563 1201 2627 1261 ct
2651 1196 2968 1274 amicitiae,
2999 1195 3276 1260 secundo
3302 1194 3742 1260 excellentiam
3775 1196 3871 1261 di-

2340 1305 2604 1386 gnitatis
2633 1303 2990 1387 apostolicae
3010 1349 3029 1382 ‚
3076 1302 3261 1368 tertio
3303 1302 3877 1384 concupiscentiam

2338 1408 2693 1490 cupiditatis
2718 1409 3028 1474 avaritiae.
3060 1407 3153 1473 Ex
3198 1408 3300 1472 bis
3327 1407 3531 1472 tribus
3572 1408 3879 1474 conditio-

2338 1514 2531 1579 nibus
2553 1519 2759 1598 potest
2783 1533 3087 1598 apparere
3102 1562 3126 1594 ‚
3165 1515 3317 1597 quia
3351 1514 3528 1579 nulla
3560 1515 3685 1579 sub
3721 1517 3882 1579 coelo

2340 1623 2546 1702 major
2568 1621 2689 1685 fuit
2720 1621 3084 1703 malignitas
3099 1667 3119 1700 ,
3148 1638 3346 1703 quam
3391 1619 3500 1684 illa
3524 1618 3738 1699 sudas,
3768 1622 3880 1704 qui

2339 1729 2647 1808 tanquam
2686 1727 2882 1792 falsus
2932 1727 3206 1806 amicnS,
3256 1726 3324 1790 in
3373 1726 3627 1791 datione
3676 1726 3881 1792 osculi

2339 1833 2598 1897 tradidit
2641 1852 2866 1899 verum
2906 1835 3206 1913 amicum,
3236 1838 3302 1898 et
3326 1838 3632 1917 tanquam
3664 1834 3880 1917 ingra-

2340 1943 2442 2003 tus
2468 1940 2844 2023 discipulus,
2875 1941 3005 2005 imo
3030 1940 3385 2024 apostoluS‚
3418 1941 3676 2006 tradidit
3707 1942 3886 2006 beni-

2342 2062 2548 2126 gnum
2577 2045 2977 2128 Magistrum,
3007 2052 3313 2130 tanquam
3340 2047 3610 2130 cupidus
3626 2052 3692 2111 et
3718 2066 3885 2112 ava-

2338 2169 2475 2230 rus,
2502 2153 2614 2216 vili
2641 2153 2842 2236 pretio
2876 2154 3190 2236 vendiditj
3202 2158 3418 2218 ustum
3444 2158 3507 2218 et
3520 2154 3730 2237 pium,
3751 2155 3887 2220 imo

2339 2277 2669 2325 summum
2696 2262 2962 2326 bonum.

2421 2366 2636 2432 Primo
2664 2386 2900 2450 magna
2925 2369 3043 2434 fuit
3071 2369 3436 2451 malignitas
3461 2370 3647 2437 Judae
3675 2372 3744 2435 in
3761 2376 3887 2437 tra-

2340 2474 2544 2538 dendo
2573 2472 2958 2555 Dominum,
2991 2482 3245 2560 propter
3285 2478 3739 2544 confidentiam
3783 2499 3884 2545 se-

2341 2581 2627 2646 curitatis
2662 2584 2728 2645 et
2765 2582 3084 2648 amicitiae.
3131 2582 3327 2648 Judas
3372 2585 3547 2650 enim
3587 2605 3725 2652 non
3768 2588 3891 2653 fuit

2342 2692 2642 2753 tractatus
2676 2690 2979 2771 tanquam
3004 2694 3344 2758 extraneus
3368 2694 3614 2756 amicus
3645 2694 3753 2776 (b),
3785 2695 3890 2759 vel

2341 2802 2670 2881 suspectus
2733 2800 2978 2865 amicus
3018 2824 3036 2880 ;
3092 2802 3223 2868 imo
3273 2807 3575 2884 tanquam
3635 2806 3889 2869 amicus

2342 2923 2606 2971 securus
2635 2927 2652 2971 :
2684 2907 2837 2973 dum
2866 2927 2995 2973 non
3022 2909 3230 2974 solum
3246 2912 3451 2975 factus
3467 2914 3563 2975 est
3578 2929 3618 2974 a
3634 2910 3890 2976 Christo

2342 3011 2419 3077 de
2443 3013 2681 3078 familia
2705 3032 2841 3093 sua,
2872 3016 3255 3082 comedendo
3271 3022 3337 3082 et
3348 3017 3621 3083 bibendo
3646 3037 3889 3102 panem

2341 3119 2409 3183 in
2439 3138 2657 3186 mensa
2683 3120 2915 3188 Christi
2939 3141 3089 3188 cum
3116 3124 3361 3189 caeteris
3389 3124 3741 3207 Apostolis;
3774 3129 3886 3192 sed

2341 3228 2531 3294 etiam
2589 3229 2791 3294 sachis
2840 3234 2936 3294 est
2994 3230 3384 3314 dispensator
3425 3235 3888 3315 temporalium

2341 3336 2538 3400 totius
2592 3335 2870 3401 familiae.
2924 3336 3003 3401 Et
3054 3338 3138 3402 ob
3186 3337 3307 3403 boc
3350 3341 3772 3421 conqueritur
3818 3343 3889 3408 in

2342 3443 2609 3509 Psalmis
2656 3444 2957 3508 Dominus
2992 3443 3070 3508 de
3105 3445 3244 3528 ipso
3265 3445 3476 3509 dicens
3503 3446 3526 3480 ⁴
3558 3468 3573 3510 ε
3611 3470 3645 3509 α
3672 3447 3888 3513 Homo

2340 3552 2510 3633 pacis
2561 3569 2743 3629 meae,
2792 3554 2860 3613 in
2904 3568 3033 3632 quo
3079 3551 3455 3634 sperabam,
3483 3553 3600 3635 qui
3645 3555 3889 3620 edebat

2340 3675 2536 3740 panes
2561 3677 2759 3735 meos,
2790 3658 3224 3740 magnificavit
3246 3678 3439 3742 super
3458 3679 3563 3724 me
3578 3663 3891 3746 supplan-

2339 3766 2574 3829 tatione
2615 3765 2713 3848 (ο).
2744 3766 2899 3828 Ecce
2938 3765 3095 3829 falsa
3128 3764 3295 3829 datio
3330 3764 3647 3832 simulatae
3678 3769 3883 3850 pacis.

2340 3870 2518 3936 Unde
2534 3872 2683 3937 dicit
2706 3873 2766 3936 ei
2790 3871 3010 3938 Jesus⁸
3036 3893 3054 3936 ι
3078 3871 3252 3939 Iuda
3274 3872 3389 3953 (d),
3417 3873 3627 3942 osculo
3656 3875 3887 3955 filium

2339 3979 2619 4047 hominis
2666 3978 2877 4047 tradis
2905 3980 2941 4045 Ρ
2986 3978 3469 4062 Chrysostomus
3505 3981 3529 4016 ⁸
3580 4002 3595 4046 ε
3646 4004 3681 4043 α
3719 3982 3881 4050 Cum

2337 4087 2565 4152 dicitur
2580 4087 2716 4154 Pax
2728 4086 2865 4151 coeli
2890 4086 2938 4166 ⁷,
2968 4086 3038 4150 in
3063 4086 3280 4152 osculo
3308 4090 3547 4153 temere
3575 4090 3880 4173 traditur,

2337 4193 2640 4275 alligatur
2665 4194 2842 4257 omni
2867 4210 3068 4273 nexu,
3097 4212 3137 4257 a
3163 4193 3319 4259 falso
3354 4194 3589 4259 veritas
3617 4214 3886 4264 accusa-

2336 4305 2465 4366 tur.
2481 4322 2513 4360 1>
2536 4301 2615 4366 In
2638 4315 2768 4382 quo
2782 4299 3111 4383 sperabam
3128 4318 3152 4365 .·
3167 4318 3310 4366 ecce
3338 4301 3886 4372 confidentiaani-

2337 4427 2463 4476 mae
2488 4417 2553 4476 et
2593 4408 2897 4474 securitas
2916 4409 3000 4491 (d)
3031 4408 3480 4492 maonificavit
3503 4426 3699 4493 super
3722 4429 3826 4480 me
3856 4432 3876 4479 ε

2337 4534 2478 4580 ecce
2524 4518 2919 4583 immensitas
2983 4516 3401 4598 malignitatis
3443 4517 3477 4583 J
3483 4517 3645 4584 udae.
3696 4518 3885 4586 Unde

2335 4623 2637 4692 Dominus
2675 4625 2824 4692 dicit
2856 4625 2935 4690 de
2967 4623 3001 4690 J
3007 4625 3131 4692 uda
3154 4625 3178 4662 ⁸
3210 4645 3227 4690 :
3267 4649 3298 4687 ι
3325 4624 3535 4691 Amen
3575 4625 3717 4692 dico
3753 4646 3874 4693 vo-

2333 4730 2432 4796 bis
2450 4778 2469 4810 ,
2512 4733 2816 4816 quoniam
2850 4750 3022 4798 unus
3061 4750 3144 4797 ex
3170 4731 3355 4799 vobis
3388 4751 3494 4798 me
3520 4732 3876 4800 traditurus

2334 4845 2447 4920 est,
2482 4841 2595 4923 qui
2630 4840 2969 4905 manducat
3004 4858 3277 4905 mecum.
3311 4860 3342 4899 s

2414 4947 2700 5012 Secundo
2730 4965 2968 5028 magna
3011 4946 3377 5030 malignitas
3414 4947 3537 5014 fuit
3572 4947 3758 5014 Judae
3800 4948 3873 5014 in

2331 5090 2351 5120 ⁸
2377 5085 2512 5153 Luc„
2541 5100 2677 5153 xxu,
2705 5088 2782 5140 48.
2811 5116 2875 5129 -
2900 5090 2919 5121 ⁸
2945 5087 3209 5155 Chrysost.
3235 5115 3296 5130 -
3331 5091 3348 5121 ⁷
3377 5092 3543 5143 Locus
3574 5094 3869 5157 corruptus.

2332 5186 2393 5198 —
2418 5159 2441 5196 ⁸
2468 5159 2647 5227 um„
2676 5171 2789 5226 xiv,
2822 5163 2900 5214 18.

2398 5251 2461 5312 (α)
2486 5250 2602 5314 Leq.
2629 5254 2849 5301 mortem
2876 5250 3060 5302 crucis.
3084 5277 3143 5290 -
3172 5250 3244 5317 (ὁ)
3277 5251 3390 5302 Del.
3419 5253 3633 5316 amicus,
3654 5251 3737 5303 vel
3762 5252 3868 5318 leq.

2330 5320 2586 5372 inimicus.
2616 5348 2671 5359 —
2700 5322 2759 5386 (c)
2790 5322 2913 5374 Cat.
2940 5322 3062 5375 edit.
3090 5323 3432 5389 supplantavit
3457 5338 3540 5375 me
3569 5324 3866 5390 supplanta-

2328 5393 2467 5445 tione
2494 5391 2634 5457 pacis
2660 5407 2810 5446 mete.
2838 5418 2901 5432 -
2931 5394 3006 5458 (d)
3035 5395 3158 5446 uem
3171 5394 3342 5447 ludas.
3370 5422 3434 5433 —
3464 5396 3528 5462 (e)
3557 5396 3864 5449 securitatis.
