4059 6317
713 494 831 562 m

1803 498 2221 566 SERMONES
2265 499 2365 564 DE
2403 497 2796 565 TEMPORE.

792 624 1009 690 Primo
1050 643 1212 708 ergo
1249 625 1322 691 in
1369 627 1568 694 verbo
1615 634 1933 716 proposito
1983 637 2244 700 notatur
2349 633 2537 717 aquis
2562 632 2953 716 pluvialibus
2990 630 3500 716 lacrymabilium
3548 650 3846 716 eompunc

706 733 905 798 nostri
933 732 1137 798 cordis
1162 733 1371 799 debita
1408 739 1789 819 praeparatio
1814 787 1831 818 ,
1874 760 2021 807 cum
2048 742 2237 807 dicit:

710 837 890 913 Quod
905 846 1116 910 autem
1143 841 1481 908 interram
1508 842 1754 912 bonam.
1777 846 2094 913 Debemus
2118 867 2239 913 au-

703 949 834 1009 tem
860 950 1154 1010 nostrum
1181 966 1313 1025 cor,
1332 949 1504 1031 quod
1523 952 1643 1015 sub
1669 956 2042 1039 metaphora
2052 957 2240 1021 bonae

703 1054 894 1117 terra}
931 1052 1216 1119 Christus
1254 1055 1583 1135 describit,
1627 1058 1707 1124 ad
1748 1060 2010 1128 modum
2051 1066 2240 1128 terrae

702 1158 1048 1223 materialis
1090 1178 1470 1246 praeparare.
1515 1163 1620 1229 Est
1659 1172 1874 1232 autem
1901 1173 2073 1234 terra
2100 1189 2241 1236 ma-

703 1263 937 1329 terialis
963 1266 1124 1332 bena
1148 1273 1504 1351 praeparata
1523 1275 1587 1336 et
1611 1272 1692 1338 ad
1713 1274 1998 1340 fructum
2025 1276 2240 1361 dispo-

701 1371 843 1453 sita,
875 1374 1128 1455 quando
1155 1380 1252 1441 est
1276 1376 1486 1459 primo
1513 1396 1552 1443 a
1580 1379 1766 1446 malis
1787 1381 2105 1448 radicibus
2132 1402 2243 1449 ex·

701 1478 933 1562 tirpata
950 1528 970 1561 ,
1000 1483 1275 1548 secundo
1303 1486 1489 1568 aquis
1522 1485 1910 1569 pluvialibus
1943 1490 2233 1572 irrigata,

701 1586 887 1653 tertio
912 1588 1229 1655 caloribus
1263 1592 1413 1657 solis
1446 1596 1774 1677 opposita:
1819 1601 1892 1662 ut
1915 1597 2005 1663 sic
2031 1598 2238 1666 calore

700 1693 851 1758 solis
878 1695 1134 1762 vivifico
1160 1698 1516 1781 incalescat,
1543 1706 1620 1767 ut
1644 1704 1841 1786 possit
1860 1707 2099 1788 jactata
2137 1724 2239 1772 se—

699 1800 876 1866 mina
908 1807 1230 1885 vegetare.
1265 1806 1385 1872 Per
1423 1807 1614 1875 hunc
1657 1810 1919 1875 modum
1954 1813 2010 1876 si
2048 1812 2233 1878 volu·

700 1926 845 1973 mus
870 1910 1043 1992 quod
1057 1929 1168 1976 cor
1184 1915 1476 1978 nostrum
1498 1916 1580 1980 sit
1599 1918 1760 1982 bene
1778 1923 2231 2001 praeparatum,

695 2017 765 2080 et
791 2015 873 2079 ad
899 2016 1179 2082 fructum
1206 2019 1391 2086 bonae
1417 2023 1806 2104 operationis
1830 2024 2230 2108 dispositum,

700 2123 907 2206 primo
945 2124 1131 2190 debet
1169 2127 1470 2211 extirpari
1508 2147 1548 2194 a
1587 2130 1785 2214 spinis
1832 2136 2234 2214 peccatorum

698 2231 1023 2311 omnium3
1064 2234 1338 2300 secundo
1354 2285 1373 2315 ,
1420 2236 1680 2319 irrigari
1720 2239 1906 2322 aquis
1947 2240 2237 2324 pluviali-

700 2337 822 2403 bus
846 2338 1353 2422 lacrymabilium
1375 2345 1956 2428 compunctionum;
1983 2348 2094 2413 sed
2115 2353 2236 2413 ter-

698 2444 789 2509 tio
813 2444 996 2510 debet
1012 2447 1398 2513 inflammari
1416 2450 1722 2516 incendiis
1738 2452 2109 2526 divinorum
2134 2456 2234 2520 de-

697 2551 1095 2633 sideriorum,
1111 2574 1388 2638 quorum
1404 2557 1611 2621 calore
1631 2558 1887 2624 vivifico
1917 2561 2113 2642 possit
2132 2581 2234 2628 ve-

696 2663 919 2739 getare
944 2667 1265 2745 receptum
1288 2664 1560 2728 verbum
1586 2664 1695 2728 Dei
1714 2668 1778 2729 et
1795 2669 2138 2749 retentum,
2160 2674 2233 2734 ut

697 2765 895 2846 possit
922 2766 1234 2850 pullulare
1247 2769 1317 2833 in
1334 2788 1601 2850 germen
1617 2772 1806 2837 bonae
1822 2775 2227 2855 operationis,

778 2869 994 2936 Primo
1021 2872 1205 2938 debet
1240 2880 1408 2940 terra
1449 2879 1649 2942 nostri
1689 2880 1894 2945 cordis
1925 2881 2231 2964 extirpari

696 2976 884 3042 malis
909 2974 1229 3045 radicibus
1256 2987 1695 3064 peccatorum;
1727 2985 1898 3052 unde
1922 2987 2183 3053 dicitur¹
2209 3009 2225 3052 ε

705 3105 737 3145 α
758 3083 874 3161 Qui
906 3087 1206 3167 operatur
1244 3091 1482 3154 terram
1520 3109 1738 3172 suam,
1767 3093 2099 3160 satiabitur
2127 3113 2232 3176 pa-

697 3190 914 3270 nibus3
946 3194 1058 3275 qui
1084 3197 1302 3260 autem
1345 3199 1619 3262 sectatur
1652 3199 1854 3263 otium
1874 3248 1893 3280 ,
1942 3200 2232 3265 stultissi-

697 3314 843 3363 mus
896 3303 1059 3364 est.»
1126 3301 1249 3376 Qut·
1301 3309 1598 3385 operatur
1665 3312 1898 3372 terram
1954 3308 2228 3390 propriae

695 3405 1116 3487 conscientiae‚
1137 3408 1466 3475 evellendo
1492 3429 1572 3475 ex
1584 3429 1661 3476 ea
1675 3429 1902 3495 vepres
1920 3414 2227 3479 vitiorum

697 3511 911 3592 gladio
964 3518 1170 3579 acutae
1241 3517 1745 3599 compunctionis
1764 3566 1787 3597 ‚
1853 3520 2229 3604 extirpando

694 3620 907 3702 spinas
933 3624 1334 3702 peccatorum
1361 3625 1662 3690 exercitio
1698 3627 2131 3710 confessionis,
2164 3635 2230 3695 et

691 3727 1047 3792 amovendo
1097 3728 1330 3794 urticas
1381 3731 1698 3798 malorum
1766 3733 2229 3801 desideriorum

689 3834 988 3899 exercitio
1012 3834 1164 3900 disci
1171 3834 1361 3918 plinae
1385 3841 1449 3902 et
1470 3839 1993 3921 mortificationis,
2020 3846 2227 3910 satia-

691 3941 863 4009 bitur
883 3943 1165 4026 panibus
1188 3945 1508 4012 bonorum
1531 3965 1821 4030 operum.
1861 3950 1983 4024 Oui
2015 3956 2228 4019 autem

683 4053 964 4118 sectatur
1012 4052 1215 4119 otium
1238 4101 1257 4132 ,
1300 4057 1365 4118 et
1408 4053 1667 4119 dimittit
1721 4073 1799 4120 ea
1846 4058 2229 4126 sterilescere

686 4156 886 4238 spinis
929 4157 1239 4223 vitiorum
1259 4207 1282 4239 ‚
1327 4161 1631 4243 vepribus
1672 4167 2074 4245 peccatorum
2091 4214 2114 4246 ,
2163 4170 2229 4232 et

687 4262 907 4326 urticis
935 4263 1251 4328 malorum
1280 4265 1741 4333 desideriorum
1755 4316 1778 4348 ,
1805 4270 2230 4339 stultissimus

685 4373 800 4435 eet.
833 4371 1004 4451 Ergo
1028 4371 1272 4436 bonum
1316 4376 1411 4438 est
1453 4374 1704 4457 operari
1743 4380 1980 4441 terram
2019 4384 2223 4459 tuam,

694 4480 819 4541 «ut
843 4475 1074 4542 educas
1100 4495 1332 4559 panem
1359 4479 1438 4545 de
1476 4484 1648 4545 terra
1674 4527 1689 4558 ,
1718 4485 1783 4546 et
1807 4483 2035 4548 viuum
2062 4484 2235 4551 laeti-.

684 4581 831 4645 flcet
869 4599 977 4646 eor
1011 4582 1363 4665 hominis,»
1398 4587 1748 4652 secundum
1790 4591 1965 4672 quod
1999 4591 2230 4658 dicitur

684 4688 753 4753 in
782 4688 1033 4755 Psalmo
1049 4692 1116 4756 ¹:
1164 4692 1243 4761 Ut
1277 4693 1510 4762 educas
1533 4711 1765 4777 panem
1784 4697 1970 4763 bonae
1996 4717 2228 4784 opera-
2262 4687 2269 4692 ’

686 4795 877 4860 tionis
902 4795 993 4861 ad
1010 4798 1452 4881 reficiendum,
1477 4800 1558 4869 de
1574 4806 1748 4869 terra
1765 4805 2039 4888 propriae
2052 4824 2230 4874 cons·

684 4902 964 4983 cientiae3
996 4910 1056 4972 el
1085 4908 1311 4973 vinum
1338 4907 1406 4971 in
1434 4914 1607 4976 terra
1631 4909 1981 4976 devotionis
2008 4914 2089 4978 ad
2113 4914 2224 4979 lae-

686 5008 1082 5076 tiflcandum.

769 5114 1063 5183 Secundo
1090 5117 1274 5184 debet
1300 5122 1469 5185 terra
1494 5122 1697 5186 nostri
1727 5122 1935 5189 cordis
1967 5123 2230 5206 irrigari

753 5313 772 5349 ¹
800 5312 970 5381 Prov„
1000 5328 1106 5380 ιιι,
1142 5320 1221 5368 11.
1252 5341 1314 5356 -
1342 5316 1366 5352 ²
1398 5317 1534 5372 Psat.
1564 5331 1690 5384 cun,
1726 5323 1805 5372 15.
1835 5348 1890 5359 —
1920 5320 1944 5357 ⁸
1965 5322 2156 5382 leodic..
2187 5336 2229 5389 1,

694 5385 774 5440 15.
799 5410 864 5428 -
886 5385 910 5421 δ
945 5387 1085 5442 Ρεαι.
1118 5399 1293 5451 mu,
1322 5389 1383 5456 6,
1410 5390 1461 5441 7.
1489 5418 1544 5428 -
1575 5391 1597 5428 ⁸
1635 5390 1812 5456 Booti„
1852 5403 2005 5459 xmu,
2033 5396 2135 5446 2-3.
2165 5421 2229 5434 -

689 5455 710 5487 “
738 5455 948 5536 Golpoa„
977 5470 1036 5524 n,
1063 5461 1109 5513 9.

2346 740 2621 805 tionum.
2668 738 2847 805 Unde
2877 738 3187 805 Juaicum
3207 739 3274 800 ⁸.-
3308 761 3339 800 α
3360 738 3449 806 Da
3484 738 3644 802 mihi
3678 737 3865 806 bene-

2347 846 2708 923 dictionem,
2737 845 2893 930 quia
2915 849 3151 910 terram
3171 848 3459 910 arentem
3494 844 3716 910 dedisti
3752 847 3870 911 mi-

2346 952 2449 1032 hi;
2491 953 2573 1018 da
2614 957 2678 1018 et
2719 953 3037 1035 irriguam
3074 953 3282 1035 aquis.
3301 974 3333 1013 ι
3377 950 3605 1018 Fidelis
3638 953 3866 1033 anima,

2347 1079 2737 1144 cognoscens
2802 1058 3383 1142 experimentaliter
3449 1058 3869 1141 lacrymarum
3936 1093 3941 1096 ·

2344 1168 2780 1233 abundantem
2805 1167 3182 1233 effusionem
3210 1167 3272 1230 et
3288 1165 3495 1229 cordis
3513 1165 3869 1232 affluentem

2345 1275 2901 1358 compunctionem
2952 1291 3083 1337 non
3141 1289 3276 1336 esse
3312 1290 3356 1336 a
3397 1272 3605 1355 seipsa
3621 1319 3640 1353 ‚
3685 1273 3786 1338 sed
3835 1292 3873 1338 a

2345 1382 2472 1448 Deo
2493 1431 2512 1460 ‚
2542 1382 2686 1447 ideo
2724 1381 2971 1463 abipso
3012 1380 3168 1463 petit
3204 1377 3701 1446 benedictionem
3742 1398 3871 1445 suae

2343 1487 2709 1553 curationis.
2732 1490 2834 1555 Da
2848 1486 3015 1552 mihi
3039 1484 3550 1564 benedictionem,
3570 1487 3731 1569 quia
3753 1491 3874 1555 ter·

2342 1611 2485 1666 ram
2529 1600 2813 1664 arentem
2856 1593 3099 1661 dedisti
3132 1593 3299 1660 mihi
3316 1640 3335 1674 ‚
3373 1593 3606 1659 scilicet
3641 1599 3873 1660 terram

2342 1702 2785 1766 eonscientiae:
2814 1701 2906 1768 cla
2943 1707 3002 1770 et
3028 1702 3348 1783 iniquam
3372 1698 3873 1783 lacrymabilium

2342 1808 2926 1891 compunctionum.
2971 1806 3134 1872 Huic
3170 1806 3487 1886 convenit,
3522 1806 3697 1890 quod
3724 1806 3873 1872 dici-

2340 1919 2450 1982 tur
2494 1917 2563 1980 in
2611 1915 2943 1982 Psalmo⁸2
2996 1915 3272 1982 «Anima
3315 1932 3462 1980 msa
3495 1915 3662 1980 sicut
3710 1919 3878 1980 terra

2340 2023 2478 2088 sine
2502 2041 2668 2106 aqua
2694 2023 2809 2088 tibi
2841 2044 2856 2088 ε
2897 2021 3197 2088 velociter
3232 2020 3465 2086 exaudi
3498 2038 3605 2087 me
3611 2049 3645 2101 ,·
3666 2019 3876 2087 Domi-

2340 2148 2461 2211 ne3
2494 2130 2717 2196 defecit
2740 2130 2999 2215 spiritus
3029 2146 3231 2194 meus.
3253 2150 3285 2189 n
3322 2127 3723 2210 Cognoscens
3756 2129 3874 2194 Da-

2339 2237 2443 2301 vid
2473 2236 2675 2302 fidelis
2710 2237 2991 2302 animam
3034 2253 3221 2301 suam
3262 2236 3345 2302 aad
3385 2235 3653 2301 modum
3691 2240 3876 2303 terrae

2340 2344 2537 2409 aridae
2581 2361 2713 2408 non
2756 2360 2941 2426 posse
3002 2342 3349 2425 producere
3393 2359 3666 2423 germen
3705 2344 3877 2409 boum

2339 2451 2721 2534 operationis
2744 2449 2883 2514 sine
2906 2468 3075 2532 aqua
3098 2449 3525 2533 lacrymabilis
3547 2468 3879 2533 compunc-

2338 2558 2551 2636 tionis,
2564 2561 2628 2622 et
2644 2556 2893 2638 irrigua
2918 2556 3007 2639 (a)
3020 2556 3315 2620 mentalis
3331 2555 3706 2637 devotionis,
3727 2556 3880 2639 petit

2338 2664 2459 2729 hoc
2488 2682 2528 2728 a
2550 2659 2821 2728 Domino
2847 2681 3000 2727 cum
3028 2663 3330 2728 instantia
3355 2662 3601 2727 devotae
3639 2663 3877 2728 oratio-

2339 2770 2530 2835 tionis
2560 2770 2813 2835 dicensz
2867 2769 3163 2836 Velociter
3205 2768 3454 2836 escaudi
3489 2785 3584 2834 me
3603 2815 3630 2848 ,
3673 2768 3877 2834 dando

2337 2877 2663 2959 irriguum
2692 2876 3011 2942 interioris
3036 2876 3389 2942 devotionis
3407 2923 3426 2957 ‚
3459 2880 3524 2940 et
3548 2876 3877 2941 exterioris

2337 2983 2814 3068 lacrymationis
2847 3007 2863 3047 ε
2919 2985 3080 3066 quia
3119 2982 3352 3065 defecit
3391 2984 3672 3066 spiritus
3709 2999 3876 3050 meus

2339 3110 2475 3176 prae
2519 3093 2812 3158 ariditate
2861 3090 3131 3158 internae
3158 3091 3511 3157 devotionis
3553 3095 3618 3156 et
3657 3091 3876 3157 ardore

2337 3200 2609 3260 terrenae
2629 3193 3006 3260 affectionis,

2418 3303 2653 3381 Tertio,
2670 3302 2855 3370 debet
2865 3306 3035 3367 terra
3051 3301 3255 3366 nostri
3273 3301 3479 3367 cordis
3493 3299 3878 3366 inflammari

2336 3414 2644 3479 incendiis
2678 3413 3043 3480 divinorum
3070 3411 3554 3489 desideriorum3
3586 3411 3761 3477 unde
3782 3410 3877 3476 di-

2337 3522 2502 3586 citur
2519 3526 2578 3584 ⁸:
2617 3543 2649 3582 α
2666 3520 2774 3585 Sol
2793 3520 2862 3584 in
2887 3523 3145 3602 aspectu
3168 3518 3555 3584 annuntians
3578 3518 3655 3583 in
3677 3519 3874 3595 exitu,

2337 3646 2453 3694 vas
2483 3625 2877 3706 admirabile,
2907 3643 3068 3708 opus
3103 3623 3372 3703 Excelsi,
3416 3624 3484 3688 in
3528 3626 3877 3691 meridiano

2340 3734 2555 3801 exurit
2588 3737 2848 3799 terram.
2870 3753 2903 3792 υ
2945 3730 3055 3797 Sol
3087 3729 3356 3814 justitiae
3392 3729 3684 3796 Christus
3720 3732 3877 3796 Dotis

2337 3846 2577 3920 noster,
2621 3839 2863 3904 habens
2893 3837 3352 3921 speciositatem
3395 3838 3473 3903 in
3503 3842 3763 3918 aspectu
3787 3837 3877 3899 in·

2338 3948 2555 4015 teriori
2599 3948 2917 4030 quantum
2963 3943 3043 4008 ad
3083 3942 3484 4009 divinitatem
3499 3988 3517 4020 ‚
3561 3946 3629 4006 et
3667 3944 3744 4009 in
3778 3957 3875 4008 as·

2336 4062 2525 4141 pecta
2570 4057 2645 4138 (b)
2691 4050 2994 4121 exteriori
3036 4052 3352 4133 quantum
3391 4048 3475 4114 ad
3521 4048 3876 4114 humanita-

2336 4170 2469 4231 tem
2488 4211 2506 4241 ,
2535 4167 2632 4227 est
2658 4177 2777 4230 vas
2804 4158 3183 4228 admirabile
3201 4204 3222 4235 ‚
3252 4157 3404 4240 quia
3441 4157 3875 4224 contentivam

2337 4265 2995 4353 incomprehensibilis
3062 4261 3408 4329 divinitatis
3438 4280 3457 4326 ε
3537 4285 3569 4325 α
3598 4261 3675 4328 ln
3740 4264 3874 4346 ipso

2336 4380 2512 4445 enim
2529 4377 2554 4414 ⁶
2611 4375 2924 4441 inhabitat
2968 4370 3377 4455 corporaliter
3424 4372 3504 4451 (c)
3554 4370 3874 4453 plenitudo

2337 4483 2710 4551 divinitatis.
2731 4504 2763 4543 ι
2798 4479 3038 4547 Dicitur
3060 4493 3218 4560 opus
3246 4476 3550 4558 Exest-su
3578 4495 3733 4542 nam
3758 4480 3872 4543 etsi

2338 4590 2640 4658 Excelsus
2663 4589 2891 4652 formet
2916 4602 3140 4650 omnes
3158 4583 3521 4667 adjuvando
3549 4587 3868 4663 naturam,

2336 4702 2553 4764 tamen
2579 4694 2931 4780 specialiter
2948 4691 3269 4758 Christum
3295 4691 3595 4756 formavit
3615 4709 3872 4775 operan-

2335 4808 2418 4874 do
2436 4823 2629 4889 super
2650 4807 2971 4870 naturam.
2998 4799 3116 4864 Hic
3149 4801 3226 4867 in
3256 4798 3620 4867 meridiano
3655 4800 3867 4868 exurit

2342 4919 2603 4994 terram,
2624 4911 2859 4976 scilicet
2893 4913 3222 4973 terrenum
3249 4922 3381 4986 cor,
3413 4907 3670 4990 quando
3696 4914 3792 4973 est
3806 4907 3870 4972 in

2341 5018 2784 5086 ardentissimo
2816 5013 3124 5081 desiderio
3151 5011 3278 5078 sui.

2426 5126 2728 5210 Sequitur
2750 5145 2766 5187 :
2800 5124 2891 5190 Hi
2911 5123 3069 5188 sunt
3090 5118 3207 5202 qui
3231 5117 3417 5186 eorde
3438 5116 3597 5186 bono
3614 5124 3677 5187 et
3700 5121 3868 5203 opti-

2343 5249 2445 5301 mo
2473 5232 2726 5301 verbum
2768 5224 3045 5298 retinent
3074 5247 3099 5292 :
3148 5223 3260 5289 ubi
3301 5227 3559 5290 notatur
3599 5225 3869 5293 secundo

2408 5394 2473 5456 (a)
2506 5393 2627 5455 Leg.
2657 5390 2866 5458 irriguo.
2898 5414 2960 5430 ·-
2989 5385 3054 5453 (ὁ)
3093 5384 3252 5437 exitu.
3277 5408 3338 5422 —
3372 5385 3437 5449 (c)
3462 5384 3588 5438 Cat.
3625 5386 3747 5439 edit.
3775 5387 3866 5440 ha-

2345 5463 2473 5518 bitat
2496 5463 2732 5516 totaliter.
