4059 6317
729 516 855 582 332

734 649 944 709 dicturi
970 665 1194 721 sumus,
1222 650 1328 726 qui
1367 651 1446 710 ab
1490 666 1696 711 amore
1720 640 1952 725 mundi,
1982 669 2094 712 nec
2120 669 2271 727 prae·

733 744 917 819 ceptis
941 743 1251 818 flectimur,
1279 761 1389 804 nec
1426 745 1776 805 verberibus
1803 745 2211 805 deterremur?
2236 768 2265 803 n

695 830 700 847 '
733 839 848 898 Sed
880 843 1103 913 quaeret
1128 838 1278 899 forte
1307 839 1524 914 aliquis
1548 840 1567 874 ¹
1602 858 1617 897 ι
1650 840 1846 911 «Quid
1872 844 2071 899 Petrus
2099 840 2272 898 dimi·

730 931 824 1003 sit,
854 931 957 1005 qui
983 948 1136 1007 pene
1160 933 1311 992 nihil
1336 933 1581 992 habuit?
1599 957 1626 987 ι»
1662 934 1803 992 Huic
1839 935 2116 1009 quoetioni
2145 952 2270 993 res-

726 1028 956 1100 pondet
979 1030 1294 1103 Gregorius
1309 1033 1354 1101 ²,
1382 1031 1582 1090 dicens
1614 1050 1629 1089 ε
1666 1051 1694 1085 α
1715 1036 1777 1092 ln
1795 1032 1906 1089 hac
1931 1048 2018 1100 re,
2040 1032 2268 1103 fratres,

725 1122 923 1197 potius
976 1122 1263 1183 debemus
1308 1125 1684 1184 considerare
1736 1125 2037 1197 affectum,
2087 1142 2268 1201 quam

727 1231 989 1275 censum.
1037 1218 1281 1275 Multum
1332 1219 1491 1277 enim
1542 1219 1876 1295 dereliquit,
1921 1221 2026 1295 qui
2081 1236 2271 1294 quan·

725 1307 999 1369 tumlibet
1023 1326 1260 1385 parum,
1289 1313 1458 1387 quod
1483 1313 1712 1386 habuit,
1744 1318 1932 1372 totum
1961 1314 2220 1373 deseruit
2250 1333 2264 1371 ε

724 1403 977 1462 multum
1004 1404 1244 1478 dimisit,
1274 1406 1378 1481 qui
1410 1406 1772 1465 desiderium
1810 1406 2075 1465 habendi
2106 1407 2269 1465 dere·

723 1496 914 1571 liquit.
959 1500 1103 1556 Nam
1139 1516 1177 1557 a
1216 1501 1600 1574 sequentibus
1643 1500 1934 1560 Christum
1973 1505 2136 1559 tanta
2171 1500 2266 1558 di-

722 1590 901 1648 missa
933 1596 1087 1665 sunt,
1117 1597 1340 1668 quanta
1379 1610 1417 1652 a
1455 1611 1579 1653 non
1619 1596 2000 1668 sequentibus
2043 1611 2265 1653 concu-

718 1684 868 1760 pisci
910 1691 1301 1761 potuerunt.»
1357 1691 1508 1746 Bene
1554 1688 1731 1762 igitur
1775 1691 1974 1747 Petrus
2015 1689 2161 1747 dicit
2192 1690 2260 1748 ⁸:

724 1800 755 1834 ι
783 1783 928 1837 Ecce
953 1796 1067 1838 nos
1090 1781 1440 1856 reliquimus
1472 1783 1697 1854 omnia,
1735 1787 1788 1840 et
1830 1784 2012 1841 secuti
2058 1800 2264 1847 sumus

718 1876 793 1932 te.
825 1894 856 1931 »
886 1874 1290 1933 Bernardus⁸t
1328 1896 1356 1929 α
1382 1880 1567 1947 Bene,
1613 1876 1836 1951 inquit,
1882 1880 2075 1949 petre,
2121 1878 2264 1952 quia

717 1967 888 2043 sequi
912 1969 1204 2027 Christum
1227 1985 1351 2028 non
1371 1974 1606 2044 poteras
1631 1970 1714 2028 sic
1743 1974 2020 2029 oneratus
2052 1989 2067 2029 ε
2097 1971 2264 2029 velo-

719 2061 843 2119 cius
870 2063 1029 2120 enim
1046 2063 1228 2121 currit
1250 2065 1490 2122 nuntius
1517 2065 1595 2123 ab
1619 2064 1899 2123 omnibus
1926 2065 2257 2139 expeditus,

532 2191 691 2233 Exem-
718 2172 901 2230 quam
929 2157 1226 2215 mercibus
1254 2162 1548 2216 oneratus,
1579 2159 1805 2216 Fortius
1832 2159 1962 2217 aliis
1992 2160 2173 2217 currit
2197 2159 2260 2216 in

473 2251 615 2305 plum.
717 2266 878 2325 aqua
909 2251 1078 2309 navis
1113 2256 1452 2324 exonerata,
1494 2268 1678 2327 quam
1722 2253 2019 2311 mercibus
2059 2252 2256 2328 plena.

716 2347 958 2419 Propter
982 2344 1147 2420 quod
1183 2346 1279 2403 leo
1321 2346 1467 2403 dum
1505 2346 1708 2420 fugere
1752 2350 2057 2404 venatores
2097 2347 2258 2420 cogi-

712 2445 816 2514 tat,
845 2446 1111 2500 ventrem
1142 2445 1451 2515 gravatum
1480 2442 1629 2500 cibis
1656 2447 1953 2500 exonerat.
1984 2442 2125 2512 Quis
2152 2459 2258 2500 un-

713 2552 896 2611 quam
942 2536 1096 2594 bene
1150 2535 1328 2609 fugit,
1386 2536 1435 2593 si
1489 2543 1766 2595 oneratus
1816 2536 2002 2610 fugit?
2050 2539 2255 2594 Nonne

710 2630 919 2689 stultus
961 2634 1110 2690 esset
1153 2632 1257 2707 qui
1295 2631 1545 2707 plumbo
1584 2648 1646 2689 se
1686 2633 1976 2701 oneraret,
2010 2630 2254 2705 quando

709 2741 847 2784 eum
894 2726 1094 2800 fugere
1142 2726 1526 2802 oporteret‘i»
1579 2729 1733 2799 Ergo
1781 2742 1920 2783 cum
1970 2724 2255 2799 apostolis

708 2821 1141 2879 contemnenda
1187 2824 1322 2879 sunt
1365 2820 1590 2891 omnia,
1636 2836 1768 2895 quoe
1821 2842 1848 2873 «
1866 2818 2072 2877 habita
2118 2834 2252 2892 gra-

706 2918 868 2987 vant,
898 2919 956 2972 et
981 2914 1195 2973 amissa
1231 2914 1633 2985 excruciant,»
1670 2914 1819 2973 sicut
1842 2913 1983 2974 dicit
2009 2917 2252 2973 Bernar-

707 3006 840 3065 dus.

776 3101 1048 3161 Secundo
1076 3101 1331 3176 legimus
1356 3102 1657 3160 Simonem
1685 3102 1784 3159 Dei
1815 3101 2026 3159 Filium
2054 3102 2245 3160 Chris-

703 3198 831 3253 tum
883 3196 1276 3255 confitentem.
1333 3200 1478 3256 Nam
1536 3213 1672 3254 cum
1716 3200 2004 3271 quaereret
2048 3196 2246 3254 Domi-

702 3292 853 3348 nus⁸
883 3309 898 3347 ε
932 3293 1164 3361 «Quem
1198 3291 1401 3349 dicunt
1425 3290 1696 3349 homines
1732 3306 1859 3348 esse
1899 3288 2091 3348 filium
2131 3291 2242 3347 ho-

701 3384 959 3443 minist»
1020 3390 1079 3443 et
1113 3385 1214 3443 alii
1254 3385 1516 3443 dicerent
1557 3403 1573 3442 ε
1628 3404 1656 3451 ᾳ
1685 3388 1971 3443 loannem
2021 3385 2244 3458 Baptis-

699 3481 856 3552 tam,
903 3479 1005 3538 alii
1044 3478 1384 3553 Jeremiam3
1410 3502 1437 3532 »
1479 3479 1604 3554 ipse
1645 3478 1724 3536 ait
1764 3477 1845 3536 ad
1887 3478 2191 3551 apostolos
2224 3496 2240 3535 ε

704 3593 734 3627 α
760 3575 874 3629 Vos
909 3577 1106 3630 autem
1141 3589 1322 3659 quem
1358 3590 1455 3631 me
1494 3590 1618 3631 esse
1655 3572 1934 3630 dicitist»
1967 3576 2034 3630 Et
2076 3590 2242 3630 «res-

695 3666 971 3741 pondens
1004 3667 1205 3725 Simon
1232 3670 1430 3725 Petrus
1459 3666 1646 3725 dixit:
1676 3671 1758 3725 Tu
1800 3683 1862 3724 es
1888 3666 2144 3725 Christus
2169 3667 2240 3724 fi-

695 3759 812 3818 lius
839 3760 938 3818 Dei
964 3760 1106 3817 vivi.
1136 3782 1164 3814 »
1199 3764 1327 3819 tloee
1355 3765 1552 3818 autem
1580 3759 1867 3818 confessio
1910 3759 1993 3818 sic
2018 3760 2241 3835 placuit

698 3856 978 3925 Domino,
1025 3861 1092 3912 ut
1136 3853 1356 3912 diceret
1404 3854 1628 3913 Simoni
1682 3851 1931 3912 Petro⁸z
1968 3858 2081 3912 «Et
2123 3871 2235 3928 ego

695 3948 831 4006 dico
857 3949 987 4020 tibi,
1011 3950 1192 4020 Petre,
1223 3948 1366 4022 quia
1385 3951 1448 4004 tu
1475 3964 1536 4006 es
1563 3949 1783 4020 Petrus,
1806 3951 1862 4005 et
1880 3965 2058 4023 super
2083 3933 2237 4007 hanc

691 4048 922 4116 petram
943 4040 1253 4100 aedificabo
1282 4039 1597 4098 Ecclesiam
1619 4058 1837 4112 meam,
1858 4046 1915 4099 et
1939 4045 2124 4115 portae
2151 4042 2236 4099 in·

691 4134 799 4194 feri
844 4152 968 4196 non
1008 4134 1414 4210 praevalebunt
1457 4135 1745 4193 adversus
1790 4151 1925 4194 eam
1963 4156 1981 4191 :
2027 4139 2085 4193 et
2127 4135 2233 4193 tibi

692 4228 851 4287 dabo
894 4229 1092 4287 claves
1132 4228 1300 4302 regni
1344 4227 1633 4286 coelorum
1663 4245 1679 4286 ε
1711 4233 1767 4286 et
1808 4228 2231 4303 quodcumque

688 4321 966 4397 ligaveris
991 4338 1169 4397 super
1194 4327 1433 4395 terram,
1460 4322 1569 4381 erit
1592 4322 1842 4396 ligatum
1861 4325 1918 4381 et
1943 4323 2005 4380 in
2031 4322 2229 4391 coelis,-

687 4422 744 4476 et
770 4418 1196 4494 quodcumque
1225 4418 1472 4477 solveris
1498 4434 1677 4492 super
1716 4421 1963 4490 terram,
1996 4418 2107 4476 erit
2133 4434 2228 4476 so-

684 4514 878 4588 lutum
916 4519 973 4573 et
1014 4513 1076 4571 in
1115 4512 1292 4570 coelis.
1318 4533 1350 4569 ι)
1383 4516 1477 4571 Est
1501 4518 1702 4571 tamen
1735 4511 2022 4581 notabile,
2062 4514 2228 4587 quod

686 4611 881 4667 Petrus
906 4607 1197 4666 Christum
1225 4605 1525 4666 confessus
1550 4610 1636 4663 est
1659 4621 1784 4679 ore,
1815 4606 2061 4681 quando
2088 4622 2228 4665 eum

683 4704 956 4776 gentibus
1003 4703 1378 4778 praefflcavit3
1435 4706 1494 4761 et
1548 4702 1846 4763 confessus
1896 4707 1982 4760 est
2024 4717 2222 4777 opere,

683 4798 929 4873 quando
951 4812 1062 4871 pro
1091 4813 1164 4855 eo
1191 4796 1454 4870 crucifigi
1474 4796 1682 4854 voluit.
1713 4795 1829 4854 Sed
1852 4795 2020 4871 quid,
2044 4796 2088 4852 si
2121 4796 2222 4870 qui

678 4892 860 4952 hodie
916 4892 1207 4951 Christum
1261 4891 1651 4949 confiteantur
1706 4876 1840 4962 ore‘,
1894 4889 1990 4947 vel
2047 4889 2223 4947 etiam

679 4989 881 5060 corde,
911 4988 1016 5064 qui
1044 5004 1183 5046 eum
1205 4990 1402 5046 tamen
1428 5001 1551 5043 non
1580 4984 1970 5044 confiteantur
1999 4985 2222 5059 opere?

676 5081 862 5154 Tales,
918 5086 983 5140 ut
1025 5082 1167 5140 dicit
1217 5079 1528 5155 Apostolus
1545 5081 1590 5152 ⁷,
1625 5077 1876 5137 «dicunt
1929 5094 1990 5136 se
2043 5093 2219 5136 nosse

678 5175 860 5233 Deum
881 5216 903 5247 ,
930 5173 1096 5233 factis
1143 5177 1340 5233 autem
1385 5176 1624 5247 negant,
1652 5195 1677 5227 »
1732 5177 1790 5231 et
1823 5170 2045 5230 similes
2084 5175 2219 5229 sunt

737 5325 756 5361 ¹
786 5325 1021 5389 Gregor„
1060 5323 1114 5373 in
1153 5324 1369 5389 Evanq„
1403 5322 1547 5373 hom.
1591 5334 1638 5386 v,
1677 5336 1731 5372 n.
1766 5326 1814 5371 2.
1850 5347 1912 5359 —
1945 5325 1964 5357 ⁸
1994 5320 2123 5371 ibid.
2153 5347 2216 5360 —

675 5394 697 5430 ⁸
722 5394 927 5458 Mami„
956 5405 1081 5459 xix,
1111 5398 1190 5445 27.
1219 5422 1281 5435 —
1315 5396 1337 5432 δ
1365 5396 1516 5445 Bern.
1549 5392 1847 5454 Declanwt„
1875 5393 1928 5442 in
1956 5392 2120 5456 princ.
2152 5418 2216 5430 —

676 5469 694 5500 ⁸
714 5467 919 5530 Manli„
946 5478 1056 5531 xvi,
1092 5469 1251 5519 13-16.
1277 5494 1342 5507 —
1365 5469 1388 5500 ⁸
1420 5465 1568 5530 thid„
1599 5467 1764 5516 ¹8-19.
1786 5491 1842 5501 —
1878 5466 1894 5495 ⁷
1925 5464 2039 5527 Tit„
2069 5476 2105 5521 ι,
2134 5467 2210 5514 ¹6.

1742 514 2157 621 SERMONES
2198 516 2300 583 DE
2341 515 2692 586 SANCTIS.
2736 520 2924 590 XVII.

2377 655 2615 729 Judaeis,
2642 659 2746 733 qui
2772 658 3060 719 Christum
3096 661 3417 720 Dominum
3462 659 3915 735 cognoscebant,

2379 749 2485 807 sed
2513 750 2844 811 factis-eum
2870 754 3187 827 negabant.
3219 756 3468 815 Gravius
3497 756 3663 814 enim
3686 760 3918 830 pecoent

2377 842 2526 900 tales
2553 844 2881 919 Christiani,
2911 865 3094 923 quam
3120 854 3368 925 peccent
3394 850 3617 923 pagani
3639 848 3741 907 vel
3768 852 3917 907 Sara·

2378 937 2528 994 ceni.
2557 943 2722 1010 Nam,
2743 942 2999 1016 exempli
3025 944 3234 1016 gratia,
3258 943 3372 1001 tale
3398 959 3705 1017 ponamus
3734 959 3915 1001 exem-

2375 1029 2566 1104 plum.
2583 1032 2707 1090 Sint
2724 1034 2995 1092 homines
3011 1036 3133 1094 duo
3154 1037 3258 1110 qui
3278 1036 3529 1110 obligati
3547 1042 3693 1094 sunt
3708 1053 3830 1094 uno
3847 1035 3913 1110 (a)
3972 1061 4059 1103 a„

2377 1122 2645 1198 domino,
2686 1128 2793 1185 sed
2836 1145 2989 1186 unus
3026 1129 3452 1204 obligationem
3490 1131 3653 1188 hanc
3688 1122 4027 1201 nesciat,iiim

2374 1218 2522 1277 alter
2549 1236 2691 1279 vero
2726 1221 2902 1296 plene
2943 1228 3256 1295 agnoscat:
3294 1227 3352 1281 et
3387 1228 3644 1298 uterque
3684 1223 3911 1282 istorum

2373 1313 2675 1371 servitium
2727 1314 2974 1374 domino
3019 1332 3143 1374 non
3187 1317 3515 1392 impendat.
3562 1322 3638 1376 At
3680 1316 3911 1375 domino

2372 1407 2715 1480 requirenti,
2746 1424 2851 1466 cur
2878 1410 2994 1468 sibi
3022 1426 3144 1469 non
3169 1411 3413 1483 serviat,
3442 1411 3684 1485 primus
3724 1410 3906 1468 dicat:

2373 1500 2638 1573 Domine,
2670 1502 2868 1561 nescio
2912 1503 3079 1579 quod
3123 1504 3202 1562 sis
3244 1503 3529 1561 dominus
3558 1520 3757 1562 meus.
3786 1507 3907 1562 Nam

2370 1593 2420 1651 si
2452 1593 2689 1667 scirem,
2723 1595 2934 1655 devote
2963 1596 3069 1655 tibi
3102 1596 3418 1667 servirem,
3449 1613 3565 1655 nec
3608 1596 3784 1655 alteri
3820 1596 3909 1654 do-

2371 1689 2536 1747 mino
2583 1692 2752 1748 tuum
2792 1690 3081 1750 honorem
3125 1690 3563 1766 impenderem.
3619 1690 3743 1750 Sed
3786 1690 3907 1749 alta

2372 1783 2572 1842 dicat:
2610 1784 2771 1855 Scio,
2818 1784 2972 1843 bene
3013 1785 3199 1844 sentio
3248 1790 3303 1842 te
3350 1784 3679 1843 dominum
3728 1802 3906 1843 meum

2370 1893 2517 1949 esse,
2545 1877 2651 1936 sed
2677 1877 2819 1937 nolo
2851 1877 2957 1936 tibi
2981 1878 3218 1937 servire.
3251 1878 3559 1954 Numquid
3584 1894 3717 1937 non
3747 1878 3900 1936 valde

2368 1971 2606 2043 gravius
2670 1970 2994 2031 offenderet
3054 1972 3366 2030 dominum
3435 1972 3533 2030 hic
3600 1972 3905 2043 secundus,

2368 2082 2551 2141 quam
2579 2066 2828 2143 primus,
2858 2085 2995 2126 cum
3019 2068 3120 2126 ille
3150 2068 3465 2127 dominum
3491 2083 3625 2126 non
3651 2072 3903 2126 contem-

2365 2163 2489 2230 nat,
2533 2161 2630 2218 hie
2676 2167 2872 2220 autem
2917 2165 3275 2234 contemnat,
3326 2167 3384 2220 et
3434 2165 3599 2220 totus
3652 2162 3904 2235 ingratus

2366 2254 2614 2312 existat?
2644 2256 2991 2330 Exemplum
3011 2254 3085 2312 de
3103 2255 3278 2313 beato
3306 2255 3627 2327 machario,
3656 2257 3903 2330 quicum

2362 2441 2498 2499 sivit
2517 2442 2651 2517 quis
2669 2441 2873 2516 fuerit;
2904 2443 2999 2502 cui
3027 2448 3205 2518 caput
3233 2461 3248 2498 ε
3280 2442 3571 2501 Sacerdos
3610 2442 3905 2500 idolorum

2359 2534 2465 2593 fui.
2505 2535 2608 2594 Cui
2635 2542 2868 2596 sanctus
2909 2537 3272 2596 macharius:
3302 2539 3500 2594 Est-ne
3541 2536 3773 2611 aliquis
3804 2536 3905 2594 sub

2346 2624 2454 2687 'tei
2494 2630 2816 2706 Respondit
2860 2636 3079 2705 caput:
3124 2632 3269 2688 Sunt
3312 2629 3563 2704 quidem
3608 2630 3905 2688 inferiores

2360 2723 2537 2781 nobis
2555 2724 2762 2798 Judoei,
2792 2725 2896 2799 qui
2927 2725 3239 2782 Dominum
3275 2728 3722 2797 cognoverunt,
3751 2728 3806 2782 et
3826 2722 3907 2781 le-

2359 2833 2498 2890 gem
2519 2817 2595 2876 ab
2628 2834 2700 2877 eo
2731 2821 3113 2893 acceperunt3
3144 2820 3200 2875 et
3235 2816 3433 2875 adhuc
3458 2815 3773 2876 inferiores
3798 2835 3904 2876 cin-

2357 2911 2496 2970 teris
2514 2911 2659 2970 mali
2684 2912 2989 2971 Christiani
3016 2916 3171 2982 sunt,
3204 2912 3310 2987 qui
3351 2909 3783 2985 redemptionis
3806 2912 3903 2970 be-

2357 3006 2637 3064 neficium
2662 3011 3052 3080 agnoverunt,
3075 3010 3133 3064 et
3157 3022 3232 3064 ex
3257 3007 3373 3065 hoc
3399 3005 3623 3080 ingrati
3650 3006 3901 3065 fuerunt.

2356 3101 2530 3174 Erg0,
2556 3100 2780 3174 fratreS,
2810 3101 2990 3159 nolite
3034 3100 3349 3159 Dominum
3391 3099 3595 3158 solum
3637 3100 3901 3159 confiteri

2357 3210 2482 3266 ore,
2523 3194 2631 3252 sed
2668 3211 2772 3253 ore
2816 3194 3077 3253 confiteri
3121 3200 3177 3253 et
3221 3210 3401 3269 opere
3432 3212 3449 3251 ε
3489 3193 3680 3269 quia⁸
3710 3194 3902 3252 «fides

2353 3288 2480 3346 sine
2530 3288 2813 3363 operibus
2855 3291 3092 3347 mortua
3143 3290 3248 3346 est.
3278 3308 3308 3343 ιο
3349 3288 3505 3358 Quid
3561 3287 3807 3360 valeret,
3852 3290 3901 3345 si

2351 3380 2535 3441 homo
2580 3384 2998 3457 Imperatorem
3026 3387 3426 3457 cognosceret,
3453 3381 3563 3440 sed
3591 3383 3648 3440 ei
3680 3382 3900 3440 servire

2353 3478 2785 3534 contemneret?
2809 3476 3105 3552 numquid
3118 3493 3243 3535 non
3270 3480 3679 3551 contemptum
3694 3491 3901 3549 aggra-

2349 3570 2551 3628 varet?
2575 3570 2734 3628 Sicut
2760 3571 2918 3628 enim
2945 3570 3281 3643 ignorantia
3302 3570 3509 3644 aliquo
3547 3569 3736 3627 modo
3762 3586 3899 3642 pec-

2350 3669 2548 3721 catum
2571 3670 2830 3737 excusat,
2850 3665 2933 3722 sic
2947 3663 3188 3722 scientia
3208 3667 3511 3738 aggravat.
3543 3661 3899 3737 Exemplum

2348 3757 2410 3815 in
2454 3758 2725 3832 apostolo
2766 3758 2982 3830 Paulo,
3008 3758 3113 3833 qui
3145 3758 3322 3815 dieit⁹
3350 3773 3411 3814 se
3442 3756 3583 3815 ideo
3618 3778 3650 3811 α
3670 3759 3898 3815 miseri-

2348 3853 2615 3910 cordiam
2642 3856 3043 3923 consecutum,
3073 3852 3215 3926 quia
3237 3851 3518 3924 ignorans
3540 3850 3700 3909 fecit.
3719 3871 3748 3905 ιο

2416 3946 2604 4004 Tertio
2640 3946 2895 4019 legimus
2940 3947 3247 4005 Simonem
3288 3945 3582 4003 Christum
3624 3961 3747 4019 pree
3788 3961 3899 4002 ωι-

2342 4040 2481 4098 teris
2536 4040 2901 4114 diligentem.
2962 4038 3127 4098 Unde
3172 4039 3455 4096 Dominus
3505 4038 3655 4095 dicit
3707 4039 3760 4097 ei
3802 4040 3848 4084 ι·
3877 4057 3893 4095 :

2349 4153 2380 4189 α
2400 4135 2604 4193 Simon
2628 4134 2889 4205 ioannis,
2921 4132 3120 4206 diligis
3143 4148 3240 4190 me
3278 4132 3414 4206 plus
3440 4128 3623 4189 nisit»
3658 4135 3727 4190 Et
3762 4131 3849 4190 nit
3874 4150 3890 4189 :

2350 4247 2381 4283 α
2403 4232 2486 4286 Τιι
2514 4228 2646 4295 scis,
2674 4227 2938 4299 Domine,
2968 4227 3110 4302 quia
3137 4241 3275 4284 amo
3298 4232 3376 4284 te.
3398 4247 3429 4281 n
3454 4229 3565 4284 Ter
3596 4226 3687 4284 sic
3723 4242 3895 4301 quae·

2341 4322 2494 4393 sivit,
2519 4327 2576 4380 et
2601 4324 2798 4380 Petrus
2824 4337 3057 4395 semper
3084 4321 3166 4378 ita
3191 4320 3518 4394 respondit.
3542 4320 3687 4379 Hira
3712 4320 3777 4378 in
3800 4321 3897 4378 his

2342 4416 2538 4474 verbis
2577 4432 2809 4490 semper
2846 4413 3285 4472 commendatio
3325 4412 3665 4472 dilectionis
3690 4415 3891 4472 Petri:

2339 4509 2504 4584 quia,
2533 4509 2681 4566 sicut
2707 4507 2850 4566 dicit
2872 4508 3231 4581 Augustinus
3248 4506 3308 4578 ¹¹,
3345 4507 3469 4565 «de
3506 4508 3626 4566 hoc
3661 4525 3899 4583 quaere-

2338 4603 2444 4660 bat
2471 4603 2772 4673 Dominus,
2800 4600 2966 4676 quod
2993 4601 3235 4659 sciebat.
3264 4621 3293 4657 n
3324 4601 3467 4660 Mira
3487 4602 3671 4659 etiam
3690 4602 3899 4659 humi·

2336 4695 2470 4754 litas
2496 4696 2681 4770 ipsius
2721 4695 3015 4770 Apostoli,
3045 4694 3151 4770 qui
3190 4693 3266 4752 de
3303 4710 3367 4752 se
3411 4710 3624 4769 parva,
3649 4694 3725 4753 de
3756 4695 3897 4754 aliis

2335 4789 2619 4848 sentiebat
2647 4804 2883 4861 magna.
2917 4791 3086 4858 Nam,
3116 4803 3254 4846 cum
3289 4787 3514 4846 diceret
3551 4787 3847 4845 Dominus
3876 4807 3892 4845 ε

2336 4878 2540 4947 Diliqis
2579 4892 2661 4931 me
2695 4878 2817 4947 plus
2858 4875 2985 4930 his?
3008 4871 3305 4947 numquid
3342 4873 3414 4946 (b)
3453 4875 3508 4931 ei
3545 4873 3895 4948 respondit,

2333 4971 2503 5046 quod
2536 4971 2672 5046 plus
2703 4969 2831 5028 aliis
2864 4985 3005 5027 eum
3031 4968 3320 5042 diligeret,
3349 4968 3456 5026 sed
3482 4969 3683 5027 solum
3710 4968 3895 5044 quod

2332 5081 2470 5123 eum
2497 5068 2737 5124 amaret.
2765 5066 2913 5135 «Tu,
2940 5062 3134 5137 inquit
3152 5060 3211 5135 ¹²,
3238 5063 3505 5134 Domine,
3536 5063 3644 5138 qui
3671 5062 3895 5121 omnin

2330 5244 2391 5257 —
2413 5220 2433 5250 ⁸
2460 5220 2587 5280 lac„
2618 5230 2676 5281 n,
2704 5221 2783 5270 2⁰.
2804 5244 2866 5257 —
2893 5218 2953 5267 ’l
2982 5216 3109 5281 Tim,
3136 5228 3174 5276 1,
3202 5219 3282 5267 13.
3311 5243 3373 5255 -
3405 5218 3446 5250 ¹⁰
3473 5218 3645 5282 Joan„
3674 5228 3796 5281 xxi,
3830 5219 3891 5268 1⁵

2329 5296 2383 5342 et
2408 5306 2516 5356 seq.
2551 5319 2607 5328 —
2642 5294 2674 5326 ¹¹
2708 5294 2943 5356 August„
2977 5292 3031 5339 in
3057 5291 3219 5355 leam,
3250 5295 3400 5341 tract.
3427 5301 3628 5354 cum,
3654 5303 3709 5339 n.
3740 5294 3797 5341 5.
3826 5316 3893 5329 -

2328 5368 2369 5401 ¹²
2399 5366 2565 5429 Joan„
2598 5376 2709 5426 xn,
2739 5367 2816 5416 Π.

2390 5458 2456 5521 (α)
2490 5460 2608 5525 Leq.
2636 5459 2744 5510 uni.
2778 5483 2830 5493 -
2869 5454 2930 5517 (b)
2968 5453 3080 5521 [ις.
3109 5468 3236 5508 non.

2363 2345 2681 2406 invenisset
2705 2349 2767 2406 in
2788 2348 3019 2407 deserto
3048 2352 3226 2424 caput
3250 2349 3533 2421 hominis,
3557 2349 3642 2407 ab
3670 2365 3747 2407 eo
3767 2366 3903 2424 quae·
3924 2308 4059 2424 ,εἶ’
