4059 6317
817 412 1194 482 DoMlNch
1235 413 1320 481 111
1362 413 1565 482 POST
1605 413 1985 483 OCTAVAM
2027 413 2379 481 PASCHAE.
2425 414 2689 483 SERMO
2733 414 2840 481 m.

303 549 392 616 De
426 549 710 615 secundo
755 550 784 605 ³.
823 571 840 616 ε
889 572 922 611 α
957 549 1208 617 Induite
1235 568 1353 618 vos
1375 555 1773 617 armaturam

225 656 332 723 Dei
348 706 366 737 ‚
406 660 484 723 ut
506 657 763 740 possitis
796 660 965 724 stare
996 657 1302 724 adversus
1337 658 1603 725 insidias
1627 658 1772 724 dia·

221 764 348 830 boli
362 814 382 843 ‚
411 764 569 848 quia
593 782 728 831 non
751 769 847 831 est
870 765 1054 831 nobis
1078 764 1437 832 colluctatio
1466 765 1775 832 adversus

221 891 504 953 carnem,
535 876 600 939 et
625 873 1034 956 sanguinem,
1065 874 1174 941 sed
1201 874 1508 941 adversus
1530 874 1775 958 princi-

223 1000 366 1064 pes,
391 987 458 1046 et
487 985 850 1064 potestates,
883 1005 915 1041 »
949 986 1070 1048 etc.
1101 982 1274 1048 Bene
1299 983 1671 1065 indigemus
1700 985 1774 1047 ut

221 1105 556 1155 armemur
573 1088 945 1170 virtutibus,
967 1089 1122 1173 quia
1140 1090 1458 1173 principes
1477 1090 1583 1155 isti
1606 1107 1772 1154 sem-

225 1214 337 1278 per
363 1214 484 1262 nos
507 1196 738 1261 armati
765 1197 1193 1279 impugnant,
1232 1196 1402 1261 sicut
1441 1196 1774 1279 significa-

226 1307 364 1368 tum
387 1308 506 1368 est.
536 1301 772 1369 Dicitur
803 1309 827 1345 ²
856 1325 872 1368 ε
914 1325 947 1364 α
974 1300 1207 1369 Omnes
1233 1303 1557 1387 principes
1585 1303 1775 1386 prin-

81 1396 92 1407 ’
224 1410 442 1494 cipum
465 1414 531 1476 et
556 1410 869 1476 nominati
900 1429 1264 1477 ascensores
1301 1428 1621 1494 equorum
1647 1411 1775 1474 ins·

227 1519 419 1583 tructi
444 1519 718 1585 veniunt
738 1537 928 1603 super
947 1524 1030 1599 te,
1050 1522 1115 1584 et
1140 1519 1432 1584 instructi
1459 1537 1680 1598 curru,
1712 1521 1776 1582 et

229 1630 357 1690 tota
382 1626 729 1718 multitudo
761 1625 1144 1709 populorum
1169 1626 1398 1706 lorica,
1432 1630 1501 1692 et
1524 1624 1769 1709 clypeo,

225 1737 289 1798 et
331 1732 521 1815 galea
556 1734 986 1803 armabuntur
1026 1738 1249 1801 contra
1285 1738 1348 1799 te
1395 1735 1700 1817 undique.
1730 1755 1763 1795 a

226 1840 549 1924 Prineipes
560 1841 926 1924 principum
940 1846 1091 1907 sunt
1102 1841 1417 1926 principes
1441 1841 1521 1925 (α)
1539 1841 1775 1909 daemo-

227 1967 413 2014 num.
446 1948 616 2031 Equi
641 1953 860 2014 autem
888 1949 1255 2015 daemonum
1279 1952 1434 2015 sunt
1463 1947 1769 2032 perversi,

226 2076 384 2141 quos
415 2057 500 2122 de
529 2057 686 2123 vitio
711 2057 794 2122 ad
819 2057 1051 2122 vitium
1078 2075 1255 2123 nunc
1291 2057 1578 2140 equitant
1599 2105 1619 2137 ,
1656 2058 1772 2122 do-

225 2182 342 2235 nec
376 2165 577 2231 simul
614 2164 685 2229 in
729 2165 1057 2231 infernum
1096 2166 1323 2231 cadant
1351 2168 1374 2205 ⁸
1405 2186 1422 2229 ε
1462 2187 1494 2227 α
1518 2163 1773 2248 Equum

226 2277 288 2338 et
320 2291 724 2339 ascensorem
768 2273 1039 2357 projecit
1071 2273 1143 2337 in
1185 2291 1390 2338 mare.
1448 2294 1480 2333 n
1538 2272 1777 2337 Currus

226 2387 440 2449 autem
482 2384 717 2450 diaboli
754 2389 852 2448 est
891 2383 1062 2448 mala
1110 2383 1375 2449 societas
1394 2431 1414 2461 ,
1464 2402 1612 2465 quae
1656 2400 1773 2448 vo·

225 2491 470 2556 luntate
521 2496 586 2556 et
640 2491 1031 2575 operatione,
1074 2496 1139 2556 et
1174 2489 1635 2556 consuetudine
1653 2537 1670 2569 ,
1713 2491 1778 2553 et

229 2599 652 2664 obstinatione
695 2601 995 2682 corrupta
1011 2646 1036 2679 ‚
1074 2597 1262 2681 quasi
1296 2601 1576 2681 quatuor
1620 2596 1778 2662 rotis

227 2707 424 2772 simul
449 2705 673 2772 currit.
704 2705 1043 2772 Multitudo
1069 2706 1450 2788 populorum
1488 2707 1584 2770 est
1606 2704 1780 2770 mul-

226 2814 432 2880 titudo
473 2814 826 2898 impiorum
842 2862 870 2895 ,
914 2831 1029 2897 per
1082 2831 1246 2896 quos
1300 2812 1592 2878 diabolus
1636 2811 1775 2876 ani·

228 2937 366 2987 mas
405 2922 794 3006 impugnat:
825 2921 942 3005 qui
973 2921 1203 2985 armati
1238 2925 1392 2986 sunt
1417 2919 1612 2985 lorica
1638 2938 1775 2984 ma·

228 3027 308 3094 1ae
333 3028 849 3106 consuetudinis,
891 3027 1114 3111 clypeo
1154 3026 1624 3105 obdurationis»,
1659 3044 1779 3107 ga-

228 3138 327 3203 lea
371 3136 892 3222 praesumptionis
933 3157 950 3200 2
994 3136 1107 3219 qui
1147 3138 1553 3218 praesumunt
1587 3132 1781 3197 nimis

229 3247 306 3313 de
341 3243 451 3309 Dei
491 3242 960 3322 misericordia,
1001 3241 1105 3307 vel
1148 3241 1327 3307 finali
1377 3239 1774 3324 poenitentia.

35 3358 209 3431 ⁰¹32&-
232 3351 282 3417 E.
307 3351 628 3418 contrario
654 3349 941 3416 Christus
966 3354 1063 3415 est
1085 3348 1381 3433 princeps
1401 3347 1705 3432 pacificus
1721 3352 1776 3413 *ε

25 3432 204 3537 m
241 3458 514 3524 «Factus
537 3462 636 3524 est
660 3456 1072 3541 principatus,
1093 3477 1124 3517 υ
1145 3459 1269 3522 etc.
1285 3473 1490 3540 usque
1514 3475 1532 3519 z
1564 3476 1595 3517 α
1609 3454 1782 3537 prin-

234 3586 380 3652 ceps
407 3567 604 3652 pacis.
635 3587 666 3626 ι»

311 3675 400 3741 De
431 3674 621 3739 tertio
649 3674 672 3712 ⁸
705 3693 721 3736 ε
762 3694 794 3732 α
817 3671 944 3737 Leo
983 3672 1253 3753 rugiens
1273 3719 1292 3749 ‚
1323 3674 1387 3737 et
1410 3689 1602 3737 ursus
1626 3688 1777 3736 esu·

234 3783 404 3848 riens
419 3829 442 3861 ‚
465 3781 762 3865 princeps
795 3778 1034 3863 impius
1058 3797 1252 3863 super
1276 3779 1589 3863 populum
1618 3796 1777 3860 pau-

235 3908 474 3974 perem.
504 3909 537 3948 ι
578 3886 940 3953 Peccatores
968 3904 1120 3951 vero
1149 3890 1299 3950 sunt
1317 3872 1630 3968 pauperes
1654 3886 1783 3951 vir·

233 3997 480 4063 tutibus
507 3999 575 4060 et
608 3994 794 4063 bonis
831 3993 1134 4076 operibus
1164 4015 1181 4057 ε
1211 3993 1355 4058 ideo
1396 4010 1635 4076 paucos
1659 3993 1777 4058 ha·-

232 4104 385 4169 bent
409 4101 651 4167 amicos
677 4102 914 4165 animae
935 4100 958 4137 ⁸
975 4122 990 4162 z
1005 4122 1035 4162 α
1054 4099 1307 4166 Fratres
1325 4083 1607 4165 hominis
1628 4118 1784 4183 pau-

233 4210 403 4293 peris
427 4208 702 4275 oderunt
737 4226 914 4286 eum,
948 4213 1011 4274 et
1047 4208 1307 4293 insuper
1332 4208 1522 4274 amici
1563 4209 1783 4292 procul

232 4318 630 4381 recesserunt
654 4315 736 4379 ab
762 4331 862 4379 eo.
889 4336 921 4375 n
954 4313 1159 4379 Etiam
1178 4315 1474 4397 proximo
1490 4330 1609 4381 suo
1631 4332 1783 4397 pau·

233 4442 350 4507 per
369 4422 632 4488 odiosus
657 4426 773 4487 est.
806 4420 974 4487 Nota
996 4439 1157 4503 ergo
1187 4421 1299 4505 qui
1337 4420 1410 4503 (b)
1445 4421 1692 4502 fratres,
1721 4425 1786 4487 et

233 4530 447 4608 amici,
482 4532 547 4594 et
571 4528 904 4613 proximus
941 4532 1311 4612 spernentes
1337 4546 1589 4612 semper
1618 4547 1783 4612 pau·

233 4655 454 4721 perem
481 4637 846 4703 virtutibus.
878 4636 1131 4703 Fratres
1154 4640 1306 4702 sunt
1325 4635 1562 4713 sancti;
1594 4636 1783 4701 amici

232 4751 384 4811 sunt
426 4746 642 4827 angeli
674 4768 692 4825 ;
747 4745 1077 4828 proximus
1144 4745 1457 4811 Christus.
1526 4742 1786 4811 Talibus

234 4854 624 4941 pauperibus
650 4856 744 4917 est
770 4851 1066 4919 diabolus
1090 4851 1253 4917 sicut
1280 4851 1382 4919 leo
1410 4852 1701 4933 rugiens,
1722 4856 1786 4919 et

234 4977 432 5026 imus
471 4956 760 5033 esuriens
781 4955 854 5021 in
881 4960 1109 5023 morte.
1140 4955 1567 5039 Gregorius⁷z
1596 4977 1629 5016 α
1651 4954 1789 5021 Ma-

294 5124 314 5161 ¹
342 5124 546 5190 Ephes„
568 5122 813 5186 vnn-12.
833 5147 894 5159 —
916 5122 937 5152 ²
961 5120 1165 5187 Erech„
1187 5130 1343 5186 xxm,
1367 5120 1448 5171 23.
1467 5146 1524 5157 -—
1553 5119 1580 5156 θ’
1602 5119 1793 5176 Βωοᾱ..

236 5207 324 5259 ιτ,
361 5200 413 5249 1.
455 5221 520 5233 --
561 5194 586 5230 ὃ
620 5193 741 5253 Ιοα.,
790 5204 875 5249 xx,
917 5194 968 5243 6.
1003 5217 1067 5230 --
1112 5193 1135 5229 ⁸
1171 5198 1338 5256 prom,
1369 5204 1572 5255 xxvm,
1615 5195 1694 5243 15.
1730 5222 1786 5232 —

235 5267 257 5298 ⁸
277 5269 448 5330 Pron„
467 5276 584 5330 xlx,
614 5266 663 5314 7.
687 5291 742 5303 -
779 5262 799 5298 ⁷
824 5264 1059 5328 Greg.-
1085 5264 1108 5301 ⁸
1135 5266 1306 5330 Apoc„
1329 5276 1370 5329 1,
1393 5267 1440 5315 5.
1466 5290 1521 5300 -—
1556 5264 1580 5300 ⁸
1605 5264 1793 5325 ane„

231 5352 290 5405 x,
311 5342 426 5392 5-6.
448 5365 515 5378 -
542 5339 587 5375 ¹⁰
614 5339 748 5403 Aug.
780 5361 846 5405 -.
867 5336 912 5371 ¹¹
940 5338 959 5387 1
990 5338 1153 5401 Pera,
1183 5349 1234 5401 v,
1270 5339 1320 5388 4.
1343 5364 1406 5375 —
1438 5336 1481 5371 ¹²
1514 5336 1653 5387 real.
1682 5348 1791 5400 xvi,

234 5416 308 5466 15.
350 5440 413 5453 .-
461 5411 507 5448 ¹³
560 5411 576 5460 Ι
623 5415 787 5472 doun„
833 5418 927 5470 ιιι,
971 5411 1019 5459 2.
1063 5436 1124 5447 -
1173 5408 1211 5444 ¹⁴
1251 5408 1463 5466 Coton..
1501 5420 1595 5471 ιιι,
1633 5412 1679 5471 4,.
1731 5434 1790 5446 --

3314 423 3432 486 255

1888 551 2040 633 gnis
2065 551 2351 634 quotidie
2376 551 2630 617 fletibus
2655 550 3069 633 cogitandum
3090 555 3205 633 em,
3235 572 3433 636 quam

1884 674 2148 723 severus
2168 706 2186 739 ‚
2216 675 2416 741 quam
2441 658 2742 741 terribilis
2766 658 2836 723 in
2864 658 2969 724 die
2999 660 3203 725 nostri
3225 660 3436 725 exitus

1883 764 2179 847 princeps
2219 765 2418 848 hujus
2460 765 2685 830 mundi
2712 764 2951 839 veniat,
2982 766 3100 849 qui
3126 765 3320 831 etiam
3352 767 3433 832 ad

1884 869 2229 936 Dominum
2247 872 2317 936 iu
2337 890 2527 937 carne
2542 873 2921 937 morientem
2945 874 3142 938 venit.
3161 895 3205 937 a.
3221 873 3273 939 E
3288 890 3434 939 con·

1883 979 2079 1043 trario
2098 978 2385 1045 Christus
2402 980 2694 1064 princeps
2720 980 3248 1047 clementissimus
3264 988 3357 1048 est
3369 986 3425 1048 ⁸:

1894 1110 1926 1148 α
1952 1086 2255 1171 Princeps
2278 1105 2516 1170 regum
2550 1092 2769 1166 terrae,
2797 1088 2913 1172 qui
2948 1088 3206 1168 dilexit,
3236 1111 3269 1151 n
3311 1094 3430 1155 etc.

1964 1193 2054 1260 De
2083 1198 2315 1278 quarto
2342 1196 2408 1259 ⁹:
2450 1218 2485 1258 a
2510 1196 2622 1261 Est
2654 1195 2901 1261 malum
2943 1197 3116 1280 quod
3153 1197 3285 1263 vidi
3312 1199 3434 1263 sub

1881 1301 2016 1368 sole
2037 1351 2056 1382 ,
2104 1321 2220 1385 per
2262 1320 2545 1368 errorem
2579 1304 2918 1385 egrediens
2947 1324 2989 1368 a
3014 1304 3172 1370 facie
3200 1307 3435 1389 princi-

1883 1410 2021 1493 pis,
2070 1411 2350 1493 positum
2390 1411 2653 1477 stultum
2702 1411 2772 1474 in
2805 1410 3118 1492 dignitate
3144 1413 3428 1494 sublimi,

1883 1521 1948 1581 et
1996 1517 2227 1582 divites
2284 1517 2502 1583 sedere
2556 1519 2881 1584 deorsum.
2926 1539 2958 1578 n
3014 1518 3207 1584 Stulti
3258 1521 3433 1585 enim

1883 1628 2038 1689 sunt
2077 1628 2436 1707 peccatores
2459 1672 2476 1704 ,
2507 1626 2621 1708 qui
2650 1644 2764 1708 per
2810 1624 3161 1708 principem
3189 1627 3432 1691 malum

1881 1729 2175 1795 simoniis
2197 1779 2215 1811 ‚
2266 1732 2520 1811 usum,
2569 1732 2811 1815 rapinis
2833 1780 2852 1811 ,
2896 1737 2960 1797 et
3000 1733 3143 1798 aliis
3182 1732 3438 1815 inJustis

1883 1837 2089 1901 modis
2115 1836 2184 1901 in
2210 1838 2564 1902 honoribus
2604 1842 2670 1903 et
2703 1839 2895 1904 rebus
2939 1840 3343 1921 exaltantur;
3370 1845 3435 1907 et

1881 1944 2111 2010 divites
2134 1945 2478 2011 virtutibus
2502 1947 2957 2030 humiliantur,
2988 1951 3154 2013 sicut
3184 1949 3302 2016 Job
3332 1970 3434 2016 se-

1883 2050 2042 2116 dens
2071 2052 2139 2117 in
2167 2054 2589 2137 sterquilinio,
2638 2054 2796 2121 Item
2831 2056 3123 2141 princeps
3148 2057 3266 2123 iste
3294 2076 3435 2123 ma-

1883 2158 2061 2223 xime
2097 2160 2446 2226 servientes
2486 2161 2607 2226 sibi
2654 2163 2736 2226 ad
2781 2163 3070 2228 maxima
3122 2168 3438 2231 tormenta

1884 2267 2055 2348 rapit
2071 2266 2141 2331 in
2155 2267 2373 2332 futuro
2393 2290 2409 2332 ε
2426 2268 2599 2350 qu'od
2616 2269 2760 2335 licet
2777 2271 3028 2352 ,iustum
3055 2271 3138 2336 sit
3162 2290 3245 2337 ex
3258 2278 3437 2355 parte

1884 2373 2167 2441 hominis
2209 2374 2505 2457 patientis
2527 2424 2549 2455 ,
2598 2376 2912 2459 injustum
2958 2381 3176 2444 tamen
3216 2386 3313 2445 est
3352 2399 3436 2445 ex

1883 2485 2063 2564 parte
2100 2482 2330 2547 diaboli
2369 2483 2619 2564 agentis
2663 2505 2678 2548 :
2727 2484 2869 2565 agit
2912 2485 3087 2550 enim
3127 2487 3252 2552 hoc
3300 2506 3435 2553 nou
3499 2529 3502 2533 .

1876 2589 2152 2670 jnstitia,
2175 2589 2287 2655 sed
2312 2590 2572 2655 invidiae
2602 2591 2757 2657 zelo.
2779 2590 2957 2657 Unde
2974 2594 3434 2674 gravissimum

1884 2699 1982 2761 est
2020 2697 2143 2780 ipsi
2193 2697 2457 2763 servire.
2496 2699 2898 2781 Augustinus
2925 2701 3017 2764 ¹⁰:
3057 2723 3089 2763 α
3116 2700 3319 2768 Grave
3343 2708 3438 2767 est

1885 2802 2129 2868 offenso
2140 2805 2404 2882 servire,
2425 2806 2540 2887 qui
2556 2805 2734 2870 nullo
2754 2807 3041 2889 placatur
3056 2808 3426 2891 obsequie.»

1885 2913 1937 2980 E
1963 2918 2185 2979 contra
2228 2913 2515 2979 Christus
2559 2915 2854 2997 princeps
2881 2916 3296 2998 justissimus,
3324 2919 3437 3001 qui

1884 3021 2008 3085 sibi
2035 3021 2383 3089 servientes
2415 3023 2591 3102 juste
2616 3028 2984 3087 remunerat
3010 3025 3081 3088 in
3101 3025 3320 3089 futuro
3342 3027 3382 3061 ¹²
3417 3047 3434 3092 ε

1888 3151 1922 3190 ι
1953 3127 2115 3193 Cum
2141 3129 2511 3212 apparuerit
2535 3128 2829 3213 princeps
2859 3135 3209 3212 pastorum,
3238 3133 3439 3215 perci-

1887 3235 2077 3319 pietis
2120 3235 2708 3301 immarcessibilem
2764 3236 2990 3318 gloriae
3039 3256 3363 3305 coronam.
3397 3261 3430 3301 n

1884 3341 2049 3409 Nota
2075 3344 2155 3410 de
2177 3344 2596 3428 apparitione,
2624 3345 2804 3429 quod
2828 3346 2898 3411 iu
2924 3365 3001 3411 ea
3027 3346 3229 3415 David
3253 3349 3440 3414 satie-

1886 3453 2083 3516 tatem
2106 3452 2172 3531 ²²‚
2193 3449 2469 3516 «Ioannes
2490 3451 2971 3519 similitudinem
2989 3455 3060 3533 ¹⁸,
3088 3454 3330 3521 Paulus
3345 3455 3440 3520 vi·-

1884 3560 2020 3622 tam
2070 3558 2152 3639 ¹⁴,
2209 3558 2437 3624 Petrus
2495 3576 2796 3624 coronam
2846 3561 3437 3627 immarcessibilem

1886 3664 2289 3748 promittunt.
2331 3664 2472 3748 lpse
2500 3666 2633 3745 jerit
2672 3665 2856 3731 nobis
2889 3685 3125 3733 corona
3151 3669 3221 3733 in
3246 3673 3433 3735 aeter·

1889 3771 2113 3851 nitate,
2145 3771 2279 3837 vita
2306 3772 2375 3836 in
2401 3772 2730 3852 charitate,
2758 3773 3105 3842 similitudo
3127 3776 3199 3841 in
3216 3782 3439 3861 cogni-

1886 3880 2088 3958 tione,
2118 3879 2375 3945 satietas
2402 3880 2472 3944 in
2498 3880 2822 3948 fruitione.

2400 4056 2693 4131 SERMO
2738 4062 2831 4132 111
2860 4068 2926 4132 ¹⁸.

1976 4202 2133 4268 Cum
2176 4203 2425 4269 venerit
2452 4203 2558 4271 ille
2587 4204 2872 4287 Spiritus
2904 4209 3223 4289 veritatis,
3254 4209 3434 4279 doce-

1897 4310 1992 4378 bic
2019 4324 2132 4377 2208
2157 4324 2401 4377 omnem
2428 4312 2762 4379 veritatem
2792 4313 3105 4381 ¹⁶.Videns
3131 4317 3436 4385 Dominus

1890 4421 2104 4483 noster
2138 4416 2172 4482 J
2176 4436 2323 4482 esus
2360 4418 2649 4484 Christus
2686 4422 3025 4504 discipulos
3065 4442 3215 4489 suos
3251 4426 3433 4490 deso-

1888 4524 2009 4589 lari
2046 4525 2124 4590 de
2162 4543 2279 4589 sua
2305 4525 2597 4590 absentia
2621 4528 2956 4611 corporali,
2986 4530 3052 4593 in
3080 4533 3435 4598 remedium

1890 4631 2294 4698 desolationis
2320 4634 2389 4698 in
2418 4634 2615 4701 verbo
2657 4637 2982 4719 proposito
3006 4641 3320 4721 promittit
3344 4644 3438 4707 eis

1891 4738 2112 4821 regale
2158 4741 2449 4820 xenium,
2496 4740 2834 4824 imperiale
2875 4745 3157 4825 donum,
3201 4749 3436 4815 scilicet
3506 4770 3515 4777 ·

1891 4846 2203 4930 Spiritum
2231 4852 2551 4928 sanctum,
2582 4866 2713 4932 quo
2737 4849 2959 4917 habito
2982 4871 3115 4919 non
3139 4861 3235 4920 est
3260 4856 3437 4923 locus

1892 4955 2297 5021 desolationis
2333 4961 2397 5020 et
2437 4956 2759 5022 moestitiae
2773 5005 2795 5038 ,
2837 4958 2969 5025 imo
2993 4962 3436 5029 consolationis

1894 5070 1961 5134 et
1993 5065 2254 5132 laetitiae.
2282 5066 2365 5133 Ut
2394 5070 2614 5135 autem
2653 5085 2879 5135 eorum
2923 5070 3175 5138 animos
3195 5074 3269 5139 in
3294 5078 3435 5159 ejus

1894 5238 1938 5274 ¹⁸
1967 5238 2115 5361 Bupg
2152 5251 2259 5289 non
2294 5236 2454 5289 habet
2479 5237 2605 5291 edit.
2630 5238 2792 5292 Paris.
2820 5253 2907 5292 an.
2936 5243 3074 5296 152¹.
3103 5269 3165 5283 —
3204 5247 3246 5283 ¹⁶
3268 5247 3437 5318 laam,

1899 5321 2014 5374 xvi,
2111 5344 2126 5360 .

1962 5408 2037 5475 (a)
2061 5407 2184 5461 Goet.
2214 5407 2337 5462 edit.
2365 5409 2622 5474 princeps.
2653 5434 2708 5448 -
2740 5408 2814 5476 (b)
2849 5410 2973 5464 Item
2999 5415 3141 5481 quidL
