4059 6317
920 532 1300 602 DOMINICA
1343 532 1425 602 IN
1464 532 1708 602 RAMIS
1749 534 2222 606 PALMARUM.
2265 540 2528 608 SERMO
2573 541 2621 607 Ι.
3252 544 3368 608 187

213 682 409 747 regem
436 693 461 725 ι
489 665 845 748 Christum,
888 687 1006 753 per
1037 687 1232 754 quem
1263 671 1282 707 ¹
1319 691 1353 731 α
1381 688 1568 753 reges
1621 688 1716 735 re-

215 777 432 854 gnant,
457 778 514 838 et
537 775 861 858 principes
884 779 1061 858 justa
1098 777 1466 843 decernunt.
1503 801 1533 839 n
1574 778 1717 861 lpse

211 880 360 943 enim
382 884 468 944 est
491 899 724 946 verum
751 883 1081 967 exemplar
1113 884 1323 948 omnis
1351 884 1713 950 misericor-

211 986 315 1053 diae
353 991 408 1052 et
442 989 748 1072 justitiae,
798 1007 875 1054 eo
918 991 1092 1074 quod
1117 992 1142 1027 ¹
1176 1013 1207 1052 ι
1234 992 1554 1058 universae
1587 992 1715 1058 viae

211 1095 426 1159 Domini
463 1117 495 1156 ι
525 1094 792 1175 Christi,
841 1095 1037 1178 Regis
1084 1114 1322 1179 regum
1345 1147 1364 1178 ,
1403 1121 1434 1160 ι
1463 1100 1716 1164 miseri-

211 1205 396 1270 cordia
413 1208 476 1269 et
500 1206 761 1269 veritas.
789 1227 823 1266 υ
856 1205 980 1271 Sed
1006 1207 1163 1290 quia
1189 1211 1330 1291 ejus
1356 1209 1558 1292 pietas
1587 1211 1712 1275 mi-

212 1311 532 1377 sericordiae
546 1313 613 1376 in
626 1314 945 1396 parcendo
953 1317 1387 1398 superexaltat
1395 1320 1423 1400 j
1435 1318 1714 1384 udicium

212 1419 531 1485 severitatis
554 1420 621 1484 in
649 1421 1160 1503 condemnando,
1192 1422 1334 1488 ideo
1361 1424 1568 1489 addit:
1598 1426 1713 1492 Ro·

214 1525 501 1594 borabam
521 1528 858 1595 demntia
881 1529 1151 1597 thronus
1173 1529 1336 1611 ejus,
1359 1534 1433 1594 ut
1458 1549 1573 1614 per
1594 1532 1718 1597 hoc

214 1636 444 1718 quilibet
474 1641 762 1721 peccator
801 1643 1399 1722 quantumcumque
1441 1658 1720 1723 magnus

214 1761 322 1808 non
345 1744 618 1827 desperet
645 1763 762 1828 per
790 1745 1087 1811 timorem
1112 1794 1129 1825 ,
1178 1749 1585 1813 considerans
1612 1769 1715 1815 se·

212 1851 512 1916 veritatem
552 1852 822 1935 justitiae
866 1854 1246 1936 proferentis
1287 1858 1665 1922 sententiam
1695 1878 1713 1938 ;

214 1961 324 2026 imo
346 1966 616 2027 resumat
647 1962 853 2043 vires,
884 1966 946 2027 et
992 1962 1268 2027 confidat
1309 1968 1568 2047 propter
1606 1965 1720 2029 he-

214 2069 561 2150 nignitatem
597 2069 1061 2135 misericordiae
1084 2117 1104 2149 ,
1149 2088 1299 2153 quae
1322 2074 1537 2154 parcet
1562 2072 1717 2136 faci-

213 2176 352 2258 liter,
378 2182 446 2241 et
465 2176 874 2243 obliviscetur
897 2177 1194 2258 totaliter,
1223 2181 1287 2242 et
1310 2177 1574 2262 suscipit
1598 2180 1721 2244 cle—

213 2291 457 2351 menter.
498 2285 707 2352 Tertio
747 2287 960 2352 videte
1000 2304 1224 2368 regem
1268 2285 1672 2353 Salomonem
1697 2336 1713 2368 ‚

213 2397 371 2477 eujus
387 2394 719 2460 humilitas
735 2394 1108 2477 abjectionis
1130 2397 1224 2458 est
1246 2394 1553 2459 imitanda
1573 2414 1722 2460 con-

201 2500 468 2567 iot-miter
494 2521 641 2568 cum
669 2502 1042 2567 executione
1073 2501 1356 2567 effectus,
1389 2502 1470 2566 Et
1493 2503 1571 2568 de
1598 2503 1722 2568 hoc

216 2608 417 2675 dicitur
440 2611 505 2674 ⁸:
542 2633 575 2671 a
599 2611 835 2675 Exulta
858 2610 1046 2689 satis,
1090 2609 1224 2674 filia
1249 2608 1403 2673 Sion
1425 2631 1442 2688 ;
1468 2610 1675 2692 jubila
1699 2660 1716 2692 ,

217 2715 326 2778 fllia
360 2716 724 2782 Jerusalem.
770 2717 926 2782 Ecce
979 2735 1094 2782 rex
1155 2720 1306 2781 tuus
1353 2717 1564 2781 veniet
1607 2718 1723 2782 tihi

214 2824 428 2903 iustus,
467 2828 530 2889 et
566 2824 866 2903 salvator,
915 2824 1053 2907 ipse
1091 2842 1357 2907 pauper,
1396 2830 1461 2889 et
1494 2844 1723 2889 ascen-

216 2927 345 2993 dens
367 2948 551 3013 super
575 2930 819 2995 asinam
837 2979 859 3011 ,
905 2935 970 2996 et
993 2949 1189 3014 super
1216 2931 1467 3015 pullum
1513 2933 1722 2998 fllium

218 3037 405 3103 asiiiae.
427 3036 505 3102 Et
520 3038 890 3121 dispergam
917 3039 1306 3122 quadrigam
1327 3058 1407 3103 ex
1431 3038 1721 3121 Effraim,

213 3147 511 3227 etequum
545 3145 625 3210 de
648 3144 1003 3210 Jerusalem
1029 3193 1047 3224 ,
1088 3148 1155 3210 et
1192 3145 1602 3229 dissipabitur
1628 3167 1726 3213 ar-

217 3268 315 3314 cus
347 3252 506 3317 belli.
553 3252 634 3317 Et
672 3251 971 3334 loquetur
1021 3270 1239 3335 pacem
1292 3254 1593 3335 gentibus
1612 3301 1628 3331 ,
1663 3260 1727 3321 et

221 3363 459 3438 potestas
491 3364 631 3444 ejus
658 3378 699 3423 a
726 3360 890 3423 mari
917 3378 1127 3443 usque
1150 3359 1233 3425 ad
1259 3378 1458 3425 mare.
1487 3383 1519 3422 1)
1546 3361 1728 3440 Quae-

219 3464 349 3530 libet
372 3468 567 3533 fidelis
593 3467 844 3546 anima,
873 3466 1019 3547 filia
1057 3467 1226 3534 Sion
1256 3472 1320 3532 et
1344 3469 1723 3549 Ιοηιεαῑοτη,

219 3569 274 3634 id
322 3579 409 3638 est
431 3621 452 3654 ,
509 3573 736 3639 matris
786 3572 1082 3638 Ecclesiae
1117 3622 1138 3653 ,
1191 3574 1375 3641 debet
1418 3577 1730 3643 hodierna

219 3678 305 3744 die
327 3728 343 3758 ,
384 3681 675 3766 exemplo
725 3681 1096 3747 Judaeorum
1115 3731 1132 3762 ,
1189 3684 1411 3765 egredi
1468 3685 1725 3750 obviam

220 3786 468 3871 Christo,
499 3809 635 3854 non
662 3789 874 3854 solum
921 3789 1212 3872 passibus
1259 3794 1571 3875 corporiS,
1620 3794 1726 3859 sed

219 3895 384 3961 etiam
409 3896 846 3962 affectionibus
869 3897 1137 3976 mentis,
1167 3916 1315 3963 cum
1342 3899 1730 3966 exultatione

219 4004 429 4085 cordis,
466 4023 616 4070 cnm
662 4003 872 4088 jubilo
905 4004 1038 4069 oris
1055 4051 1077 4083 ,
1119 4023 1269 4069 cum
1311 4009 1730 4088 prostratione

220 4111 462 4194 propriae
482 4112 706 4190 vestis,
727 4130 842 4193 per
871 4112 1422 4178 mortificationem
1450 4114 1730 4182 laseiviae

217 4218 430 4299 carnis,
480 4237 636 4284 cnm
686 4219 886 4282 ramis
931 4219 1252 4285 olivarum
1282 4267 1304 4300 ‚
1353 4219 1421 4283 iu
1466 4221 1729 4303 signum

221 4326 503 4391 unctionis
557 4326 831 4390 internae
882 4325 1272 4406 devotionis3
1334 4345 1482 4392 cum
1537 4329 1731 4393 ramis

221 4431 580 4512 palmarum,
610 4434 679 4498 in
707 4434 975 4514 signum
1008 4433 1292 4499 victoriae
1327 4440 1391 4499 et
1417 4436 1679 4501 honoris
1709 4461 1724 4503 z

219 4554 284 4602 eo
303 4543 457 4622 quod
482 4560 599 4607 rex
619 4547 836 4606 noster
851 4540 1136 4605 Christus
1159 4560 1276 4625 per
1302 4561 1490 4608 suam
1519 4544 1730 4609 humi-

218 4644 430 4714 litatem
477 4649 728 4715 devicto
782 4650 1057 4731 superbo
1101 4648 1352 4715 diabolo
1386 4698 1406 4730 ,
1472 4654 1536 4715 et
1587 4654 1731 4734 ejus

220 4757 470 4823 exercitu
501 4759 573 4821 in
601 4756 834 4839 pelago
861 4756 1058 4820 maris
1095 4756 1325 4822 inferni
1354 4758 1689 4824 submerso
1704 4807 1726 4839 ,

221 4862 499 4943 populum
523 4882 717 4928 suum
763 4863 1058 4928 liberavit
1094 4865 1415 4946 sanguine
1445 4865 1727 4949 proprio.

222 4965 374 5034 Unde
395 4972 687 5054 superius
702 4989 934 5053 parum
957 4974 1099 5055 post
1121 4972 1492 5054 praedictam
1514 4977 1730 5039 aucto-

221 5073 445 5142 ritatem
481 5078 771 5162 sequitur
796 5076 819 5113 ⁸
869 5098 886 5141 ε
922 5100 956 5138 α
979 5076 1077 5142 Tu
1113 5097 1270 5144 vero
1305 5080 1373 5144 in
1412 5081 1730 5163 sanguiue

225 5184 551 5251 testamenti
574 5185 674 5250 tui
700 5184 977 5251 eduxisti
995 5185 1240 5251 vinctos
1259 5187 1338 5253 de
1366 5188 1508 5253 lacu
1524 5238 1540 5266 ,
1561 5210 1593 5250 n
1617 5189 1731 5253 sci·

224 5285 349 5354 lieet
367 5290 654 5357 homines
692 5290 771 5356 de
795 5293 1099 5374 potestate
1126 5292 1355 5359 diaboli
1382 5294 1684 5362 liberatos
1707 5345 1726 5376 ‚

285 5450 476 5511 *Pa-oo..
512 5464 637 5513 vm,
675 5454 752 5503 15.
786 5478 852 5492 -
879 5452 902 5485 ²
932 5451 1072 5504 Psat.
1109 5464 1252 5518 xxiv,
1284 5457 1364 5506 10.
1397 5482 1459 5493 —
1494 5455 1517 5492 ⁸
1555 5456 1729 5520 laeli„

231 5530 296 5585 ιι,
315 5524 437 5577 94⁰.
465 5550 524 5565 -
551 5525 573 5561 δ
593 5523 745 5591 ibid„
776 5526 854 5576 Η..
882 5549 940 5564 -
968 5524 994 5561 ⁸
1015 5523 1189 5591 Apoc„
1212 5538 1325 5590 xix,
1357 5529 1431 5580 12.

1828 674 2228 756 suppeditata
2252 676 2593 758 cupiditate
2618 726 2636 759 ,
2669 695 2784 760 per
2809 694 2993 741 suam
3022 680 3370 761 pauperta-

1824 785 1954 847 tem
2001 783 2287 850 haeredes
2327 787 2391 850 et
2419 804 2606 868 reges
2642 786 2830 868 regni
2872 786 3178 850 coelorum
3218 803 3370 849 con-

1825 889 2049 955 stituit.
2083 891 2158 956 Et
2180 897 2437 975 propter
2464 893 2587 957 hoc
2612 893 2747 976 ipse
2779 911 2892 956 rex
2933 897 3151 957 noster
3198 876 3371 956 chri-

1825 1002 1963 1062 stus
1987 1016 2120 1062 uon
2162 1000 2340 1065 venit
2367 999 2558 1064 hodie
2599 1001 2914 1064 fastuosus
2954 999 3022 1062 in
3072 999 3370 1064 curribus

1825 1109 1888 1168 et
1912 1105 2097 1188 equis
2122 1105 2464 1188 phaleratis
2477 1129 2494 1184 3
2513 1108 2621 1171 sed
2641 1111 3036 1185 mansuetus,
3065 1109 3130 1170 et
3154 1123 3370 1169 ascen-

1826 1211 1981 1276 dens
2025 1231 2218 1295 super
2258 1212 2505 1277 asinam
2549 1213 3192 1296 contemptibilitatis,
3238 1231 3368 1277 non

1826 1336 2174 1402 pomposus
2196 1319 2265 1383 in
2287 1320 2525 1385 divitiis
2551 1327 2615 1386 et
2638 1322 2916 1404 gemmis
2946 1322 3272 1403 pretiosis:
3305 1326 3368 1386 et

1827 1427 2105 1491 salvator
2124 1426 2258 1509 ipse
2283 1446 2549 1511 pauper,
2583 1433 2656 1492 ut
2686 1430 2776 1492 sic
2806 1447 2914 1512 per
2942 1429 3370 1494 humilitatem

1829 1554 2012 1600 suam
2056 1535 2441 1619 disperderet
2482 1536 2867 1621 quadrigam
2914 1537 3322 1600 fastuositatis
3351 1585 3368 1615 ‚

1828 1649 1892 1709 et
1922 1663 2164 1728 equum
2204 1645 2497 1727 superhae
2542 1644 3002 1729 pompositatiS,
3036 1649 3099 1708 et
3124 1644 3369 1727 disper-

1828 1751 2006 1816 deret
2030 1771 2252 1817 arcum
2281 1751 2607 1818 diabolicae
2634 1753 2895 1832 fraudiS,
2936 1757 3010 1816 ut
3051 1769 3164 1834 per
3187 1769 3369 1815 suam

1828 1862 2267 1942 paupertatem
2301 1854 2672 1942 loqueretur
2724 1876 2944 1941 pacem
3006 1858 3306 1940 gentibus
3352 1907 3368 1936 ,

1827 1984 1935 2031 eos
1962 1967 2044 2030 ab
2067 1985 2284 2032 amore
2308 1967 2531 2030 mundi
2560 1967 2920 2031 revocando
2939 2014 2957 2043 ‚
2985 1966 3065 2029 ad
3083 1983 3372 2031 amorem

1828 2078 1892 2139 et
1917 2073 2171 2139 laudem
2202 2074 2310 2139 Dei
2336 2073 2734 2138 attrahendo·

1909 2180 2145 2245 Ultimo
2182 2185 2442 2246 notatur
2473 2180 2785 2245 exhibitio
2835 2180 3098 2245 honoris
3135 2183 3200 2244 et
3245 2197 3376 2243 ma-

1831 2288 2243 2370 gnificentiae,
2284 2307 2433 2353 cum
2479 2288 2673 2351 dicit:
2712 2288 2793 2353 In
2833 2286 3222 2367 diademate,
3250 2302 3373 2370 quo

1828 2398 2160 2462 coronavit
2196 2411 2340 2461 eum
2387 2399 2588 2461 mater
2628 2410 2772 2460 sua.
2814 2392 3166 2459 Honoravit
3193 2394 3372 2459 Chri-

1831 2485 2031 2580 stum,
2063 2502 2203 2566 sive
2252 2502 2602 2581 coronavit,
2659 2502 2869 2584 primo
2925 2505 3128 2565 mater
3172 2499 3376 2581 Virgo

1829 2608 2030 2674 Maria
2055 2622 2282 2672 carneo
2308 2608 2663 2673 diademate
2703 2607 3037 2688 originalis
3067 2609 3371 2672 innocen-

1830 2716 1958 2794 tiae,
1999 2715 2070 2779 in
2103 2715 2556 2798 conceptione;
2602 2713 2877 2778 secundo
2935 2717 3138 2777 mater
3188 2733 3378 2797 syna-

1835 2842 2011 2906 goga
2055 2822 2277 2906 spineo
2320 2822 2676 2887 diademate
2718 2821 2953 2886 doloris
2991 2826 3053 2885 et
3091 2822 3376 2903 ignomi-

1831 2931 1979 3011 niae,
2006 2932 2075 2993 in
2092 2929 2383 3013 passione
2398 2950 2414 3006 ;
2433 2929 2618 2993 tertio
2643 2932 2846 2992 mater
2861 2929 3095 2992 divinae
3103 2931 3129 3011 j
3140 2930 3378 2994 ustitiae

1833 3038 2157 3123 splendido
2205 3037 2558 3102 diademate
2608 3034 2869 3099 honoris
2913 3040 2977 3099 et
3020 3036 3274 3118 gloriae,
3307 3038 3378 3101 in

1833 3146 2317 3211 resurrectione.
2367 3143 2585 3208 Primo
2626 3145 2955 3208 coronavit
2995 3162 3147 3208 eum
3176 3148 3381 3210 mater

1833 3251 2031 3335 Virgo
2089 3251 2288 3316 Maria
2341 3268 2572 3315 carneo
2624 3250 2978 3316 diademate
3043 3250 3381 3333 originalis

1835 3360 2237 3438 innocentiae,
2268 3360 2333 3421 in
2360 3357 2790 3441 conceptione,
2830 3358 3178 3422 secundum
3208 3358 3378 3440 quod

1834 3466 2070 3531 dicitur
2112 3482 2130 3527 ε
2168 3464 2579 3549 Ερτεάῑηιτπι·
2597 3513 2618 3544 ,
2648 3464 2808 3545 filia·
2847 3463 3026 3545 Sion,
3074 3470 3135 3532 et
3170 3464 3380 3534 videte

1834 3591 2037 3658 reqem
2080 3573 2473 3640 Salonam
2521 3574 2598 3638 in
2627 3570 2992 3638 diademate
3007 3620 3028 3651 ,
3057 3588 3179 3654 quo
3214 3587 3382 3639 coro·

1835 3685 2025 3751 navit
2053 3699 2197 3749 eum
2224 3687 2433 3748 mater
2466 3697 2592 3748 sua
2624 3683 2700 3748 in
2735 3680 2844 3748 die
2868 3679 3381 3765 desponsationis

1837 3800 1897 3860 et
1941 3792 2193 3859 &etttioe
2229 3790 2444 3857 cordis
2489 3791 2617 3856 sui.
2670 3788 2851 3854 Filiae
2898 3789 3076 3865 Sion,
3121 3789 3379 3871 egredi-

1838 3899 1998 3963 mini
2026 3918 2067 3963 a
2090 3897 2486 3963 deformitate
2519 3898 2775 3981 peceati,
2809 3900 2875 3961 et
2898 3897 3108 3961 videte
3136 3895 3381 3978 Regem

1836 4025 2094 4088 regum,
2126 4009 2420 4070 nostrum
2467 4003 2861 4069 Salvatorem
2915 4002 3234 4067 Christum
3288 4003 3383 4065 in-

1838 4118 2172 4178 carnatum
2193 4161 2213 4191 ‚
2245 4114 2311 4177 in
2343 4111 2699 4177 diademate
2725 4107 3058 4192 originalis
3084 4110 3384 4173 innocen·

1837 4223 1969 4300 tiae,
2007 4240 2138 4305 quo
2184 4220 2512 4286 coronavit
2558 4238 2707 4284 eum
2756 4222 2963 4283 mater
3012 4235 3131 4281 sua
3182 4216 3382 4298 Virgo

1839 4330 2039 4395 Maria
2059 4375 2075 4407 ,
2104 4329 2343 4394 virtute
2387 4326 2664 4411 Spiritus
2719 4326 2918 4390 sancti
2968 4344 3121 4390 eum
3167 4324 3378 4389 conci-

1837 4437 2071 4521 piendo
2113 4436 2182 4498 in
2225 4434 2324 4497 die
2360 4432 2862 4516 desponsationis
2918 4432 3220 4496 humanae
3265 4451 3380 4496 na-

1837 4549 2003 4610 turae
2030 4591 2049 4622 ,
2080 4560 2230 4627 quae
2268 4542 2338 4605 in
2374 4541 2617 4605 unitate
2643 4557 2932 4623 personae
2957 4538 3252 4622 copulata
3290 4543 3385 4602 est

1839 4652 1966 4717 Deo
1985 4699 2007 4731 ‚
2042 4656 2107 4715 et
2146 4652 2485 4733 conjuncta
2508 4646 2716 4714 verbo
2754 4651 2827 4712 ut
2867 4665 3097 4731 sponsa
3122 4663 3380 4729 sponso,

1838 4759 2096 4823 vinculo
2130 4753 2552 4819 indissolubili
2599 4755 2668 4817 in
2714 4760 2896 4818 utero
2940 4751 3283 4833 virginali,
3317 4757 3384 4815 et

1838 4884 2058 4933 amore
2105 4864 2335 4948 pudico
2375 4867 2439 4927 et
2482 4861 2794 4927 benevolo
2818 4879 2968 4926 cum
2997 4861 3217 4925 laetitia
3242 4863 3380 4924 ine-

1838 4974 2144 5040 narrabili
2186 4977 2249 5037 et
2289 4969 2527 5053 gaudio
2566 4988 2828 5051 magno,
2876 4968 3169 5035 Secundo
3195 4986 3383 5031 coro-

1838 5082 2018 5147 navit
2055 5097 2205 5145 eum
2253 5081 2457 5141 mater
2480 5074 2742 5140 «Iudaica
2779 5093 3133 5160 synagoga,
3165 5075 3382 5157 spineo

1837 5190 2194 5256 diademate
2219 5185 2457 5251 doloris
2478 5189 2543 5248 et
2562 5184 2960 5265 ignominiae,
2983 5183 3051 5247 in
3067 5183 3379 5265 passione.

1838 5296 1917 5363 Et
1945 5296 2022 5362 de
2053 5295 2176 5359 hoc
2203 5294 2408 5376 potest
2447 5290 2683 5373 exponi
2720 5289 2880 5355 illud
2903 5295 2926 5331 ⁸
2956 5310 2972 5354 t
3009 5313 3042 5351 α
3071 5289 3144 5353 111
3178 5290 3383 5372 capite

1838 5407 1978 5486 ejus
2022 5400 2380 5467 diademata
2421 5396 2644 5477 multa,
2688 5398 2932 5463 habens
2963 5415 3199 5463 nomen
3225 5396 3381 5461 scri-

1838 5512 2028 5594 ptum
2050 5502 2224 5590 quod
2248 5518 2439 5568 nemo
2472 5502 2659 5567 novit
2682 5501 2805 5565 nisi
2830 5500 2993 5586 ipse,
3024 5505 3090 5566 et
3114 5499 3383 5567 vestitus
