4059 6317
1162 486 1245 553 IN
1284 485 1528 553 COENA
1569 485 1869 553 DOMINI.
1917 486 2182 553 SERMO
2220 487 2328 555 vl.

294 631 360 695 De
380 630 550 712 primo
565 629 715 691 nota
729 674 751 706 ,
775 625 948 709 quod
975 622 1053 689 de
1078 642 1248 707 pane
1269 622 1686 689 subcinericio

239 740 411 804 dicitur
443 740 456 774 ¹
496 755 512 800 z
559 758 590 796 a
632 734 777 800 Vidi
828 734 1152 798 somnium
1169 780 1190 811 ,
1239 736 1302 796 et
1345 731 1685 798 videbatur

238 846 354 910 mihi
388 845 542 928 quasi
584 841 1040 908 subcinericius
1080 841 1264 923 panis
1315 858 1399 904 ex
1443 838 1683 902 hordeo

236 953 381 1030 volvi,
404 953 536 1017 etin
557 953 761 1015 castra
786 948 1038 1013 Madian
1059 947 1461 1012 descendere.
1496 944 1685 1010 Cum-

235 1081 324 1145 que
343 1060 734 1143 pervenissem
760 1058 842 1123 ad
869 1056 1349 1122 tabernaculum
1372 1103 1392 1134 ‚
1434 1072 1686 1138 percus-

231 1170 287 1231 sit
304 1168 446 1246 illud,
471 1173 651 1251 atque
677 1166 1023 1244 subvertit,
1063 1168 1126 1229 et
1165 1168 1355 1228 terrae
1394 1162 1686 1227 funditus

232 1279 529 1359 coaequavit.
567 1299 600 1336 υ
634 1274 977 1339 Considera
999 1273 1200 1355 hujus
1225 1270 1517 1335 miraculi
1546 1289 1681 1335 me-

229 1386 436 1448 moriam
458 1384 515 1447 in
540 1383 662 1447 hoc
704 1384 1124 1457 sacramente,
1153 1396 1281 1461 quo
1316 1378 1598 1461 perversi
1623 1382 1688 1442 et

229 1491 430 1572 indigne
459 1491 990 1555 communicantes
1033 1489 1495 1571 percutiuntur,
1536 1486 1684 1550 sub·

227 1602 521 1676 vertuntur,
566 1602 758 1663 terrae
801 1600 1251 1678 coaequantur3
1299 1599 1363 1660 et
1402 1593 1524 1658 hoc
1572 1609 1687 1675 per

225 1705 464 1787 triplicem
505 1712 774 1771 mortem
795 1753 812 1784 ,
858 1704 1212 1769 secundum
1254 1701 1425 1785 quod
1475 1701 1688 1765 innuit

222 1813 489 1895 Apostolus
510 1819 557 1878 ¹.
590 1808 1046 1878 Percutiuntur
1071 1829 1229 1891 ergo
1268 1828 1382 1893 per
1410 1813 1680 1874 mortem

220 1920 563 2002 spiritualem.
595 1919 775 1984 Unde
814 1919 902 1982 ait
947 1918 1286 2001 Apostolus
1325 1917 1347 1951 ⁸
1397 1939 1412 1981 :
1466 1940 1498 1978 n
1538 1914 1685 1993 Qui-

219 2044 433 2111 cumque
469 2029 809 2093 manducat
844 2034 910 2092 et
941 2027 1103 2091 bibit
1140 2027 1395 2091 calicem
1436 2025 1686 2090 Domini

217 2135 441 2216 indigne,
467 2155 608 2201 reus
636 2136 761 2199 erit
783 2135 1063 2218 corporis
1089 2139 1155 2198 et
1189 2132 1524 2214 sanguinis
1559 2131 1684 2195 Do·

217 2242 357 2307 mini.
380 2266 406 2303 n
437 2242 909 2308 subvertuntur
947 2259 1060 2324 per
1105 2244 1375 2304 mortem
1410 2244 1682 2304 aeterna-

214 2348 337 2428 lcm3
360 2350 510 2415 unde
531 2349 763 2414 dicitur
787 2348 1021 2413 ibidem
1046 2353 1104 2411 ⁸:
1142 2370 1175 2408 α
1200 2346 1319 2425 Qui
1344 2347 1688 2412 manducat

214 2460 262 2519 et
281 2457 434 2540 bibit,
472 2482 502 2518 υ
554 2464 671 2522 etc.
724 2456 927 2535 Quam
972 2455 1213 2520 multos
1260 2454 1454 2520 Judas
1495 2454 1689 2519 habet

213 2566 364 2630 socios
387 2569 486 2649 (a),
523 2566 792 2647 indigne
825 2564 1203 2647 accipientes
1249 2563 1564 2628 buccellas
1605 2565 1684 2627 ad

205 2673 462 2753 ,iudicium
504 2677 735 2738 suum!
790 2671 1003 2736 Terrae
1061 2688 1218 2735 vero
1274 2675 1688 2753 coaequantur

210 2796 296 2859 per
320 2784 566 2846 mortem
611 2779 1027 2862 temporalem
1047 2826 1065 2857 ,
1112 2778 1367 2860 quando
1405 2781 1574 2842 terra
1616 2779 1687 2842 in

209 2890 390 2952 terram
431 2888 802 2966 revertitur;
852 2887 1025 2951 unde
1063 2886 1293 2951 dicitur
1336 2886 1573 2952 ibidem
1608 2888 1631 2924 ⁸
1666 2910 1681 2951 ε

216 3016 238 3054 a
257 2995 374 3061 ldeo
395 2998 553 3061 inter
577 3015 693 3063 vos
721 2995 909 3060 multi
936 2995 1199 3071 infirmi,
1230 2999 1291 3058 et
1319 2994 1684 3074 imbecilleS,

208 3107 253 3166 ct
266 3103 556 3168 dormiunt
585 3102 795 3184 multi,
829 3124 861 3163 ι)
893 3107 1011 3167 etc.

269 3208 335 3273 De
357 3209 621 3276 secundo
652 3211 675 3246 ⁶
708 3232 724 3275 ι
765 3232 796 3272 α
823 3208 1199 3274 Ambulavit
1223 3208 1292 3272 in
1322 3208 1689 3275 tortitudine

204 3318 299 3380 cibi
331 3319 488 3384 illius
533 3317 964 3401 quadraginta
1006 3317 1230 3381 diebus
1248 3363 1266 3393 ‚
1315 3321 1380 3381 et
1413 3318 1685 3401 quadra-

203 3426 348 3504 ginta
367 3427 653 3491 noctibus
677 3442 883 3506 usque
910 3423 992 3488 ad
1008 3432 1291 3489 montem
1309 3423 1420 3489 Dei
1442 3423 1628 3490 Oreb.
1657 3447 1688 3486 n

203 3529 305 3595 Hoc
314 3533 525 3598 dicitur
546 3534 625 3598 de
644 3549 809 3615 pane
834 3548 1052 3613 quem,
1078 3531 1393 3595 excitante
1412 3530 1685 3614 Ange10,

199 3640 425 3704 comedit
451 3639 636 3705 Elias.
669 3638 862 3703 Panis
887 3638 1004 3702 iste
1040 3642 1132 3701 est
1168 3655 1399 3721 corpus
1439 3638 1687 3721 Christi,

198 3762 301 3825 quo
345 3746 715 3812 mirabiliter
768 3746 1203 3811 confortamur
1256 3746 1328 3809 in
1364 3745 1691 3812 laboriosis

195 3847 358 3933 hujus
381 3855 525 3919 vitae
550 3853 909 3919 actionibus
939 3855 1003 3917 et
1027 3847 1508 3918 tentationibus.
1543 3853 1693 3919 Tria

194 3963 370 4025 autem
413 3962 478 4026 in
520 3962 625 4026 his
673 3961 889 4025 verbis
936 3961 1382 4026 ostenduntur.
1438 3960 1652 4027 Primo
1669 4011 1687 4042 ,

191 4067 500 4133 activorum
530 4068 928 4147 confortatio,
960 4087 1110 4133 cum
1130 4068 1362 4135 dicitur
1396 4091 1412 4134 ι
1449 4070 1689 4137 Ambu-

191 4172 326 4242 lavit
341 4178 410 4242 in
439 4175 846 4257 fortitudine,
868 4180 991 4241 etc.
1021 4183 1043 4218 ‘¹
1081 4200 1111 4239 ι
1142 4175 1331 4241 Panis
1354 4196 1465 4243 cor
1490 4179 1693 4243 homi-

189 4281 269 4343 nis
282 4286 617 4349 confirmat.
650 4312 676 4343 a
695 4283 1011 4364 Secundo,
1040 4286 1519 4351 confortationis
1537 4306 1688 4352 con-

190 4386 440 4469 tinuatio,
468 4408 618 4454 cum
647 4389 882 4454 dicitur
910 4410 925 4452 ε
967 4389 1415 4475 Οτιαάναοὶητα
1441 4392 1688 4473 diebu&

192 4500 239 4559 et
260 4495 676 4578 quadruvium
701 4496 1012 4563 noctibus.
1046 4496 1232 4562 Ponit
1260 4505 1475 4564 autem
1500 4503 1567 4565 in
1589 4503 1691 4568 die

189 4604 602 4685 prosperitatis,
626 4604 694 4666 in
713 4607 899 4667 nocte
920 4603 1319 4670 adversitatis
1346 4607 1615 4689 signum
1632 4615 1684 4689 ’,ε

195 4731 221 4767 α
255 4709 353 4775 Die
381 4715 724 4793 noctuque,
765 4714 927 4775 aestu
965 4715 1029 4777 et
1066 4712 1222 4794 gelu
1259 4715 1514 4780 urebar.
1551 4738 1582 4777 υ
1619 4716 1693 4782 In

189 4822 326 4882 aestn
351 4819 504 4884 male
531 4819 879 4883 accendens
905 4837 1089 4885 amor
1128 4820 1199 4885 in
1231 4821 1335 4886 die
1371 4825 1688 4908 prosperi-

190 4924 345 5003 tatis3
371 4926 436 4989 in
461 4924 616 5008 gelu
642 4942 799 4990 vero
825 4925 1018 4992 timor
1044 4927 1213 4991 male
1252 4931 1692 5014 constringens

188 5028 247 5092 in
286 5037 452 5097 nocte
511 5032 913 5098 adversitatis
958 5033 1357 5115 significatur
1404 5060 1421 5102 ε
1473 5043 1693 5105 contra

188 5154 314 5219 quae
335 5139 664 5204 confortari
693 5139 970 5205 multum
993 5141 1385 5223 indigemus

243 5338 258 5371 ¹
292 5339 460 5400 hdie„
503 5351 610 5398 vu,
658 5341 733 5389 13.
775 5366 835 5377 -
870 5341 940 5391 ¹1
983 5341 1122 5399 Cor„
1161 5352 1241 5405 xl,
1284 5345 1363 5404 27,
1399 5346 1478 5407 29,
1515 5348 1594 5394 30.
1635 5372 1687 5382 --

190 5406 210 5441 ⁸
235 5409 364 5470 lbid.‚
393 5414 468 5461 27.
494 5437 553 5449 —
583 5410 605 5443 ⁸
633 5409 780 5473 lbid.‚
808 5414 888 5462 29.
913 5438 976 5449 —
1000 5414 1022 5449 ⁸
1045 5413 1193 5472 lbid.‚
1221 5416 1300 5464 30.
1331 5441 1383 5451 --
1415 5415 1436 5449 Β
1462 5415 1526 5464 ΙΙΙ
1556 5416 1691 5479 ¹³09·-

195 5491 305 5544 ιιι,
344 5485 466 5534 8.-
512 5484 534 5519 *⁸
578 5481 709 5531 Psat.
761 5494 878 5545 ctu,
916 5486 992 5536 15.
1021 5512 1072 5520 -—
1116 5488 1134 5515 ⁸
1176 5486 1320 5545 Gen„
1356 5499 1501 5547 xxxx,
1538 5489 1695 5537 ⁴0.—

3217 497 3336 559 199

1872 621 2081 689 Tertio
2108 623 2399 689 innuitur
2432 624 2929 689 continuationis
2954 643 3334 693 remunera-

1789 732 1902 810 tio,
1936 750 2084 814 quae
2116 733 2236 796 erit
2253 733 2319 796 in
2345 732 2581 798 coelesti
2608 733 2982 812 refectione3
3024 735 3195 800 unde
3222 735 3333 800 ad·

1791 838 1962 904 ditur
2001 862 2016 903 :
2079 839 2280 923 Usque
2323 841 2412 906 ad
2452 844 2724 907 montem
2777 842 2900 906 Dei
2944 840 3124 908 Oreb.
3172 840 3334 908 Oreb

1789 947 1962 1011 enim
1997 946 2450 1030 interpretatur
2487 963 2706 1013 mensa
2733 947 2756 982 ⁹
2797 969 2812 1011 t
2859 970 2890 1008 α
2926 946 3006 1013 Ut
3050 949 3248 1014 edatis
3273 955 3337 1016 et

1787 1054 2017 1118 bibatis
2043 1072 2237 1136 super
2259 1073 2546 1120 mensam
2575 1072 2811 1133 meam,
2834 1077 2866 1114 n
2893 1059 3013 1120 etc.
3044 1056 3134 1121 De
3150 1058 3335 1124 tertio

1789 1161 2020 1226 dicitur
2049 1161 2154 1225 bic
2186 1183 2201 1225 ε
2241 1162 2434 1228 Omne
2462 1161 2983 1230 delectamentum
3012 1165 3088 1231 in
3112 1181 3178 1231 se
3215 1166 3330 1233 Ιια-

1790 1269 2060 1349 centem,
2106 1269 2278 1352 quod
2323 1269 2558 1333 ibidem
2618 1270 2867 1352 plenius
2912 1271 3331 1355 exprimitur,

1789 1394 1940 1440 cum
1968 1376 2304 1457 subjungit
2336 1399 2352 1440 ι
2386 1377 2469 1443 Et
2505 1376 2867 1445 deserviens
2907 1379 3336 1462 uniuscuius-

1791 1500 1909 1566 que
1944 1483 2296 1561 voluntati,
2340 1485 2815 1553 convertebatur
2863 1505 2886 1551 .·
2922 1487 3011 1551 ita
3053 1493 3117 1553 et
3151 1491 3336 1571 panis

1792 1592 2076 1675 corporis
2106 1590 2333 1655 Christi
2356 1591 2731 1657 mirabiliter
2756 1592 3028 1659 delectat
3048 1600 3332 1662 contem-

1791 1699 2062 1783 plativos
2088 1703 2152 1763 et
2189 1699 2469 1764 devotos.
2512 1699 2744 1765 Manna
2782 1702 2953 1766 enim
3001 1708 3336 1786 propterea

1791 1808 1957 1871 hanc
2002 1805 2363 1871 mirabilem
2398 1806 2665 1889 triplicis
2707 1813 2956 1873 naturae
2995 1810 3079 1893 (b)
3109 1809 3336 1877 habuit

1792 1932 2109 1998 saporem,
2135 1915 2298 1980 sicut
2323 1914 2651 1999 Scriptura
2677 1917 3069 1999 manifestat,
3101 1920 3334 1986 scilicet

1790 2024 2018 2088 similae
2048 2042 2198 2089 cum
2225 2023 2432 2103 melle,
2465 2027 2531 2088 et
2551 2024 2734 2107 panis
2761 2024 2975 2091 oleati.
3001 2025 3107 2092 Sic
3128 2031 3192 2091 et
3213 2028 3336 2093 hoc

1791 2134 2287 2211 sacramentum,
2322 2131 2673 2196 secundum
2702 2131 3013 2216 triplicem
3043 2135 3335 2200 substan-

1790 2237 1948 2303 tiam
1968 2239 2038 2302 in
2069 2238 2337 2317 Christ0‚
2375 2238 2688 2322 triplicem
2725 2239 3121 2323 spiritualem
3145 2260 3330 2325 sapo-

1791 2363 1928 2410 rem
1943 2346 2155 2425 habet,
2177 2350 2250 2411 ut
2267 2346 2346 2428 (c)
2364 2346 2432 2410 in
2455 2350 2655 2428 gustu
2666 2348 2902 2412 animae
2914 2348 3185 2413 devotae.
3205 2349 3334 2415 Ha-

1790 2454 1898 2519 bet
1917 2455 2093 2519 enim
2118 2471 2411 2537 saporem
2440 2453 2649 2519 mellis
2673 2454 2884 2537 quoad
2912 2455 3196 2521 divinam
3222 2476 3336 2523 na-

1792 2565 2005 2625 turam
2034 2561 2080 2600 ¹⁰
2110 2583 2173 2624 :a
2191 2559 2465 2644 Spiritus
2487 2580 2672 2626 meus
2697 2580 2892 2645 super
2910 2564 3038 2628 mel
3053 2563 3276 2646 dulcis,
3293 2588 3324 2625 n

1794 2671 1914 2733 etc.
1943 2668 2134 2746 Quasi
2159 2686 2451 2751 saporem
2476 2668 2620 2748 olei,
2653 2669 2862 2752 quoad
2885 2670 3169 2735 animam
3198 2691 3337 2755 spe-

1793 2775 2208 2841 ciosissimam
2258 2775 2467 2858 gratia
2521 2779 2779 2841 unctam
2807 2800 2826 2856 ;
2880 2777 3171 2844 Psalmus
3217 2781 3258 2816 ¹¹
3314 2803 3331 2844 ι

1803 2908 1835 2946 α
1882 2884 2078 2950 Unxit
2104 2888 2165 2949 te
2197 2884 2360 2949 Deus
2385 2884 2547 2966 oleo,
2596 2909 2629 2946 n
2678 2890 2798 2950 etc.
2843 2885 3035 2963 Quasi
3073 2888 3333 2970 similae,

1794 2994 2005 3077 quoad
2048 3011 2280 3075 corpus
2321 3012 2559 3076 purum
2591 3013 2632 3059 a
2679 2995 2924 3059 furfure
2966 2995 3233 3075 fomitiS,
3276 3001 3339 3061 et

1795 3102 2216 3184 corruptionis
2245 3102 2578 3183 originalis
2603 3104 2649 3138 ¹¹¹
2680 3123 2696 3166 ε
2723 3125 2755 3162 α
2776 3102 3067 3167 Similam
3094 3107 3157 3168 et
3185 3105 3334 3185 mel,

1796 3214 1861 3274 et
1885 3209 2102 3276 oleum
2129 3210 2476 3290 comedisti,
2498 3214 2562 3274 et
2593 3211 2820 3276 decora
2845 3212 3008 3275 facta
3038 3230 3107 3277 es
3148 3213 3339 3278 vehe-

1797 3321 2048 3382 menter
2070 3318 2280 3381 nimis.
2320 3338 2350 3377 ι)
2379 3317 2498 3381 Ubi
2521 3317 2646 3381 tria
2672 3318 2869 3383 verba
2893 3319 3191 3402 praedicta
3207 3320 3340 3385 ani·

1797 3444 1923 3491 mae
1950 3427 2230 3507 ingratae
2252 3426 2667 3508 objiciuntur.

1875 3534 1965 3599 De
2007 3539 2267 3617 quarto,
2316 3533 2558 3616 legitur
2596 3534 2641 3570 ¹⁸
2682 3533 2854 3617 quod
2897 3551 3127 3616 panea,
3177 3553 3340 3617 quos

1798 3641 2053 3707 Abacuc
2095 3641 2429 3706 intriverat
2456 3641 2525 3706 in
2570 3641 2816 3706 alveolo
2835 3689 2853 3721 ,
2895 3641 3094 3706 ductu
3132 3659 3338 3723 ange-

1797 3749 1919 3815 lico
1964 3750 2487 3814 transmittuntur
2530 3747 2770 3813 Danieli
2826 3748 2895 3811 in
2953 3748 3166 3812 lacum
3205 3747 3337 3813 leo-

1800 3875 1983 3921 num.
2009 3856 2128 3921 Hic
2153 3861 2248 3921 est
2260 3856 2445 3940 panis
2469 3856 2749 3938 corporis
2763 3855 3013 3935 Christi,
3039 3855 3154 3939 qui
3181 3855 3338 3921 dum

1798 3984 1915 4048 pro
1956 3964 2269 4031 defunctis
2308 3963 2596 4040 offertur,
2650 3966 2806 4026 tunc
2846 3961 2916 4026 in
2948 3962 3159 4026 lacum
3189 3981 3339 4046 pur-

1801 4073 2034 4153 gatorii
2064 4071 2515 4136 transmittitur
2542 4088 2658 4154 per
2684 4070 3004 4134 effectum.
3039 4070 3192 4135 Haec
3217 4089 3333 4136 au-

1800 4185 1931 4246 tem
1957 4180 2083 4246 tria
2108 4178 2416 4263 passIOnis
2439 4178 2668 4245 Christi
2691 4179 3132 4259 memorativa,
3154 4182 3338 4262 cujus

1801 4290 2096 4372 passione
2112 4290 2481 4371 purgantur
2499 4287 2732 4351 animae
2761 4305 2799 4350 a
2823 4285 3008 4368 culpa
3033 4289 3096 4350 et
3124 4303 3333 4369 poena,

1801 4398 2258 4479 significantur
2281 4413 2393 4479 per
2416 4395 2540 4459 boc
2565 4394 2734 4476 quod
2763 4394 2990 4458 dicitur
3022 4395 3340 4462 :lutrice-

1804 4509 1912 4572 ναί
1949 4520 2172 4586 panes.
2221 4503 2297 4567 ln
2337 4501 2700 4586 poenalitate
2748 4500 2919 4564 enim
2971 4502 3338 4584 passionum

1803 4613 2058 4677 attritus
2084 4616 2147 4676 et
2173 4610 2433 4674 intritus
2469 4614 2564 4674 est
2604 4608 2892 4674 Christus
2927 4609 3119 4673 etiam
3144 4611 3213 4673 in
3242 4611 3335 4674 al-

1802 4737 1923 4783 veo
1960 4718 2167 4783 crucis
2194 4716 2238 4753 ¹⁴
2275 4739 2291 4781 ε
2333 4739 2364 4777 α
2392 4716 2655 4781 Attritus
2681 4719 2777 4780 est
2809 4719 3067 4799 propter
3106 4716 3341 4782 scelera

1802 4830 2042 4891 nostra.
2076 4847 2108 4885 ι)
2143 4825 2441 4888 Innuitur
2474 4823 2668 4887 etiam
2693 4823 3003 4904 angelicae
3029 4840 3201 4889 curae
3237 4824 3335 4888 di-

1802 4933 2093 5015 ligentia,
2123 4931 2277 5014 quia
2302 4931 2494 4995 ductu
2521 4929 2811 5010 angelico
2843 4929 3023 5010 panis
3051 4929 3166 4994 iste
3201 4949 3339 5013 per-

1804 5039 1969 5104 latus
1997 5041 2112 5103 est.
2147 5036 2320 5103 Unde
2346 5036 2416 5100 in
2445 5035 2728 5101 Canone:
2762 5034 2914 5100 Jube
2942 5035 3055 5102 hoc
3086 5036 3173 5115 (d)
3196 5053 3340 5119 per-

1801 5185 1821 5213 ⁰
1852 5184 1992 5241 Luc„
2031 5194 2172 5244 xxu,
2213 5184 2292 5230 30.
2336 5206 2398 5217 —
2440 5181 2484 5215 1⁰
2522 5178 2697 5242 Eccli,
2736 5183 2991 5242 xxivjffl.
3034 5206 3093 5217 —
3128 5182 3167 5216 ¹¹
3202 5182 3335 5232 Psal.

1806 5266 1948 5317 κων,
1983 5257 2029 5305 8.
2061 5280 2122 5290 -
2153 5254 2191 5287 ¹²
2224 5250 2419 5313 Ezech„
2449 5262 2554 5314 xvi,
2586 5254 2658 5302 13.
2695 5276 2756 5287 —
2787 5251 2826 5286 ³⁸
2856 5253 3006 5315 Dan„
3033 5264 3139 5315 xm,
3169 5255 3246 5304 32.
3275 5281 3339 5293 -

1804 5326 1847 5362 ¹⁸
1873 5328 1991 5388 Isa„
2021 5337 2138 5389 Lm,
2167 5328 2213 5376 5.

1872 5414 1945 5480 (α)
1973 5416 2097 5465 coet.
2128 5414 2246 5465 edit.
2271 5413 2466 5477 implet,
2490 5378 2911 5479 saucians-(12)
2936 5414 3058 5465 uem
3089 5415 3340 5481 triplicem

1815 5492 2131 5541 naturam.-—
2153 5494 2183 5552 (ι
2200 5492 2213 5550 ,l
2228 5488 2379 5539 Forte
2398 5486 2495 5551 leg.
2517 5489 2619 5535 aut.
2627 5512 2683 5524 —
2703 5485 2774 5553 (d)
2785 5486 2906 5555 hoec,
2926 5492 3127 5541 utnunc
3138 5488 3336 5543 dicitur.
