4059 6317
707 556 829 624 850

705 690 920 751 ultimo
956 688 1228 750 omnium
1253 690 1465 766 vulpes
1502 689 1779 763 advenit;
1827 703 2085 763 cumque
2112 686 2252 745 toris

707 788 903 858 staret,
922 799 1033 842 nec
1050 782 1208 842 intus
1229 783 1493 857 intraret,
1515 788 1572 842 et
1593 784 1716 856 leo,
1737 785 1805 842 ut
1821 781 2251 857 ingrederetur,

708 879 989 950 ediceret,
1019 877 1125 937 illa
1150 876 1233 936 ait
1260 896 1275 936 :
1312 898 1341 932 ι
1358 876 1720 953 obstupesco
1745 882 1910 935 tuam
1934 874 2253 934 crudelita-

707 977 848 1044 tem,
877 988 1063 1048 quam
1085 971 1264 1032 video
1293 991 1309 1029 ι
1351 973 1514 1048 quia,
1546 988 1683 1030 cum
1710 970 1953 1045 vestigia
1980 969 2253 1029 omnium

708 1066 1060 1128 animalium
1114 1067 1485 1126 considerem
1501 1110 1520 1139 ,
1574 1065 1806 1125 nullum
1853 1064 2035 1123 video
2092 1062 2253 1120 foras

709 1162 918 1222 exisse.
956 1162 1116 1222 Unde
1142 1161 1325 1221 timeo
1366 1164 1422 1219 te
1462 1160 1667 1220 omnia
1708 1159 2037 1219 occidisse:
2069 1172 2255 1233 quare

709 1271 836 1315 non
863 1271 1009 1314 ausa
1034 1273 1169 1315 sum
1192 1255 1454 1316 introire.
1493 1277 1524 1312 n
1560 1255 1653 1314 Sic
1689 1258 1748 1313 et
1784 1254 2116 1325 malignum
2143 1250 2255 1309 do-

712 1352 944 1411 minum
982 1350 1132 1425 fugit
1157 1351 1447 1409 exercitus
1485 1349 1868 1408 famulorum.
1917 1346 2258 1407 Secundum

712 1450 801 1506 est
849 1444 1267 1504 benevolentia
1320 1443 1648 1516 charitatis»,
1710 1446 1776 1501 ut
1821 1442 2102 1501 omnibus
2144 1456 2256 1515 pro

711 1556 887 1617 posse
911 1539 1224 1598 subveniat
1249 1558 1263 1596 :
1292 1538 1557 1597 officium
1580 1538 1741 1597 enim
1768 1540 1854 1596 est
1878 1536 2025 1595 boui
2049 1533 2254 1610 patria,

711 1634 849 1692 filiis
874 1632 1205 1692 necessaria
1233 1633 1530 1692 exhibere.
1559 1632 1699 1691 Ideo
1721 1634 1869 1689 Deus
1887 1629 1992 1688 dat
2015 1629 2259 1705 quibus-

713 1728 855 1786 dam
882 1726 1136 1794 divitias,
1165 1729 1231 1784 ut
1260 1725 1624 1801 pauperibus
1647 1724 2033 1795 subveniant,
2061 1725 2117 1781 et
2143 1720 2258 1780 sibi

713 1822 894 1881 vitam
933 1824 1211 1879 aeternam
1255 1820 1581 1895 acquirant.
1642 1818 1804 1876 Unde
1859 1817 2076 1877 dicitur
2125 1815 2259 1874 tali·

705 1916 828 1974 'bus
855 1918 874 1953 ¹
901 1932 917 1973 e
955 1934 986 1969 ι
1011 1914 1423 1989 Unusquisque
1449 1913 1600 1970 sicut
1625 1911 1852 1987 accepit
1891 1911 2168 1986 gratiam,
2194 1909 2258 1966 in

715 2010 1061 2069 alterutrum
1089 2006 1256 2066 illam
1276 2005 1767 2078 administrantes,
1787 2005 1936 2064 sicut
1962 2003 2110 2063 boni
2134 2003 2258 2061 dle-

715 2108 1078 2180 pensatores.
1105 2120 1136 2156 n
1166 2102 1313 2159 Boni
1357 2099 1789 2175 dispensatores
1828 2097 2124 2170 dicuntur,
2154 2096 2259 2171 qui

715 2212 754 2256 a
780 2200 896 2255 Deo
930 2194 1245 2270 accipiunt,
1275 2197 1333 2252 et
1357 2193 1760 2268 indigentibus
1787 2192 2039 2251 libenter
2065 2189 2259 2249 distri·

714 2291 925 2349 buunt.
963 2289 1127 2348 Unde
1156 2288 1370 2347 dicitur
1394 2285 1417 2320 ’
1441 2290 1609 2363 quod
1634 2302 1807 2346 nemo
1833 2290 1960 2345 erat
1985 2284 2262 2359 indigens

715 2385 866 2444 inter
890 2382 1194 2458 apostolos
1202 2401 1221 2456 3
1253 2382 1360 2441 sed
1388 2381 1535 2441 sicut
1561 2385 1686 2440 erat
1708 2397 1811 2439 cor
1836 2396 2025 2438 unum
2053 2383 2109 2437 et
2136 2378 2262 2438 ani·

717 2494 819 2537 ma
841 2493 982 2550 una,
1014 2478 1098 2536 sic
1132 2482 1191 2536 et
1224 2477 1340 2535 iuis
1366 2481 1535 2535 erant
1564 2475 1769 2535 omnia
1813 2474 2175 2535 communia.
2204 2474 2262 2531 Si

476 2586 693 2703 μιξα-
719 2573 878 2631 enim
903 2571 1138 2647 aquila,
1167 2570 1369 2629 avium
1396 2570 1624 2645 regina,
1652 2585 1965 2644 nunquam
2002 2568 2265 2627 comedit

719 2666 985 2743 praedam
1012 2682 1204 2737 suam,
1229 2665 1376 2741 quin
1403 2664 1535 2723 aliis
1562 2663 1776 2723 avibus
1799 2664 2051 2722 dimittat
2070 2679 2144 2721 ex
2169 2678 2263 2734 ea,

720 2766 777 2819 et
801 2760 918 2819 hoc
949 2759 1204 2819 dictante
1222 2764 1462 2831 natura;
1493 2758 1642 2833 quid
1671 2758 1917 2817 deberet
1937 2756 2131 2815 facere
2156 2757 2265 2814 hu-

718 2871 900 2913 mana
921 2860 1155 2925 natura,
1178 2853 1258 2911 ab
1283 2853 1399 2911 hoc
1428 2868 1465 2910 a
1492 2868 1602 2911 suo
1630 2854 1788 2925 Rege
1823 2851 2075 2910 edocta?
2100 2854 2263 2910 Nun-

720 2952 900 3025 qua'm
930 2949 1056 3006 sine
1085 2947 1470 3022 eleemosyna
1504 2945 1748 3005 deberet
1775 2961 1901 3005 esse
1938 2946 2267 3003 humanum

719 3042 1062 3118 prandium,
1083 3040 1179 3099 vei
1207 3056 1394 3099 coena.
1424 3040 1677 3116 Require
1699 3040 1774 3099 de
1790 3040 1906 3099 hoc
1925 3040 2266 3114 exemplum

720 3136 964 3206 Nicolai‚
992 3135 1160 3211 quod
1196 3136 1476 3209 scriptum
1516 3136 1690 3193 estin
1721 3134 1997 3208 Legenda
2022 3134 2267 3194 ioannis

722 3229 1264 3325 Eleemosynarii‚
1209 3230 1263 3266 ⁸·
1296 3230 1355 3287 et
1381 3228 1570 3287 multa
1598 3228 1717 3288 alia
1744 3228 1822 3286 de
1846 3228 1965 3287 hoc
1991 3228 2267 3302 exempla

724 3327 863 3382 sunt
887 3322 994 3382 ibi.

841 3545 952 3621 DE
1012 3544 1128 3620 SS.
1190 3544 1601 3620 PHILIPPO
1665 3544 1772 3619 ET
1825 3544 2153 3621 JACOBO

1319 3697 1667 3745 Amemus.

1151 3851 1444 3914 SERMO
1500 3851 1853 3914 PRIMUS.

799 3988 983 4047 Nimis
1010 3986 1262 4044 honorati
1301 3985 1371 4061 (α)
1418 3990 1545 4044 sunt
1577 3987 1741 4042 amici
1786 3988 1889 4055 tui,
1929 3988 2076 4044 Deus
2100 3984 2142 4045 ⁶.
2176 3986 2275 4045 Di·

732 4096 920 4156 gnum
965 4083 1077 4153 est,
1115 4082 1174 4138 et
1223 4078 1434 4138 rationi
1481 4095 1845 4152 consonum,
1885 4083 1953 4138 ut
2005 4081 2108 4155 qui
2151 4084 2276 4140 toto

730 4190 906 4250 posse
934 4172 1252 4232 Dominum
1279 4171 1732 4244 honoraverint,
1762 4176 1821 4231 et
1858 4190 1969 4249 pro
2014 4175 2141 4247 eJus
2166 4172 2277 4234 ho·

733 4284 878 4327 nore
905 4284 968 4325 se
1004 4264 1198 4325 occidi
1225 4266 1629 4339 permiserint,
1678 4272 1959 4341 operante
2005 4270 2154 4341 Deo,
2198 4266 2277 4327 ab

735 4361 1016 4422 omnibus
1049 4359 1435 4418 honorentur.
1477 4362 1564 4418 Fit
1605 4375 1772 4434 ergo,
1812 4363 1930 4419 Deo
1968 4360 2276 4434 efficiente,

736 4462 803 4516 ut
826 4457 1018 4530 major
1044 4456 1240 4513 honor
1273 4454 1654 4530 impendatur
1688 4454 1767 4513 ab
1802 4454 2047 4514 homine
2084 4456 2279 4532 pisca·

737 4549 873 4624 tori,
904 4566 1087 4626 quam
1123 4549 1299 4608 alicui
1335 4564 1570 4607 summo
1608 4550 1770 4623 regi3
1807 4553 1996 4625 major
2035 4552 2281 4627 Jacobo,

739 4660 924 4721 quam
958 4643 1045 4702 ini
1078 4643 1477 4703 famosissimo
1512 4642 1883 4717 Alexandr03
1921 4645 2116 4719 major
2157 4647 2285 4706 Phi·

741 4738 928 4813 lippo,
960 4754 1142 4813 quam
1174 4738 1325 4812 Cyro
1356 4738 1414 4794 ct
1456 4737 1648 4795 Dario,
1689 4740 2094 4814 Etpropterea
2128 4741 2283 4800 bene

745 4832 820 4890 de
848 4833 934 4890 eis
971 4830 1185 4889 dicitur
1216 4848 1232 4887 ε
1277 4833 1461 4891 Nimis
1501 4832 1757 4889 honorati
1795 4838 1922 4891 sunt
1959 4838 2125 4891 amici
2162 4837 2283 4908 tui,

1715 548 2136 620 SERMONES
2174 550 2278 617 DE
2320 550 2676 619 SANCTIS.
2715 550 2896 620 XXV.

2358 686 2462 747 lile
2489 687 2650 747 enim
2674 687 2963 764 perfectus
2989 686 3204 748 dicitur
3228 703 3382 760 esse,
3408 689 3518 766 qui
3538 690 3603 749 in
3624 691 3731 751 via
3754 691 3900 750 divi·

2360 783 2453 842 nis
2480 783 2701 843 meritis
2726 784 3069 857 adornatur,
3097 788 3155 843 et
3184 784 3249 843 in
3281 786 3477 860 patria
3502 786 3670 861 regio
3700 787 3903 847 diade-

2361 881 2518 937 mate
2539 884 2873 939 coronatur.
2900 878 3096 938 Primo
3115 895 3261 954 ergo
3286 883 3533 939 notatur
3559 881 3903 942 excellentia

2361 970 2585 1048 meriti,
2615 989 2736 1049 qua
2760 972 3049 1032 fulserunt
3079 973 3145 1031 in
3178 974 3443 1047 mund0,
3474 990 3616 1033 cum
3650 976 3902 1034 dicitur:

2362 1068 2544 1125 Amici
2568 1071 2676 1139 tui,
2696 1070 2861 1141 Dete-53
2882 1069 3145 1127 secundo
3160 1071 3399 1127 notatur
3412 1068 3759 1128 sublimitas
3772 1085 3905 1145 praa-

2363 1159 2491 1234 mii,
2520 1176 2643 1236 quo
2671 1161 3193 1236 regnantincoelo,
3220 1178 3360 1220 cum
3385 1161 3670 1221 subditur
3699 1183 3718 1221 ε
3739 1166 3907 1221 Ninus

2362 1254 2617 1312 honorati
2646 1260 2794 1313 sum.
2824 1258 2971 1314 Nam
3005 1255 3112 1314 etsi
3151 1255 3332 1314 sancti
3373 1256 3646 1331 Apostoli
3680 1255 3907 1316 ruerunt

2363 1348 2637 1407 honorati
2678 1350 2742 1406 in
2768 1365 2876 1409 sua
2901 1349 3287 1408 conversione
3323 1355 3572 1424 propter
3607 1351 3785 1423 Regis
3812 1368 3906 1411 vo·

2365 1442 2549 1502 cantis
2593 1459 2891 1515 amorem,
2937 1448 2995 1502 et
3037 1445 3250 1503 iterum
3296 1460 3407 1504 sua
3460 1446 3907 1505 conversatione

2365 1539 2610 1613 propter
2634 1537 2805 1610 Regis
2830 1537 3314 1611 familiaritatem,
3362 1543 3418 1598 et
3447 1539 3671 1598 iterum
3710 1541 3777 1598 in
3813 1556 3910 1599 sua

2365 1631 2640 1707 passione
2679 1635 2923 1706 propter
2956 1632 3128 1706 Regis
3164 1634 3548 1708 societatem,
3596 1634 3783 1691 nimis
3826 1639 3906 1692 ta-

2365 1740 2505 1783 men
2576 1723 2854 1783 dicuntur
2927 1726 3202 1785 honorati
3262 1730 3508 1802 propter
3586 1732 3910 1786 assecutam

2365 1818 2763 1887 aeternitatem,
2805 1826 2863 1881 et
2901 1837 3085 1898 quam
3113 1826 3468 1895 acceperunt
3502 1821 3910 1880 immortalita—

2364 1919 2517 1989 tem,
2563 1921 2623 1976 et
2654 1921 3003 1994 perpetuam
3042 1918 3409 1992 potestatem.
3460 1914 3586 1974 Sed
3628 1930 3802 1974 nunc
3841 1917 3913 1975 ad

2367 2028 2577 2071 eorum
2603 2013 2881 2071 meritum
2898 2009 3205 2080 adeamuS,
3233 2011 3292 2067 et
3316 2024 3440 2082 eos,
3464 2014 3772 2085 quantum
3788 2028 3913 2088 pos-

2366 2122 2593 2180 sumus,
2620 2104 2835 2165 imitari
2860 2102 3220 2174 studeamus,
3248 2105 3314 2160 ut
3343 2102 3683 2179 aliquando
3714 2106 3795 2164 ad
3820 2110 3914 2164 Re—

2367 2215 2504 2275 gem
2543 2198 2850 2276 pervenire
2902 2196 3217 2273 possimus.
3260 2198 3409 2255 Nam
3454 2196 3605 2256 dicit
3647 2200 3913 2273 Augusti-

2367 2310 2482 2353 nus
2507 2295 2530 2331 ·
2572 2313 2588 2352 2
2637 2315 2666 2347 ιι
2713 2292 2822 2364 Qui
2869 2297 3104 2350 sanctos
3149 2294 3463 2365 martyres,
3506 2291 3575 2349 in
3620 2298 3913 2367 quantum

2368 2387 2647 2465 potuerit,
2673 2386 2931 2447 noluerit
2954 2384 3205 2457 imitari,
3243 2382 3323 2443 ad
3352 2400 3565 2443 eorum
3602 2384 3917 2445 beatitudi-

2369 2498 2511 2541 nem
2535 2497 2659 2540 non
2695 2480 2912 2555 poterit
2949 2478 3299 2555 pervenire:
3323 2498 3354 2534 n
3386 2482 3483 2537 Est
3522 2494 3675 2552 ergo
3716 2485 3922 2538 notan·

2371 2575 2541 2649 dum,
2565 2574 2732 2651 quod
2752 2573 2850 2633 Dei
2878 2573 3198 2631 amicitiam
3215 2573 3398 2631 sancti
3419 2573 3695 2647 Apostoli
3722 2574 3919 2632 multis

2370 2669 2569 2729 modis
2605 2667 3030 2744 acquisierunt,
3069 2666 3287 2741 quibus
3323 2668 3380 2724 et
3413 2681 3562 2736 nos,
3606 2671 3925 2740 prestante

2372 2768 2513 2837 Deo,
2543 2779 2677 2822 eam
2712 2760 3019 2836 acquirere
3052 2774 3402 2835 possumus,
3434 2759 3484 2815 si
3515 2759 3642 2817 otio
3670 2775 3801 2817 non
3830 2776 3927 2820 va-

2373 2873 2596 2916 cemus.
2637 2856 2845 2915 Divina
2890 2853 3069 2928 igitur
3130 2851 3388 2912 amicitia
3434 2852 3769 2927 acquiritur
3823 2870 3928 2929 per

2372 2951 2690 3028 puritatem
2743 2948 3125 3019 innocentiae,
3176 2962 3285 3021 per
3330 2944 3719 3005 afflictionem
3770 2963 3928 3006 vera

2372 3044 2745 3122 poenitentioe,
2762 3060 2871 3119 per
2891 3057 3159 3101 amorem
3173 3038 3545 3106 obedientiae,
3564 3055 3682 3114 per
3696 3038 3927 3098 donum

2374 3139 2688 3215 patientiae,
2715 3153 2825 3214 per
2852 3136 3082 3195 donum
3114 3132 3554 3206 munificentia,
3586 3132 3719 3192 sive
3744 3135 3925 3192 msse-

2373 3234 2667 3295 ricordiae.

2447 3332 2584 3388 Dico
2597 3326 2764 3404 quod
2778 3326 2983 3385 divina
2999 3324 3254 3384 amicitia
3271 3324 3466 3400 primo
3480 3324 3937 3401 acquifitmper

2378 3422 2733 3483 munditiam
2746 3422 2885 3478 vitae
2897 3440 2915 3493 3
2946 3421 3030 3477 sic
3048 3420 3207 3477 enim
3229 3418 3503 3477 scribitur
3523 3419 3547 3454 ⁸
3570 3438 3586 3475 z
3610 3438 3645 3473 ι
3662 3419 3781 3489 Qui
3803 3419 3937 3477 diii-

2380 3518 2465 3593 git
2485 3516 2681 3576 cordis
2699 3514 3076 3587 munditiam,
3093 3512 3341 3571 habebit
3359 3511 3620 3571 amicum
3632 3515 3889 3587 Regem.
3903 3532 3932 3568 ι

2379 3610 2607 3687 Optime
2637 3608 2781 3667 dicit
2806 3608 2985 3667 cordis
3010 3607 3365 3678 munditiam,
3394 3607 3536 3681 quia
3562 3605 3737 3665 cordi
3764 3622 3938 3665 mun·

2382 3704 2463 3763 do
2492 3703 2695 3763 omnia
2734 3706 2870 3760 sunt
2904 3700 3151 3759 munda.
3200 3702 3515 3775 Nunquam
3553 3714 3720 3775 aqua
3758 3701 3941 3759 rivuli
4006 3710 4059 3750 sn

2382 3797 2491 3857 erit
2513 3795 2764 3869 munda,
2792 3796 2843 3853 si
2871 3794 3047 3853 fuerit
3084 3794 3149 3852 in
3187 3793 3347 3852 fonte
3384 3794 3701 3853 immundo
3732 3814 3752 3852 :
3786 3773 4059 3854 nun-*⁸

2383 3906 2567 3967 quam
2584 3889 2854 3949 viriditas
2894 3904 3021 3947 esse
3061 3887 3275 3964 poterit
3311 3887 3373 3945 in
3414 3887 3662 3958 arbore,
3688 3886 3745 3946 si
3776 3888 3943 3949 <hefe-

2384 3986 2526 4044 cerit
2550 3983 2614 4042 in
2639 3982 2860 4042 radice.
2888 3984 2960 4040 Et
2984 3982 3137 4041 sicut
3164 3981 3425 4040 nascitur
3454 3980 3619 4039 rivus
3645 3996 3721 4040 ex
3750 3982 3945 4056 fonte,

2384 4080 2469 4138 sic
2497 4078 2692 4138 omnis
2718 4077 2781 4135 in
2816 4090 3067 4151 corpore
3092 4078 3296 4134 nostro
3326 4078 3521 4133 motus
3554 4080 3851 4135 causatur
3876 4092 3950 4136 ex

2387 4172 2588 4233 corde.
2618 4175 2796 4246 Ergo,
2816 4170 2867 4228 si
2889 4186 2994 4230 cor
3022 4168 3197 4228 hierii
3220 4168 3624 4242 immundum,
3654 4168 3774 4228 erit
3792 4171 3955 4229 visus

2388 4266 2771 4338 immundus,
2819 4265 3058 4323 auditus
3100 4263 3483 4337 immundus,
3526 4263 3791 4324 olfactus
3838 4268 3953 4324 im-

2389 4361 2672 4432 mundus,
2698 4363 2903 4433 gustus
2922 4358 3293 4431 immundus,
3322 4362 3380 4417 et
3402 4362 3616 4417 tactuS.
3646 4362 3716 4418 Et
3734 4377 3773 4419 e
3814 4376 3959 4420 con·

2389 4458 2502 4529 tra,
2531 4454 2581 4513 si
2608 4453 2784 4513 fuerit
2806 4453 2872 4510 in
2897 4452 3080 4511 corde
3100 4452 3412 4525 munditia,
3434 4453 3642 4511 onmia
3664 4469 3787 4528 per
3808 4468 3957 4514 con·

2391 4563 2648 4624 sequens
2700 4550 2873 4606 erunt
2922 4546 3170 4605 munda.
3220 4546 3372 4617 Quia
3428 4546 3616 4605 sancti
3675 4550 3957 4623 Apostoli

2394 4643 2730 4702 habuerunt
2755 4639 2938 4699 corda
2965 4640 3213 4713 munda,
3252 4640 3392 4699 ideo
3426 4645 3485 4698 et
3516 4654 3659 4699 caro
3684 4644 3959 4701 exesam

2392 4736 2505 4795 fuit
2550 4734 2798 4795 munda.
2854 4734 3215 4794 Audiverant
3264 4733 3426 4793 enim
3474 4748 3513 4793 a
3570 4735 3842 4795 Domino
3878 4735 3903 4770 ¹
3942 4755 3957 4794 ε

2402 4852 2432 4885 α
2450 4833 2581 4893 lam
2598 4844 2707 4888 vos
2728 4828 2939 4887 mundi
2958 4828 3093 4886 estis
3117 4831 3362 4903 propter
3377 4842 3749 4901 sermonem,
3766 4846 3960 4905 quem

745 4931 901 4986 Deus.
946 4926 1011 4984 1n
1063 4924 1251 4983 verbo
1306 4940 1449 4999 erg-o
1507 4924 1808 5000 praemisso
1871 4910 2287 4988 describuntur
2396 4924 2631 4984 locutus
2658 4940 2791 4983 sum
2817 4922 3011 4982 vobis.
3044 4942 3077 4979 w
3112 4922 3262 4982 Nam
3288 4926 3346 4981 et
3372 4921 3448 4980 de
3485 4925 3691 4981 sancto
3724 4925 3961 4984 Iacobo

743 5018 1008 5095 Apostoli
1033 5017 1293 5077 maxime
1320 5034 1358 5076 a
1397 5017 1635 5078 duobus
1666 5037 1681 5077 :
1724 5020 1944 5095 primo,
1984 5022 2065 5080 ab
2095 5024 2290 5082 excel-

744 5114 926 5173 lentia
951 5113 1293 5184 sanctitatis,
1316 5127 1439 5186 qua
1452 5110 1743 5171 fulserunt
1767 5113 1831 5172 in
1849 5113 1947 5172 via
1957 5134 1977 5189 3
1998 5116 2287 5189 secundo,

747 5208 827 5267 ab
854 5204 1162 5267 altitudine
1187 5206 1516 5280 potestatis,
1559 5223 1682 5283 qua
1703 5211 1963 5284 proesunt
1986 5210 2051 5267 in
2078 5210 2286 5287 patria.

814 5358 831 5391 ¹
862 5356 879 5406 Ι
912 5357 1069 5417 Ρεεν.,
1102 5366 1171 5419 iv,
1204 5359 1279 5407 to.
1308 5383 1373 5395 —
1399 5357 1420 5390 ¹
1446 5355 1578 5421 Act„
1607 5368 1679 5423 iv,
1703 5359 1794 5420 34,
1822 5361 1902 5409 32.
1933 5385 1989 5395 —-
2024 5358 2047 5393 ⁸
2071 5359 2291 5424 Lipom„

754 5428 820 5480 ad
844 5428 905 5477 23
932 5428 1138 5479 ianuar.
1157 5452 1219 5466 -
1243 5428 1266 5462 ¹·
1284 5427 1425 5479 Paul.
1448 5440 1706 5491 cxxxvm,
1731 5431 1809 5480 17.
1831 5455 1893 5468 -
1918 5430 1941 5466 ⁸
1964 5434 2073 5482 imo
2095 5436 2292 5495 auctor,

757 5497 985 5569 quisquis
1009 5500 1101 5564 eit,
1131 5513 1283 5551 serm.
1311 5511 1497 5564 ccxxv,
1526 5499 1592 5552 al.
1624 5511 1786 5567 xtvu,
1811 5500 1873 5551 de
1901 5500 2130 5567 Sanctis,
2157 5517 2213 5554 n.
2244 5507 2292 5570 1,

2400 5018 2613 5077 dicitur
2651 5019 2675 5055 ⁸
2720 5017 2888 5093 quod
2928 5017 3106 5076 fuerit
3138 5019 3376 5076 sanctus
3413 5029 3489 5075 ex
3522 5020 3699 5076 utero
3749 5018 3962 5078 nauis

2398 5130 2540 5173 suas.
2566 5112 2683 5172 Sed
2706 5112 2846 5188 quis
2863 5114 3054 5187 potest
3076 5110 3258 5171 hodie
3282 5109 3526 5185 gloriari
3548 5110 3869 5171 mundum
3894 5129 3957 5171 se

2402 5268 2536 5321 inter
2560 5269 2714 5332 oper.
2748 5268 2900 5330 Aug„
2938 5264 3172 5330 Append.
3220 5266 3347 5315 tom.
3378 5265 3435 5313 V.
3470 5289 3533 5302 —
3569 5266 3590 5297 ⁸
3622 5264 3793 5330 ἢτοι,
3827 5279 3962 5327 nn,

2406 5345 2485 5392 1¹.
2526 5366 2590 5379 —
2635 5341 2652 5372 ⁷
2688 5339 2854 5399 loun„
2901 5349 2990 5401 ιν,
3026 5339 3079 5387 3.
3115 5362 3181 5375 —
3217 5335 3241 5372 ⁸
3278 5336 3394 5387 vid.
3436 5337 3491 5387 in
3534 5337 3668 5387 Vitis
3696 5339 3965 5401 Sueten,

2403 5411 2486 5462 dte
2526 5415 2547 5462 ¹
2585 5410 2732 5474 Maii,
2772 5409 2907 5474 apud
2942 5409 3161 5472 Lipom„
3188 5421 3254 5459 ex
3294 5409 3598 5475 Hegedpp„
3634 5410 3725 5460 tib.
3758 5411 3829 5461 V.

2467 5502 2541 5567 (α)
2568 5502 2719 5567 vulg.
2749 5500 3084 5566 honorificati.
