4059 6317
641 459 759 520 112

640 606 756 655 nes
788 585 1277 671 chrysodemus
1303 584 1324 621 ¹
1359 601 1379 649 ε
1428 604 1461 644 01
1504 581 1855 650 Suffecerat
1900 581 1983 646 ad
2030 597 2180 664 por·-

641 695 909 760 tandum
940 709 1287 776 pauperem
1312 707 1486 757 unus
1509 689 1816 773 angelus3
1848 687 1960 754 sed
1986 705 2179 771 prop-

642 805 818 866 terea
854 799 1072 884 plures
1118 801 1471 878 venerunt,
1515 802 1591 863 ut
1635 797 1905 863 chorum
1946 793 2185 860 laetitiae

642 908 898 973 saciant.
926 929 959 968 ›)

989 1036 1003 1052 '
1125 1079 1414 1151 sunno
1458 1079 1706 1172 111(a).

736 1236 1047 1304 Triticum
1104 1238 1317 1302 autem
1364 1235 1732 1315 concrepate
1772 1231 1848 1297 in
1895 1229 2192 1296 horreum

606 1391 626 1401 -
652 1360 859 1411 mcum
877 1346 926 1408 ¹.
955 1341 1362 1408 Considerate
1384 1340 1692 1406 debemus
1711 1336 2191 1421 quadruplicem

652 1450 1223 1533 congregationem
1239 1498 1257 1530 ,
1299 1447 1591 1514 videlicet
1622 1469 1638 1511 ι
1681 1444 2077 1510 credentium
2121 1444 2191 1508 in

653 1559 927 1638 mundo,
958 1556 1355 1639 gementium
1384 1555 1453 1618 in
1479 1555 1751 1633 inferno,
1778 1550 2193 1617 frementium

653 1667 725 1731 in
750 1664 933 1746 coelo,
962 1663 1435 1746 resurgentium
1460 1659 1813 1745 injudicio.

738 1773 824 1839 De
845 1773 1055 1857 primo
1081 1772 1104 1808 ⁸
1137 1793 1153 1836 z
1191 1791 1224 1831 α
1246 1768 1507 1834 Levabit
1544 1766 1850 1833 Dominus
1887 1765 2155 1846 signum
2168 1810 2190 1843 ‚

655 1886 720 1946 et
747 1879 1174 1962 congregabit
1199 1877 1507 1961 profugos
1535 1873 1727 1939 Israel
1745 1922 1763 1955 ,
1792 1877 1855 1938 et
1882 1872 2198 1955 dispersos

656 1989 689 2054 J
695 1989 820 2054 uda
845 1987 1103 2069 colliget
1140 2004 1181 2049 a
1216 1989 1492 2068 quatuor
1517 1982 1730 2066 plagis
1754 1983 1965 2046 terrae.
2007 2000 2039 2039 n
2078 1978 2196 2044 Si-

659 2112 856 2180 gnum
882 2093 1036 2159 illud
1064 2091 1375 2157 vexillum
1402 2093 1519 2171 est,
1540 2088 1661 2154 sub
1678 2105 1809 2171 quo
1821 2087 1957 2153 dux
1979 2088 2195 2151 noster

659 2203 842 2268 Jesus
868 2201 1154 2266 Christus
1181 2198 1412 2263 milites
1433 2214 1584 2262 suos
1602 2197 1955 2277 congregat
1980 2196 2203 2259 contra

663 2311 876 2376 hostes
920 2306 1275 2389 malignos,
1323 2305 1432 2389 qui
1493 2321 1611 2368 nos
1655 2302 1851 2368 armis
1891 2300 2200 2367 vitiorum

662 2418 1085 2501 impugnant,
1125 2412 1446 2497 praecipue
1474 2410 1728 2492 sagittis
1749 2408 1955 2492 igneis
1999 2406 2200 2472 mala-

663 2543 812 2589 rum
839 2523 1300 2605 cogitationum
1325 2525 1348 2561 ⁸
1379 2538 1398 2584 ε
1438 2539 1470 2580 α
1504 2517 1577 2583 In
1615 2517 1915 2582 omnibus
1940 2532 2201 2580 sumen-

666 2631 834 2697 tibus
863 2632 1116 2695 scutum
1139 2626 1320 2707 fidei,
1360 2647 1392 2688 a
1431 2629 1553 2692 etc.
1583 2625 1853 2707 Prosuqi
1879 2624 2031 2687 sunt
2059 2639 2203 2705 pec-

668 2742 933 2818 catores,
957 2736 1112 2802 dum
1129 2736 1511 2802 avertuntur
1528 2752 1569 2798 a
1584 2733 1734 2809 Deo,
1757 2730 1914 2796 dum
1939 2729 2207 2811 fugiunt

667 2847 935 2923 bonum;
975 2843 1281 2927 dispersi,
1310 2841 1466 2908 dum
1495 2841 1960 2904 convertuntur
1991 2854 2033 2901 a
2067 2853 2205 2899 ma-

668 2953 769 3017 lis.
811 2951 933 3017 Per
970 2954 1064 3016 tot
1109 2954 1325 3014 autem
1369 2948 1507 3012 loca
1547 2948 1698 3010 sunt
1743 2943 2008 3026 dispersi
2027 2989 2046 3020 ,
2092 2960 2209 3025 per

669 3058 845 3142 quod
874 3057 1035 3124 vitia
1068 3060 1221 3121 sunt
1253 3052 1532 3119 distracti
1555 3052 1578 3087 ⁸
1608 3074 1624 3114 ε
1667 3073 1698 3112 α
1746 3049 2078 3134 Dispersus
2113 3052 2210 3114 est

675 3164 947 3250 populus
972 3180 1087 3246 per
1113 3178 1372 3227 omnem
1404 3163 1642 3225 terram
1667 3156 1932 3240 AEgypti
1959 3156 2042 3221 ad
2080 3154 2211 3220 col-

673 3273 966 3355 ligendas
992 3270 1225 3354 paleas,
1255 3289 1287 3328 ι)
1320 3267 1386 3333 id
1426 3269 1542 3339 est,
1572 3265 1904 3332 vanitates.
1949 3263 2210 3344 Augus-

675 3382 853 3446 tinus
878 3379 947 3444 ⁸:
986 3401 1019 3440 a
1052 3376 1330 3443 Dulcedo
1354 3374 1507 3440 felix
1550 3377 1615 3448 et
1640 3389 1865 3437 secura
1907 3371 2215 3452 colligere

678 3506 782 3553 me
808 3506 849 3552 a
873 3485 1284 3570 dispersione,
1316 3483 1384 3546 in
1419 3499 1550 3565 qua
1588 3479 1907 3544 frustatim
1947 3478 2216 3561 discerp-

679 3601 786 3661 tus
823 3612 969 3660 sum
1016 3614 1031 3659 ε
1072 3592 1155 3657 ab
1203 3607 1335 3656 uno
1379 3589 1554 3654 enim
1594 3585 1865 3665 divisuS,
1907 3586 1976 3650 in
2012 3585 2216 3650 multa

679 3704 937 3771 evanui.
967 3725 999 3764 ι)
1037 3703 1329 3781 Quatuor
1352 3698 1564 3781 plaqae
1589 3698 1742 3760 sunt
1761 3698 2040 3777 quatuor
2060 3696 2212 3758 aeta-

680 3819 775 3878 tes
797 3815 1221 3876 terrenorum.
1261 3808 1351 3871 De
1377 3803 1570 3888 plaga
1596 3801 1890 3867 orientali
1923 3800 2214 3880 veniunt,

682 3919 796 4004 qui
823 3898 891 3982 in
915 3915 1188 4000 pueritia
1205 3912 1666 3979 convertuntur
1683 3931 1700 3989 ;
1723 3910 1800 3974 de
1817 3908 2082 3974 australi
2104 3926 2220 3972 seu

685 4022 1109 4101 meridionali,
1136 4039 1286 4104 quae
1312 4018 1556 4085 fervida
1581 4023 1698 4099 est,
1734 4017 1847 4102 qui
1875 4017 1945 4082 in
1974 4018 2223 4084 fervore

685 4132 1047 4219 juventutis
1076 4128 1346 4194 Domino
1391 4126 1628 4192 servire
1655 4125 2001 4209 incipiunt,
2045 4128 2110 4189 et
2142 4124 2225 4189 ad

688 4240 1030 4308 Dominum
1058 4255 1127 4302 se
1152 4235 1571 4313 convertuut3
1610 4233 1687 4298 de
1714 4232 2085 4298 occidentali
2110 4249 2222 4296 ve-

687 4366 788 4427 ro,
818 4344 931 4430 qui
957 4343 1028 4408 in
1059 4343 1403 4420 senectute,
1434 4356 1550 4422 per
1584 4356 1782 4421 quam
1809 4336 1891 4402 ad
1931 4354 2226 4402 occasum

687 4454 1001 4529 tendunt;
1048 4449 1128 4514 de
1188 4445 1543 4530 aquilonari
1588 4463 1742 4511 vero
1758 4493 1777 4524 ,
1823 4444 1934 4527 qui
1979 4461 2229 4526 semper

689 4560 931 4644 frigidi,
967 4557 1035 4622 in
1064 4558 1353 4621 extrema
1391 4557 1607 4618 tamen
1646 4552 1811 4616 hora
1856 4553 2232 4616 convertun-

691 4673 832 4747 tur,
863 4667 1029 4730 sicut
1052 4663 1217 4728 latro
1242 4661 1310 4725 in
1347 4678 1556 4725 cruce.
1604 4657 1871 4743 Propter
1913 4657 2035 4723 hoc
2068 4658 2232 4723 bene

692 4773 924 4839 dicitur
960 4773 984 4810 ⁷
1030 4789 1047 4836 ε
1101 4793 1134 4833 c
1177 4765 1596 4849 congregabo
1642 4782 1758 4830 vos
1797 4763 1877 4828 de
1914 4763 2232 4829 universis

693 4881 901 4947 sterria.
932 4901 963 4940 a

774 4987 862 5054 De
887 4985 1162 5052 secundo
1182 4984 1207 5021 ⁸
1244 5005 1260 5046 z
1298 5006 1330 5046 e
1365 4977 1944 5064 congregabuntur
1981 4979 2053 5043 in
2081 4995 2231 5043 con·

759 5151 779 5186 ¹
808 5150 1092 5215 Chrysost„
1123 5145 1185 5197 de
1212 5146 1427 5207 Lazaro,
1454 5156 1601 5195 conc.
1638 5152 1707 5206 ιι,
1735 5154 1791 5193 u.
1820 5142 1871 5192 2.
1891 5165 1954 5179 -
1982 5141 2005 5175 ¹
2025 5140 2238 5196 Mutila„

701 5234 830 5287 xm,
873 5224 953 5272 3⁰.
998 5246 1054 5258 -
1100 5219 1121 5250 ⁸
1154 5219 1274 5280 Iso„
1305 5228 1398 5278 ¹1,
1439 5218 1516 5266 12.
1545 5239 1608 5252 -
1644 5214 1667 5250 ⁸
1701 5210 1908 5276 Ephes„
1944 5222 2027 5275 vr,
2068 5211 2144 5264 16.
2172 5236 2235 5249 -

700 5295 723 5330 ⁸
754 5292 939 5355 Emod„
971 5303 1022 5355 v,
1057 5293 1136 5343 12.
1163 5316 1227 5329 -
1255 5290 1275 5321 ⁸
1305 5290 1455 5352 Aug„
1486 5286 1652 5350 Cous„
1679 5284 1769 5335 lib.
1797 5284 1861 5347 X,
1888 5295 1935 5334 c.
1959 5295 2051 5346 η,
2070 5296 2127 5332 n.
2153 5284 2235 5348 65,

702 5364 871 5431 quoad
892 5376 1121 5415 sensum.
1143 5387 1207 5400 -
1227 5362 1245 5393 ⁷
1264 5359 1469 5422 uzeda„
1494 5368 1678 5420 xxxvi,
1706 5358 1785 5407 24.
1802 5380 1865 5392 —
1889 5354 1912 5390 ⁸
1939 5355 2061 5416 1⁸0„
2090 5365 2236 5418 xxiv,

703 5441 782 5491 22.
809 5462 872 5475 -
893 5436 919 5472 ⁹
943 5432 1146 5499 Barth„
1175 5444 1294 5496 xm,
1324 5433 1406 5483 30.
1428 5455 1492 5468 -
1523 5431 1567 5466 ¹⁰
1594 5430 1767 5493 Greg„
1792 5422 2001 5490 Hor-al„
2027 5424 2120 5477 lib.
2147 5426 2239 5490 lx,

1735 442 2155 513 SERMONES
2193 444 2296 513 DE
2336 445 2731 517 TEMPORE.

2294 584 2673 665 gregatioue
2695 581 2890 646 unius
2914 581 3101 647 fascis
3143 582 3214 648 in
3254 582 3502 667 lacum,
3545 591 3609 653 et
3646 587 3817 653 clau-

2293 690 2524 756 dentur
2547 691 2638 756 ibi
2663 691 2734 755 in
2763 707 3036 755 carcere.
3080 712 3111 751 n
3149 689 3261 757 Vae
3287 692 3403 773 eis,
3447 694 3560 777 qui
3596 694 3664 758 in
3690 712 3820 760 car-

2295 816 2506 864 cerem
2533 798 2767 864 inferni
2800 796 3092 865 veniunt.
3146 797 3348 864 Unius
3387 805 3606 867 autem
3647 802 3825 868 fascis

2296 906 2418 971 erit
2442 905 2759 974 malorum
2786 905 3227 987 congregatio,
3256 906 3410 990 quia
3435 908 3628 974 unius
3655 910 3827 975 dam-

2297 1014 2577 1079 nationis
2601 1012 2881 1093 vinculo,
2914 1032 2955 1078 a
2987 1031 3119 1096 quo
3161 1012 3552 1097 impossibile
3587 1022 3684 1082 est
3729 1019 3830 1083 su-

2298 1139 2482 1204 gere,
2527 1139 2751 1188 omnes
2790 1121 3190 1202 ligabuntur.
3240 1119 3315 1185 In
3370 1123 3620 1189 inferno
3657 1123 3832 1189 enim

2297 1247 2415 1312 per
2456 1228 2755 1313 speciales
2798 1227 3126 1294 fasciculos
3163 1230 3549 1311 ligabuntur
3601 1231 3836 1315 pariter

2300 1336 2369 1400 in
2393 1336 2617 1419 poenis,
2650 1335 2763 1419 qui
2790 1353 2974 1418 paroe
3000 1336 3259 1402 fuerunt
3299 1336 3366 1401 in
3405 1337 3631 1422 culpis.
3662 1336 3837 1404 Unde

2302 1443 2372 1508 in
2416 1442 2773 1525 Evangelio
2817 1441 3049 1508 dicitur
3079 1443 3102 1480 ’
3147 1461 3166 1507 t
3214 1443 3503 1528 conicite
3555 1447 3839 1528 primum

2303 1550 2597 1629 zizania,
2629 1554 2690 1616 ct
2715 1548 2975 1632 auiqate
2996 1566 3075 1616 ea
3100 1550 3174 1616 in
3198 1550 3538 1631 fasciculos
3564 1551 3655 1619 ad
3681 1568 3840 1621 com-

2305 1657 2676 1725 bur-endum.
2730 1656 3079 1739 Gregorius
3124 1659 3169 1699 ¹⁰
3201 1680 3219 1723 ε
3256 1681 3288 1720 α
3319 1657 3500 1725 Sicut
3535 1660 3607 1724 in
3648 1660 3840 1726 domo

2305 1764 2510 1831 Patris
2540 1765 2614 1849 (b)
2648 1764 3008 1830 mansiones
3036 1765 3259 1832 multae
3294 1770 3447 1832 sunt
3480 1784 3599 1850 pro
3623 1767 3838 1835 diver-

2306 1874 2487 1939 sitate
2515 1873 2750 1953 meriti,
2779 1872 2869 1938 sic
2894 1873 3226 1939 damnatos
3262 1892 3381 1956 pro
3407 1874 3658 1941 diverso
3688 1893 3843 1960 sup-

2306 1981 2496 2064 plicio
2524 1980 2841 2062 gehennae
2869 1981 3133 2064 ignibus
3172 1981 3433 2066 suincit
3468 1981 3847 2067 disparilitas

2308 2089 2614 2154 crimini&
2644 2111 2676 2150 n

2389 2195 2475 2261 De
2505 2197 2693 2263 tertio
2731 2198 2773 2234 ¹²
2816 2218 2834 2262 ε
2872 2219 2905 2257 α
2926 2196 3324 2281 Ubicumque
3361 2198 3554 2265 fuerit
3578 2215 3812 2281 corpus
3825 2246 3846 2277 ‚

2308 2300 2440 2366 illic
2499 2303 3072 2386 congregabuntur
3122 2306 3188 2368 et
3239 2303 3495 2387 aquilae.
3549 2326 3580 2365 n
3633 2303 3850 2369 Sancti

2311 2408 2546 2475 suntin
2571 2409 2754 2489 coelo,
2783 2410 2936 2493 quia
2954 2410 3119 2475 sicut
3135 2411 3352 2494 aquila
3371 2411 3851 2478 irreverberatis

2312 2516 2515 2582 oculis
2538 2515 2736 2581 solem
2769 2516 2942 2582 videt
2986 2517 3055 2581 in
3081 2521 3252 2600 rota,
3282 2518 3373 2584 ita
3397 2520 3598 2585 sancti
3623 2519 3850 2585 faciem

2314 2624 2424 2691 Dei
2448 2624 2517 2690 in
2543 2627 2725 2704 coelo,
2763 2645 2909 2710 quae
2934 2627 3027 2692 eis
3075 2627 3437 2693 abscondita
3479 2631 3580 2694 est
3619 2629 3690 2693 in
3733 2629 3855 2693 hoc

2314 2732 2506 2797 exilio
2547 2733 2594 2769 ¹²
2624 2752 2640 2799 z
2681 2757 2712 2795 a
2737 2733 2950 2799 Scient
2990 2735 3143 2818 quia
3182 2753 3311 2818 ego
3336 2735 3642 2802 Dominus
3688 2736 3856 2802 Deus

2314 2857 2540 2905 eorum
2557 2888 2579 2920 ,
2638 2839 2789 2923 quia
2847 2843 3246 2924 congregavi
3304 2861 3414 2908 eos
3472 2843 3555 2907 ad
3615 2847 3855 2909 terram

2315 2966 2521 3028 suam,
2555 2951 2619 3013 et
2640 2966 2771 3013 uon
2798 2948 3182 3015 abscondam
3201 2950 3372 3017 ultra
3397 2951 3622 3016 faciem
3642 2968 3857 3015 meam

2317 3055 2399 3119 ab
2443 3054 2556 3121 eis.
2602 3078 2634 3117 n
2684 3055 2821 3121 Alae
2866 3062 3083 3122 autem
3130 3059 3404 3124 istarum
3448 3057 3851 3142 aquilarum,

2317 3161 2457 3229 sine
2481 3163 2714 3246 quibus
2738 3163 2820 3229 ad
2847 3164 3082 3230 coelum
3106 3166 3341 3254 ‚volare
3383 3184 3516 3231 non
3556 3169 3851 3249 possunt,

2317 3273 2468 3335 sunt
2492 3288 2674 3336 amor
2704 3270 2809 3336 Dei
2839 3276 2904 3337 et
2928 3273 3206 3356 proximi
3239 3290 3258 3336 ι
3286 3272 3404 3338 has
3433 3273 3566 3338 alas
3598 3273 3716 3355 qui
3740 3273 3860 3337 ha-

2318 3377 2550 3459 buerit,
2580 3398 2787 3463 neque
2815 3379 3041 3461 Deum,
3089 3399 3295 3464 neque
3337 3381 3714 3464 proximum
3758 3381 3859 3444 in-

2321 3485 2530 3552 debite
2556 3486 2839 3553 offendit.
2863 3487 2936 3552 In
2961 3506 3094 3553 uuo
3116 3488 3187 3571 (c)
3209 3487 3534 3553 diabolum
3551 3487 3767 3553 evadit
3783 3487 3857 3547 ¹⁸:

2331 3614 2363 3653 α
2392 3591 2566 3657 Datae
2605 3597 2758 3658 sunt
2783 3593 3039 3658 mulieri
3077 3593 3224 3659 duae
3252 3593 3395 3673 alae,
3424 3616 3453 3656 n
3503 3597 3621 3659 etc.
3657 3592 3737 3658 In
3762 3610 3860 3657 se-

2324 3697 2534 3763 cundo
2558 3697 2673 3779 (d),
2703 3698 2773 3763 in
2796 3697 3002 3764 Deum
3029 3698 3269 3766 volabit
3304 3700 3531 3783 pennis
3577 3698 3865 3782 pulchri-

2324 3806 2564 3871 tudinis
2586 3810 2650 3871 et
2675 3805 3178 3889 integritudiuis,
3208 3807 3442 3891 quibus
3466 3807 3548 3873 ad
3580 3807 3693 3873 Dei
3721 3825 3866 3873 am-

2326 3912 2553 3996 plexus
2577 3931 2759 3978 amor
2783 3916 2995 3979 castus
3025 3912 3358 3978 innitatur.

2408 4019 2497 4084 De
2521 4023 2751 4102 quarto
2776 4020 2821 4056 ²⁸
2859 4041 2875 4083 ε
2916 4042 2950 4081 α
2977 4019 3401 4102 congregabo
3440 4036 3662 4085 omnes
3702 4038 3865 4102 geu-

2330 4130 2446 4207 tes,
2468 4131 2531 4191 et
2555 4127 2864 4191 deducam
2888 4144 2997 4192 eas
3011 4127 3077 4191 in
3093 4126 3328 4192 vallem
3344 4126 3375 4193 J
3380 4125 3666 4211 osaphat,
3688 4148 3721 4188 ιι
3747 4131 3870 4193 etc.

2333 4232 2552 4299 Cuncti
2578 4233 3025 4299 describuntur
3052 4233 3158 4298 hic
3176 4233 3503 4316 judicandi
3515 4282 3540 4315 ,
3584 4253 3735 4300 cum
3774 4234 3871 4299 di-

2334 4342 2498 4407 citur
2528 4363 2544 4406 ε
2583 4340 2811 4408 Omnes
2836 4346 3074 4426 flentes.
3121 4340 3188 4407 Si
3218 4360 3441 4407 omnes
3457 4388 3475 4422 ,
3519 4360 3678 4425 ergo
3715 4360 3875 4408 usu-

2333 4448 2543 4513 rarius
2559 4495 2579 4525 ,
2630 4451 2694 4512 et
2741 4453 2990 4533 raptor,
3040 4451 3103 4513 et
3148 4447 3491 4514 fornicator
3504 4498 3524 4528 ,
3561 4452 3681 4514 etc.
3722 4454 3875 4514 Item

2334 4554 2532 4635 locus,
2561 4554 2717 4621 dum
2743 4556 2973 4620 dicitur
3012 4577 3028 4620 t
3075 4555 3155 4622 In
3197 4555 3361 4622 valle
3404 4556 3732 4639 Josaphat.
3785 4555 3877 4620 Ibi

2338 4661 2513 4726 enim
2556 4661 2628 4726 iu
2672 4660 2840 4728 valle
2887 4665 3097 4742 erunt,
3134 4662 3248 4745 qui
3292 4662 3527 4728 vallem
3567 4661 3878 4727 vitiorum

2341 4769 2744 4834 amaverunt.
2776 4766 3171 4850 Itemjudex,
3188 4785 3337 4833 cum
3358 4767 3670 4833 Dominus
3690 4767 3877 4833 dicit:

2340 4873 2748 4958 Disceptabo,
2776 4892 2903 4941 nou
2930 4874 3208 4958 populus
3221 4922 3238 4954 ,
3271 4892 3401 4939 non
3431 4873 3701 4958 augelus
3714 4922 3736 4954 ,
3769 4874 3879 4939 sed

2344 5058 2390 5097 c.
2421 5054 2615 5111 xxxtx,
2650 5045 2718 5096 al.
2756 5057 2877 5111 bxv,
2911 5060 2965 5097 n.
2999 5049 3078 5100 98.
3111 5073 3176 5085 -
3213 5048 3253 5083 ¹¹
3291 5047 3497 5112 unuh„
3529 5058 3677 5112 xxtv,
3708 5049 3791 5099 28.
3818 5072 3882 5085 -

2343 5117 2386 5237 ¹¹1²
2415 5117 2617 5239 Eget-h..
2642 5129 2827 5181 xxx1x,
2852 5121 2932 5169 29.
2959 5143 3022 5157 -
3056 5118 3102 5155 ¹⁸
3130 5119 3300 5184 apoc„
3337 5131 3432 5184 111,
3467 5121 3547 5172 14.
3575 5146 3640 5158 —
3671 5119 3708 5154 ¹*
3735 5120 3880 5179 doeh,

2386 5198 2425 5250 ¹2

2407 5283 2476 5349 (a)
2503 5283 2625 5336 Goet.
2643 5285 2767 5336 edit.
2791 5283 3059 5338 Domintca
3072 5288 3252 5351 quarta
3266 5287 3383 5351 post
3393 5284 3597 5351 Epiph„
3609 5297 3779 5337 sermo
3800 5293 3880 5335 m.

2342 5381 2405 5397 ·—
2433 5355 2502 5419 (ὁ)
2531 5357 2656 5407 Γωί.
2681 5356 2809 5408 edit.
2836 5355 2954 5409 add.
2982 5357 3106 5409 mei.
3133 5383 3196 5397 —
3214 5358 3276 5424 (c)
3298 5357 3450 5408 Forte
3474 5357 3732 5423 leyendum
3758 5368 3880 5408 una.

2342 5452 2406 5465 —
2428 5426 2509 5493 (d)
2536 5426 2663 5478 Item
2685 5426 2864 5480 altera.
