4059 6317
663 496 786 559 460

743 625 1327 711 Septimsluxuriae
1353 628 1374 663 ¹
1407 648 1425 692 z
1466 651 1497 688 ι
1535 625 1812 693 Juvenes
1837 626 1908 691 in
1930 624 2205 689 infirmi-

660 738 790 801 tate
827 753 947 800 sua
984 734 1229 799 cadent.
1279 755 1311 794 n
1366 734 1708 801 Infirmitas
1743 735 2067 817 juvenum
2111 736 2209 796 est

659 841 942 908 luxuria.
973 841 1120 922 Sed,
1148 842 1321 907 heu!
1352 843 1547 908 etiam
1581 843 1661 908 ad
1685 860 1871 908 senes
1891 841 2204 924 pervenit.

664 949 1046 1034 Exemplum
1093 950 1172 1015 de
1222 950 1476 1017 duobus
1520 951 1781 1016 senibus
1819 954 1915 1014 est
1965 949 2033 1013 in
2076 950 2204 1014 Da-

663 1058 830 1125 niele
867 1060 916 1138 ¹,
946 1075 1096 1141 quae
1144 1058 1480 1123 infirmitas
1519 1063 1614 1123 est
1640 1058 1899 1122 senibus
1935 1056 2205 1121 insania.

665 1168 905 1234 Seneca
935 1167 1007 1230 ἰ
1045 1189 1077 1227 ι
1123 1166 1504 1232 Adolescens
1547 1165 1924 1231 luxuriosus
1963 1169 2205 1247 peccat;

664 1293 864 1340 senex
886 1273 1265 1339 luxuriosus
1307 1273 1564 1338 insanit.
1612 1294 1644 1333 n
1681 1273 1801 1349 Qui
1832 1272 2000 1337 hanc
2026 1273 2211 1335 infir-

666 1382 956 1447 mitatem
985 1380 1214 1446 volunt
1248 1381 1546 1455 evadere,
1579 1380 1833 1462 fugiant
1875 1380 2065 1445 funes
2093 1379 2209 1444 Da-

666 1488 820 1565 lilae,
853 1488 930 1553 de
957 1487 1191 1572 quibus
1216 1491 1240 1527 ⁸
1276 1509 1291 1552 ε
1334 1509 1366 1548 α
1394 1486 1462 1552 Si
1491 1491 1734 1570 septem
1770 1486 2085 1552 nerviceis
2106 1488 2209 1552 fu·

669 1595 860 1660 nibus
886 1593 1125 1677 ligatus
1150 1595 1355 1670 fuere,
1387 1595 1682 1658 infirmus
1711 1612 1845 1659 ero.
1878 1615 1910 1654 n
1943 1593 2215 1677 Ligatur

669 1704 866 1769 homo
893 1721 1007 1785 per
1031 1702 1448 1767 luxuriosum
1486 1703 1737 1781 visum,
1767 1721 1882 1785 per
1917 1703 2211 1782 verbum,

669 1830 786 1896 per
805 1815 1077 1890 tactum,
1106 1829 1221 1894 per
1248 1809 1756 1888 internuntium,
1795 1829 1911 1895 per
1947 1829 2218 1877 consen-

672 1936 841 1997 sum,
869 1937 984 2001 per
1002 1922 1240 1997 acmm,
1261 1936 1376 2002 per
1400 1936 1617 1998 usum,
1638 1922 1950 2002 tanquam
1974 1931 2218 2002 septem

671 2026 956 2092 funibus.
984 2025 1100 2091 Vel
1127 2030 1368 2109 septem
1395 2027 1581 2091 funes
1611 2030 1761 2091 sunt
1788 2031 2033 2109 septem
2058 2028 2219 2092 vitia

673 2134 966 2219 capitalia
987 2135 1313 2219 praedicta.
1345 2134 1491 2199 Istae
1509 2139 1662 2199 sunt
1687 2139 1930 2218 septem
1954 2135 2220 2201 infirmi-

673 2248 831 2309 tates
853 2266 870 2310 ι
895 2261 1118 2309 omnes
1145 2242 1226 2308 ad
1246 2246 1516 2310 mortem
1535 2247 1710 2323 sunt,
1730 2243 1928 2308 etiam
1947 2250 2218 2311 mortem

675 2359 982 2421 :eternam
1008 2352 1348 2418 inducunt.

1253 2531 1544 2602 SERMO
1586 2532 1650 2602 Π
1678 2535 1724 2602 ⁸.

760 2677 1056 2758 Donum,
1108 2677 1441 2757 descende,
1481 2679 1865 2761 priusquam
1906 2679 2227 2745 moriatur

681 2786 864 2867 filius
889 2802 1062 2853 meus
1089 2786 1136 2850 ⁸.
1168 2785 1242 2850 In
1279 2786 1400 2850 isto
1433 2785 1775 2868 evangelio
1799 2785 1917 2849 iste
1953 2785 2227 2867 regulus

686 2911 919 2977 gerens
944 2894 1218 2958 formam
1248 2893 1514 2977 praelati,
1558 2912 1642 2958 ex
1669 2896 1856 2975 qu‘us
1884 2893 2227 2975 regiminis

682 3001 1049 3081 defectione,
1078 3001 1271 3079 nlius,
1301 3001 1365 3066 id
1401 3006 1517 3079 est,
1564 3002 1858 3066 subditus
1881 3004 2023 3085 ejus
2049 3001 2227 3066 infir-

685 3112 922 3189 matur,
970 3110 1324 3175 ostenditur
1350 3110 1417 3174 in
1444 3110 1640 3174 verbo
1685 3110 2007 3193 proposito
2052 3109 2223 3174 ordi-

685 3220 833 3281 nate
856 3217 1258 3300 processisse,
1288 3235 1365 3280 eo
1392 3217 1564 3300 quod
1590 3217 1657 3280 in
1684 3217 1886 3283 verbo
1933 3217 2231 3300 praemis-

687 3342 782 3402 s0,
833 3324 1041 3407 primo
1079 3325 1490 3407 praemittitur
1533 3324 1872 3389 affectuosa
1912 3325 2231 3392 invocatio

687 3432 1052 3503 excellentis
1076 3432 1583 3515 magnificentiae,
1606 3450 1755 3497 cum
1778 3432 2011 3498 dicitur
2056 3456 2072 3498 ε
2112 3436 2233 3499 Do-

688 3546 862 3608 mine
872 3559 903 3623 ,·
947 3541 1226 3605 secundo
1275 3540 1532 3606 additur
1574 3540 1845 3605 discreta
1885 3540 2233 3607 insinuatio

689 3648 1083 3715 imminentis
1111 3647 1507 3729 indigentiae,
1529 3665 1678 3712 cum
1691 3646 2016 3712 subditur:
2042 3647 2235 3713 Prius

689 3773 883 3840 quam
924 3757 1244 3822 moriatur
1279 3754 1462 3835 filius
1503 3770 1710 3829 metm
1745 3754 1934 3819 tertio
1969 3754 2239 3837 subjun-

691 3864 873 3946 gitur
891 3864 1117 3928 devota
1133 3862 1354 3946 petitio
1367 3861 1740 3926 auxiliantis
1759 3862 2232 3942 misericordiae,

689 3987 840 4035 cum
863 3970 1254 4034 subinfertur
1278 3990 1293 4032 ε
1325 3969 1660 4036 Descende.
1689 3966 1765 4032 In
1796 3969 2007 4051 primo
2027 3972 2241 4051 captat

690 4076 1235 4155 benevolentiam;
1267 4078 1338 4141 in
1361 4075 1640 4141 secundo
1672 4076 2030 4140 manifestat
2065 4076 2239 4142 indi-

690 4186 1010 4270 gentiam3
1042 4186 1109 4249 in
1150 4184 1336 4250 tertio
1373 4184 1672 4268 implorat
1711 4184 2236 4251 misericordiam.

771 4293 930 4358 Dicit
953 4310 1113 4375 ergo
1141 4315 1158 4357 z
1190 4293 1479 4372 Domt'nc,
1509 4293 1624 4357 ubi
1660 4293 2065 4359 commendat
2100 4295 2241 4359 vir-

688 4401 844 4467 tutis
866 4400 1307 4465 excellentiam
1326 4404 1390 4464 et
1414 4398 1960 4482 magnificentiam
1987 4401 2094 4483 (a).
2115 4400 2243 4467 Ista

690 4513 905 4575 autem
935 4508 1251 4573 excellens
1275 4507 1506 4587 virtus,
1533 4511 1598 4571 et
1622 4507 2105 4589 magnificentia
2139 4509 2240 4593 (b),

689 4635 837 4702 quae
864 4616 934 4681 in
961 4616 1084 4680 hoc
1112 4614 1426 4680 vocabulo
1461 4636 1476 4679 ε
1509 4614 1804 4694 Domine,
1834 4615 2241 4697 importatur,

689 4728 896 4808 potest
931 4740 1237 4807 apparere
1279 4721 1507 4805 triplici
1553 4721 1801 4786 ratione
1842 4743 1858 4785 ε
1890 4722 2103 4805 primo
2134 4743 2240 4789 ra-

691 4832 863 4897 tione
917 4830 1362 4915 insuperabilis
1416 4829 1740 4914 potentiae,
1792 4830 1860 4893 in
1886 4830 2243 4913 praevalen·

691 4940 804 5019 do;
837 4939 1139 5018 secundo,
1171 4938 1418 5004 ratione
1441 4936 1870 5002 inscrutabilis
1888 4938 2242 5019 sapientiae,

695 5048 763 5111 in
782 5047 1221 5131 cognoscendo
1237 5066 1255 5127 ;
1282 5046 1488 5125 tertie,
1507 5045 1750 5110 ratione
1773 5043 2115 5110 indicibilis
2133 5046 2247 5109 mi·

695 5155 1077 5237 sericordiae,
1099 5154 1165 5218 in
1185 5151 1501 5238 parcendo
1524 5172 1540 5216 z
1566 5155 1636 5217 ut
1654 5156 1914 5236 propter
1945 5153 2246 5236 potentiae

759 5281 777 5315 ¹
829 5281 951 5344 Ira„
996 5293 1091 5345 η,
1137 5282 1215 5333 3⁰.
1270 5306 1334 5319 —
1379 5280 1403 5314 ²
1448 5279 1606 5342 Dum,
1649 5290 1781 5344 1111,
1826 5293 1921 5345 per
1961 5281 2152 5331 totum.
2188 5307 2244 5318 —

697 5351 717 5383 ⁸
748 5353 934 5404 Senec.
975 5378 1039 5391 -
1079 5353 1103 5390 δ
1129 5351 1312 5414 ludia„
1353 5362 1473 5415 xv1,
1511 5353 1562 5402 7.
1603 5377 1658 5388 —
1703 5352 1730 5388 ⁸
1767 5352 1914 5402 Hunc
1950 5365 2057 5403 non
2094 5352 2250 5405 babet

699 5422 822 5475 edit.
866 5424 1025 5474 Paris.
1060 5437 1142 5475 an.
1187 5427 1328 5475 1521.
1363 5450 1420 5461 —
1456 5424 1478 5458 ⁸
1510 5424 1677 5482 Joan„
1717 5434 1790 5487 w,
1830 5423 1911 5473 49.
1935 5448 1998 5461 —
2031 5423 2049 5452 ²
2079 5424 2246 5488 setta„

705 5506 830 5561 xm,
872 5498 921 5547 9.
952 5523 1006 5535 —·
1046 5494 1070 5531 ⁸
1104 5494 1244 5548 Psal.
1281 5506 1472 5559 mxxv,
1508 5497 1619 5547 8-9.
1662 5521 1716 5531 -
1758 5498 1778 5527 ·
1819 5492 1957 5547 Paul.
1992 5505 2247 5561 cxxxviii,

1769 487 2187 557 sffloNFs
2227 486 2329 555 ΠΕ
2366 486 2761 557 TEMPORE..

2314 642 2423 689 ma
2442 623 2881 705 gnificentiam
2898 622 3851 705 reddaturtoeribilismimie'm

2313 735 2572 814 propter
2616 732 2947 814 sapientiae
2988 732 3427 809 luculentiam,
3466 732 3858 797 honorabilis

2313 839 2675 905 domesticis
2699 843 2763 904 et
2802 840 3059 919 amicis3
3108 844 3368 924 propter
3411 840 3859 907 misericordia

2314 947 2740 1025 clementiam,
2770 947 3199 1012 desiderabilis
3227 948 3477 1011 miseris
3514 952 3581 1012 et
3621 949 3855 1029 egenis.

2397 1055 2613 1121 Primo
2651 1055 2840 1121 istam
2876 1054 3315 1120 excellentiam
3357 1054 3619 1119 Domini
3664 1056 3860 1119 mani-

2316 1163 2568 1229 festavit
2590 1163 2961 1228 virtuositas
2984 1161 3431 1245 insuperabilis
3454 1163 3768 1245 potentia
3802 1163 3864 1228 iu

2316 1272 2764 1355 praevalend03
2792 1277 2855 1337 et
2879 1271 2957 1337 de
2985 1272 3109 1336 boc
3148 1271 3382 1337 dicitur
3406 1271 3461 1335 ⁷:
3509 1294 3542 1333 α
3580 1271 3865 1352 Dorum,

2316 1379 2387 1443 in
2412 1379 2649 1443 ditione
2674 1383 2789 1443 tua
2812 1383 3043 1444 cuncta
3061 1383 3214 1443 sunt
3238 1380 3465 1462 posita,
3499 1383 3569 1444 et
3608 1398 3749 1444 non
3784 1384 3867 1445 ω

2319 1486 2436 1569 qui
2461 1492 2593 1552 tuae
2624 1488 2816 1570 possit
2841 1489 3129 1555 resistere
3154 1489 3497 1554 voluntati.
3536 1510 3571 1547 a
3605 1487 3695 1553 Et
3721 1488 3866 1552 ratio

2320 1598 2439 1672 est,
2468 1595 2621 1677 quia
2642 1596 2733 1661 sic
2774 1596 3011 1661 divinae
3048 1596 3362 1661 voluntati
3404 1597 3631 1661 omnis
3678 1596 3870 1661 virtus

2320 1704 2691 1785 famulatur,
2736 1709 2813 1768 ut
2850 1708 2917 1769 et
2953 1723 3037 1770 ex
3076 1705 3180 1770 his
3219 1723 3370 1788 quae
3403 1706 3532 1770 sibi
3576 1706 3871 1772 videam

2320 1814 2657 1889 contraria,
2685 1812 2942 1878 divinus
2981 1813 3188 1879 honor
3226 1813 3541 1893 eliciatur,
3577 1813 3873 1897 quamvis

2321 1937 2363 1983 a
2388 1919 2572 1984 malis
2595 1923 2662 1985 et
2687 1921 3121 2003 peecatoribus
3146 1920 3270 1986 hoc
3313 1937 3445 1985 non
3482 1920 3871 1986 intendatur.

2324 2028 2588 2112 Propter
2627 2029 2749 2093 hoe
2787 2028 3033 2094 dicebat
3074 2028 3405 2109 psalmista
3432 2029 3455 2064 ⁸
3488 2051 3507 2092 :
3548 2053 3586 2090 ι
3614 2028 3765 2095 Non
3796 2034 3879 2095 est

2324 2136 2552 2201 similis
2576 2136 2670 2200 tui
2697 2136 2765 2200 in
2794 2136 3061 2201 fortibus
3090 2137 3186 2219 (c),
3216 2135 3507 2212 Domine,
3536 2140 3611 2202 et
3634 2156 3774 2202 non
3795 2142 3879 2202 est

2326 2243 2677 2309 secundum
2718 2260 2914 2324 opera
2954 2247 3087 2308 tus.
3135 2243 3369 2309 Omnes
3410 2248 3649 2324 gentes
3696 2263 3880 2328 quas-

2327 2368 2607 2434 cumque
2621 2351 2822 2416 fecisti
2838 2352 3118 2427 venient,
3136 2353 3200 2414 et
3211 2349 3573 2415 adorabunt
3588 2368 3815 2415 coram
3828 2355 3883 2416 te

2330 2459 2619 2539 Domine,
2664 2463 2731 2524 et
2777 2457 3229 2542 glorificabunt
3282 2475 3523 2523 nomm
3580 2463 3783 2523 tuum
3824 2459 3884 2522 in

2328 2571 2671 2633 aeternum.
2700 2589 2732 2628 n

2412 2674 2704 2741 Secundo
2764 2673 2946 2738 istam
3014 2674 3566 2754 magnificentiam
3630 2673 3885 2739 Domini

2334 2786 2692 2851 manifestat
2742 2784 3138 2867 profunditas
3189 2783 3516 2866 sapientiae
3565 2783 3891 2849 inscruta-

2333 2894 2480 2959 bilis
2503 2893 2568 2957 in
2602 2892 3075 2974 cognoscend03
3100 2892 3272 2957 unde
3292 2891 3631 2957 psalmista
3649 2893 3673 2929 ’
3704 2917 3723 2957 ε
3758 2918 3791 2956 ι
3814 2894 3889 2960 Et

2334 3005 2431 3080 tu,
2469 3000 2752 3079 Domine,
2783 2999 3141 3081 cognovisti
3177 3000 3413 3080 omnia,
3444 3002 3810 3067 novissima
3831 3006 3891 3067 et

2336 3109 2633 3191 antiqua;
2664 3115 2739 3172 tu
2777 3108 3065 3171 formasti
3103 3125 3231 3185 me,
3276 3112 3343 3171 et
3386 3109 3657 3191 posuisti
3698 3127 3893 3192 super

2337 3234 2443 3281 me
2468 3233 2735 3280 manum
2763 3219 2943 3280 tuam
2975 3233 2993 3281 z
3022 3214 3333 3279 mirabilis
3358 3217 3520 3281 facta
3552 3222 3655 3282 est
3692 3219 3893 3282 seien-

2338 3324 2432 3388 tia
2456 3326 2571 3387 tua
2620 3340 2703 3387 ex
2760 3340 2887 3401 me,
2928 3322 3278 3389 confortata
3318 3327 3445 3402 est,
3492 3329 3559 3390 et
3600 3344 3745 3390 non
3785 3345 3892 3410 po-

2342 3431 2577 3498 teroad
2609 3450 2801 3496 eam:
2840 3453 2870 3491 n
2923 3432 3110 3514 quasi
3147 3432 3356 3497 dicat:
3404 3432 3529 3497 Pro
3570 3438 3755 3500 certo
3802 3440 3891 3513 tu,

2343 3541 2632 3618 Domine,
2662 3538 2860 3604 habes
2897 3539 3242 3622 perfectam
3269 3540 3623 3621 scientiam,
3652 3546 3727 3606 et
3766 3561 3892 3609 non

2342 3653 2523 3733 potes
2566 3647 2702 3712 falli
2740 3649 2807 3711 in
2845 3647 3312 3729 cognoscendo,
3344 3666 3421 3713 eo
3449 3649 3623 3732 quod
3657 3666 3897 3734 conno-

2343 3758 2508 3825 visti
2532 3758 2756 3824 omnia
2782 3756 3138 3822 novissima
3164 3760 3457 3838 respectu
3488 3756 3892 3836 futurorum,

2344 3871 2407 3933 et
2452 3865 2733 3946 antiqua
2779 3866 3068 3945 respectu
3116 3863 3592 3946 praeteritorum
3633 3882 3652 3926 :
3710 3868 3897 3947 mjus

2346 3971 2690 4037 dictamine
2733 3972 3031 4052 formasti
3054 3986 3176 4050 me,
3204 3974 3283 4035 ut
3324 3987 3528 4035 essem
3571 3977 3897 4052 quantum

2347 4079 2428 4144 ad
2468 4097 2701 4161 corpus
2742 4082 2806 4142 et
2842 4078 3141 4161 spiritum
3183 4099 3200 4141 :
3246 4078 3528 4159 posuisti
3562 4093 3767 4160 super
3801 4095 3895 4146 me

2351 4203 2617 4255 manum
2656 4192 2857 4263 luam,
2900 4204 3006 4250 me
3040 4186 3473 4265 confortando,
3496 4203 3578 4250 ne
3618 4187 3897 4252 redirem

2350 4297 2420 4361 in
2449 4295 2750 4361 nihilum.
2792 4290 2971 4358 Unde
2997 4292 3347 4374 Gregorius
3370 4295 3414 4334 ¹⁰
3443 4311 3459 4355 :
3501 4316 3532 4354 a
3558 4293 3804 4361 Cuncta
3828 4297 3899 4361 in

2354 4402 2635 4468 nihilum
2684 4400 2998 4480 redirent,
3054 4400 3182 4465 nisi
3227 4400 3446 4465 divina
3492 4405 3783 4485 potentia
3824 4423 3903 4470 ea

2354 4527 2553 4575 manu
2603 4513 2868 4574 teneret.
2921 4529 2953 4569 n
3005 4507 3081 4573 Et
3126 4507 3280 4591 quia
3320 4509 3443 4573 ista
3486 4508 3902 4575 multiformis

2358 4616 2668 4700 sapientia
2696 4616 2829 4693 Dei,
2857 4634 2986 4699 qua
3012 4615 3334 4697 congessit
3367 4617 3716 4699 praeterita,
3742 4635 3901 4700 prae-

2357 4724 2585 4805 sentia,
2617 4729 2682 4789 et
2706 4724 2943 4804 futura,
2974 4723 3327 4789 secundum
3365 4726 3553 4807 cujus
3585 4723 3903 4790 dIctameu

2359 4834 2555 4898 homo
2583 4834 2918 4913 formatur,
2952 4833 3207 4914 regitur
3232 4835 3296 4896 et
3322 4831 3744 4913 gubernatur,
3774 4850 3901 4898 non

2360 4945 2456 5006 est
2483 4942 2734 5007 curiose
2756 4941 3130 5019 scrutanda,
3164 4940 3276 5006 sed
3316 4939 3649 5004 humiliter
3688 4940 3901 5005 admi·

2360 5050 2592 5130 tanda,
2631 5050 2773 5115 ideo
2814 5049 3102 5134 sequitur
3146 5070 3162 5113 :
3217 5047 3544 5115 Min-abilis
3584 5049 3769 5128 facta
3812 5054 3901 5117 aa

2362 5196 2469 5247 5-6.
2493 5221 2557 5235 -
2602 5195 2646 5231 ¹⁰
2682 5196 2919 5260 Gregor„
2956 5191 3162 5256 uos-al„
3199 5189 3290 5242 lib.
3330 5190 3397 5253 V,
3437 5204 3485 5240 c.
3520 5202 3707 5257 xxxiv,
3732 5206 3786 5243 n.
3820 5193 3899 5255 6³,

2362 5266 2533 5332 quoad
2559 5280 2785 5319 sensum.

2422 5357 2490 5419 (a)
2536 5357 2652 5421 [ιο.
2699 5353 3091 5409 commendatur
3124 5351 3285 5404 virtus
3332 5351 3631 5405 excellentis
3664 5350 3899 5418 magnifl-

2360 5427 2561 5550 ffifiae'
2590 5455 2653 5467 —
2683 5427 2755 5494 (ὁ)
2788 5427 2905 5493 Lea.
2932 5426 3096 5479 virtus
3119 5423 3529 5491 magnificentie.
3554 5449 3617 5463 —
3644 5425 3707 5489 (c)
3750 5421 3895 5489 Vul'.
