4059 6317
695 523 773 582 74
1784 501 2198 570 SERMONES
2238 499 2340 567 DE
2380 498 2776 565 TEMPORE.

701 675 732 714 ι
759 648 999 716 Praeter
1023 644 1218 712 David
1243 647 1307 709 et
1331 641 1683 717 Ezechiam,
1709 641 1773 704 et
1793 637 1827 703 J
1830 637 2056 715 osiam,
2086 653 2220 700 om-

692 777 808 824 nes
857 773 1044 837 reges
1094 750 1551 817 commiserunt
1606 748 1957 829 peccatum.
2018 742 2218 807 David

693 865 1029 948 perfectam
1049 855 1637 939 contemplationem
1655 852 2004 933 significat:
2031 849 2224 914 inter-

692 975 979 1057 pretatur
1007 968 1180 1034 enim
1208 964 1400 1030 Vultu
1429 958 1902 1027 desiderabilis.
1923 956 2223 1021 Ezechias

691 1079 1030 1163 perfectam
1045 1070 1586 1139 conversationem
1601 1084 1716 1149 per
1726 1064 2021 1129 divinum
2041 1062 2221 1127 auxi·

691 1187 849 1251 lium
877 1182 1197 1266 siguificat
1220 1177 1712 1257 :interpretatur
1740 1170 2083 1236 Auxilium
2108 1169 2226 1235 Do·

691 1295 879 1361 mini.
899 1292 931 1358 J
935 1289 1100 1356 osias
1117 1286 1458 1370 perfectam
1479 1278 1931 1364 professionem
1949 1276 2223 1357 seipsam

692 1399 1149 1466 sacrificantem
1176 1394 1245 1456 in
1274 1389 1584 1471 religione
1617 1384 1935 1466 significat
1973 1405 1988 1448 ε
2019 1382 2218 1445 inter·

692 1511 978 1593 pretatur
1004 1502 1176 1567 enim
1203 1499 1281 1564 Iu
1307 1511 1429 1579 quo
1455 1499 1549 1561 est
1575 1491 1995 1572 sacrificium.

774 1612 1032 1678 Primus
1073 1623 1235 1690 ergo
1281 1604 1592 1687 perfectus
1620 1600 1699 1665 de
1739 1599 2041 1664 thesauro
2072 1595 2216 1660 reli·

649 1758 668 1782 .
695 1719 905 1805 gionis
929 1717 1112 1782 debet
1138 1712 1368 1779 offerre
1394 1710 1516 1775 tria
1550 1728 1565 1770 t
1601 1705 1854 1771 Aurum
1888 1702 2218 1768 continen-

692 1830 802 1894 tiae
823 1876 842 1904 ‚
884 1827 1015 1889 imo
1054 1818 1505 1886 continentiam
1552 1831 1703 1898 quae
1750 1810 2084 1896 pretiosior
2128 1811 2224 1872 est

694 1952 856 2002 auro
884 1938 904 1974 1
939 1953 955 1995 :
995 1954 1026 1992 α
1052 1927 1273 1995 Omnis
1299 1922 1670 2008 ponderatio
1709 1938 1841 1984 non
1884 1922 1981 1982 est
2025 1916 2223 1997 digna

693 2039 1071 2108 continentis
1108 2036 1362 2101 animae.
1385 2053 1415 2091 n
1454 2030 1542 2095 De
1570 2030 1692 2094 hoc
1717 2044 1876 2092 auro
1899 2032 1924 2066 1
1953 2046 1969 2089 :
2001 2045 2034 2084 α
2065 2021 2223 2088 Ecce

694 2153 795 2217 vir
820 2149 1087 2217 vestitus
1104 2144 1323 2222 lineis,
1351 2145 1416 2207 et
1438 2156 1624 2205 renes
1649 2137 1791 2218 ejus
1817 2131 2079 2198 accincti
2104 2148 2221 2194 au-

694 2279 768 2326 ro
807 2258 1040 2324 obriro.
1089 2275 1121 2315 »
1169 2251 1373 2319 Vestis
1414 2248 1585 2313 linea
1609 2290 1631 2324 ‚
1687 2239 2078 2308 conversatio
2130 2240 2226 2301 est

693 2365 955 2434 munda.
994 2363 1194 2428 Renes
1221 2376 1377 2424 auro
1407 2354 1866 2435 accinguntur,
1899 2348 2056 2412 dum
2084 2360 2222 2408 car-

691 2476 793 2540 nis
834 2472 1094 2538 luxuria
1119 2486 1233 2552 per
1273 2460 1726 2529 continentiam
1768 2457 2120 2521 coaretatur
2148 2450 2171 2486 ⁸
2202 2469 2217 2511 ε

701 2608 732 2647 c
760 2581 903 2647 Sint
944 2575 1150 2643 lumbi
1198 2571 1393 2640 vestri
1440 2564 1760 2652 praecincti
1777 2612 1799 2642 ,
1837 2585 1868 2622 n
1915 2564 2035 2626 etc.
2101 2557 2223 2623 Sed

691 2690 845 2775 quia
866 2704 998 2753 non
1024 2683 1258 2749 sufficit
1283 2675 1668 2744 continentia
1692 2672 1761 2736 in
1788 2685 2072 2752 corpore,
2099 2666 2221 2730 nisi

691 2797 776 2862 sit
800 2799 865 2861 et
889 2795 958 2857 in
992 2790 1177 2856 eorde
1204 2835 1220 2866 ‚
1260 2787 1394 2851 sive
1446 2784 1515 2846 in
1549 2783 1798 2865 pectore
1813 2796 1830 2854 3
1876 2775 2017 2841 ideo
2060 2774 2223 2838 bene

693 2899 1011 2985 apostolus
1053 2888 1329 2961 Ioannes
1378 2887 1537 2954 vidit
1567 2888 1588 2921 ⁸
1624 2908 1654 2946 α
1681 2884 2093 2968 praecinctum
2138 2881 2219 2945 ad

695 3005 1076 3075 mammillas
1101 3019 1261 3067 zona
1286 3015 1502 3064 aurea.
1533 3017 1563 3055 n
1596 2993 1751 3073 Sed,
1790 2993 1957 3056 heut
1988 3007 2222 3054 aurum

693 3112 1221 3201 pretiosissimum
1260 3122 1427 3188 saepe
1456 3105 1744 3168 mutatur
1769 3100 1837 3163 in
1864 3103 2106 3163 stercus
2122 3095 2223 3160 vi-

693 3223 1009 3288 lissimum
1036 3219 1058 3255 ⁸
1088 3240 1104 3281 :
1140 3239 1170 3278 α
1202 3214 1452 3280 Sternet
1480 3209 1602 3273 sibi
1637 3225 1869 3274 aurum
1897 3204 2082 3288 quasi
2113 3202 2221 3266 lu-

694 3335 857 3397 tum.
884 3327 955 3390 »⁶
990 3349 1023 3389 α
1040 3323 1259 3391 Omnis
1284 3318 1538 3397 mulier,
1568 3332 1713 3398 quae
1740 3317 1835 3379 est
1860 3308 2217 3389 fornicaria,

694 3436 876 3522 quasi
918 3439 1158 3499 stercus
1185 3452 1215 3490 n
1252 3422 1690 3493 abominabilis
1724 3444 1756 3483 α
1781 3421 1852 3483 in
1899 3420 2008 3485 via
2053 3439 2084 3478 n
2138 3416 2219 3480 ab

692 3545 990 3612 omuibus
1038 3533 1568 3623 praetereuntibus
1602 3554 1634 3592 «ι
1650 3526 2140 3594 conculcabitur.
2179 3545 2210 3583 ι)

696 3655 848 3719 Item
874 3651 1027 3715 thus
1053 3642 1459 3718 obedientiae3
1490 3637 1660 3703 unde
1687 3635 1917 3701 dieitur
1940 3633 1962 3668 ‘¹
1995 3652 2011 3697 ε
2043 3656 2074 3694 α
2095 3631 2216 3697 Ob-

691 3760 834 3825 tulit
889 3756 1135 3821 Abidan
1174 3755 1258 3832 (a)
1323 3744 1761 3813 mortariolum
1807 3741 2070 3824 plenum
2110 3738 2219 3802 in-

690 3883 900 3933 censo,
932 3886 961 3923 n
985 3859 1230 3926 Abidan
1255 3854 1705 3938 interpretatur
1728 3850 1942 3932 patris
1967 3848 2095 3912 mei
2110 3845 2220 3927 Ju-

689 3974 954 4041 dicium.
986 3967 1125 4034 Non
1156 3982 1314 4046 ergo
1340 3961 1577 4027 habeas
1601 3955 2040 4038 scrupulosam
2068 3970 2212 4036 poe·

688 4079 1018 4147 nitentium
1040 4075 1119 4141 de
1136 4072 1453 4156 praecepto
1466 4115 1487 4146 ‚
1516 4083 1630 4129 nec
1647 4064 1816 4129 dicas
1833 4080 1972 4127 esse
1998 4064 2219 4126 contra

688 4186 971 4253 animam
996 4185 1210 4246 tuam:
1235 4177 1431 4260 patris
1456 4174 1626 4238 enim
1653 4169 1897 4254 praelati
1926 4170 2022 4231 est
2040 4168 2216 4250 judi·

689 4312 833 4360 care
849 4342 866 4374 ,
895 4308 1029 4356 non
1053 4293 1263 4352 tuum.
1297 4283 1719 4363 Hieronymus
1737 4280 1761 4317 ⁸
1792 4298 1810 4344 ι
1839 4299 1869 4338 c
1899 4275 2215 4357 Praeposi-

688 4406 826 4465 tum
856 4392 1219 4462 monasterii
1244 4391 1470 4453 timeas
1496 4390 1567 4452 ut
1590 4385 1924 4450 dominum
1939 4431 1954 4461 ‚
1985 4381 2216 4463 diligas

687 4511 761 4572 ut
787 4506 1143 4588 parentem3
1180 4496 1396 4561 credas
1432 4494 1546 4558 tibi
1590 4491 1864 4557 salutare
1907 4489 2216 4573 quidquid

685 4614 791 4680 ille
807 4607 1205 4697 praeceperit3
1229 4621 1435 4687 neque
1453 4602 1531 4667 de
1558 4603 1879 4683 majorum
1905 4597 2219 4662 sententia

677 4722 952 4806 judices,
982 4719 1082 4799 cuj
1092 4733 1168 4780 us
1194 4713 1475 4778 officium
1501 4712 1597 4774 est
1622 4707 1895 4774 obedire.
1922 4728 1953 4765 n
1983 4704 2218 4771 Morta-

685 4829 918 4895 riolum
941 4829 1037 4890 est
1058 4841 1167 4887 cor
1194 4819 1524 4897 obedienS,
1555 4817 1625 4880 in
1651 4834 1784 4899 quo
1813 4813 2070 4896 propria
2096 4832 2211 4878 vo-

683 4938 895 5003 luntas
922 4930 1355 4999 contunditur.
1386 4926 1461 4990 In
1488 4923 1854 4989 mortariolo
1880 4939 2036 5002 ergo
2068 4920 2219 4985 thus

684 5043 969 5122 offertur,
1001 5041 1158 5105 dum
1182 5055 1264 5101 ex
1295 5033 1482 5099 corde
1507 5029 1819 5106 obeditur,
1859 5030 1922 5092 et
1959 5026 2215 5108 propria

744 5207 761 5241 1
793 5204 970 5266 Εσσῐί.,
1004 5214 1153 5264 xm,
1181 5203 1261 5250 20.
1292 5223 1351 5236 -
1380 5196 1405 5230 ¹
1433 5195 1587 5254 Dan„
1618 5207 1680 5255 ι,
1719 5194 1766 5241 5.
1803 5215 1856 5226 --
1895 5188 1916 5219 ³
1944 5187 2078 5250 Luc„
2118 5197 2214 5250 ιιι,

685 5280 765 5400 ῗῖῑ·
792 5302 855 5313 ”·
880 5276 896 5305 “
917 5276 1094 5396 5330„
1124 5284 1161 5335 ¹’
1192 5272 1273 5391 ¹312
1291 5264 1527 5388 '12'⁰⁶’
1554 5265 1859 5385 ¹·¹‘¹fi·².¹;.{·
1885 5257 2212 5380 ‘'imitat‘’

750 5382 764 5396 .
819 5373 871 5383 -
1024 5359 1144 5404 um„
1283 5376 1300 5403 ‚
1410 5373 1425 5388 .
1470 5363 1532 5375 —-
1691 5349 1709 5384 1
1843 5369 1877 5396 .‚
2148 5343 2212 5380 ιε.

686 5417 933 5479 monach„
962 5416 1112 5481 epist.
1152 5426 1225 5477 lv,
1264 5415 1381 5478 post
1415 5408 1551 5460 med.
1589 5432 1649 5443 ·—
1685 5407 1705 5436 ⁹
1745 5406 1980 5466 Gregor„
2007 5400 2211 5461 Mor-al„

685 5490 772 5546 lib.
803 5490 1002 5552 XXXV,
1030 5503 1077 5537 c.
1111 5501 1166 5551 x,
1193 5486 1261 5538 al.
1292 5494 1409 5544 xm,
1436 5495 1489 5534 n.
1520 5483 1597 5532 32.
1627 5503 1687 5515 —
1711 5477 1753 5513 ¹⁰
1780 5477 1948 5534 Cant„
1979 5483 2053 5535 lv,
2080 5475 2128 5523 6.
2152 5499 2213 5511 --

2329 634 2626 700 voluntas
2663 632 3006 714 frangitur.
3042 629 3487 696 Mortariolum
3512 635 3739 698 autem
3764 652 3887 699 au-

2331 760 2515 807 reum
2543 740 2831 818 offertur,
2873 739 3030 804 dum
3056 737 3413 803 obedientia
3448 756 3533 802 ex
3560 738 3881 805 charitate

2330 849 2650 932 impletur.
2673 846 3025 929 Gregorius
3043 850 3067 886 ⁹
3090 863 3109 908 t
3137 867 3169 906 a
3183 844 3551 910 obedientia
3572 863 3715 910 non
3742 865 3887 912 ser-

2330 958 2445 1023 vili
2492 959 2667 1020 metu
2686 1003 2706 1033 ,
2751 954 2860 1018 sed
2903 952 3228 1018 charitatis
3268 953 3503 1017 affectu
3561 956 3889 1020 servanda

2330 1070 2447 1146 est,
2478 1082 2609 1129 uon
2633 1064 2865 1127 timore
2889 1079 3122 1143 poenae,
3152 1061 3499 1126 sedamore
3519 1062 3829 1143 justitiae.
3846 1087 3877 1124 ι

2331 1174 2490 1238 Item
2518 1170 2850 1254 myrrham
2894 1168 3283 1252 paupertatis
3313 1173 3361 1209 ¹⁰
3390 1190 3406 1230 :
3440 1190 3470 1228 n
3510 1166 3765 1234 Vadam
3802 1172 3886 1237 ad

2331 1284 2613 1346 montem
2632 1276 2938 1360 myrrhae.
2952 1296 2983 1335 υ
3006 1274 3189 1339 Mons
3211 1277 3377 1339 altus
3393 1278 3489 1339 est
3504 1296 3523 1354 ;
3539 1276 3712 1342 sicet
3728 1296 3885 1360 pau-

2330 1392 2539 1472 pertas
2560 1387 2604 1428 11
2633 1383 3026 1450 :nAltissima
3052 1399 3279 1446 eorum
3305 1388 3675 1466 paupertas,
3692 1407 3725 1444 n
3757 1389 3880 1451 etc.

2332 1495 2507 1560 Hanc
2532 1492 2865 1576 myrrham
2891 1488 2947 1554 N
2948 1489 3273 1554 icodemus
3300 1493 3511 1583 poer
3535 1490 3618 1555 ad
3662 1492 3879 1575 sepul-

2331 1606 2549 1666 turam
2575 1597 2849 1664 Domini.

2412 1705 2737 1773 Secundus
2753 1720 2869 1768 rex
2886 1706 2950 1767 et
2968 1701 3284 1785 perfectus
3297 1701 3375 1766 de
3396 1702 3703 1769 thesauro
3733 1722 3885 1770 con-

2329 1812 2704 1879 versationis
2730 1827 2866 1874 suae
2908 1809 3095 1874 debet
3137 1809 3369 1874 offerre
3395 1828 3631 1875 aurum
3679 1811 3883 1877 dilec-

2330 1921 2520 1986 tionis
2556 1938 2573 1982 t
2616 1919 2695 1984 de
2740 1935 2871 1999 quo
2910 1918 3163 1999 require
3209 1934 3405 1999 supra
3452 1918 3523 1982 in
3572 1920 3885 2000 proximo

2329 2043 2644 2092 sermone.
2678 2024 2836 2088 Item
2862 2024 3016 2088 thus
3043 2043 3058 2085 ;
3090 2024 3171 2088 de
3197 2042 3328 2106 quo
3353 2025 3612 2107 require
3647 2045 3876 2109 supra.

2331 2137 2489 2201 Item
2506 2163 2514 2171 ·
2534 2133 2865 2215 myrrham
2909 2132 3095 2197 bonae
3137 2130 3457 2213 opinionis
3484 2133 3534 2168 ¹²
3562 2155 3579 2197 ε
3619 2155 3654 2194 α
3681 2133 3887 2213 Quasi

2330 2241 2596 2325 myrrha
2639 2238 2835 2303 electa
2857 2284 2874 2315 ,
2935 2237 3078 2303 dedi
3129 2239 3512 2305 suavitatem
3564 2241 3808 2306 odoris,
3839 2263 3875 2302 ι

2330 2349 2556 2414 Bonus
2579 2348 2735 2413 odor
2761 2346 2932 2411 bona
2951 2345 3120 2409 fama
3147 2349 3245 2410 est
3266 2346 3311 2382 ¹⁸
3332 2363 3394 2410 :c
3417 2345 3649 2411 Christi
3665 2348 3886 2413 bonus

2326 2457 2483 2521 odor
2499 2472 2743 2535 sumus,
2764 2476 2794 2514 n
2817 2457 2934 2518 etc.
2960 2453 3010 2518 E
3027 2453 3343 2518 contrario
3368 2455 3630 2538 quidam
3664 2456 3742 2539 (b)
3761 2456 3887 2523 foe-

2328 2567 2466 2628 tent
2482 2580 2596 2646 per
2615 2561 2943 2627 infamiam
2963 2560 3151 2625 malae
3166 2561 3670 2642 consuetudinis,
3692 2585 3722 2622 ι
3743 2568 3880 2629 etc.

2329 2672 2374 2709 ¹⁸
2406 2693 2438 2734 α
2461 2670 2755 2749 Domine,
2779 2673 2919 2752 jam
2945 2670 3139 2748 foetet‚
3165 2690 3197 2728 n
3233 2672 3352 2732 etc.
3383 2666 3740 2750 Gregorius
3770 2671 3819 2706 ²⁸
3854 2690 3877 2735 ε

2332 2803 2364 2842 α
2394 2779 2571 2844 Siout
2599 2778 2753 2843 odor
2789 2778 3001 2843 bonus
3028 2794 3111 2842 ex
3137 2776 3376 2841 virtute
3402 2779 3500 2840 est
3513 2823 3535 2856 ,
3565 2776 3658 2842 sic
3686 2777 3888 2844 foetor

2328 2905 2411 2953 ex
2438 2886 2615 2951 vitio.
2648 2906 2678 2944 n

2406 2993 2654 3058 Tertius
2697 3010 2812 3056 rex
2867 2991 3003 3055 sive
3059 2992 3374 3075 perfectus
3440 2992 3520 3055 de
3564 2992 3884 3060 thesauro
3916 3006 4059 3048 Contu

2328 3100 2872 3183 contemplationis
2922 3098 3108 3164 offert
3147 3100 3270 3163 tria
3284 3148 3305 3177 ‚
3355 3099 3708 3165 secundum
3756 3100 3882 3166 illa
3915 3067 4059 3171 affl

2328 3212 2451 3275 tria
2475 3210 2640 3274 circa
2663 3225 2812 3292 quae
2833 3210 3125 3272 versatur
3145 3206 3613 3290 contemplatio.
3640 3205 3883 3274 Versa·
3912 3195 4059 3236 ’ω

2327 3321 2434 3381 tur
2458 3314 2631 3380 enim
2675 3314 2842 3379 circa
2867 3313 3048 3378 divin
3070 3333 3102 3375 e
3130 3313 3429 3396 potentiae
3471 3313 3878 3395 magnitudi-

2326 3440 2477 3487 nem
2491 3470 2511 3502 ,
2542 3422 2608 3485 in
2644 3422 2829 3503 cujus
2854 3419 3281 3483 reverentiam
3306 3418 3574 3483 offertur
3601 3438 3879 3488 aurum.

2326 3529 2504 3595 Unde
2533 3527 2838 3608 dicitur¹⁶,
2871 3525 3040 3609 quod
3064 3547 3095 3586 α
3112 3524 3625 3608 vigintiquatuor
3650 3528 3878 3593 senio-

2327 3655 2429 3702 res
2456 3637 2777 3700 mittentes
2822 3650 3091 3697 coronas
3119 3650 3345 3696 aureas
3371 3635 3518 3697 ante
3557 3633 3882 3701 thronum

2330 3743 2479 3824 Dei,
2511 3741 2868 3807 adorabant
2892 3740 3216 3805 viventem
3243 3739 3312 3802 in
3340 3738 3574 3804 saecula
3598 3741 3884 3806 saeculo·

2326 3869 2497 3915 rum.
2518 3871 2548 3909 n
2577 3847 2851 3913 Coronas
2877 3864 3103 3912 aureas
3131 3845 3399 3910 Domino
3429 3846 3717 3926 mittunt,
3750 3850 3881 3931 qui

2326 3975 2587 4023 omnem
2614 3954 2995 4037 dignitatem
3023 3955 3087 4017 et
3111 3953 3426 4017 honorem
3451 4000 3471 4031 ,
3515 3971 3709 4035 quem
3740 3953 3880 4019 ha-

2325 4063 2478 4127 bent
2504 4062 2573 4125 in
2599 4062 2757 4125 coelo
2781 4063 2846 4125 et
2872 4060 2940 4124 in
2967 4064 3139 4125 terra
3158 4108 3179 4140 ‚
3235 4059 3360 4125 Deo
3408 4060 3761 4144 subjiciunt
3800 4071 3878 4130 et

2323 4169 2705 4233 attribuunt.
2724 4167 2882 4232 Item
2898 4168 3065 4231 circa
3080 4167 3317 4232 divinae
3326 4167 3679 4234 clementiae
3703 4172 3878 4235 mul-

2327 4275 2665 4341 titudinem
2687 4324 2703 4351 ,
2735 4292 2931 4359 quam
2960 4291 3109 4338 eum
3140 4273 3358 4337 multis
3385 4274 3709 4340 beneflciis
3737 4295 3867 4342 no-

2327 4382 2425 4446 bis
2453 4380 2755 4461 ostendit,
2780 4381 2852 4444 in
2877 4398 3155 4464 quorum
3183 4381 3642 4460 gratitudinem
3668 4384 3875 4449 offer-

2323 4493 2431 4555 tur
2458 4489 2608 4553 thus
2632 4488 2676 4524 ¹⁷
2710 4509 2725 4551 ε
2767 4510 2797 4549 α
2826 4486 3019 4565 Quasi
3045 4486 3193 4551 thus
3226 4486 3519 4553 redolens
3545 4488 3612 4553 in
3639 4489 3875 4557 diebus

2324 4597 2582 4662 aestatis.
2617 4617 2648 4656 u
2680 4594 2857 4660 Sicut
2885 4613 2997 4677 per
3024 4595 3326 4677 hyemem
3365 4595 3550 4677 rigor
3592 4600 3657 4660 et
3694 4600 3873 4663 tem-

2325 4708 2532 4788 pestas
2559 4702 2790 4767 divinae
2811 4702 3077 4784 justitiae
3099 4699 3145 4738 ²⁸
3172 4723 3235 4764 :u
3257 4700 3401 4766 Jam
3427 4703 3601 4766 enim
3628 4703 3873 4786 hyems

2324 4810 2616 4888 transiit,
2644 4830 2676 4869 »
2707 4812 2865 4885 etc.;
2916 4808 3006 4873 ita
3055 4826 3169 4892 per
3214 4812 3497 4873 aestatem
3552 4813 3873 4878 serenitas

2324 4915 2770 4983 misericordiae
2794 4916 3196 4997 significatur
3227 4915 3403 4980 :dies
3433 4933 3596 4998 ergo
3623 4920 3874 4986 aestatis

2322 5092 2366 5128 ¹¹
2400 5091 2438 5141 ΙΙ
2471 5089 2613 5148 Cor„
2639 5098 2750 5151 vm,
2782 5090 2829 5138 2.
2853 5113 2914 5125 —
2939 5088 2983 5124 ¹²
3007 5086 3182 5149 Eos-If,
3212 5099 3363 5150 xxm,
3383 5091 3463 5140 20.
3489 5114 3555 5127 -
3577 5089 3621 5125 ¹⁸
3648 5091 3686 5140 ΙΙ
3722 5092 3843 5143 Cor.

2323 5174 2383 5226 11,
2407 5165 2484 5213 15.
2504 5186 2564 5198 -
2584 5160 2625 5196 ι·
2645 5160 2810 5221 ιοαη.,
2836 5169 2910 5221 xn,
2940 5160 3078 5209 39.-
3109 5158 3344 5223 nerag„
3374 5158 3577 5220 uorat„
3606 5160 3697 5212 ub.
3726 5134 3868 5227 xiv}

2325 5249 2370 5286 c.
2394 5244 2535 5296 xxm,
2558 5231 2624 5282 al.
2655 5242 2768 5292 uu,
2793 5245 2847 5280 n.
2874 5233 2951 5280 65.
2972 5257 3033 5267 -
3057 5231 3098 5266 ¹⁶
3124 5230 3293 5295 Apoc„
3327 5242 3395 5293 tv,
3424 5233 3501 5281 10.
3521 5257 3583 5269 -
3612 5232 3654 5267 ¹⁷
3677 5233 3867 5295 Eocli„

2325 5319 2376 5370 L,
2405 5307 2461 5355 8.
2490 5330 2552 5342 -
2581 5305 2618 5334 ¹⁸
2641 5302 2808 5364 Cant„
2837 5312 2898 5364 11,
2930 5304 3005 5371 υ.
3274 5313 3281 5318 ·

2324 5401 2474 5539 quia
2498 5399 2643 5465 Vulq.
2674 5401 2902 5451 Naasson
2928 5398 3054 5452 filius
3086 5397 3361 5452 abinadab.
3390 5425 3448 5438 —
3479 5398 3556 5464 (b)
3582 5399 3709 5452 Goet.
3734 5402 3862 5454 edit·

2479 5488 2549 5526 m.
