<?xml version="1.0" encoding="UTF-8"?>
<!DOCTYPE html PUBLIC "-//W3C//DTD XHTML 1.0 Transitional//EN"
    "http://www.w3.org/TR/xhtml1/DTD/xhtml1-transitional.dtd">
<html xmlns="http://www.w3.org/1999/xhtml" xml:lang="en" lang="en">
 <head>
  <title>
</title>
<meta http-equiv="Content-Type" content="text/html;charset=utf-8" />
  <meta name='ocr-system' content='tesseract 3.04.00' />
  <meta name='ocr-capabilities' content='ocr_page ocr_carea ocr_par ocr_line ocrx_word'/>
</head>
<body>
  <div class='ocr_page' id='page_1' title='image "./srecardinalissb02peltgoog/srecardinalissb02peltgoog_0081.png"; bbox 0 0 4059 6317; ppageno 0'>
   <div class='ocr_carea' id='block_1_1' title="bbox 777 531 3332 609">
    <p class='ocr_par' dir='ltr' id='par_1_1' title="bbox 777 531 3332 609">
     <span class='ocr_line' id='line_1_1' title="bbox 777 531 3332 609; baseline -0.004 -2"><span class='ocrx_word' id='word_1_1' title='bbox 777 540 1159 609; x_wconf 77' lang='lat' dir='ltr'><strong>DOMINICA</strong></span> <span class='ocrx_word' id='word_1_2' title='bbox 1199 539 1357 606; x_wconf 76' lang='lat' dir='ltr'><strong>INF.</strong></span> <span class='ocrx_word' id='word_1_3' title='bbox 1401 535 1568 605; x_wconf 80' lang='lat' dir='ltr'><strong>OCT-</strong></span> <span class='ocrx_word' id='word_1_4' title='bbox 1612 531 1965 601; x_wconf 70' lang='lat' dir='ltr'><strong>NATleT.</strong></span> <span class='ocrx_word' id='word_1_5' title='bbox 2009 532 2311 601; x_wconf 70' lang='lat' dir='ltr'><strong>noum.</strong></span> <span class='ocrx_word' id='word_1_6' title='bbox 2358 532 2622 601; x_wconf 83' lang='lat' dir='ltr'><strong>SERMO</strong></span> <span class='ocrx_word' id='word_1_7' title='bbox 2663 536 2713 600; x_wconf 89' lang='grc' dir='ltr'><strong>Ι.</strong></span> <span class='ocrx_word' id='word_1_8' title='bbox 3253 534 3332 596; x_wconf 74' lang='grc'><strong>59</strong></span> 
     </span>
    </p>
   </div>
   <div class='ocr_carea' id='block_1_2' title="bbox 171 672 1698 5366">
    <p class='ocr_par' dir='ltr' id='par_1_2' title="bbox 171 672 1698 5366">
     <span class='ocr_line' id='line_1_2' title="bbox 195 672 1677 759; baseline -0.006 -14"><span class='ocrx_word' id='word_1_9' title='bbox 195 680 344 745; x_wconf 80' lang='lat' dir='ltr'><strong>babet</strong></span> <span class='ocrx_word' id='word_1_10' title='bbox 379 676 867 745; x_wconf 85' lang='lat' dir='ltr'><strong>similitudinem</strong></span> <span class='ocrx_word' id='word_1_11' title='bbox 907 681 973 742; x_wconf 91' lang='lat' dir='ltr'><strong>et</strong></span> <span class='ocrx_word' id='word_1_12' title='bbox 1013 676 1296 759; x_wconf 81' lang='lat' dir='ltr'><strong>effigiem</strong></span> <span class='ocrx_word' id='word_1_13' title='bbox 1338 672 1677 757; x_wconf 82' lang='lat' dir='ltr'><strong>serpentis,</strong></span> 
     </span>
     <span class='ocr_line' id='line_1_3' title="bbox 197 782 1679 865; baseline -0.005 -15"><span class='ocrx_word' id='word_1_14' title='bbox 197 790 363 851; x_wconf 76' lang='lat' dir='ltr'><strong>tamen</strong></span> <span class='ocrx_word' id='word_1_15' title='bbox 387 802 605 850; x_wconf 86' lang='lat' dir='ltr'><strong>carens</strong></span> <span class='ocrx_word' id='word_1_16' title='bbox 621 801 896 863; x_wconf 80' lang='lat' dir='ltr'><strong>veneno,</strong></span> <span class='ocrx_word' id='word_1_17' title='bbox 918 784 1136 865; x_wconf 89' lang='lat' dir='ltr'><strong>signat</strong></span> <span class='ocrx_word' id='word_1_18' title='bbox 1162 782 1499 848; x_wconf 90' lang='lat' dir='ltr'><strong>Dominum</strong></span> <span class='ocrx_word' id='word_1_19' title='bbox 1525 796 1679 844; x_wconf 87' lang='lat' dir='ltr'><strong>nos-</strong></span> 
     </span>
     <span class='ocr_line' id='line_1_4' title="bbox 194 891 1681 975; baseline -0.005 -16"><span class='ocrx_word' id='word_1_20' title='bbox 194 899 330 958; x_wconf 76' lang='lat' dir='ltr'><strong>trum</strong></span> <span class='ocrx_word' id='word_1_21' title='bbox 359 892 573 958; x_wconf 67' lang='lat' dir='ltr'><strong>Joeum</strong></span> <span class='ocrx_word' id='word_1_22' title='bbox 614 893 940 959; x_wconf 87' lang='lat' dir='ltr'><strong>Christum</strong></span> <span class='ocrx_word' id='word_1_23' title='bbox 961 940 979 972; x_wconf 91' lang='lat'>,</span> <span class='ocrx_word' id='word_1_24' title='bbox 1009 893 1123 975; x_wconf 90' lang='lat' dir='ltr'><strong>qui</strong></span> <span class='ocrx_word' id='word_1_25' title='bbox 1166 891 1357 956; x_wconf 86' lang='lat' dir='ltr'><strong>habet</strong></span> <span class='ocrx_word' id='word_1_26' title='bbox 1380 894 1681 954; x_wconf 88' lang='lat' dir='ltr'><strong>naturam</strong></span> 
     </span>
     <span class='ocr_line' id='line_1_5' title="bbox 193 1000 1682 1082; baseline -0.005 -16"><span class='ocrx_word' id='word_1_27' title='bbox 193 1005 241 1066; x_wconf 84' lang='lat' dir='ltr'><strong>et</strong></span> <span class='ocrx_word' id='word_1_28' title='bbox 269 1000 533 1082; x_wconf 77' lang='lat' dir='ltr'><strong>effigiem</strong></span> <span class='ocrx_word' id='word_1_29' title='bbox 572 1001 858 1065; x_wconf 87' lang='lat' dir='ltr'><strong>hominis</strong></span> <span class='ocrx_word' id='word_1_30' title='bbox 875 1048 897 1079; x_wconf 91' lang='lat'>‚</span> <span class='ocrx_word' id='word_1_31' title='bbox 924 1003 1142 1063; x_wconf 89' lang='lat' dir='ltr'><strong>tamen</strong></span> <span class='ocrx_word' id='word_1_32' title='bbox 1167 1015 1391 1063; x_wconf 87' lang='lat' dir='ltr'><strong>carens</strong></span> <span class='ocrx_word' id='word_1_33' title='bbox 1432 1012 1682 1061; x_wconf 79' lang='lat' dir='ltr'><strong>veneno</strong></span> 
     </span>
     <span class='ocr_line' id='line_1_6' title="bbox 191 1105 1681 1192; baseline -0.004 -21"><span class='ocrx_word' id='word_1_34' title='bbox 191 1107 420 1191; x_wconf 84' lang='lat' dir='ltr'><strong>peccati:</strong></span> <span class='ocrx_word' id='word_1_35' title='bbox 446 1112 522 1172; x_wconf 92' lang='lat' dir='ltr'><strong>ut</strong></span> <span class='ocrx_word' id='word_1_36' title='bbox 558 1124 1033 1192; x_wconf 86' lang='lat' dir='ltr'><strong>quemcumque</strong></span> <span class='ocrx_word' id='word_1_37' title='bbox 1060 1105 1474 1171; x_wconf 78' lang='lat' dir='ltr'><strong>momorderit</strong></span> <span class='ocrx_word' id='word_1_38' title='bbox 1499 1106 1681 1168; x_wconf 87' lang='lat' dir='ltr'><strong>astu-</strong></span> 
     </span>
     <span class='ocr_line' id='line_1_7' title="bbox 191 1209 1682 1295; baseline -0.004 -17"><span class='ocrx_word' id='word_1_39' title='bbox 191 1216 257 1278; x_wconf 87' lang='lat' dir='ltr'><strong>tia</strong></span> <span class='ocrx_word' id='word_1_40' title='bbox 299 1218 523 1280; x_wconf 82' lang='lat' dir='ltr'><strong>satauae</strong></span> <span class='ocrx_word' id='word_1_41' title='bbox 540 1262 562 1295; x_wconf 91' lang='lat'><em>,</em></span> <span class='ocrx_word' id='word_1_42' title='bbox 617 1215 944 1279; x_wconf 88' lang='lat' dir='ltr'><strong>intueatur</strong></span> <span class='ocrx_word' id='word_1_43' title='bbox 1002 1213 1327 1278; x_wconf 81' lang='lat' dir='ltr'>Christum</span> <span class='ocrx_word' id='word_1_44' title='bbox 1382 1210 1456 1275; x_wconf 91' lang='lat' dir='ltr'><strong>in</strong></span> <span class='ocrx_word' id='word_1_45' title='bbox 1501 1209 1682 1292; x_wconf 92' lang='lat' dir='ltr'><strong>ligno</strong></span> 
     </span>
     <span class='ocr_line' id='line_1_8' title="bbox 190 1317 1680 1404; baseline -0.003 -20"><span class='ocrx_word' id='word_1_46' title='bbox 190 1321 519 1404; x_wconf 76' lang='lat' dir='ltr'>pendentem</span> <span class='ocrx_word' id='word_1_47' title='bbox 535 1370 553 1401; x_wconf 89' lang='lat'>,</span> <span class='ocrx_word' id='word_1_48' title='bbox 597 1338 714 1404; x_wconf 86' lang='lat' dir='ltr'><strong>per</strong></span> <span class='ocrx_word' id='word_1_49' title='bbox 744 1320 1107 1404; x_wconf 78' lang='lat' dir='ltr'><strong>passionem</strong></span> <span class='ocrx_word' id='word_1_50' title='bbox 1149 1321 1228 1404; x_wconf 83' lang='lat' dir='ltr'><strong>(a)</strong></span> <span class='ocrx_word' id='word_1_51' title='bbox 1276 1323 1342 1385; x_wconf 87' lang='lat' dir='ltr'><strong>et</strong></span> <span class='ocrx_word' id='word_1_52' title='bbox 1379 1317 1680 1382; x_wconf 87' lang='lat' dir='ltr'><strong>imitatio-</strong></span> 
     </span>
     <span class='ocr_line' id='line_1_9' title="bbox 189 1423 1685 1511; baseline -0.003 -19"><span class='ocrx_word' id='word_1_53' title='bbox 189 1445 329 1507; x_wconf 87' lang='lat' dir='ltr'><strong>nem,</strong></span> <span class='ocrx_word' id='word_1_54' title='bbox 354 1432 412 1491; x_wconf 87' lang='lat' dir='ltr'><strong>et</strong></span> <span class='ocrx_word' id='word_1_55' title='bbox 452 1427 709 1511; x_wconf 77' lang='lat' dir='ltr'><strong>plenam</strong></span> <span class='ocrx_word' id='word_1_56' title='bbox 748 1429 1034 1493; x_wconf 89' lang='lat' dir='ltr'><strong>inveniet</strong></span> <span class='ocrx_word' id='word_1_57' title='bbox 1076 1428 1493 1492; x_wconf 87' lang='lat' dir='ltr'><strong>curationem.</strong></span> <span class='ocrx_word' id='word_1_58' title='bbox 1522 1423 1685 1489; x_wconf 90' lang='lat' dir='ltr'><strong>Nam</strong></span> 
     </span>
     <span class='ocr_line' id='line_1_10' title="bbox 190 1533 1683 1614; baseline -0.003 -16"><span class='ocrx_word' id='word_1_59' title='bbox 190 1536 233 1598; x_wconf 86' lang='lat' dir='ltr'><strong>si</strong></span> <span class='ocrx_word' id='word_1_60' title='bbox 260 1539 517 1600; x_wconf 84' lang='lat' dir='ltr'><strong>tentetur</strong></span> <span class='ocrx_word' id='word_1_61' title='bbox 563 1535 643 1600; x_wconf 89' lang='lat' dir='ltr'><strong>de</strong></span> <span class='ocrx_word' id='word_1_62' title='bbox 681 1534 1061 1614; x_wconf 76' lang='lat' dir='ltr'><strong>honoribuS,</strong></span> <span class='ocrx_word' id='word_1_63' title='bbox 1114 1533 1361 1599; x_wconf 76' lang='lat' dir='ltr'><strong>invenit</strong></span> <span class='ocrx_word' id='word_1_64' title='bbox 1411 1534 1683 1596; x_wconf 90' lang='lat' dir='ltr'><strong>mortem</strong></span> 
     </span>
     <span class='ocr_line' id='line_1_11' title="bbox 187 1639 1687 1721; baseline -0.003 -14"><span class='ocrx_word' id='word_1_65' title='bbox 187 1644 554 1721; x_wconf 80' lang='lat' dir='ltr'><strong>vilissimam3</strong></span> <span class='ocrx_word' id='word_1_66' title='bbox 593 1642 648 1706; x_wconf 90' lang='lat' dir='ltr'><strong>si</strong></span> <span class='ocrx_word' id='word_1_67' title='bbox 691 1643 772 1707; x_wconf 89' lang='lat' dir='ltr'><strong>de</strong></span> <span class='ocrx_word' id='word_1_68' title='bbox 819 1642 1059 1707; x_wconf 90' lang='lat' dir='ltr'><strong>deliciis</strong></span> <span class='ocrx_word' id='word_1_69' title='bbox 1079 1691 1096 1718; x_wconf 89' lang='lat'><strong><em>‚</em></strong></span> <span class='ocrx_word' id='word_1_70' title='bbox 1124 1647 1398 1706; x_wconf 88' lang='lat' dir='ltr'><strong>mortem</strong></span> <span class='ocrx_word' id='word_1_71' title='bbox 1438 1639 1687 1703; x_wconf 86' lang='lat' dir='ltr'><strong>invenit</strong></span> 
     </span>
     <span class='ocr_line' id='line_1_12' title="bbox 187 1746 1684 1828; baseline -0.003 -15"><span class='ocrx_word' id='word_1_72' title='bbox 187 1749 711 1828; x_wconf 81' lang='lat' dir='ltr'><strong>dolorosissimam3</strong></span> <span class='ocrx_word' id='word_1_73' title='bbox 754 1749 811 1812; x_wconf 90' lang='lat' dir='ltr'><strong>si</strong></span> <span class='ocrx_word' id='word_1_74' title='bbox 865 1749 945 1812; x_wconf 91' lang='lat' dir='ltr'><strong>de</strong></span> <span class='ocrx_word' id='word_1_75' title='bbox 995 1748 1236 1814; x_wconf 82' lang='lat' dir='ltr'><strong>divitiis</strong></span> <span class='ocrx_word' id='word_1_76' title='bbox 1257 1795 1276 1825; x_wconf 89' lang='lat'>‚</span> <span class='ocrx_word' id='word_1_77' title='bbox 1328 1746 1684 1811; x_wconf 89' lang='lat' dir='ltr'><strong>nuditatem</strong></span> 
     </span>
     <span class='ocr_line' id='line_1_13' title="bbox 185 1852 1687 1940; baseline -0.003 -20"><span class='ocrx_word' id='word_1_78' title='bbox 185 1857 643 1940; x_wconf 83' lang='lat' dir='ltr'><strong>pauperrimam.</strong></span> <span class='ocrx_word' id='word_1_79' title='bbox 667 1854 748 1920; x_wconf 90' lang='lat' dir='ltr'><strong>Et</strong></span> <span class='ocrx_word' id='word_1_80' title='bbox 758 1856 853 1919; x_wconf 89' lang='lat' dir='ltr'><strong>sic</strong></span> <span class='ocrx_word' id='word_1_81' title='bbox 866 1855 1102 1920; x_wconf 83' lang='lat' dir='ltr'><strong>virtute</strong></span> <span class='ocrx_word' id='word_1_82' title='bbox 1120 1854 1434 1939; x_wconf 78' lang='lat' dir='ltr'><strong>passionis</strong></span> <span class='ocrx_word' id='word_1_83' title='bbox 1452 1852 1687 1919; x_wconf 79' lang='lat' dir='ltr'>Christi</span> 
     </span>
     <span class='ocr_line' id='line_1_14' title="bbox 186 1961 1552 2046; baseline -0.004 -18"><span class='ocrx_word' id='word_1_84' title='bbox 186 1982 217 2028; x_wconf 84' lang='lat' dir='ltr'><strong>a</strong></span> <span class='ocrx_word' id='word_1_85' title='bbox 236 1964 529 2028; x_wconf 73' lang='lat' dir='ltr'><strong>morsibus</strong></span> <span class='ocrx_word' id='word_1_86' title='bbox 555 1962 807 2045; x_wconf 76' lang='lat' dir='ltr'><strong>antiqui</strong></span> <span class='ocrx_word' id='word_1_87' title='bbox 834 1963 1142 2046; x_wconf 88' lang='lat' dir='ltr'><strong>serpentis</strong></span> <span class='ocrx_word' id='word_1_88' title='bbox 1170 1961 1552 2027; x_wconf 86' lang='lat' dir='ltr'><strong>medebitur.</strong></span> 
     </span>
     <span class='ocr_line' id='line_1_15' title="bbox 246 2067 1684 2152; baseline -0.001 -18"><span class='ocrx_word' id='word_1_89' title='bbox 246 2069 458 2147; x_wconf 87' lang='lat' dir='ltr'><strong>Quarto</strong></span> <span class='ocrx_word' id='word_1_90' title='bbox 499 2076 570 2137; x_wconf 86' lang='lat' dir='ltr'><strong>et</strong></span> <span class='ocrx_word' id='word_1_91' title='bbox 606 2070 841 2135; x_wconf 91' lang='lat' dir='ltr'><strong>ultimo</strong></span> <span class='ocrx_word' id='word_1_92' title='bbox 880 2076 1140 2136; x_wconf 87' lang='lat' dir='ltr'><strong>notatur</strong></span> <span class='ocrx_word' id='word_1_93' title='bbox 1174 2069 1545 2152; x_wconf 86' lang='lat' dir='ltr'><strong>malignitas</strong></span> <span class='ocrx_word' id='word_1_94' title='bbox 1577 2067 1684 2133; x_wconf 76' lang='lat' dir='ltr'><strong>vel</strong></span> 
     </span>
     <span class='ocr_line' id='line_1_16' title="bbox 184 2176 1686 2262; baseline -0.002 -20"><span class='ocrx_word' id='word_1_95' title='bbox 184 2178 521 2262; x_wconf 82' lang='lat' dir='ltr'><strong>perversitas</strong></span> <span class='ocrx_word' id='word_1_96' title='bbox 544 2195 769 2262; x_wconf 80' lang='lat' dir='ltr'><strong>pravae</strong></span> <span class='ocrx_word' id='word_1_97' title='bbox 795 2178 1302 2261; x_wconf 80' lang='lat' dir='ltr'><strong>impugnationis</strong></span> <span class='ocrx_word' id='word_1_98' title='bbox 1326 2177 1397 2242; x_wconf 91' lang='lat' dir='ltr'><strong>in</strong></span> <span class='ocrx_word' id='word_1_99' title='bbox 1421 2176 1686 2258; x_wconf 78' lang='lat' dir='ltr'><strong>benigni</strong></span> 
     </span>
     <span class='ocr_line' id='line_1_17' title="bbox 185 2284 1688 2365; baseline -0.001 -15"><span class='ocrx_word' id='word_1_100' title='bbox 185 2284 491 2350; x_wconf 78' lang='lat' dir='ltr'><strong>eonditoris</strong></span> <span class='ocrx_word' id='word_1_101' title='bbox 525 2284 1023 2349; x_wconf 74' lang='lat' dir='ltr'><strong>contradictione</strong></span> <span class='ocrx_word' id='word_1_102' title='bbox 1036 2333 1059 2365; x_wconf 88' lang='lat'><em>‚</em></span> <span class='ocrx_word' id='word_1_103' title='bbox 1095 2285 1180 2349; x_wconf 86' lang='lat' dir='ltr'><strong>ibi</strong></span> <span class='ocrx_word' id='word_1_104' title='bbox 1223 2306 1239 2347; x_wconf 72' lang='grc' dir='ltr'><strong>ε</strong></span> <span class='ocrx_word' id='word_1_105' title='bbox 1284 2284 1407 2351; x_wconf 75' lang='lat' dir='ltr'><strong>Cui</strong></span> <span class='ocrx_word' id='word_1_106' title='bbox 1430 2289 1688 2351; x_wconf 73' lang='lat' dir='ltr'><strong>contra-</strong></span> 
     </span>
     <span class='ocr_line' id='line_1_18' title="bbox 183 2389 1684 2473; baseline -0.003 -15"><span class='ocrx_word' id='word_1_107' title='bbox 183 2389 412 2460; x_wconf 64' lang='lat' dir='ltr'><strong>dicetur.</strong></span> <span class='ocrx_word' id='word_1_108' title='bbox 462 2390 635 2458; x_wconf 81' lang='lat' dir='ltr'><strong>Vere</strong></span> <span class='ocrx_word' id='word_1_109' title='bbox 681 2409 926 2473; x_wconf 88' lang='lat' dir='ltr'><strong>magna</strong></span> <span class='ocrx_word' id='word_1_110' title='bbox 978 2391 1345 2473; x_wconf 80' lang='lat' dir='ltr'><strong>malignitas</strong></span> <span class='ocrx_word' id='word_1_111' title='bbox 1363 2439 1385 2469; x_wconf 91' lang='lat'><strong><em>,</em></strong></span> <span class='ocrx_word' id='word_1_112' title='bbox 1430 2394 1684 2455; x_wconf 87' lang='lat' dir='ltr'><strong>contra·</strong></span> 
     </span>
     <span class='ocr_line' id='line_1_19' title="bbox 185 2498 1688 2582; baseline 0.001 -21"><span class='ocrx_word' id='word_1_113' title='bbox 185 2499 353 2563; x_wconf 80' lang='lat' dir='ltr'><strong>dicere</strong></span> <span class='ocrx_word' id='word_1_114' title='bbox 374 2504 553 2564; x_wconf 89' lang='lat' dir='ltr'><strong>tanto</strong></span> <span class='ocrx_word' id='word_1_115' title='bbox 584 2517 660 2564; x_wconf 87' lang='lat' dir='ltr'><strong>ac</strong></span> <span class='ocrx_word' id='word_1_116' title='bbox 685 2498 804 2562; x_wconf 87' lang='lat' dir='ltr'><strong>tali</strong></span> <span class='ocrx_word' id='word_1_117' title='bbox 830 2499 1098 2563; x_wconf 71' lang='lat' dir='ltr'><strong>doctori!</strong></span> <span class='ocrx_word' id='word_1_118' title='bbox 1129 2498 1288 2564; x_wconf 90' lang='lat' dir='ltr'><strong>Nam</strong></span> <span class='ocrx_word' id='word_1_119' title='bbox 1310 2499 1519 2581; x_wconf 86' lang='lat' dir='ltr'><strong>primo</strong></span> <span class='ocrx_word' id='word_1_120' title='bbox 1547 2500 1688 2582; x_wconf 85' lang='lat' dir='ltr'><strong>ejus</strong></span> 
     </span>
     <span class='ocr_line' id='line_1_20' title="bbox 184 2606 1683 2690; baseline -0.001 -19"><span class='ocrx_word' id='word_1_121' title='bbox 184 2606 552 2690; x_wconf 79' lang='lat' dir='ltr'><strong>insuperabili</strong></span> <span class='ocrx_word' id='word_1_122' title='bbox 584 2607 814 2672; x_wconf 80' lang='lat' dir='ltr'><strong>virtuti</strong></span> <span class='ocrx_word' id='word_1_123' title='bbox 844 2607 1364 2672; x_wconf 87' lang='lat' dir='ltr'><strong>contradixerunt</strong></span> <span class='ocrx_word' id='word_1_124' title='bbox 1405 2606 1683 2689; x_wconf 80' lang='lat' dir='ltr'><strong>superbi,</strong></span> 
     </span>
     <span class='ocr_line' id='line_1_21' title="bbox 183 2714 1687 2794; baseline -0.001 -16"><span class='ocrx_word' id='word_1_125' title='bbox 183 2714 687 2794; x_wconf 84' lang='lat' dir='ltr'><strong>pertemerariam</strong></span> <span class='ocrx_word' id='word_1_126' title='bbox 708 2714 1185 2779; x_wconf 77' lang='lat' dir='ltr'><strong>attributionem</strong></span> <span class='ocrx_word' id='word_1_127' title='bbox 1203 2714 1594 2778; x_wconf 83' lang='lat' dir='ltr'><strong>infirmitatis</strong></span> <span class='ocrx_word' id='word_1_128' title='bbox 1621 2717 1687 2777; x_wconf 86' lang='lat' dir='ltr'><strong>et</strong></span> 
     </span>
     <span class='ocr_line' id='line_1_22' title="bbox 185 2820 1688 2903; baseline 0.001 -20"><span class='ocrx_word' id='word_1_129' title='bbox 185 2821 527 2903; x_wconf 67' lang='lat' dir='ltr'><strong>impotentia</strong></span> <span class='ocrx_word' id='word_1_130' title='bbox 555 2841 574 2901; x_wconf 84' lang='lat'><em>3</em></span> <span class='ocrx_word' id='word_1_131' title='bbox 605 2820 892 2886; x_wconf 85' lang='lat' dir='ltr'><strong>secundo</strong></span> <span class='ocrx_word' id='word_1_132' title='bbox 916 2820 1231 2885; x_wconf 67' lang='lat' dir='ltr'><strong>infallibili</strong></span> <span class='ocrx_word' id='word_1_133' title='bbox 1257 2821 1510 2885; x_wconf 85' lang='lat' dir='ltr'><strong>veritati</strong></span> <span class='ocrx_word' id='word_1_134' title='bbox 1534 2838 1688 2885; x_wconf 91' lang='lat' dir='ltr'><strong>con-</strong></span> 
     </span>
     <span class='ocr_line' id='line_1_23' title="bbox 185 2928 1689 3011; baseline -0.001 -18"><span class='ocrx_word' id='word_1_135' title='bbox 185 2928 541 2993; x_wconf 81' lang='lat' dir='ltr'><strong>tradixerunt</strong></span> <span class='ocrx_word' id='word_1_136' title='bbox 564 2928 920 3011; x_wconf 84' lang='lat' dir='ltr'><strong>falsiloqui,</strong></span> <span class='ocrx_word' id='word_1_137' title='bbox 945 2944 1063 3010; x_wconf 90' lang='lat' dir='ltr'><strong>per</strong></span> <span class='ocrx_word' id='word_1_138' title='bbox 1086 2928 1310 2993; x_wconf 82' lang='lat' dir='ltr'><strong>falsam</strong></span> <span class='ocrx_word' id='word_1_139' title='bbox 1337 2928 1689 3011; x_wconf 78' lang='lat' dir='ltr'><strong>impositio-</strong></span> 
     </span>
     <span class='ocr_line' id='line_1_24' title="bbox 181 3035 1688 3119; baseline 0.001 -20"><span class='ocrx_word' id='word_1_140' title='bbox 181 3053 299 3099; x_wconf 85' lang='lat' dir='ltr'><strong>nem</strong></span> <span class='ocrx_word' id='word_1_141' title='bbox 321 3037 605 3102; x_wconf 78' lang='lat' dir='ltr'><strong>falsitatis</strong></span> <span class='ocrx_word' id='word_1_142' title='bbox 634 3039 703 3101; x_wconf 87' lang='lat' dir='ltr'><strong>et</strong></span> <span class='ocrx_word' id='word_1_143' title='bbox 728 3035 1144 3119; x_wconf 64' lang='lat' dir='ltr'><strong>blasphemiae</strong></span> <span class='ocrx_word' id='word_1_144' title='bbox 1164 3055 1181 3116; x_wconf 83' lang='lat'>3</span> <span class='ocrx_word' id='word_1_145' title='bbox 1208 3036 1394 3101; x_wconf 87' lang='lat' dir='ltr'><strong>tertio</strong></span> <span class='ocrx_word' id='word_1_146' title='bbox 1419 3035 1688 3101; x_wconf 91' lang='lat' dir='ltr'><strong>indecli-</strong></span> 
     </span>
     <span class='ocr_line' id='line_1_25' title="bbox 179 3141 1691 3226; baseline 0.001 -20"><span class='ocrx_word' id='word_1_147' title='bbox 179 3142 339 3206; x_wconf 87' lang='lat' dir='ltr'><strong>nabili</strong></span> <span class='ocrx_word' id='word_1_148' title='bbox 366 3144 635 3208; x_wconf 86' lang='lat' dir='ltr'><strong>bonitati</strong></span> <span class='ocrx_word' id='word_1_149' title='bbox 679 3141 1203 3208; x_wconf 86' lang='lat' dir='ltr'><strong>contradixerunt</strong></span> <span class='ocrx_word' id='word_1_150' title='bbox 1234 3142 1379 3206; x_wconf 89' lang='lat' dir='ltr'><strong>mali</strong></span> <span class='ocrx_word' id='word_1_151' title='bbox 1386 3144 1502 3226; x_wconf 90' lang='lat' dir='ltr'><strong>gni</strong></span> <span class='ocrx_word' id='word_1_152' title='bbox 1523 3190 1544 3222; x_wconf 92' lang='lat'><strong><em>,</em></strong></span> <span class='ocrx_word' id='word_1_153' title='bbox 1576 3161 1691 3226; x_wconf 87' lang='lat' dir='ltr'><strong>per</strong></span> 
     </span>
     <span class='ocr_line' id='line_1_26' title="bbox 179 3248 1692 3331; baseline 0.001 -19"><span class='ocrx_word' id='word_1_154' title='bbox 179 3249 711 3315; x_wconf 75' lang='lat' dir='ltr'><strong>calumniationem</strong></span> <span class='ocrx_word' id='word_1_155' title='bbox 770 3248 1125 3331; x_wconf 87' lang='lat' dir='ltr'><strong>malignam</strong></span> <span class='ocrx_word' id='word_1_156' title='bbox 1185 3249 1568 3315; x_wconf 83' lang='lat' dir='ltr'><strong>seductionis</strong></span> <span class='ocrx_word' id='word_1_157' title='bbox 1627 3253 1692 3315; x_wconf 90' lang='lat' dir='ltr'><strong>et</strong></span> 
     </span>
     <span class='ocr_line' id='line_1_27' title="bbox 177 3356 1691 3439; baseline 0.001 -20"><span class='ocrx_word' id='word_1_158' title='bbox 177 3356 424 3421; x_wconf 82' lang='lat' dir='ltr'><strong>malitiae.</strong></span> <span class='ocrx_word' id='word_1_159' title='bbox 452 3358 688 3422; x_wconf 84' lang='lat' dir='ltr'><strong>Primo</strong></span> <span class='ocrx_word' id='word_1_160' title='bbox 715 3372 881 3438; x_wconf 89' lang='lat' dir='ltr'><strong>ergo</strong></span> <span class='ocrx_word' id='word_1_161' title='bbox 906 3356 1034 3420; x_wconf 80' lang='lat' dir='ltr'><strong>fuit</strong></span> <span class='ocrx_word' id='word_1_162' title='bbox 1058 3356 1519 3421; x_wconf 85' lang='lat' dir='ltr'><strong>contradictum</strong></span> <span class='ocrx_word' id='word_1_163' title='bbox 1548 3360 1691 3439; x_wconf 82' lang='lat' dir='ltr'><strong>ejus</strong></span> 
     </span>
     <span class='ocr_line' id='line_1_28' title="bbox 177 3461 1690 3547; baseline 0.002 -22"><span class='ocrx_word' id='word_1_164' title='bbox 177 3461 449 3527; x_wconf 69' lang='lat' dir='ltr'><strong>infallibili</strong></span> <span class='ocrx_word' id='word_1_165' title='bbox 474 3463 743 3529; x_wconf 81' lang='lat' dir='ltr'><strong>veritati</strong></span> <span class='ocrx_word' id='word_1_166' title='bbox 769 3481 885 3547; x_wconf 89' lang='lat' dir='ltr'><strong>per</strong></span> <span class='ocrx_word' id='word_1_167' title='bbox 908 3462 1315 3528; x_wconf 85' lang='lat' dir='ltr'><strong>temerariam</strong></span> <span class='ocrx_word' id='word_1_168' title='bbox 1332 3462 1690 3529; x_wconf 90' lang='lat' dir='ltr'><strong>attributio-</strong></span> 
     </span>
     <span class='ocr_line' id='line_1_29' title="bbox 174 3570 1691 3655; baseline 0.001 -21"><span class='ocrx_word' id='word_1_169' title='bbox 174 3587 298 3634; x_wconf 89' lang='lat' dir='ltr'><strong>nem</strong></span> <span class='ocrx_word' id='word_1_170' title='bbox 350 3570 757 3636; x_wconf 81' lang='lat' dir='ltr'><strong>inflrmitatis</strong></span> <span class='ocrx_word' id='word_1_171' title='bbox 816 3574 884 3634; x_wconf 85' lang='lat' dir='ltr'><strong>et</strong></span> <span class='ocrx_word' id='word_1_172' title='bbox 944 3570 1357 3652; x_wconf 64' lang='lat' dir='ltr'><strong>impotentia.</strong></span> <span class='ocrx_word' id='word_1_173' title='bbox 1418 3570 1691 3655; x_wconf 88' lang='lat' dir='ltr'><strong>Superbi</strong></span> 
     </span>
     <span class='ocr_line' id='line_1_30' title="bbox 174 3675 1691 3759; baseline 0.003 -19"><span class='ocrx_word' id='word_1_174' title='bbox 174 3675 316 3741; x_wconf 84' lang='lat' dir='ltr'><strong>enim</strong></span> <span class='ocrx_word' id='word_1_175' title='bbox 339 3677 540 3743; x_wconf 80' lang='lat' dir='ltr'><strong>Jndaei</strong></span> <span class='ocrx_word' id='word_1_176' title='bbox 559 3724 578 3757; x_wconf 87' lang='lat'><strong>,</strong></span> <span class='ocrx_word' id='word_1_177' title='bbox 614 3677 741 3759; x_wconf 89' lang='lat' dir='ltr'><strong>qui</strong></span> <span class='ocrx_word' id='word_1_178' title='bbox 778 3676 1077 3742; x_wconf 76' lang='lat' dir='ltr'><strong>videbant</strong></span> <span class='ocrx_word' id='word_1_179' title='bbox 1113 3676 1434 3742; x_wconf 82' lang='lat' dir='ltr'><strong>Christum</strong></span> <span class='ocrx_word' id='word_1_180' title='bbox 1469 3695 1691 3744; x_wconf 89' lang='lat' dir='ltr'><strong>secun-</strong></span> 
     </span>
     <span class='ocr_line' id='line_1_31' title="bbox 172 3784 1690 3867; baseline 0.002 -20"><span class='ocrx_word' id='word_1_181' title='bbox 172 3784 301 3848; x_wconf 84' lang='lat' dir='ltr'><strong>dum</strong></span> <span class='ocrx_word' id='word_1_182' title='bbox 346 3786 828 3851; x_wconf 74' lang='lat' dir='ltr'><strong>humanitatem</strong></span> <span class='ocrx_word' id='word_1_183' title='bbox 875 3784 1007 3867; x_wconf 90' lang='lat' dir='ltr'><strong>pati</strong></span> <span class='ocrx_word' id='word_1_184' title='bbox 1060 3789 1123 3848; x_wconf 90' lang='lat' dir='ltr'><strong>et</strong></span> <span class='ocrx_word' id='word_1_185' title='bbox 1168 3785 1515 3863; x_wconf 84' lang='lat' dir='ltr'><strong>infirmari,</strong></span> <span class='ocrx_word' id='word_1_186' title='bbox 1570 3785 1690 3850; x_wconf 89' lang='lat' dir='ltr'><strong>ha-</strong></span> 
     </span>
     <span class='ocr_line' id='line_1_32' title="bbox 172 3889 1689 3975; baseline 0.001 -19"><span class='ocrx_word' id='word_1_187' title='bbox 172 3889 356 3958; x_wconf 86' lang='lat' dir='ltr'><strong>bentes</strong></span> <span class='ocrx_word' id='word_1_188' title='bbox 385 3892 817 3958; x_wconf 84' lang='lat' dir='ltr'><strong>obscuratum</strong></span> <span class='ocrx_word' id='word_1_189' title='bbox 857 3890 1249 3956; x_wconf 87' lang='lat' dir='ltr'><strong>intellectum</strong></span> <span class='ocrx_word' id='word_1_190' title='bbox 1289 3899 1549 3975; x_wconf 86' lang='lat' dir='ltr'><strong>propter</strong></span> <span class='ocrx_word' id='word_1_191' title='bbox 1585 3898 1689 3958; x_wconf 87' lang='lat' dir='ltr'><strong>tu·</strong></span> 
     </span>
     <span class='ocr_line' id='line_1_33' title="bbox 172 3998 1690 4084; baseline 0.001 -20"><span class='ocrx_word' id='word_1_192' title='bbox 172 4015 381 4065; x_wconf 86' lang='lat' dir='ltr'><strong>morem</strong></span> <span class='ocrx_word' id='word_1_193' title='bbox 425 4000 789 4083; x_wconf 80' lang='lat' dir='ltr'><strong>superbiae,</strong></span> <span class='ocrx_word' id='word_1_194' title='bbox 845 4016 977 4063; x_wconf 91' lang='lat' dir='ltr'><strong>non</strong></span> <span class='ocrx_word' id='word_1_195' title='bbox 1029 3998 1429 4065; x_wconf 85' lang='lat' dir='ltr'><strong>crediderunt</strong></span> <span class='ocrx_word' id='word_1_196' title='bbox 1476 4001 1690 4084; x_wconf 93' lang='lat' dir='ltr'><strong>ipsum</strong></span> 
     </span>
     <span class='ocr_line' id='line_1_34' title="bbox 171 4105 1686 4172; baseline 0 0"><span class='ocrx_word' id='word_1_197' title='bbox 171 4124 281 4171; x_wconf 82' lang='lat' dir='ltr'><strong>esse</strong></span> <span class='ocrx_word' id='word_1_198' title='bbox 313 4106 419 4172; x_wconf 84' lang='lat' dir='ltr'><strong>Dei</strong></span> <span class='ocrx_word' id='word_1_199' title='bbox 468 4108 798 4172; x_wconf 78' lang='lat' dir='ltr'><strong>virtutem</strong></span> <span class='ocrx_word' id='word_1_200' title='bbox 839 4105 1194 4170; x_wconf 85' lang='lat' dir='ltr'><strong>secundum</strong></span> <span class='ocrx_word' id='word_1_201' title='bbox 1240 4106 1686 4172; x_wconf 84' lang='lat' dir='ltr'><strong>divinitatem:</strong></span> 
     </span>
     <span class='ocr_line' id='line_1_35' title="bbox 172 4211 1695 4294; baseline 0.001 -18"><span class='ocrx_word' id='word_1_202' title='bbox 172 4230 263 4294; x_wconf 87' lang='lat' dir='ltr'><strong>per</strong></span> <span class='ocrx_word' id='word_1_203' title='bbox 283 4214 696 4279; x_wconf 81' lang='lat' dir='ltr'><strong>temerariam</strong></span> <span class='ocrx_word' id='word_1_204' title='bbox 716 4211 1196 4276; x_wconf 86' lang='lat' dir='ltr'><strong>attributionem</strong></span> <span class='ocrx_word' id='word_1_205' title='bbox 1220 4213 1605 4278; x_wconf 84' lang='lat' dir='ltr'><strong>infirmitatis</strong></span> <span class='ocrx_word' id='word_1_206' title='bbox 1629 4219 1695 4278; x_wconf 89' lang='lat' dir='ltr'><strong>et</strong></span> 
     </span>
     <span class='ocr_line' id='line_1_36' title="bbox 171 4320 1696 4404; baseline 0.004 -22"><span class='ocrx_word' id='word_1_207' title='bbox 171 4320 556 4404; x_wconf 65' lang='lat' dir='ltr'><strong>impotentiae,</strong></span> <span class='ocrx_word' id='word_1_208' title='bbox 578 4320 1110 4387; x_wconf 80' lang='lat' dir='ltr'><strong>contradixerunt</strong></span> <span class='ocrx_word' id='word_1_209' title='bbox 1129 4322 1273 4403; x_wconf 83' lang='lat' dir='ltr'><strong>ejus</strong></span> <span class='ocrx_word' id='word_1_210' title='bbox 1296 4322 1518 4388; x_wconf 79' lang='lat' dir='ltr'><strong>virtuti</strong></span> <span class='ocrx_word' id='word_1_211' title='bbox 1538 4324 1696 4388; x_wconf 84' lang='lat' dir='ltr'><strong>divi-</strong></span> 
     </span>
     <span class='ocr_line' id='line_1_37' title="bbox 172 4428 1697 4514; baseline 0.003 -23"><span class='ocrx_word' id='word_1_212' title='bbox 172 4428 383 4510; x_wconf 84' lang='lat' dir='ltr'><strong>nitatis,</strong></span> <span class='ocrx_word' id='word_1_213' title='bbox 422 4447 629 4514; x_wconf 85' lang='lat' dir='ltr'><strong>quam</strong></span> <span class='ocrx_word' id='word_1_214' title='bbox 676 4433 868 4493; x_wconf 87' lang='lat' dir='ltr'><strong>antea</strong></span> <span class='ocrx_word' id='word_1_215' title='bbox 906 4432 1370 4495; x_wconf 79' lang='lat' dir='ltr'><strong>monstraverat</strong></span> <span class='ocrx_word' id='word_1_216' title='bbox 1411 4431 1480 4494; x_wconf 89' lang='lat' dir='ltr'><strong>in</strong></span> <span class='ocrx_word' id='word_1_217' title='bbox 1520 4432 1697 4496; x_wconf 81' lang='lat' dir='ltr'><strong>factis</strong></span> 
     </span>
     <span class='ocr_line' id='line_1_38' title="bbox 172 4536 1687 4619; baseline 0.002 -18"><span class='ocrx_word' id='word_1_218' title='bbox 172 4536 533 4603; x_wconf 78' lang='lat' dir='ltr'><strong>miraculosis</strong></span> <span class='ocrx_word' id='word_1_219' title='bbox 552 4586 576 4618; x_wconf 85' lang='lat'><em>,</em></span> <span class='ocrx_word' id='word_1_220' title='bbox 614 4555 775 4601; x_wconf 90' lang='lat' dir='ltr'><strong>cum</strong></span> <span class='ocrx_word' id='word_1_221' title='bbox 828 4536 1272 4619; x_wconf 82' lang='lat' dir='ltr'><strong>exprobrando</strong></span> <span class='ocrx_word' id='word_1_222' title='bbox 1298 4537 1590 4604; x_wconf 89' lang='lat' dir='ltr'><strong>dicebant</strong></span> <span class='ocrx_word' id='word_1_223' title='bbox 1615 4541 1634 4576; x_wconf 88' lang='lat'>¹</span> <span class='ocrx_word' id='word_1_224' title='bbox 1671 4560 1687 4604; x_wconf 73' lang='grc' dir='ltr'><em>ε</em></span> 
     </span>
     <span class='ocr_line' id='line_1_39' title="bbox 177 4644 1694 4730; baseline 0.004 -25"><span class='ocrx_word' id='word_1_225' title='bbox 177 4666 203 4705; x_wconf 77' lang='grc' dir='ltr'>ι</span> <span class='ocrx_word' id='word_1_226' title='bbox 224 4645 377 4712; x_wconf 80' lang='lat' dir='ltr'><strong>Alios</strong></span> <span class='ocrx_word' id='word_1_227' title='bbox 401 4646 621 4713; x_wconf 87' lang='lat' dir='ltr'><strong>salvos</strong></span> <span class='ocrx_word' id='word_1_228' title='bbox 646 4644 835 4723; x_wconf 82' lang='lat' dir='ltr'><strong>fecit,</strong></span> <span class='ocrx_word' id='word_1_229' title='bbox 866 4644 1148 4728; x_wconf 86' lang='lat' dir='ltr'><strong>seipsum</strong></span> <span class='ocrx_word' id='word_1_230' title='bbox 1182 4663 1314 4710; x_wconf 91' lang='lat' dir='ltr'><strong>non</strong></span> <span class='ocrx_word' id='word_1_231' title='bbox 1339 4651 1545 4730; x_wconf 90' lang='lat' dir='ltr'><strong>potest</strong></span> <span class='ocrx_word' id='word_1_232' title='bbox 1568 4648 1694 4711; x_wconf 90' lang='lat' dir='ltr'><strong>sal-</strong></span> 
     </span>
     <span class='ocr_line' id='line_1_40' title="bbox 173 4751 1698 4837; baseline 0.001 -21"><span class='ocrx_word' id='word_1_233' title='bbox 173 4769 303 4816; x_wconf 78' lang='lat' dir='ltr'><strong>rum</strong></span> <span class='ocrx_word' id='word_1_234' title='bbox 320 4755 544 4820; x_wconf 77' lang='lat' dir='ltr'><strong>tacere.</strong></span> <span class='ocrx_word' id='word_1_235' title='bbox 561 4775 596 4813; x_wconf 73' lang='lat' dir='ltr'>n</span> <span class='ocrx_word' id='word_1_236' title='bbox 619 4753 674 4819; x_wconf 93' lang='grc' dir='ltr'>Ο</span> <span class='ocrx_word' id='word_1_237' title='bbox 706 4751 967 4835; x_wconf 85' lang='lat' dir='ltr'><strong>superbi</strong></span> <span class='ocrx_word' id='word_1_238' title='bbox 992 4751 1221 4830; x_wconf 67' lang='lat' dir='ltr'><strong>Iudaei,</strong></span> <span class='ocrx_word' id='word_1_239' title='bbox 1247 4753 1538 4819; x_wconf 77' lang='lat' dir='ltr'><strong>caeciores</strong></span> <span class='ocrx_word' id='word_1_240' title='bbox 1559 4754 1698 4837; x_wconf 85' lang='lat' dir='ltr'><strong>ipsa</strong></span> 
     </span>
     <span class='ocr_line' id='line_1_41' title="bbox 174 4858 1693 4943; baseline 0.001 -20"><span class='ocrx_word' id='word_1_241' title='bbox 174 4860 437 4942; x_wconf 73' lang='lat' dir='ltr'><strong>cecitate,</strong></span> <span class='ocrx_word' id='word_1_242' title='bbox 466 4861 745 4926; x_wconf 88' lang='lat' dir='ltr'><strong>ruinam</strong></span> <span class='ocrx_word' id='word_1_243' title='bbox 771 4875 906 4922; x_wconf 91' lang='lat' dir='ltr'><strong>non</strong></span> <span class='ocrx_word' id='word_1_244' title='bbox 929 4858 1354 4925; x_wconf 77' lang='lat' dir='ltr'><strong>attendentes!</strong></span> <span class='ocrx_word' id='word_1_245' title='bbox 1387 4860 1693 4943; x_wconf 87' lang='lat' dir='ltr'><strong>quoniam</strong></span> 
     </span>
     <span class='ocr_line' id='line_1_42' title="bbox 176 4964 1694 5048; baseline 0.003 -20"><span class='ocrx_word' id='word_1_246' title='bbox 176 4968 407 5048; x_wconf 74' lang='lat' dir='ltr'><strong>majoris</strong></span> <span class='ocrx_word' id='word_1_247' title='bbox 440 4965 719 5033; x_wconf 78' lang='lat' dir='ltr'><strong>virtutis</strong></span> <span class='ocrx_word' id='word_1_248' title='bbox 758 4968 857 5029; x_wconf 85' lang='lat' dir='ltr'><strong>est</strong></span> <span class='ocrx_word' id='word_1_249' title='bbox 892 4964 1202 5047; x_wconf 84' lang='lat' dir='ltr'><strong>patienter</strong></span> <span class='ocrx_word' id='word_1_250' title='bbox 1244 4965 1314 5029; x_wconf 89' lang='lat' dir='ltr'><strong>in</strong></span> <span class='ocrx_word' id='word_1_251' title='bbox 1360 4968 1694 5032; x_wconf 85' lang='lat' dir='ltr'><strong>tormentis</strong></span> 
     </span>
     <span class='ocr_line' id='line_1_43' title="bbox 174 5071 1697 5154; baseline 0.002 -17"><span class='ocrx_word' id='word_1_252' title='bbox 174 5090 352 5149; x_wconf 80' lang='lat' dir='ltr'><strong>usque</strong></span> <span class='ocrx_word' id='word_1_253' title='bbox 370 5074 437 5137; x_wconf 89' lang='lat' dir='ltr'><strong>in</strong></span> <span class='ocrx_word' id='word_1_254' title='bbox 455 5074 665 5137; x_wconf 88' lang='lat' dir='ltr'><strong>finem</strong></span> <span class='ocrx_word' id='word_1_255' title='bbox 690 5087 1126 5154; x_wconf 83' lang='lat' dir='ltr'><strong>perseverare,</strong></span> <span class='ocrx_word' id='word_1_256' title='bbox 1148 5071 1306 5137; x_wconf 86' lang='lat' dir='ltr'><strong>etde</strong></span> <span class='ocrx_word' id='word_1_257' title='bbox 1327 5071 1697 5140; x_wconf 84' lang='lat' dir='ltr'><strong>infirmitate</strong></span> 
     </span>
     <span class='ocr_line' id='line_1_44' title="bbox 177 5177 1697 5264; baseline 0.004 -22"><span class='ocrx_word' id='word_1_258' title='bbox 177 5180 429 5263; x_wconf 85' lang='lat' dir='ltr'><strong>corporis</strong></span> <span class='ocrx_word' id='word_1_259' title='bbox 453 5177 910 5261; x_wconf 85' lang='lat' dir='ltr'><strong>multipliciter</strong></span> <span class='ocrx_word' id='word_1_260' title='bbox 934 5179 1333 5263; x_wconf 82' lang='lat' dir='ltr'><strong>triumphare</strong></span> <span class='ocrx_word' id='word_1_261' title='bbox 1346 5227 1365 5259; x_wconf 86' lang='lat'><strong>‚</strong></span> <span class='ocrx_word' id='word_1_262' title='bbox 1393 5200 1591 5264; x_wconf 88' lang='lat' dir='ltr'><strong>quam</strong></span> <span class='ocrx_word' id='word_1_263' title='bbox 1619 5183 1697 5248; x_wconf 92' lang='lat' dir='ltr'><strong>de</strong></span> 
     </span>
     <span class='ocr_line' id='line_1_45' title="bbox 178 5285 1697 5366; baseline 0.001 -14"><span class='ocrx_word' id='word_1_264' title='bbox 178 5301 335 5352; x_wconf 77' lang='lat' dir='ltr'><strong>eruce</strong></span> <span class='ocrx_word' id='word_1_265' title='bbox 375 5286 804 5366; x_wconf 83' lang='lat' dir='ltr'><strong>descendere,</strong></span> <span class='ocrx_word' id='word_1_266' title='bbox 848 5290 915 5351; x_wconf 90' lang='lat' dir='ltr'><strong>et</strong></span> <span class='ocrx_word' id='word_1_267' title='bbox 957 5285 1040 5351; x_wconf 87' lang='lat' dir='ltr'><strong>ab</strong></span> <span class='ocrx_word' id='word_1_268' title='bbox 1076 5286 1445 5354; x_wconf 81' lang='lat' dir='ltr'><strong>infirmitate</strong></span> <span class='ocrx_word' id='word_1_269' title='bbox 1488 5290 1697 5354; x_wconf 89' lang='lat' dir='ltr'><strong>carnis</strong></span> 
     </span>
    </p>
   </div>
   <div class='ocr_carea' id='block_1_3' title="bbox 181 5445 1699 5586">
    <p class='ocr_par' dir='ltr' id='par_1_3' title="bbox 181 5445 1699 5586">
     <span class='ocr_line' id='line_1_46' title="bbox 232 5445 1696 5514; baseline 0.005 -18"><span class='ocrx_word' id='word_1_270' title='bbox 232 5447 455 5509; x_wconf 46' lang='lat' dir='ltr'><strong>&#39;latum</strong></span> <span class='ocrx_word' id='word_1_271' title='bbox 495 5457 683 5507; x_wconf 81' lang='lat' dir='ltr'><strong>xxvn,</strong></span> <span class='ocrx_word' id='word_1_272' title='bbox 731 5447 811 5496; x_wconf 70' lang='grc'><strong>42.</strong></span> <span class='ocrx_word' id='word_1_273' title='bbox 848 5468 911 5483; x_wconf 87' lang='lat'><em>-</em></span> <span class='ocrx_word' id='word_1_274' title='bbox 951 5445 976 5479; x_wconf 79' lang='lat'><strong>¹</strong></span> <span class='ocrx_word' id='word_1_275' title='bbox 1005 5445 1148 5509; x_wconf 71' lang='lat' dir='ltr'><strong>thid„</strong></span> <span class='ocrx_word' id='word_1_276' title='bbox 1190 5458 1253 5514; x_wconf 85' lang='lat' dir='ltr'><strong>x,</strong></span> <span class='ocrx_word' id='word_1_277' title='bbox 1286 5451 1367 5500; x_wconf 76' lang='lat'><strong>22.</strong></span> <span class='ocrx_word' id='word_1_278' title='bbox 1404 5475 1459 5487; x_wconf 89' lang='lat'><em>-</em></span> <span class='ocrx_word' id='word_1_279' title='bbox 1497 5449 1517 5481; x_wconf 86' lang='lat'>⁸</span> <span class='ocrx_word' id='word_1_280' title='bbox 1551 5449 1696 5502; x_wconf 74' lang='lat' dir='ltr'><strong>Peal.</strong></span> 
     </span>
     <span class='ocr_line' id='line_1_47' title="bbox 181 5518 1699 5586; baseline 0.005 -20"><span class='ocrx_word' id='word_1_281' title='bbox 181 5525 298 5582; x_wconf 80' lang='lat' dir='ltr'><strong>xm,</strong></span> <span class='ocrx_word' id='word_1_282' title='bbox 331 5520 407 5571; x_wconf 68' lang='lat'><strong>44.</strong></span> <span class='ocrx_word' id='word_1_283' title='bbox 431 5544 496 5557; x_wconf 89' lang='lat'>-</span> <span class='ocrx_word' id='word_1_284' title='bbox 530 5519 551 5552; x_wconf 77' lang='lat'>⁴</span> <span class='ocrx_word' id='word_1_285' title='bbox 574 5518 757 5580; x_wconf 63' lang='lat' dir='ltr'><strong>m„</strong></span> <span class='ocrx_word' id='word_1_286' title='bbox 792 5526 916 5582; x_wconf 75' lang='lat' dir='ltr'><strong>vm,</strong></span> <span class='ocrx_word' id='word_1_287' title='bbox 958 5518 1035 5570; x_wconf 68' lang='grc' dir='ltr'><strong>η.</strong></span> <span class='ocrx_word' id='word_1_288' title='bbox 1060 5543 1127 5560; x_wconf 89' lang='lat'>-</span> <span class='ocrx_word' id='word_1_289' title='bbox 1152 5519 1406 5586; x_wconf 39' lang='grc' dir='ltr'><strong>*Μὴ</strong></span> <span class='ocrx_word' id='word_1_290' title='bbox 1440 5533 1530 5585; x_wconf 78' lang='lat' dir='ltr'><strong>ix,</strong></span> <span class='ocrx_word' id='word_1_291' title='bbox 1556 5523 1605 5574; x_wconf 75' lang='grc'><strong>3.</strong></span> <span class='ocrx_word' id='word_1_292' title='bbox 1634 5549 1699 5563; x_wconf 90' lang='grc'>-</span> 
     </span>
    </p>
   </div>
   <div class='ocr_carea' id='block_1_4' title="bbox 1788 668 3341 5591">
    <p class='ocr_par' dir='ltr' id='par_1_4' title="bbox 1788 668 3341 5492">
     <span class='ocr_line' id='line_1_48' title="bbox 1789 668 3334 753; baseline 0 -19"><span class='ocrx_word' id='word_1_293' title='bbox 1789 668 2235 736; x_wconf 81' lang='lat' dir='ltr'><strong>miserabiliter</strong></span> <span class='ocrx_word' id='word_1_294' title='bbox 2269 670 2582 753; x_wconf 62' lang='grc' dir='ltr'><strong>προταινὶ.</strong></span> <span class='ocrx_word' id='word_1_295' title='bbox 2624 670 2693 737; x_wconf 90' lang='lat' dir='ltr'><strong>Si</strong></span> <span class='ocrx_word' id='word_1_296' title='bbox 2729 670 2905 736; x_wconf 87' lang='lat' dir='ltr'><strong>enim</strong></span> <span class='ocrx_word' id='word_1_297' title='bbox 2942 670 3164 736; x_wconf 75' lang='lat' dir='ltr'><strong>nullus</strong></span> <span class='ocrx_word' id='word_1_298' title='bbox 3198 668 3334 734; x_wconf 82' lang='lat' dir='ltr'><strong>sal·-</strong></span> 
     </span>
     <span class='ocr_line' id='line_1_49' title="bbox 1790 775 3330 861; baseline 0.002 -21"><span class='ocrx_word' id='word_1_299' title='bbox 1790 775 2076 857; x_wconf 81' lang='lat' dir='ltr'><strong>vabitur,</strong></span> <span class='ocrx_word' id='word_1_300' title='bbox 2123 776 2246 841; x_wconf 84' lang='lat' dir='ltr'><strong>nisi</strong></span> <span class='ocrx_word' id='word_1_301' title='bbox 2291 779 2407 860; x_wconf 80' lang='lat' dir='ltr'><strong>qm·</strong></span> <span class='ocrx_word' id='word_1_302' title='bbox 2455 779 2957 859; x_wconf 76' lang='lat' dir='ltr'><strong>perseveraverit</strong></span> <span class='ocrx_word' id='word_1_303' title='bbox 3009 792 3209 861; x_wconf 74' lang='lat' dir='ltr'><strong>usque</strong></span> <span class='ocrx_word' id='word_1_304' title='bbox 3253 777 3330 843; x_wconf 78' lang='lat' dir='ltr'><strong>in</strong></span> 
     </span>
     <span class='ocr_line' id='line_1_50' title="bbox 1790 882 3330 967; baseline -0.001 -18"><span class='ocrx_word' id='word_1_305' title='bbox 1790 882 1985 963; x_wconf 76' lang='lat' dir='ltr'><strong>finem</strong></span> <span class='ocrx_word' id='word_1_306' title='bbox 2010 887 2069 960; x_wconf 85' lang='lat'><strong>¹,</strong></span> <span class='ocrx_word' id='word_1_307' title='bbox 2108 884 2427 967; x_wconf 82' lang='lat' dir='ltr'><strong>quomodo</strong></span> <span class='ocrx_word' id='word_1_308' title='bbox 2462 884 2748 950; x_wconf 80' lang='lat' dir='ltr'><strong>Christus</strong></span> <span class='ocrx_word' id='word_1_309' title='bbox 2769 884 2953 951; x_wconf 85' lang='lat' dir='ltr'><strong>Jesus</strong></span> <span class='ocrx_word' id='word_1_310' title='bbox 2979 884 3242 950; x_wconf 89' lang='lat' dir='ltr'><strong>nomine</strong></span> <span class='ocrx_word' id='word_1_311' title='bbox 3266 887 3330 949; x_wconf 90' lang='lat' dir='ltr'><strong>et</strong></span> 
     </span>
     <span class='ocr_line' id='line_1_51' title="bbox 1788 989 3328 1075; baseline 0.001 -21"><span class='ocrx_word' id='word_1_312' title='bbox 1788 1007 1861 1055; x_wconf 86' lang='lat' dir='ltr'><strong>re</strong></span> <span class='ocrx_word' id='word_1_313' title='bbox 1915 989 2090 1056; x_wconf 89' lang='lat' dir='ltr'><strong>salus</strong></span> <span class='ocrx_word' id='word_1_314' title='bbox 2136 990 2451 1056; x_wconf 77' lang='lat' dir='ltr'><strong>diceretur</strong></span> <span class='ocrx_word' id='word_1_315' title='bbox 2469 1041 2490 1071; x_wconf 92' lang='lat'><em>,</em></span> <span class='ocrx_word' id='word_1_316' title='bbox 2551 993 2602 1056; x_wconf 90' lang='lat' dir='ltr'><strong>si</strong></span> <span class='ocrx_word' id='word_1_317' title='bbox 2656 993 2726 1057; x_wconf 88' lang='lat' dir='ltr'><strong>in</strong></span> <span class='ocrx_word' id='word_1_318' title='bbox 2780 1010 2970 1058; x_wconf 89' lang='lat' dir='ltr'><strong>cruce</strong></span> <span class='ocrx_word' id='word_1_319' title='bbox 3018 993 3328 1075; x_wconf 80' lang='lat' dir='ltr'><strong>patienter</strong></span> 
     </span>
     <span class='ocr_line' id='line_1_52' title="bbox 1793 1097 3329 1183; baseline 0.001 -22"><span class='ocrx_word' id='word_1_320' title='bbox 1793 1115 1995 1181; x_wconf 90' lang='lat' dir='ltr'><strong>usque</strong></span> <span class='ocrx_word' id='word_1_321' title='bbox 2043 1099 2111 1161; x_wconf 91' lang='lat' dir='ltr'><strong>in</strong></span> <span class='ocrx_word' id='word_1_322' title='bbox 2164 1098 2358 1163; x_wconf 83' lang='lat' dir='ltr'><strong>finem</strong></span> <span class='ocrx_word' id='word_1_323' title='bbox 2411 1117 2542 1164; x_wconf 89' lang='lat' dir='ltr'><strong>non</strong></span> <span class='ocrx_word' id='word_1_324' title='bbox 2594 1103 3091 1183; x_wconf 75' lang='lat' dir='ltr'><strong>perseverasset?</strong></span> <span class='ocrx_word' id='word_1_325' title='bbox 3153 1097 3329 1164; x_wconf 89' lang='lat' dir='ltr'><strong>Unde</strong></span> 
     </span>
     <span class='ocr_line' id='line_1_53' title="bbox 1789 1203 3330 1289; baseline 0.002 -22"><span class='ocrx_word' id='word_1_326' title='bbox 1789 1204 1861 1268; x_wconf 91' lang='lat' dir='ltr'><strong>in</strong></span> <span class='ocrx_word' id='word_1_327' title='bbox 1915 1203 2167 1270; x_wconf 88' lang='lat' dir='ltr'><strong>Psalmo</strong></span> <span class='ocrx_word' id='word_1_328' title='bbox 2192 1206 2216 1243; x_wconf 87' lang='lat'>⁸</span> <span class='ocrx_word' id='word_1_329' title='bbox 2260 1226 2276 1268; x_wconf 70' lang='grc' dir='ltr'>ι</span> <span class='ocrx_word' id='word_1_330' title='bbox 2339 1227 2371 1266; x_wconf 71' lang='grc' dir='ltr'><strong>α</strong></span> <span class='ocrx_word' id='word_1_331' title='bbox 2421 1205 2663 1289; x_wconf 87' lang='lat' dir='ltr'><strong>Eripies</strong></span> <span class='ocrx_word' id='word_1_332' title='bbox 2708 1224 2813 1271; x_wconf 89' lang='lat' dir='ltr'><strong>me</strong></span> <span class='ocrx_word' id='word_1_333' title='bbox 2853 1206 2932 1272; x_wconf 92' lang='lat' dir='ltr'><strong>de</strong></span> <span class='ocrx_word' id='word_1_334' title='bbox 2980 1206 3330 1272; x_wconf 89' lang='lat' dir='ltr'><strong>contradic·</strong></span> 
     </span>
     <span class='ocr_line' id='line_1_54' title="bbox 1790 1310 3334 1395; baseline 0.001 -19"><span class='ocrx_word' id='word_1_335' title='bbox 1790 1310 2076 1376; x_wconf 87' lang='lat' dir='ltr'><strong>tionibus</strong></span> <span class='ocrx_word' id='word_1_336' title='bbox 2130 1311 2348 1395; x_wconf 90' lang='lat' dir='ltr'><strong>populi</strong></span> <span class='ocrx_word' id='word_1_337' title='bbox 2379 1362 2397 1392; x_wconf 85' lang='lat'>‚</span> <span class='ocrx_word' id='word_1_338' title='bbox 2459 1314 2801 1378; x_wconf 78' lang='lat' dir='ltr'><strong>constitues</strong></span> <span class='ocrx_word' id='word_1_339' title='bbox 2857 1331 2961 1378; x_wconf 91' lang='lat' dir='ltr'><strong>me</strong></span> <span class='ocrx_word' id='word_1_340' title='bbox 3011 1314 3083 1377; x_wconf 91' lang='lat' dir='ltr'><strong>in</strong></span> <span class='ocrx_word' id='word_1_341' title='bbox 3142 1317 3334 1395; x_wconf 85' lang='lat' dir='ltr'><strong>caput</strong></span> 
     </span>
     <span class='ocr_line' id='line_1_55' title="bbox 1793 1415 3327 1502; baseline 0.001 -20"><span class='ocrx_word' id='word_1_342' title='bbox 1793 1415 2128 1500; x_wconf 90' lang='lat' dir='ltr'><strong>gentium,</strong></span> <span class='ocrx_word' id='word_1_343' title='bbox 2170 1441 2201 1478; x_wconf 72' lang='grc' dir='ltr'><strong>ι»</strong></span> <span class='ocrx_word' id='word_1_344' title='bbox 2262 1419 2469 1502; x_wconf 88' lang='lat' dir='ltr'><strong>inquit</strong></span> <span class='ocrx_word' id='word_1_345' title='bbox 2516 1419 2717 1485; x_wconf 88' lang='lat' dir='ltr'><strong>Filius</strong></span> <span class='ocrx_word' id='word_1_346' title='bbox 2767 1420 2874 1484; x_wconf 90' lang='lat' dir='ltr'><strong>Dei</strong></span> <span class='ocrx_word' id='word_1_347' title='bbox 2927 1420 3006 1485; x_wconf 90' lang='lat' dir='ltr'><strong>ad</strong></span> <span class='ocrx_word' id='word_1_348' title='bbox 3053 1423 3327 1485; x_wconf 86' lang='lat' dir='ltr'><strong>Patrem.</strong></span> 
     </span>
     <span class='ocr_line' id='line_1_56' title="bbox 1792 1525 3338 1611; baseline -0.001 -18"><span class='ocrx_word' id='word_1_349' title='bbox 1792 1525 2063 1608; x_wconf 80' lang='lat' dir='ltr'><strong>Eripies</strong></span> <span class='ocrx_word' id='word_1_350' title='bbox 2127 1542 2223 1592; x_wconf 86' lang='lat' dir='ltr'><strong>me</strong></span> <span class='ocrx_word' id='word_1_351' title='bbox 2272 1525 2351 1592; x_wconf 80' lang='lat' dir='ltr'><strong>de</strong></span> <span class='ocrx_word' id='word_1_352' title='bbox 2422 1526 3040 1595; x_wconf 78' lang='lat' dir='ltr'><strong>contradictionibus</strong></span> <span class='ocrx_word' id='word_1_353' title='bbox 3110 1526 3338 1611; x_wconf 75' lang='lat' dir='ltr'><strong>populi</strong></span> 
     </span>
     <span class='ocr_line' id='line_1_57' title="bbox 1789 1632 3337 1717; baseline 0.001 -20"><span class='ocrx_word' id='word_1_354' title='bbox 1789 1632 2031 1698; x_wconf 75' lang='lat' dir='ltr'><strong>Iudaici</strong></span> <span class='ocrx_word' id='word_1_355' title='bbox 2096 1634 2537 1717; x_wconf 86' lang='lat' dir='ltr'><strong>exprobrantis</strong></span> <span class='ocrx_word' id='word_1_356' title='bbox 2607 1641 2669 1699; x_wconf 86' lang='lat' dir='ltr'><strong>et</strong></span> <span class='ocrx_word' id='word_1_357' title='bbox 2739 1634 3075 1700; x_wconf 86' lang='lat' dir='ltr'><strong>temerarie</strong></span> <span class='ocrx_word' id='word_1_358' title='bbox 3146 1634 3337 1699; x_wconf 89' lang='lat' dir='ltr'><strong>attri-</strong></span> 
     </span>
     <span class='ocr_line' id='line_1_58' title="bbox 1792 1740 3334 1807; baseline -0.001 -2"><span class='ocrx_word' id='word_1_359' title='bbox 1792 1741 2049 1806; x_wconf 87' lang='lat' dir='ltr'><strong>buentis</strong></span> <span class='ocrx_word' id='word_1_360' title='bbox 2094 1740 2317 1806; x_wconf 84' lang='lat' dir='ltr'><strong>virtuti</strong></span> <span class='ocrx_word' id='word_1_361' title='bbox 2376 1742 2723 1807; x_wconf 86' lang='lat' dir='ltr'><strong>divinitatis</strong></span> <span class='ocrx_word' id='word_1_362' title='bbox 2774 1742 3212 1807; x_wconf 82' lang='lat' dir='ltr'><strong>infirmitatem</strong></span> <span class='ocrx_word' id='word_1_363' title='bbox 3268 1745 3334 1805; x_wconf 88' lang='lat' dir='ltr'><strong>et</strong></span> 
     </span>
     <span class='ocr_line' id='line_1_59' title="bbox 1791 1848 3333 1934; baseline 0.003 -22"><span class='ocrx_word' id='word_1_364' title='bbox 1791 1848 2251 1932; x_wconf 88' lang='lat' dir='ltr'><strong>improperium</strong></span> <span class='ocrx_word' id='word_1_365' title='bbox 2282 1868 2300 1915; x_wconf 73' lang='lat' dir='ltr'><em>z</em></span> <span class='ocrx_word' id='word_1_366' title='bbox 2330 1852 2676 1918; x_wconf 73' lang='lat' dir='ltr'><strong>constitues</strong></span> <span class='ocrx_word' id='word_1_367' title='bbox 2710 1866 2809 1916; x_wconf 80' lang='lat' dir='ltr'><strong>me</strong></span> <span class='ocrx_word' id='word_1_368' title='bbox 2844 1852 2922 1918; x_wconf 76' lang='lat' dir='ltr'><strong>in</strong></span> <span class='ocrx_word' id='word_1_369' title='bbox 2955 1855 3148 1933; x_wconf 79' lang='lat' dir='ltr'><strong>caput</strong></span> <span class='ocrx_word' id='word_1_370' title='bbox 3181 1866 3333 1934; x_wconf 71' lang='lat' dir='ltr'><strong>qen·</strong></span> 
     </span>
     <span class='ocr_line' id='line_1_60' title="bbox 1794 1957 3337 2036; baseline 0.001 -14"><span class='ocrx_word' id='word_1_371' title='bbox 1794 1958 1960 2022; x_wconf 71' lang='lat' dir='ltr'><strong>tium</strong></span> <span class='ocrx_word' id='word_1_372' title='bbox 1977 2004 1996 2036; x_wconf 86' lang='lat'>,</span> <span class='ocrx_word' id='word_1_373' title='bbox 2034 1957 2102 2022; x_wconf 92' lang='lat' dir='ltr'><strong>id</strong></span> <span class='ocrx_word' id='word_1_374' title='bbox 2149 1962 2247 2023; x_wconf 88' lang='lat' dir='ltr'><strong>est</strong></span> <span class='ocrx_word' id='word_1_375' title='bbox 2264 2006 2281 2035; x_wconf 91' lang='lat'>,</span> <span class='ocrx_word' id='word_1_376' title='bbox 2326 1958 2721 2024; x_wconf 88' lang='lat' dir='ltr'><strong>credentium</strong></span> <span class='ocrx_word' id='word_1_377' title='bbox 2759 1976 2865 2024; x_wconf 92' lang='lat' dir='ltr'><strong>me</strong></span> <span class='ocrx_word' id='word_1_378' title='bbox 2906 1976 3041 2024; x_wconf 92' lang='lat' dir='ltr'><strong>non</strong></span> <span class='ocrx_word' id='word_1_379' title='bbox 3087 1962 3337 2023; x_wconf 90' lang='lat' dir='ltr'><strong>tantum</strong></span> 
     </span>
     <span class='ocr_line' id='line_1_61' title="bbox 1793 2064 3335 2149; baseline 0.002 -21"><span class='ocrx_word' id='word_1_380' title='bbox 1793 2081 1929 2129; x_wconf 89' lang='lat' dir='ltr'><strong>esse</strong></span> <span class='ocrx_word' id='word_1_381' title='bbox 1973 2064 2305 2130; x_wconf 88' lang='lat' dir='ltr'><strong>hominem</strong></span> <span class='ocrx_word' id='word_1_382' title='bbox 2324 2114 2345 2145; x_wconf 86' lang='lat'>,</span> <span class='ocrx_word' id='word_1_383' title='bbox 2397 2067 2507 2132; x_wconf 87' lang='lat' dir='ltr'><strong>sed</strong></span> <span class='ocrx_word' id='word_1_384' title='bbox 2550 2067 2745 2131; x_wconf 88' lang='lat' dir='ltr'><strong>etiam</strong></span> <span class='ocrx_word' id='word_1_385' title='bbox 2794 2067 2996 2132; x_wconf 89' lang='lat' dir='ltr'><strong>Deum</strong></span> <span class='ocrx_word' id='word_1_386' title='bbox 3042 2066 3335 2149; x_wconf 89' lang='lat' dir='ltr'><strong>omnipo·</strong></span> 
     </span>
     <span class='ocr_line' id='line_1_62' title="bbox 1794 2171 3341 2256; baseline 0.002 -19"><span class='ocrx_word' id='word_1_387' title='bbox 1794 2176 2055 2238; x_wconf 88' lang='lat' dir='ltr'><strong>tentem.</strong></span> <span class='ocrx_word' id='word_1_388' title='bbox 2108 2171 2320 2238; x_wconf 85' lang='lat' dir='ltr'><strong>Tertio</strong></span> <span class='ocrx_word' id='word_1_389' title='bbox 2371 2172 2685 2239; x_wconf 79' lang='lat' dir='ltr'><strong>infallibili</strong></span> <span class='ocrx_word' id='word_1_390' title='bbox 2731 2176 2875 2256; x_wconf 72' lang='lat' dir='ltr'><strong>eius</strong></span> <span class='ocrx_word' id='word_1_391' title='bbox 2920 2174 3168 2239; x_wconf 83' lang='lat' dir='ltr'><strong>veritati</strong></span> <span class='ocrx_word' id='word_1_392' title='bbox 3216 2175 3341 2240; x_wconf 77' lang='lat' dir='ltr'><strong>ruit</strong></span> 
     </span>
     <span class='ocr_line' id='line_1_63' title="bbox 1794 2280 3331 2365; baseline 0.001 -21"><span class='ocrx_word' id='word_1_393' title='bbox 1794 2280 2252 2345; x_wconf 77' lang='lat' dir='ltr'><strong>contradictum</strong></span> <span class='ocrx_word' id='word_1_394' title='bbox 2278 2298 2318 2344; x_wconf 89' lang='lat' dir='ltr'><strong>a</strong></span> <span class='ocrx_word' id='word_1_395' title='bbox 2345 2281 2694 2365; x_wconf 78' lang='lat' dir='ltr'><strong>falsiloquis</strong></span> <span class='ocrx_word' id='word_1_396' title='bbox 2715 2299 2830 2363; x_wconf 90' lang='lat' dir='ltr'><strong>per</strong></span> <span class='ocrx_word' id='word_1_397' title='bbox 2855 2282 3331 2365; x_wconf 87' lang='lat' dir='ltr'><strong>impositionem</strong></span> 
     </span>
     <span class='ocr_line' id='line_1_64' title="bbox 1792 2387 3332 2473; baseline 0.003 -22"><span class='ocrx_word' id='word_1_398' title='bbox 1792 2387 2076 2452; x_wconf 81' lang='lat' dir='ltr'><strong>falsitatis</strong></span> <span class='ocrx_word' id='word_1_399' title='bbox 2101 2392 2166 2452; x_wconf 89' lang='lat' dir='ltr'><strong>et</strong></span> <span class='ocrx_word' id='word_1_400' title='bbox 2187 2388 2619 2471; x_wconf 65' lang='lat' dir='ltr'><strong>blasphemiae.</strong></span> <span class='ocrx_word' id='word_1_401' title='bbox 2651 2387 2991 2473; x_wconf 88' lang='lat' dir='ltr'><strong>Falsiloqui</strong></span> <span class='ocrx_word' id='word_1_402' title='bbox 3019 2389 3332 2455; x_wconf 81' lang='lat' dir='ltr'><strong>Pharisaei</strong></span> 
     </span>
     <span class='ocr_line' id='line_1_65' title="bbox 1794 2495 3335 2579; baseline 0.003 -21"><span class='ocrx_word' id='word_1_403' title='bbox 1794 2496 1935 2577; x_wconf 89' lang='lat' dir='ltr'><strong>ejus</strong></span> <span class='ocrx_word' id='word_1_404' title='bbox 1971 2495 2287 2560; x_wconf 83' lang='lat' dir='ltr'><strong>infallibili</strong></span> <span class='ocrx_word' id='word_1_405' title='bbox 2332 2496 2582 2561; x_wconf 87' lang='lat' dir='ltr'><strong>veritati</strong></span> <span class='ocrx_word' id='word_1_406' title='bbox 2632 2496 3042 2579; x_wconf 86' lang='lat' dir='ltr'><strong>imponebant</strong></span> <span class='ocrx_word' id='word_1_407' title='bbox 3091 2497 3335 2562; x_wconf 77' lang='lat' dir='ltr'><strong>falsita-</strong></span> 
     </span>
     <span class='ocr_line' id='line_1_66' title="bbox 1795 2601 3332 2684; baseline 0.002 -19"><span class='ocrx_word' id='word_1_408' title='bbox 1795 2605 1925 2666; x_wconf 91' lang='lat' dir='ltr'><strong>tem</strong></span> <span class='ocrx_word' id='word_1_409' title='bbox 1949 2605 2015 2667; x_wconf 88' lang='lat' dir='ltr'><strong>et</strong></span> <span class='ocrx_word' id='word_1_410' title='bbox 2038 2601 2496 2684; x_wconf 87' lang='lat' dir='ltr'><strong>blasphemiam</strong></span> <span class='ocrx_word' id='word_1_411' title='bbox 2516 2651 2533 2682; x_wconf 89' lang='lat'><strong>,</strong></span> <span class='ocrx_word' id='word_1_412' title='bbox 2562 2622 2710 2667; x_wconf 91' lang='lat' dir='ltr'><strong>cum</strong></span> <span class='ocrx_word' id='word_1_413' title='bbox 2747 2604 3038 2669; x_wconf 85' lang='lat' dir='ltr'><strong>dicebant</strong></span> <span class='ocrx_word' id='word_1_414' title='bbox 3064 2604 3087 2640; x_wconf 75' lang='lat'><strong>⁴</strong></span> <span class='ocrx_word' id='word_1_415' title='bbox 3119 2626 3134 2668; x_wconf 72' lang='grc' dir='ltr'>ε</span> <span class='ocrx_word' id='word_1_416' title='bbox 3174 2626 3205 2665; x_wconf 72' lang='grc' dir='ltr'>ι</span> <span class='ocrx_word' id='word_1_417' title='bbox 3231 2603 3332 2669; x_wconf 86' lang='grc' dir='ltr'><strong>Τυ,</strong></span> 
     </span>
     <span class='ocr_line' id='line_1_67' title="bbox 1794 2708 3328 2793; baseline 0.003 -21"><span class='ocrx_word' id='word_1_418' title='bbox 1794 2708 1874 2774; x_wconf 91' lang='lat' dir='ltr'><strong>de</strong></span> <span class='ocrx_word' id='word_1_419' title='bbox 1896 2709 2101 2792; x_wconf 88' lang='lat' dir='ltr'><strong>teipso</strong></span> <span class='ocrx_word' id='word_1_420' title='bbox 2132 2709 2572 2774; x_wconf 88' lang='lat' dir='ltr'><strong>testimonium</strong></span> <span class='ocrx_word' id='word_1_421' title='bbox 2594 2710 2924 2793; x_wconf 88' lang='lat' dir='ltr'><strong>perhibes,</strong></span> <span class='ocrx_word' id='word_1_422' title='bbox 2955 2714 3021 2776; x_wconf 90' lang='lat' dir='ltr'><strong>et</strong></span> <span class='ocrx_word' id='word_1_423' title='bbox 3046 2711 3328 2776; x_wconf 86' lang='lat' dir='ltr'><strong>testimo-</strong></span> 
     </span>
     <span class='ocr_line' id='line_1_68' title="bbox 1794 2817 3334 2899; baseline 0.003 -19"><span class='ocrx_word' id='word_1_424' title='bbox 1794 2817 1977 2880; x_wconf 91' lang='lat' dir='ltr'><strong>nium</strong></span> <span class='ocrx_word' id='word_1_425' title='bbox 2004 2819 2192 2881; x_wconf 86' lang='lat' dir='ltr'><strong>tuum</strong></span> <span class='ocrx_word' id='word_1_426' title='bbox 2211 2834 2343 2880; x_wconf 88' lang='lat' dir='ltr'><strong>non</strong></span> <span class='ocrx_word' id='word_1_427' title='bbox 2360 2821 2455 2881; x_wconf 90' lang='lat' dir='ltr'><strong>est</strong></span> <span class='ocrx_word' id='word_1_428' title='bbox 2481 2835 2738 2899; x_wconf 86' lang='lat' dir='ltr'><strong>verum,</strong></span> <span class='ocrx_word' id='word_1_429' title='bbox 2756 2838 2787 2877; x_wconf 71' lang='lat' dir='ltr'><em>n</em></span> <span class='ocrx_word' id='word_1_430' title='bbox 2821 2822 2882 2882; x_wconf 88' lang='lat' dir='ltr'><strong>et</strong></span> <span class='ocrx_word' id='word_1_431' title='bbox 2900 2817 3052 2882; x_wconf 89' lang='lat' dir='ltr'><strong>alibi</strong></span> <span class='ocrx_word' id='word_1_432' title='bbox 3068 2820 3091 2855; x_wconf 86' lang='lat'>⁸</span> <span class='ocrx_word' id='word_1_433' title='bbox 3115 2837 3131 2879; x_wconf 75' lang='grc' dir='ltr'><strong><em>ε</em></strong></span> <span class='ocrx_word' id='word_1_434' title='bbox 3160 2840 3191 2879; x_wconf 79' lang='grc' dir='ltr'><strong>α</strong></span> <span class='ocrx_word' id='word_1_435' title='bbox 3217 2818 3334 2884; x_wconf 86' lang='lat' dir='ltr'><strong>Hic</strong></span> 
     </span>
     <span class='ocr_line' id='line_1_69' title="bbox 1796 2922 3328 3007; baseline 0.001 -20"><span class='ocrx_word' id='word_1_436' title='bbox 1796 2922 2216 3005; x_wconf 82' lang='lat' dir='ltr'><strong>blasphemat.</strong></span> <span class='ocrx_word' id='word_1_437' title='bbox 2256 2944 2288 2983; x_wconf 77' lang='grc' dir='ltr'><strong>υ</strong></span> <span class='ocrx_word' id='word_1_438' title='bbox 2338 2923 2414 2988; x_wconf 88' lang='lat' dir='ltr'><strong>Et</strong></span> <span class='ocrx_word' id='word_1_439' title='bbox 2454 2923 2576 2989; x_wconf 89' lang='lat' dir='ltr'><strong>hoc</strong></span> <span class='ocrx_word' id='word_1_440' title='bbox 2621 2927 2716 2988; x_wconf 70' lang='lat' dir='ltr'><strong>est</strong></span> <span class='ocrx_word' id='word_1_441' title='bbox 2734 2972 2752 3003; x_wconf 89' lang='lat'>,</span> <span class='ocrx_word' id='word_1_442' title='bbox 2789 2923 2959 3007; x_wconf 91' lang='lat' dir='ltr'><strong>quod</strong></span> <span class='ocrx_word' id='word_1_443' title='bbox 2999 2923 3231 2989; x_wconf 90' lang='lat' dir='ltr'><strong>dicitur</strong></span> <span class='ocrx_word' id='word_1_444' title='bbox 3257 2923 3281 2961; x_wconf 81' lang='lat'>⁸</span> <span class='ocrx_word' id='word_1_445' title='bbox 3311 2946 3328 2989; x_wconf 72' lang='grc' dir='ltr'>ε</span> 
     </span>
     <span class='ocr_line' id='line_1_70' title="bbox 1806 3028 3336 3098; baseline 0.003 -7"><span class='ocrx_word' id='word_1_446' title='bbox 1806 3050 1837 3091; x_wconf 74' lang='lat' dir='ltr'><strong>e</strong></span> <span class='ocrx_word' id='word_1_447' title='bbox 1862 3028 2217 3095; x_wconf 87' lang='lat' dir='ltr'><strong>Suscitatur</strong></span> <span class='ocrx_word' id='word_1_448' title='bbox 2253 3030 2562 3098; x_wconf 89' lang='lat' dir='ltr'><strong>adversus</strong></span> <span class='ocrx_word' id='word_1_449' title='bbox 2601 3032 2824 3096; x_wconf 82' lang='lat' dir='ltr'><strong>faciem</strong></span> <span class='ocrx_word' id='word_1_450' title='bbox 2861 3049 3074 3096; x_wconf 89' lang='lat' dir='ltr'><strong>meam</strong></span> <span class='ocrx_word' id='word_1_451' title='bbox 3100 3030 3336 3095; x_wconf 82' lang='lat' dir='ltr'><strong>falsilo-</strong></span> 
     </span>
     <span class='ocr_line' id='line_1_71' title="bbox 1795 3138 3331 3222; baseline -0.001 -19"><span class='ocrx_word' id='word_1_452' title='bbox 1795 3157 1964 3222; x_wconf 87' lang='lat' dir='ltr'><strong>quus</strong></span> <span class='ocrx_word' id='word_1_453' title='bbox 1984 3141 2419 3208; x_wconf 87' lang='lat' dir='ltr'><strong>contradicens</strong></span> <span class='ocrx_word' id='word_1_454' title='bbox 2447 3140 2633 3205; x_wconf 90' lang='lat' dir='ltr'><strong>mihi.</strong></span> <span class='ocrx_word' id='word_1_455' title='bbox 2662 3161 2694 3201; x_wconf 70' lang='lat' dir='ltr'><strong>a</strong></span> <span class='ocrx_word' id='word_1_456' title='bbox 2728 3139 2956 3206; x_wconf 81' lang='lat' dir='ltr'><strong>Contra</strong></span> <span class='ocrx_word' id='word_1_457' title='bbox 2997 3157 3194 3221; x_wconf 89' lang='lat' dir='ltr'><strong>quem</strong></span> <span class='ocrx_word' id='word_1_458' title='bbox 3245 3138 3331 3203; x_wconf 90' lang='lat' dir='ltr'><strong>si·</strong></span> 
     </span>
     <span class='ocr_line' id='line_1_72' title="bbox 1796 3247 3332 3327; baseline 0 -15"><span class='ocrx_word' id='word_1_459' title='bbox 1796 3247 2031 3313; x_wconf 85' lang='lat' dir='ltr'><strong>militer</strong></span> <span class='ocrx_word' id='word_1_460' title='bbox 2056 3249 2290 3314; x_wconf 88' lang='lat' dir='ltr'><strong>dicitur</strong></span> <span class='ocrx_word' id='word_1_461' title='bbox 2314 3253 2336 3288; x_wconf 83' lang='lat'><strong>&#39;¹</strong></span> <span class='ocrx_word' id='word_1_462' title='bbox 2377 3273 2394 3314; x_wconf 73' lang='grc' dir='ltr'>ε</span> <span class='ocrx_word' id='word_1_463' title='bbox 2436 3273 2469 3314; x_wconf 72' lang='grc' dir='ltr'><strong>α</strong></span> <span class='ocrx_word' id='word_1_464' title='bbox 2504 3249 2657 3315; x_wconf 81' lang='lat' dir='ltr'><strong>Haec</strong></span> <span class='ocrx_word' id='word_1_465' title='bbox 2682 3253 2779 3313; x_wconf 85' lang='lat' dir='ltr'><strong>est</strong></span> <span class='ocrx_word' id='word_1_466' title='bbox 2803 3248 3143 3313; x_wconf 79' lang='lat' dir='ltr'><strong>consolatio</strong></span> <span class='ocrx_word' id='word_1_467' title='bbox 3165 3265 3332 3327; x_wconf 89' lang='lat' dir='ltr'><strong>mea,</strong></span> 
     </span>
     <span class='ocr_line' id='line_1_73' title="bbox 1795 3357 3337 3440; baseline -0.001 -19"><span class='ocrx_word' id='word_1_468' title='bbox 1795 3359 1872 3421; x_wconf 88' lang='lat' dir='ltr'><strong>ut</strong></span> <span class='ocrx_word' id='word_1_469' title='bbox 1896 3357 2192 3438; x_wconf 86' lang='lat' dir='ltr'><strong>affligens</strong></span> <span class='ocrx_word' id='word_1_470' title='bbox 2228 3376 2332 3423; x_wconf 90' lang='lat' dir='ltr'><strong>me</strong></span> <span class='ocrx_word' id='word_1_471' title='bbox 2360 3357 2576 3423; x_wconf 86' lang='lat' dir='ltr'><strong>dolore</strong></span> <span class='ocrx_word' id='word_1_472' title='bbox 2600 3374 2732 3422; x_wconf 90' lang='lat' dir='ltr'><strong>non</strong></span> <span class='ocrx_word' id='word_1_473' title='bbox 2757 3373 2976 3440; x_wconf 89' lang='lat' dir='ltr'><strong>parcas</strong></span> <span class='ocrx_word' id='word_1_474' title='bbox 2990 3403 3007 3432; x_wconf 90' lang='lat'>,</span> <span class='ocrx_word' id='word_1_475' title='bbox 3033 3374 3152 3420; x_wconf 90' lang='lat' dir='ltr'><strong>nec</strong></span> <span class='ocrx_word' id='word_1_476' title='bbox 3177 3374 3337 3421; x_wconf 90' lang='lat' dir='ltr'><strong>con-</strong></span> 
     </span>
     <span class='ocr_line' id='line_1_74' title="bbox 1795 3462 3337 3555; baseline 0 -26"><span class='ocrx_word' id='word_1_477' title='bbox 1795 3465 2105 3555; x_wconf 85' lang='lat' dir='ltr'><strong>tradicam</strong></span> <span class='ocrx_word' id='word_1_478' title='bbox 2130 3465 2534 3530; x_wconf 87' lang='lat' dir='ltr'><strong>sermonibus</strong></span> <span class='ocrx_word' id='word_1_479' title='bbox 2564 3462 2800 3530; x_wconf 88' lang='lat' dir='ltr'><strong>Sancti.</strong></span> <span class='ocrx_word' id='word_1_480' title='bbox 2821 3485 2852 3524; x_wconf 78' lang='lat' dir='ltr'>n</span> <span class='ocrx_word' id='word_1_481' title='bbox 2877 3462 2996 3529; x_wconf 77' lang='lat' dir='ltr'><strong>lob</strong></span> <span class='ocrx_word' id='word_1_482' title='bbox 3023 3463 3337 3547; x_wconf 85' lang='lat' dir='ltr'><strong>interpre-</strong></span> 
     </span>
     <span class='ocr_line' id='line_1_75' title="bbox 1794 3571 3337 3655; baseline 0.001 -20"><span class='ocrx_word' id='word_1_483' title='bbox 1794 3575 1972 3636; x_wconf 88' lang='lat' dir='ltr'><strong>tatur</strong></span> <span class='ocrx_word' id='word_1_484' title='bbox 2007 3571 2228 3652; x_wconf 78' lang='lat' dir='ltr'><strong>dolor,</strong></span> <span class='ocrx_word' id='word_1_485' title='bbox 2276 3574 2412 3638; x_wconf 82' lang='lat' dir='ltr'><strong>sive</strong></span> <span class='ocrx_word' id='word_1_486' title='bbox 2455 3573 2751 3651; x_wconf 75' lang='lat' dir='ltr'><strong>ululans,</strong></span> <span class='ocrx_word' id='word_1_487' title='bbox 2778 3575 2843 3637; x_wconf 88' lang='lat' dir='ltr'><strong>et</strong></span> <span class='ocrx_word' id='word_1_488' title='bbox 2876 3572 3093 3655; x_wconf 88' lang='lat' dir='ltr'><strong>signat</strong></span> <span class='ocrx_word' id='word_1_489' title='bbox 3128 3572 3337 3655; x_wconf 85' lang='lat' dir='ltr'><strong>poeni-</strong></span> 
     </span>
     <span class='ocr_line' id='line_1_76' title="bbox 1795 3680 3337 3764; baseline 0.001 -20"><span class='ocrx_word' id='word_1_490' title='bbox 1795 3682 2038 3745; x_wconf 87' lang='lat' dir='ltr'><strong>tentem</strong></span> <span class='ocrx_word' id='word_1_491' title='bbox 2075 3680 2391 3746; x_wconf 87' lang='lat' dir='ltr'><strong>dolentem</strong></span> <span class='ocrx_word' id='word_1_492' title='bbox 2401 3728 2423 3761; x_wconf 90' lang='lat'><em>,</em></span> <span class='ocrx_word' id='word_1_493' title='bbox 2461 3686 2525 3748; x_wconf 80' lang='lat' dir='ltr'><strong>et</strong></span> <span class='ocrx_word' id='word_1_494' title='bbox 2567 3681 2919 3764; x_wconf 87' lang='lat' dir='ltr'><strong>plorantem</strong></span> <span class='ocrx_word' id='word_1_495' title='bbox 2954 3680 3034 3746; x_wconf 91' lang='lat' dir='ltr'><strong>de</strong></span> <span class='ocrx_word' id='word_1_496' title='bbox 3067 3684 3337 3764; x_wconf 89' lang='lat' dir='ltr'><strong>peccatis</strong></span> 
     </span>
     <span class='ocr_line' id='line_1_77' title="bbox 1797 3786 3341 3853; baseline 0 -2"><span class='ocrx_word' id='word_1_497' title='bbox 1797 3786 1951 3852; x_wconf 89' lang='lat' dir='ltr'><strong>suis.</strong></span> <span class='ocrx_word' id='word_1_498' title='bbox 2005 3786 2123 3851; x_wconf 90' lang='lat' dir='ltr'><strong>Hic</strong></span> <span class='ocrx_word' id='word_1_499' title='bbox 2175 3792 2432 3853; x_wconf 86' lang='lat' dir='ltr'><strong>notatur</strong></span> <span class='ocrx_word' id='word_1_500' title='bbox 2456 3805 2588 3853; x_wconf 92' lang='lat' dir='ltr'><strong>non</strong></span> <span class='ocrx_word' id='word_1_501' title='bbox 2615 3786 2824 3852; x_wconf 87' lang='lat' dir='ltr'><strong>solum</strong></span> <span class='ocrx_word' id='word_1_502' title='bbox 2860 3805 2992 3852; x_wconf 91' lang='lat' dir='ltr'><strong>non</strong></span> <span class='ocrx_word' id='word_1_503' title='bbox 3033 3788 3341 3853; x_wconf 81' lang='lat' dir='ltr'><strong>contradi-</strong></span> 
     </span>
     <span class='ocr_line' id='line_1_78' title="bbox 1796 3893 3333 3976; baseline 0.001 -18"><span class='ocrx_word' id='word_1_504' title='bbox 1796 3910 1939 3958; x_wconf 87' lang='lat' dir='ltr'><strong>cere</strong></span> <span class='ocrx_word' id='word_1_505' title='bbox 1988 3895 2391 3960; x_wconf 85' lang='lat' dir='ltr'><strong>sermonibus</strong></span> <span class='ocrx_word' id='word_1_506' title='bbox 2418 3894 2635 3961; x_wconf 89' lang='lat' dir='ltr'><strong>Sancti</strong></span> <span class='ocrx_word' id='word_1_507' title='bbox 2675 3898 3044 3959; x_wconf 87' lang='lat' dir='ltr'><strong>sanctorum</strong></span> <span class='ocrx_word' id='word_1_508' title='bbox 3072 3893 3333 3976; x_wconf 89' lang='lat' dir='ltr'><strong>Christi;</strong></span> 
     </span>
     <span class='ocr_line' id='line_1_79' title="bbox 1796 3999 3338 4086; baseline 0.001 -20"><span class='ocrx_word' id='word_1_509' title='bbox 1796 4001 1905 4066; x_wconf 71' lang='lat' dir='ltr'><strong>oed</strong></span> <span class='ocrx_word' id='word_1_510' title='bbox 1918 4005 1982 4066; x_wconf 89' lang='lat' dir='ltr'><strong>et</strong></span> <span class='ocrx_word' id='word_1_511' title='bbox 2002 4019 2241 4083; x_wconf 89' lang='lat' dir='ltr'><strong>magna</strong></span> <span class='ocrx_word' id='word_1_512' title='bbox 2252 3999 2594 4067; x_wconf 87' lang='lat' dir='ltr'><strong>consolatio</strong></span> <span class='ocrx_word' id='word_1_513' title='bbox 2607 4005 2703 4066; x_wconf 86' lang='lat' dir='ltr'><strong>est</strong></span> <span class='ocrx_word' id='word_1_514' title='bbox 2714 4001 2856 4081; x_wconf 89' lang='lat' dir='ltr'><strong>sibi,</strong></span> <span class='ocrx_word' id='word_1_515' title='bbox 2870 4005 2941 4066; x_wconf 85' lang='lat' dir='ltr'><strong>ut</strong></span> <span class='ocrx_word' id='word_1_516' title='bbox 2956 4001 3240 4067; x_wconf 84' lang='lat' dir='ltr'><strong>Christus</strong></span> <span class='ocrx_word' id='word_1_517' title='bbox 3253 4003 3338 4086; x_wconf 85' lang='lat' dir='ltr'><strong>(b)</strong></span> 
     </span>
     <span class='ocr_line' id='line_1_80' title="bbox 1796 4109 3334 4195; baseline 0.001 -20"><span class='ocrx_word' id='word_1_518' title='bbox 1796 4109 2001 4176; x_wconf 90' lang='lat' dir='ltr'><strong>bonus</strong></span> <span class='ocrx_word' id='word_1_519' title='bbox 2022 4111 2306 4176; x_wconf 88' lang='lat' dir='ltr'><strong>medicus</strong></span> <span class='ocrx_word' id='word_1_520' title='bbox 2327 4129 2460 4176; x_wconf 88' lang='lat' dir='ltr'><strong>non</strong></span> <span class='ocrx_word' id='word_1_521' title='bbox 2478 4115 2715 4195; x_wconf 88' lang='lat' dir='ltr'><strong>parcat,</strong></span> <span class='ocrx_word' id='word_1_522' title='bbox 2748 4110 3177 4191; x_wconf 82' lang='lat' dir='ltr'><strong>patefaciendo</strong></span> <span class='ocrx_word' id='word_1_523' title='bbox 3194 4111 3334 4176; x_wconf 82' lang='lat' dir='ltr'><strong>vul·</strong></span> 
     </span>
     <span class='ocr_line' id='line_1_81' title="bbox 1796 4218 3340 4302; baseline 0 -19"><span class='ocrx_word' id='word_1_524' title='bbox 1796 4237 1952 4284; x_wconf 87' lang='lat' dir='ltr'><strong>uera</strong></span> <span class='ocrx_word' id='word_1_525' title='bbox 1978 4219 2292 4284; x_wconf 87' lang='lat' dir='ltr'><strong>scelerum</strong></span> <span class='ocrx_word' id='word_1_526' title='bbox 2329 4238 2482 4284; x_wconf 90' lang='lat' dir='ltr'><strong>cum</strong></span> <span class='ocrx_word' id='word_1_527' title='bbox 2510 4218 2725 4301; x_wconf 87' lang='lat' dir='ltr'><strong>gladio</strong></span> <span class='ocrx_word' id='word_1_528' title='bbox 2752 4218 3237 4302; x_wconf 76' lang='lat' dir='ltr'><strong>praedicationis,</strong></span> <span class='ocrx_word' id='word_1_529' title='bbox 3262 4224 3340 4284; x_wconf 89' lang='lat' dir='ltr'><strong>ut</strong></span> 
     </span>
     <span class='ocr_line' id='line_1_82' title="bbox 1797 4325 3335 4410; baseline -0.001 -18"><span class='ocrx_word' id='word_1_530' title='bbox 1797 4327 2121 4409; x_wconf 83' lang='lat' dir='ltr'><strong>affligatur</strong></span> <span class='ocrx_word' id='word_1_531' title='bbox 2138 4327 2471 4410; x_wconf 89' lang='lat' dir='ltr'><strong>multiplici</strong></span> <span class='ocrx_word' id='word_1_532' title='bbox 2499 4325 2715 4390; x_wconf 88' lang='lat' dir='ltr'><strong>dolore</strong></span> <span class='ocrx_word' id='word_1_533' title='bbox 2737 4326 3132 4391; x_wconf 88' lang='lat' dir='ltr'><strong>contritionis</strong></span> <span class='ocrx_word' id='word_1_534' title='bbox 3149 4341 3335 4410; x_wconf 82' lang='lat' dir='ltr'><strong>prop·-</strong></span> 
     </span>
     <span class='ocr_line' id='line_1_83' title="bbox 1799 4431 3336 4517; baseline 0 -19"><span class='ocrx_word' id='word_1_535' title='bbox 1799 4439 1896 4498; x_wconf 88' lang='lat' dir='ltr'><strong>ter</strong></span> <span class='ocrx_word' id='word_1_536' title='bbox 1935 4434 2480 4517; x_wconf 82' lang='lat' dir='ltr'><strong>recuperationem</strong></span> <span class='ocrx_word' id='word_1_537' title='bbox 2538 4432 2845 4497; x_wconf 88' lang='lat' dir='ltr'><strong>sanitatis.</strong></span> <span class='ocrx_word' id='word_1_538' title='bbox 2891 4431 3104 4498; x_wconf 88' lang='lat' dir='ltr'><strong>Tertio</strong></span> <span class='ocrx_word' id='word_1_539' title='bbox 3126 4480 3143 4510; x_wconf 92' lang='lat'>‚</span> <span class='ocrx_word' id='word_1_540' title='bbox 3193 4436 3336 4516; x_wconf 89' lang='lat' dir='ltr'><strong>ejus</strong></span> 
     </span>
     <span class='ocr_line' id='line_1_84' title="bbox 1797 4541 3336 4625; baseline 0.001 -20"><span class='ocrx_word' id='word_1_541' title='bbox 1797 4541 2220 4607; x_wconf 88' lang='lat' dir='ltr'><strong>indeclinabili</strong></span> <span class='ocrx_word' id='word_1_542' title='bbox 2260 4541 2526 4607; x_wconf 83' lang='lat' dir='ltr'><strong>bonitati</strong></span> <span class='ocrx_word' id='word_1_543' title='bbox 2569 4541 2692 4606; x_wconf 75' lang='lat' dir='ltr'><strong>tuit</strong></span> <span class='ocrx_word' id='word_1_544' title='bbox 2735 4541 3194 4606; x_wconf 83' lang='lat' dir='ltr'><strong>contradictum</strong></span> <span class='ocrx_word' id='word_1_545' title='bbox 3221 4559 3336 4625; x_wconf 89' lang='lat' dir='ltr'><strong>per</strong></span> 
     </span>
     <span class='ocr_line' id='line_1_85' title="bbox 1798 4648 3340 4730; baseline -0.001 -16"><span class='ocrx_word' id='word_1_546' title='bbox 1798 4648 2357 4714; x_wconf 86' lang='lat' dir='ltr'><strong>calumniationem</strong></span> <span class='ocrx_word' id='word_1_547' title='bbox 2418 4648 2773 4730; x_wconf 89' lang='lat' dir='ltr'><strong>malignam</strong></span> <span class='ocrx_word' id='word_1_548' title='bbox 2839 4648 3218 4713; x_wconf 88' lang='lat' dir='ltr'><strong>seductionis</strong></span> <span class='ocrx_word' id='word_1_549' title='bbox 3271 4652 3340 4713; x_wconf 87' lang='lat' dir='ltr'><strong>et</strong></span> 
     </span>
     <span class='ocr_line' id='line_1_86' title="bbox 1798 4753 3336 4838; baseline 0.001 -18"><span class='ocrx_word' id='word_1_550' title='bbox 1798 4755 2084 4821; x_wconf 83' lang='lat' dir='ltr'><strong>malitiae.</strong></span> <span class='ocrx_word' id='word_1_551' title='bbox 2113 4754 2374 4837; x_wconf 83' lang='lat' dir='ltr'><strong>Maligni</strong></span> <span class='ocrx_word' id='word_1_552' title='bbox 2393 4753 2621 4835; x_wconf 83' lang='lat' dir='ltr'><strong>Judaei,</strong></span> <span class='ocrx_word' id='word_1_553' title='bbox 2644 4756 2761 4838; x_wconf 90' lang='lat' dir='ltr'><strong>qui</strong></span> <span class='ocrx_word' id='word_1_554' title='bbox 2788 4755 3336 4821; x_wconf 83' lang='lat' dir='ltr'><strong>calumniabantur</strong></span> 
     </span>
     <span class='ocr_line' id='line_1_87' title="bbox 1798 4862 3334 4947; baseline 0.001 -20"><span class='ocrx_word' id='word_1_555' title='bbox 1798 4864 2002 4947; x_wconf 86' lang='lat' dir='ltr'><strong>ipsam</strong></span> <span class='ocrx_word' id='word_1_556' title='bbox 2028 4862 2380 4928; x_wconf 82' lang='lat' dir='ltr'><strong>bonitatem</strong></span> <span class='ocrx_word' id='word_1_557' title='bbox 2419 4862 2680 4942; x_wconf 89' lang='lat' dir='ltr'><strong>Christi,</strong></span> <span class='ocrx_word' id='word_1_558' title='bbox 2711 4862 2985 4928; x_wconf 87' lang='lat' dir='ltr'><strong>dicentes</strong></span> <span class='ocrx_word' id='word_1_559' title='bbox 3016 4862 3334 4929; x_wconf 87' lang='lat' dir='ltr'><strong>Christum</strong></span> 
     </span>
     <span class='ocr_line' id='line_1_88' title="bbox 1799 4968 3338 5045; baseline -0.002 -10"><span class='ocrx_word' id='word_1_560' title='bbox 1799 4988 1937 5035; x_wconf 86' lang='lat' dir='ltr'><strong>esse</strong></span> <span class='ocrx_word' id='word_1_561' title='bbox 1983 4969 2404 5045; x_wconf 88' lang='lat' dir='ltr'><strong>malitiosum,</strong></span> <span class='ocrx_word' id='word_1_562' title='bbox 2442 4969 2577 5033; x_wconf 87' lang='lat' dir='ltr'><strong>sive</strong></span> <span class='ocrx_word' id='word_1_563' title='bbox 2620 4968 3009 5036; x_wconf 69' lang='lat' dir='ltr'><strong>seductorem</strong></span> <span class='ocrx_word' id='word_1_564' title='bbox 3042 4968 3066 5004; x_wconf 82' lang='lat'>⁸</span> <span class='ocrx_word' id='word_1_565' title='bbox 3103 4969 3172 5033; x_wconf 89' lang='lat' dir='ltr'><strong>in</strong></span> <span class='ocrx_word' id='word_1_566' title='bbox 3208 4986 3338 5033; x_wconf 89' lang='lat' dir='ltr'><strong>ser-</strong></span> 
     </span>
     <span class='ocr_line' id='line_1_89' title="bbox 1800 5075 3338 5160; baseline 0.001 -19"><span class='ocrx_word' id='word_1_567' title='bbox 1800 5095 1990 5142; x_wconf 90' lang='lat' dir='ltr'><strong>mone</strong></span> <span class='ocrx_word' id='word_1_568' title='bbox 2003 5125 2020 5154; x_wconf 89' lang='lat'>,</span> <span class='ocrx_word' id='word_1_569' title='bbox 2061 5080 2124 5142; x_wconf 90' lang='lat' dir='ltr'><strong>et</strong></span> <span class='ocrx_word' id='word_1_570' title='bbox 2160 5075 2590 5144; x_wconf 78' lang='lat' dir='ltr'><strong>devoratorem</strong></span> <span class='ocrx_word' id='word_1_571' title='bbox 2616 5083 2640 5117; x_wconf 62' lang='lat'>2</span> <span class='ocrx_word' id='word_1_572' title='bbox 2671 5081 2862 5160; x_wconf 80' lang='lat' dir='ltr'><strong>atque</strong></span> <span class='ocrx_word' id='word_1_573' title='bbox 2885 5081 3263 5160; x_wconf 71' lang='lat' dir='ltr'><strong>peccatorem</strong></span> <span class='ocrx_word' id='word_1_574' title='bbox 3291 5078 3338 5118; x_wconf 82' lang='lat'><strong>¹⁰</strong></span> 
     </span>
     <span class='ocr_line' id='line_1_90' title="bbox 1800 5184 3338 5269; baseline 0.003 -20"><span class='ocrx_word' id='word_1_575' title='bbox 1800 5184 1870 5248; x_wconf 93' lang='lat' dir='ltr'><strong>in</strong></span> <span class='ocrx_word' id='word_1_576' title='bbox 1912 5202 2140 5269; x_wconf 91' lang='lat' dir='ltr'><strong>opere;</strong></span> <span class='ocrx_word' id='word_1_577' title='bbox 2196 5184 2352 5265; x_wconf 86' lang='lat' dir='ltr'><strong>imo,</strong></span> <span class='ocrx_word' id='word_1_578' title='bbox 2410 5185 2583 5269; x_wconf 90' lang='lat' dir='ltr'><strong>quod</strong></span> <span class='ocrx_word' id='word_1_579' title='bbox 2627 5186 2812 5269; x_wconf 71' lang='lat' dir='ltr'><strong>peius</strong></span> <span class='ocrx_word' id='word_1_580' title='bbox 2854 5189 2970 5264; x_wconf 87' lang='lat' dir='ltr'><strong>est,</strong></span> <span class='ocrx_word' id='word_1_581' title='bbox 3020 5184 3338 5268; x_wconf 78' lang='lat' dir='ltr'><strong>ponebant</strong></span> 
     </span>
     <span class='ocr_line' id='line_1_91' title="bbox 1804 5352 3340 5420; baseline 0.003 -15"><span class='ocrx_word' id='word_1_582' title='bbox 1804 5356 1824 5387; x_wconf 81' lang='lat'>⁶</span> <span class='ocrx_word' id='word_1_583' title='bbox 1853 5352 1964 5419; x_wconf 76' lang='lat' dir='ltr'><strong><em>Job,</em></strong></span> <span class='ocrx_word' id='word_1_584' title='bbox 1990 5366 2099 5418; x_wconf 73' lang='lat' dir='ltr'><strong>xvi,</strong></span> <span class='ocrx_word' id='word_1_585' title='bbox 2128 5357 2177 5406; x_wconf 87' lang='grc'><strong>9.</strong></span> <span class='ocrx_word' id='word_1_586' title='bbox 2206 5381 2263 5393; x_wconf 92' lang='grc'>-</span> <span class='ocrx_word' id='word_1_587' title='bbox 2292 5355 2310 5387; x_wconf 82' lang='lat'>⁷</span> <span class='ocrx_word' id='word_1_588' title='bbox 2336 5353 2427 5407; x_wconf 77' lang='grc' dir='ltr'><strong>,1οό</strong></span> <span class='ocrx_word' id='word_1_589' title='bbox 2437 5392 2455 5419; x_wconf 91' lang='grc'><strong><em>,</em></strong></span> <span class='ocrx_word' id='word_1_590' title='bbox 2483 5366 2560 5420; x_wconf 76' lang='lat' dir='ltr'><strong>vi,</strong></span> <span class='ocrx_word' id='word_1_591' title='bbox 2586 5359 2664 5408; x_wconf 77' lang='lat'><strong>10.</strong></span> <span class='ocrx_word' id='word_1_592' title='bbox 2689 5380 2753 5394; x_wconf 89' lang='lat'><em>—</em></span> <span class='ocrx_word' id='word_1_593' title='bbox 2777 5353 2801 5392; x_wconf 85' lang='lat'>⁸</span> <span class='ocrx_word' id='word_1_594' title='bbox 2827 5354 3033 5414; x_wconf 66' lang='lat' dir='ltr'><strong>Barth„</strong></span> <span class='ocrx_word' id='word_1_595' title='bbox 3063 5366 3230 5420; x_wconf 75' lang='lat' dir='ltr'><strong>nvn,</strong></span> <span class='ocrx_word' id='word_1_596' title='bbox 3256 5358 3340 5409; x_wconf 82' lang='grc'><strong>63.</strong></span> 
     </span>
     <span class='ocr_line' id='line_1_92' title="bbox 1803 5425 2864 5492; baseline 0.002 -15"><span class='ocrx_word' id='word_1_597' title='bbox 1803 5451 1859 5465; x_wconf 91' lang='lat'>-</span> <span class='ocrx_word' id='word_1_598' title='bbox 1887 5426 1911 5463; x_wconf 66' lang='grc' dir='ltr'><strong>θ</strong></span> <span class='ocrx_word' id='word_1_599' title='bbox 1939 5425 2079 5486; x_wconf 64' lang='grc' dir='ltr'><strong>ινα,</strong></span> <span class='ocrx_word' id='word_1_600' title='bbox 2105 5437 2197 5490; x_wconf 83' lang='lat' dir='ltr'><strong>vn,</strong></span> <span class='ocrx_word' id='word_1_601' title='bbox 2224 5427 2305 5478; x_wconf 71' lang='grc'><strong>34.</strong></span> <span class='ocrx_word' id='word_1_602' title='bbox 2331 5452 2396 5466; x_wconf 91' lang='grc'>-</span> <span class='ocrx_word' id='word_1_603' title='bbox 2419 5428 2463 5462; x_wconf 79' lang='lat'><strong>¹⁰</strong></span> <span class='ocrx_word' id='word_1_604' title='bbox 2488 5428 2655 5490; x_wconf 62' lang='lat' dir='ltr'><strong>loen„</strong></span> <span class='ocrx_word' id='word_1_605' title='bbox 2680 5438 2758 5492; x_wconf 71' lang='grc' dir='ltr'><strong>ιι,</strong></span> <span class='ocrx_word' id='word_1_606' title='bbox 2785 5429 2864 5479; x_wconf 68' lang='grc'><strong>26.</strong></span> 
     </span>
    </p>

    <p class='ocr_par' dir='ltr' id='par_1_5' title="bbox 1863 5523 3336 5591">
     <span class='ocr_line' id='line_1_93' title="bbox 1863 5523 3336 5591; baseline 0.003 -15"><span class='ocrx_word' id='word_1_607' title='bbox 1863 5525 1935 5590; x_wconf 77' lang='grc' dir='ltr'><strong>(α)</strong></span> <span class='ocrx_word' id='word_1_608' title='bbox 1956 5523 2112 5577; x_wconf 69' lang='lat' dir='ltr'><strong>Forte</strong></span> <span class='ocrx_word' id='word_1_609' title='bbox 2128 5523 2226 5590; x_wconf 69' lang='grc' dir='ltr'><strong>1η.</strong></span> <span class='ocrx_word' id='word_1_610' title='bbox 2244 5524 2738 5591; x_wconf 68' lang='grc' dir='ltr'><strong>οοιιιρωοίοιισω.-</strong></span> <span class='ocrx_word' id='word_1_611' title='bbox 2757 5525 2824 5590; x_wconf 81' lang='grc' dir='ltr'><strong>(ὁ)</strong></span> <span class='ocrx_word' id='word_1_612' title='bbox 2845 5523 2971 5577; x_wconf 75' lang='lat' dir='ltr'><strong>eat.</strong></span> <span class='ocrx_word' id='word_1_613' title='bbox 2987 5524 3114 5579; x_wconf 73' lang='lat' dir='ltr'><strong>odit.</strong></span> <span class='ocrx_word' id='word_1_614' title='bbox 3127 5523 3336 5583; x_wconf 67' lang='lat' dir='ltr'><strong>uuicti.</strong></span> 
     </span>
    </p>
   </div>
  </div>
 </body>
</html>
