4059 6317
658 431 780 494 310

659 561 840 626 brem
853 607 876 640 ,
927 563 993 626 et
1041 560 1414 643 germinans
1455 563 1726 630 herbum
1767 568 2194 649 opportunam

594 745 601 750 ,
659 668 785 731 iilis
834 687 874 732 e
912 667 1152 751 quihus
1196 667 1428 733 colitur
1449 716 1468 748 ,
1530 672 1754 755 accipit
1805 670 2191 738 henedictio-

658 792 845 855 nem,
874 797 907 838 n
941 779 1060 840 etc.

642 943 649 948 ,
739 880 828 946 De
868 886 1155 951 secundo
1183 894 1201 930 ¹
1231 888 1261 968 j:
1303 886 1834 952 «Laboraveruut
1872 885 2093 970 populi
2127 885 2194 948 in

658 988 866 1053 multo
889 990 1045 1072 igne
1065 1039 1085 1073 ,
1115 995 1180 1058 et
1207 996 1432 1074 gentes
1474 994 1544 1057 in
1571 1009 1847 1058 vacuum
1867 1037 1884 1070 ‚
1926 997 1991 1059 et
2029 994 2193 1058 defi-

658 1096 835 1161 ciunt
848 1098 959 1180 (a),
980 1099 1133 1181 quia
1156 1099 1509 1183 replebitur
1534 1104 1734 1180 terra,
1760 1104 1833 1165 ut
1851 1104 2194 1182 cognoscat

658 1203 935 1285 gloriam
962 1205 1236 1270 Domini.
1265 1228 1298 1266 n
1335 1206 1519 1288 Ignis
1544 1206 1665 1271 iste
1686 1252 1710 1284 ,
1738 1207 1903 1272 sicut
1927 1206 2195 1290 exponit

658 1310 905 1389 Glossa,
935 1311 1041 1376 ille
1064 1314 1161 1376 est
1182 1312 1264 1377 de
1289 1331 1419 1396 quo
1446 1318 1517 1377 ¹:
1558 1336 1590 1377 ι
1616 1313 1844 1395 Ignem
1868 1313 2017 1379 veni
2042 1314 2217 1394 mit-v

656 1424 790 1484 tere
816 1420 888 1484 in
911 1423 1186 1500 terram,
1211 1444 1242 1482 n
1278 1427 1398 1487 etc.
1449 1422 1564 1486 Hic
1589 1427 1685 1486 est
1709 1422 1885 1505 ignis
1920 1421 2194 1505 Spiritus

656 1525 891 1604 sancti,
940 1527 1054 1610 qui
1093 1531 1331 1592 terram
1372 1528 1578 1594 cordis
1615 1529 1723 1593 vel
1762 1528 2058 1598 Ecclesiae
2104 1529 2195 1593 ita

655 1631 894 1714 replet,
934 1637 1007 1697 ut
1040 1651 1156 1717 per
1187 1638 1330 1717 ejus
1367 1635 1767 1719 splendorem
1810 1635 2020 1717 gloria
2064 1636 2190 1701 Do-

656 1740 819 1804 mini
852 1745 1277 1823 cognoscatur
1300 1743 1371 1807 in
1415 1743 1682 1808 mundo.
1712 1741 1976 1808 Nolehet
2014 1742 2191 1807 enim

656 1847 936 1914 mundus
948 1865 1339 1930 cognoscere
1352 1848 1717 1929 Dominum,
1735 1849 1970 1913 scilicet
1984 1847 2188 1914 Deum

655 1972 906 2019 verum.
941 1954 1118 2021 Unde
1136 1959 1333 2021 tantae
1359 1957 1526 2021 inter
1551 1956 1889 2021 Dominum
1917 1962 1979 2022 et
2006 1975 2192 2023 mun-

653 2059 811 2125 dum
861 2065 1014 2126 sunt
1063 2063 1416 2127 inimicitiae
1452 2111 1471 2140 ‚
1538 2067 1614 2128 ut
1668 2063 1887 2128 nullus
1946 2065 2191 2130 amicus

655 2168 882 2234 mundi
907 2172 1105 2253 pooeit
1133 2171 1243 2236 Dei
1282 2189 1422 2236 esse
1446 2173 1693 2237 amicus
1715 2173 1738 2209 ⁸
1764 2194 1780 2236 ε
1809 2195 1842 2234 α
1872 2171 2186 2250 Quicum-

654 2294 782 2359 que
808 2277 1084 2343 voluerit
1106 2295 1245 2344 esse
1268 2281 1513 2345 amicus
1538 2280 1742 2362 hujus
1766 2279 1985 2346 saemlli
2005 2327 2024 2358 ‚
2059 2280 2187 2345 ini-

652 2382 860 2447 micus
882 2383 992 2449 Dei
1019 2386 1446 2452 constituitur.
1471 2408 1502 2450 »
1532 2387 1679 2452 ldeo
1703 2385 2013 2452 Dominus
2035 2405 2185 2471 apo-

652 2489 843 2554 stolos
867 2490 1021 2573 igne
1048 2493 1249 2557 sancti
1278 2492 1552 2575 Spiritus
1567 2541 1585 2574 ,
1615 2497 1926 2577 tanquam
1965 2494 2187 2559 iucen-

652 2597 893 2661 diarius
933 2597 1042 2680 (b),
1084 2603 1306 2663 contra
1344 2601 1658 2668 mundum
1695 2600 1908 2678 misit,
1957 2605 2033 2666 ut
2066 2601 2189 2666 hoc

650 2702 809 2786 igne
837 2705 1062 2769 mundi
1089 2705 1245 2770 vitia
1263 2754 1281 2785 ,
1301 2710 1607 2790 tauquam
1634 2705 1864 2773 diaboli
1893 2708 2184 2789 aediflcia,

626 2815 1087 2876 cremarentur
1121 2829 1237 2893 per
1279 2813 1473 2876 fldem
1517 2816 1583 2878 et
1632 2814 2067 2895 poenitentiam
2094 2814 2116 2849 ⁸
2163 2835 2182 2880 ε

661 2937 693 2978 ι
708 2916 948 2980 Ponam
970 2917 1163 2982 duces
1188 2916 1355 2983 Juda
1379 2918 1541 2983 sicut
1563 2919 1887 2985 caminum
1915 2921 2088 3002 ignis
2115 2922 2184 2986 in

649 3021 868 3103 lignis.
900 3044 932 3081 n
972 3022 1050 3087 Et
1074 3023 1487 3112 {Augustinus
1515 3030 1537 3066 ⁸
1569 3043 1584 3086 :
1637 3048 1669 3089 ι
1706 3025 1867 3107 Igne
1911 3025 2184 3110 Spiritus

649 3129 850 3194 sancti
874 3129 1251 3194 inflammati
1278 3131 1541 3213 apostoli
1555 3179 1578 3212 ,
1601 3137 1929 3214 coeperunt
1956 3133 2052 3199 ire
2069 3152 2184 3217 per

651 3234 1005 3314 mundum,
1034 3236 1434 3304 inflammare
1465 3242 1529 3303 et
1565 3238 1900 3304 incendere
1950 3240 2018 3305 in
2058 3242 2180 3305 cir-

650 3343 832 3407 cuitu
851 3343 1163 3409 inimicos.
1188 3367 1221 3408 ι
1248 3345 1296 3411 Ο
1323 3347 1376 3410 si
1402 3363 1529 3428 ego
1554 3347 1742 3412 hodie
1764 3347 2087 3413 diabolum
2113 3349 2181 3415 in

648 3468 782 3514 une
799 3468 910 3515 ara
927 3468 1292 3533 porcorum,
1313 3453 1373 3515 id
1392 3460 1510 3533 est,
1533 3471 1733 3518 unam
1754 3454 2077 3521 luxuriam
2103 3457 2173 3539 (ο)

647 3575 930 3623 cremare
953 3563 1241 3640 possem!
1276 3560 1434 3626 Cum
1460 3579 1623 3643 ergo
1650 3562 1931 3628 mundus
1955 3565 2047 3630 ite
2081 3565 2180 3631 in-

646 3665 1022 3729 cenderetur
1065 3683 1179 3748 per
1236 3667 1648 3734 incendiarios
1701 3669 2016 3754 principes
2043 3719 2066 3752 ‚
2114 3677 2180 3738 et

644 3770 863 3853 populi
893 3772 1113 3854 ignem
1140 3775 1524 3856 extinguere
1552 3776 2037 3861 laboraverunt,
2065 3781 2175 3846 sed

642 3877 835 3942 etiam
863 3879 931 3943 in
958 3898 1261 3946 vacuum.

722 3985 808 4052 De
833 3988 1020 4053 tertio
1046 3989 1068 4026 ⁸
1102 4010 1117 4054 t
1157 4012 1189 4051 α
1215 3989 1288 4054 ln
1314 3991 1439 4056 viis
1457 3991 1729 4072 justitiae
1755 3993 2014 4058 ambulo
2041 4040 2059 4071 ‚
2100 3998 2174 4059 ut

639 4092 834 4160 ditem
872 4095 1207 4176 diligentes
1247 4116 1351 4162 me
1371 4146 1388 4178 ‚
1427 4098 1761 4163 thesauros
1796 4116 2024 4164 eorum
2067 4118 2170 4166 re-

637 4199 870 4282 pleam.
901 4224 933 4261 n
968 4201 1275 4269 Thesauri
1303 4204 1411 4268 isti
1452 4209 1601 4270 sunt
1640 4205 1809 4270 bona
1837 4206 2168 4288 voluntas,

639 4308 908 4372 virtutes
924 4314 986 4373 et
1008 4309 1255 4390 merita,
1277 4312 1513 4395 quihus
1533 4330 1645 4394 per
1663 4312 1971 4396 Spiritum
1995 4332 2172 4404 sanc-

635 4417 777 4478 tum
792 4415 1071 4496 repletur
1088 4434 1235 4481 arca
1250 4418 1476 4484 cordiS.
1495 4417 1840 4501 Gregorius
1857 4421 1877 4458 ⁷
1907 4442 1923 4484 ι
1952 4444 1984 4482 α
2000 4421 2166 4488 Ante

632 4519 742 4585 Dei
760 4519 974 4585 oculos
1000 4540 1334 4606 nunquam
1356 4532 1450 4590 est
1476 4545 1675 4591 vacua
1696 4545 1926 4592 manus
1953 4549 1993 4596 a
2024 4546 2164 4594 mu-

629 4643 784 4691 nere
797 4674 816 4706 ,
847 4626 903 4690 si
929 4644 1074 4692 arca
1104 4630 1307 4695 cordis
1336 4632 1571 4714 repleta
1601 4637 1696 4697 est
1721 4632 1889 4698 bona
1928 4634 2164 4700 volun·-

626 4737 777 4798 tate.
807 4754 839 4796 n
875 4732 923 4798 Ο
952 4735 1232 4801 caecitasl
1268 4739 1554 4803 tristatur
1595 4740 1826 4819 homo,
1859 4741 1915 4805 si
1955 4744 2164 4825 perdit

624 4839 999 4906 thesaurum
1038 4843 1305 4923 mundi;
1352 4848 1416 4910 et
1440 4863 1571 4910 non
1607 4850 1785 4912 curat
1806 4893 1823 4924 ,
1872 4847 1927 4911 si
1955 4851 2161 4932 perdit

1754 427 2172 496 SERMONES
2211 427 2314 495 DE
2351 428 2746 501 TEMPORE.

2301 886 2751 957 thesaurorum
2777 895 2920 960 coeli
2937 899 3285 983 recipiatur
3305 949 3325 981 ‚
3348 922 3549 988 quam
3577 908 3852 994 diligen-

2302 997 2400 1059 ter
2433 1014 2585 1061 eum
2631 1002 3138 1071 custodiremus!
3171 1013 3197 1051 ⁸
3231 1031 3263 1072 c
3288 1009 3572 1094 Vigilate
3616 1022 3684 1083 et
3705 1038 3847 1086 cus-

2301 1102 2496 1168 todite
2513 1152 2531 1183 ‚
2559 1106 2759 1173 donec
2784 1113 3159 1194 appendatis
3183 1135 3404 1184 corum
3445 1123 3850 1209 principibus

2301 1211 2700 1279 sacerdotum
2728 1220 2791 1281 et
2823 1217 3091 1286 ducibus
3124 1223 3525 1293 familiarum
3556 1229 3755 1300 Israel
3780 1237 3849 1302 in

2301 1316 2676 1384 thesmrrum
2738 1322 2970 1390 domus
3030 1327 3305 1395 Domini.
3354 1354 3388 1393 n
3435 1334 3729 1421 Stetere,
3785 1345 3850 1409 in

2300 1441 2431 1505 que
2456 1427 2847 1509 appendetur
2870 1431 3213 1500 thesaurus
3239 1437 3360 1505 iste
3378 1486 3396 1519 ,
3427 1446 3528 1507 est
3554 1444 3676 1511 Dei
3703 1451 3849 1531 jus-

2299 1528 2440 1593 titia
2460 1532 2564 1596 vel
2583 1534 2901 1616 Judicium
2929 1543 2954 1578 ³
2986 1555 3005 1602 ε
3039 1562 3073 1602 c
3098 1540 3357 1609 Pondus
3383 1550 3450 1612 et
3473 1553 3722 1620 matera
3741 1603 3760 1632 ,
3789 1561 3851 1621 et

2292 1634 2533 1716 jndicia
2563 1638 2810 1706 Domini
2840 1648 3013 1710 sunt.
3039 1667 3072 1708 n
3108 1646 3184 1712 In
3210 1649 3336 1715 hac
3376 1671 3462 1718 ex
3503 1675 3645 1723 una
3673 1665 3852 1743 parta

2299 1748 2697 1825 exponentur
2752 1751 2971 1814 omnia
3022 1754 3254 1820 merita
3309 1759 3446 1838 tua,
3509 1779 3600 1827 ex
3650 1765 3852 1833 ultera

2299 1850 2480 1929 parte
2497 1867 2753 1917 corona.
2785 1853 3053 1938 Propter
3081 1857 3204 1925 hoc
3228 1879 3483 1947 semper
3518 1868 3723 1951 time3
3753 1873 3850 1938 di-

2298 1952 2464 2019 citur
2487 1957 2660 2024 enim
2679 1959 2725 1997 ¹⁰
2750 1982 2767 2022 ε
2790 1961 3168 2047 «Appensus
3193 1986 3266 2032 es
3283 1969 3355 2034 in
3379 1975 3643 2056 statera,
3659 1999 3698 2037 n
3725 1983 3844 2045 etc.

2372 2487 2463 2553 De
2504 2497 2731 2574 quarto
2773 2497 2814 2533 ¹¹
2850 2519 2866 2561 ε
2907 2521 2939 2561 «1
2966 2498 3041 2566 ln
3083 2502 3372 2571 doctrina
3412 2510 3847 2592 replebuntur

2293 2594 2568 2662 cellaria.
2607 2625 2631 2656 υ
2663 2599 2803 2667 Duo
2839 2610 2993 2670 sunt
3016 2607 3312 2691 cellaria,
3362 2632 3575 2684 uuum
3615 2619 3841 2690 Eccle-

2293 2698 2407 2763 siae
2432 2700 2783 2787 militantis,
2807 2708 3081 2778 ultemm
3105 2714 3400 2785 Emiesioe
3426 2724 3843 2812 triumphan-

2294 2806 2394 2872 tis.
2426 2806 2777 2936 Utrumque
2804 2818 3084 2901 repletur
3117 2823 3201 2906 (d)
3237 2825 3309 2890 in
3339 2821 3640 2900 doctrina
3666 2837 3844 2906 iliius

2283 3773 2487 3852 tores,
2529 3778 2594 3839 et
2637 3779 2959 3862 praecipue
3022 3787 3294 3866 apostoli
3339 3791 3495 3859 vino
3547 3794 3832 3880 Spiritus

2284 3880 2484 3944 sancti
2508 3882 2733 3964 repleti
2757 3884 2802 3922 ¹⁸
2827 3907 2893 3949 :c
2911 3886 3122 3955 Musto
3144 3892 3319 3975 pleni
3344 3903 3515 3965 sunt.
3542 3923 3576 3963 ι
3611 3904 3705 3972 De
3726 3908 3831 3975 his

2281 3986 2450 4051 vasis
2473 3990 2879 4073 propinatum
2902 3998 2999 4059 est
3023 3998 3139 4062 toti
3168 4004 3434 4072 mundo.
3466 4006 3541 4074 Iu
3565 4011 3826 4082 cellurio

2277 4098 2495 4160 autem
2539 4097 2748 4181 primo
2787 4104 2946 4183 quot
2987 4108 3139 4170 sunt
3179 4108 3471 4193 spiritus,
3513 4117 3611 4182 tot
3669 4127 3827 4188 sunt

2277 4221 2428 4269 vasa
2449 4206 2601 4274 vino
2626 4206 2901 4291 Spiritus
2924 4215 3128 4277 sancti
3154 4216 3363 4299 plena.
3389 4221 3459 4288 Si
3483 4230 3706 4296 autem
3737 4231 3818 4296 de

2275 4330 2410 4377 uuo
2436 4332 2623 4394 vase,
2656 4315 2721 4380 id
2743 4320 2840 4384 est
2857 4364 2876 4396 ,
2904 4319 2983 4384 de
3008 4322 3205 4390 unius
3232 4329 3437 4396 sancti
3473 4332 3688 4416 gloria
3713 4337 3821 4404 in-

2273 4419 2538 4486 ebriaris
2570 4422 2806 4504 gaudio
2847 4422 3127 4507 Spiritus
3170 4436 3370 4502 sancti
3393 4483 3412 4515 ‚
3455 4440 3609 4521 quid
3651 4462 3813 4527 ergo

2271 4526 2411 4608 erit,
2444 4528 2698 4609 qnando
2715 4529 2792 4594 de
2811 4532 3007 4614 mille,
3027 4534 3161 4602 imo
3183 4538 3264 4604 de
3291 4543 3466 4608 mille
3485 4547 3800 4631 millibus,

2269 4633 2403 4699 imo
2430 4636 2509 4699 de
2534 4636 2837 4706 omnihus
2858 4643 3028 4706 vasis
3049 4643 3254 4725 plenis
3270 4693 3289 4727 ,
3311 4649 3374 4713 id
3402 4656 3534 4733 est,
3564 4655 3648 4722 de
3673 4676 3815 4726 om-

2265 4741 2458 4805 nibus
2495 4743 2725 4808 sanctis
2784 4745 2976 4811 simul
3020 4748 3087 4813 in
3142 4754 3206 4816 te
3250 4754 3480 4822 vinum
3531 4761 3812 4831 influet?

2267 4846 2426 4912 Item
2455 4848 2607 4931 quid
2645 4869 2840 4933 ergo,
2870 4856 3129 4936 quando
3155 4859 3233 4923 de
3262 4860 3373 4928 illo
3403 4865 3595 4948 pleno
3637 4870 3805 4940 hau-

621 4952 841 5032 fldem,
874 4951 1279 5033 charitatem,
1304 4955 1331 5037 j
1341 4953 1644 5034 ustitiam,
1673 4957 1736 5019 et
1756 4955 2149 5039 patientiam,
2261 4955 2418 5020 seris
2442 4974 2614 5036 vase,
2642 4957 2723 5024 de
2748 4976 2879 5041 quo
2902 4960 2990 5025 ¹⁸:
3028 4984 3060 5023 α
3085 4962 3259 5047 Ave,
3295 4968 3552 5056 (Maria)
3594 4981 3807 5059 gratie

623 5060 972 5143 pretiosum
1012 5061 1385 5127 thesaurum
1434 5061 1706 5147 Spiritus
1751 5063 1971 5128 sancti.
2002 5064 2051 5130 Ο
2099 5067 2153 5130 si
2259 5109 2378 5160 m,
2415 5102 2490 5149 Η,
2522 5123 2576 5136 ,.
2617 5099 2653 5131 ι.
2695 5099 2846 5163 Dan..
2889 5111 2940 5165 v,
2980 5105 3060 5155 27.
3093 5129 3149 5146 ,-

682 5186 696 5221 ¹
729 5186 937 5250 Babae„
966 5198 1035 5251 ιι,
1070 5191 1145 5240 ¹3.
1174 5216 1236 5227 —
1266 5190 1284 5219 ²
1312 5190 1447 5245 Luc..
1476 5200 1570 5252 xn,
1599 5191 1679 5240 32.
1708 5215 1772 5228 -
1799 5189 1965 5251 ⁸100„
1999 5202 2073 5253 iv,
2100 5193 2150 5243 4.

617 5280 678 5292 —-
718 5257 741 5292 θ
778 5257 952 5316 ΖαοΙι.,
986 5269 1091 5322 111,
1128 5262 1178 5311 6.
1203 5287 1266 5298 -
1305 5261 1327 5294 ⁸
1356 5262 1507 5325 Aug,
1546 5262 1724 5312 Enni-r.
1762 5262 1812 5311 in
1846 5261 1987 5312 Ρεαὶ.
2025 5278 2150 5326 ιιι,

616 5338 671 5378 n.
709 5327 756 5376 9.
782 5351 845 5365 -
884 5327 906 5362 ⁸
933 5329 1102 5391 Prov„
1139 5341 1260 5393 vui,
1296 5333 1377 5384 20.
1410 5357 1463 5368 -
1506 5332 1529 5368 '¹
1565 5332 1799 5396 Gregor„
1844 5333 1898 5381 in
1934 5333 2150 5398 Evanq„

3195 5108 3229 5146 ¹¹
3267 5109 3440 5174 Pron,
3477 5126 3626 5180 xxiv,
3662 5122 3711 5171 4.
3741 5143 3803 5162 --

2262 5171 2301 5204 ¹⁸
2332 5171 2494 5235 Joan„
2533 5181 2643 5235 xiv,
2671 5173 2753 5223 26.
2782 5199 2845 5211 —
2880 5174 2921 5210 ¹⁸
2946 5175 3158 5243 August.
3185 5205 3248 5219 —
3284 5182 3325 5218 ¹⁸
3356 5183 3493 5249 Ace„
3521 5197 3589 5252 u,
3623 5193 3700 5244 13.
3739 5219 3803 5232 —

2262 5241 2301 5277 ¹⁵
2328 5242 2465 5302 Luc„
2496 5251 2541 5305 1,
2570 5243 2654 5293 28.

2322 5331 2384 5398 (α)
2427 5331 2542 5398 Leq.
2583 5331 2840 5386 deficient.
2867 5359 2928 5371 —·
2968 5335 3039 5400 (b)
3081 5338 3442 5398 incendiarios.
3479 5373 3542 5390 --
3579 5349 3644 5418 (c)
3685 5366 3792 5406 una

614 5394 758 5446 hom.
807 5397 882 5460 V,
918 5411 973 5448 u.
1012 5402 1058 5449 3.
1101 5425 1163 5439 —
1198 5402 1216 5432 ⁸
1254 5403 1274 5454 1
1320 5401 1483 5463 Esdr„
1542 5413 1663 5465 vin,
1715 5405 1794 5453 29.
1832 5428 1893 5440 —
1926 5404 1945 5434 ⁹
1978 5408 2145 5469 Prov„
2253 5401 2466 5460 luxuria·
2503 5429 2562 5442 ·-
2589 5402 2667 5470 (d)
2702 5404 2822 5457 Coet-
2849 5404 2975 5462 edit·
3003 5407 3184 5478 replet.
3212 5438 3274 5452 —
3305 5415 3362 5482 (e)
3397 5415 3547 5476 Foru
3573 5420 3674 5490 leq.
3704 5428 3776 5478 et.
