4059 6317
1018 480 1401 549 DOM1Nch
1439 481 1497 548 X
1536 481 1736 551 Poffl·
1776 481 2365 552 PENTEGOS'OEN.
2408 484 2674 553 SERMO
2717 487 2823 551 ΙΙΙ.

318 633 438 700 pro
470 615 746 698 paee-tie
778 615 1035 682 nostris.
1075 638 1109 678 ι
1159 617 1328 696 Quis
1363 619 1582 685 autem
1617 619 1869 686 dubitet

317 741 543 790 omnes
575 727 828 791 maon
865 743 1016 791 oum
1055 725 1303 792 Christo
1343 744 1553 808 erare,
1602 728 1717 811 qui
1763 727 1866 792 vi-

317 831 472 897 dent
495 850 648 898 enm
678 850 797 917 pro
831 833 1020 899 nobie
1051 834 1422 901 advocando
1455 852 1643 900 orare
1658 836 1692 899 ⁴?
1728 834 1862 899 Au-

320 940 622 1021 gustinus
647 942 705 1007 ¹:
739 964 774 1005 a
793 942 1103 1009 Dominus
1129 947 1349 1010 noster
1372 943 1557 1009 lesus
1579 942 1869 1009 OEiristue

318 1049 533 1115 adhuc
555 1049 916 1135 interpellat
939 1068 1059 1135 pro
1082 1051 1290 1132 nobis,
1329 1055 1394 1116 et
1426 1069 1652 1117 omnes
1693 1069 1869 1116 mar-

316 1161 494 1240 tyres
518 1178 534 1219 z
558 1175 692 1223 non
707 1160 1046 1224 trameant
1059 1156 1603 1242 itm-pollutiones
1609 1175 1863 1240 eorum,

316 1266 445 1331 nisi
472 1283 620 1331 cum
646 1267 971 1332 transierit
999 1267 1285 1349 gemitus
1308 1270 1546 1332 noster.
1573 1289 1605 1329 ι)

400 1372 488 1438 De
512 1377 742 1456 quarto
770 1375 795 1410 ¹
821 1391 841 1439 ε
875 1396 908 1436 α
932 1373 1307 1457 Susceptam
1330 1374 1692 1457 pecuniam,
1719 1393 1869 1459 quae

318 1480 548 1546 collata
574 1483 672 1545 est
705 1498 747 1545 a
781 1480 933 1544 filiis
974 1479 1188 1560 lsrael,
1226 1479 1439 1545 trades
1472 1481 1540 1544 in
1580 1499 1737 1546 usus
1774 1485 1867 1546 ta·

318 1588 668 1669 bernaeul'u
692 1591 770 1654 ut
797 1588 884 1654 sit
903 1587 976 1652 in
1003 1586 1476 1653 monimm'mm
1504 1603 1731 1653 eorum
1757 1607 1865 1655 co-

316 1716 459 1763 ram
497 1695 791 1777 Domino,
841 1700 908 1761 et
947 1696 1330 1780 pmpitiemr
1372 1696 1710 1764 animabus
1757 1717 1865 1764 eo-

315 1824 489 1872 rum.
516 1826 552 1866 ι
583 1805 989 1886 Quicumque
1019 1821 1187 1886 ergo
1214 1802 1296 1867 ad
1323 1802 1569 1868 cultum
1598 1804 1732 1884 Dei,
1761 1807 1866 1872 vel

316 1915 509 1980 etiam
535 1913 617 1979 ad
641 1913 1085 1977 necessitatem
1109 1929 1471 1995 pauperum
1497 1912 1755 1993 tribuis,
1786 1915 1869 1981 ad

315 2020 828 2105 propitiationem
855 2019 974 2084 tibi
999 2017 1283 2102 proderit
1307 2023 1333 2060 ⁸
1357 2037 1380 2083 :
1418 2039 1450 2080 ι
1479 2017 1740 2085 Peccata
1755 2025 1867 2086 tua

315 2128 738 2212 eleemosynis
778 2127 1043 2207 redime,
1092 2147 1126 2188 n
1177 2129 1296 2191 etc.
1337 2125 1748 2208 Augustinus
1781 2133 1806 2169 ⁶
1845 2149 1863 2193 ε

326 2261 357 2299 «ι
383 2236 643 2303 Redime
663 2239 749 2316 te,
777 2235 998 2314 home,
1021 2234 1178 2300 dum
1212 2234 1293 2317 (a)
1322 2233 1512 2300 vivis.
1533 2253 1566 2295 n
1589 2234 1868 2319 Require

298 2349 513 2430 ‘snpra
547 2345 616 2409 in
647 2362 944 2410 sermone
976 2364 994 2409 ε
1024 2345 1248 2411 Estote
1272 2342 1712 2411 mmrioordea
1738 2345 1785 2410 ⁸.
1816 2345 1865 2411 Ο

317 2456 537 2535 homo,
564 2452 722 2520 vilia
747 2450 965 2518 omnia
981 2450 1357 2535 temporalia
1375 2454 1531 2515 sunt
1558 2473 1573 2514 ε
1608 2451 1690 2517 da
1707 2469 1870 2535 ergo

318 2581 435 2647 pro
457 2565 572 2627 tua
591 2560 1042 2645 propitiatione
1071 2559 1250 2624 illius
1284 2576 1504 2624 amore
1534 2558 1866 2640 vilissima,

317 2670 430 2752 qui
445 2669 528 2735 ad
542 2667 1052 2753 propitiationem
1062 2665 1182 2731 tibi
1195 2665 1366 2733 dedit
1377 2666 1866 2749 speciosissima.

320 2776 502 2841 Dedit
536 2776 710 2841 enim
751 2774 940 2840 Pater
983 2772 1220 2838 Filium
1249 2779 1325 2837 ⁸:
1376 2795 1409 2834 α
1445 2772 1618 2838 Misit
1659 2773 1870 2839 fllium

319 2904 512 2953 sunm
537 2884 1048 2969 propitiationem
1089 2899 1207 2965 pro
1240 2881 1511 2966 peccatis
1537 2884 1796 2948 nostris.
1828 2904 1861 2944 n

319 2993 481 3058 Item
506 2990 707 3057 Filius
730 2990 904 3057 dedit
939 2989 1326 3072 sangmnem
1354 2990 1377 3026 ⁷
1417 3011 1433 3054 ε
1475 3012 1506 3050 α
1530 2987 1873 3072 Proposuit

319 3099 486 3165 Dens
518 3098 1033 3184 propitiationem
1079 3098 1157 3182 (b)
1200 3115 1318 3181 per
1361 3098 1557 3163 fldem
1608 3099 1677 3163 in
1720 3116 1871 3164 san-

319 3207 525 3290 guine
549 3207 773 3289 ipsius.
800 3228 834 3269 n
871 3206 1033 3271 Item
1056 3205 1242 3270 beata
1268 3203 1548 3271 Trinitas
1570 3205 1743 3271 dedit
1761 3224 1872 3272 no-

320 3332 472 3379 men
489 3331 703 3379 suum.
725 3312 1061 3379 Psalmista
1083 3319 1108 3355 ⁸
1137 3335 1153 3378 z
1192 3334 1227 3375 ι
1244 3312 1567 3396 Propitius
1582 3317 1719 3379 esto
1731 3332 1873 3398 peo—

320 3420 479 3487 catie
504 3420 738 3487 nostris
765 3424 1025 3504 propter
1048 3438 1287 3485 nomen
1319 3424 1531 3486 tuum.
1558 3443 1591 3483 e
1629 3421 1718 3486 De
1739 3440 1874 3505 quo

320 3527 584 3592 nomine
615 3548 632 3593 z
671 3548 706 3589 ι
728 3525 1128 3611 Baptizantes
1165 3544 1278 3592 eos
1320 3528 1391 3592 in
1437 3529 1700 3593 nomine
1744 3528 1873 3596 Pa-

322 3634 463 3714 tris,
494 3637 561 3699 et
582 3632 751 3714 Filii,
781 3637 846 3699 et
871 3633 1149 3718 Spiritus
1176 3635 1397 3699 sancti.
1427 3655 1460 3695 ι)
1489 3633 1648 3700 Vide
1684 3651 1869 3717 ergo,

324 3742 541 3822 misor,
584 3742 758 3825 qnod
796 3744 1052 3824 tempus
1089 3741 1555 3826 propitiationis
1587 3761 1761 3807 nunc
1795 3742 1870 3826 (ο)

325 3850 626 3933 negligas
648 3850 673 3888 ⁹
703 3871 722 3916 ι
768 3873 801 3912 ιι
839 3850 1006 3917 Ante
1048 3849 1391 3932 iudicium,
1439 3851 1770 3934 interroga
1811 3855 1876 3916 te

324 3959 563 4043 ipsum,
589 3963 654 4024 et
669 3959 740 4025 in
769 3962 1114 4044 conspectu
1130 3958 1240 4025 Dei
1260 3959 1552 4027 invenies
1567 3961 1872 4044 propitia-

323 4065 582 4132 tionem.
609 4087 644 4127 ι

870 4237 1165 4310 SERMO
1207 4239 1325 4310 m.

400 4391 745 4461 Descendit
764 4391 872 4459 Ιιίσ
892 4391 1295 4475 iustificetur
1314 4394 1391 4460 tn
1407 4391 1667 4461 domm
1687 4407 1876 4460 swam

319 4500 404 4567 ab
425 4499 540 4567 tuo
566 4502 636 4565 ¹⁰.
658 4500 900 4566 Domus
913 4503 1015 4566 est
1033 4500 1334 4583 Ecclesia,
1347 4502 1452 4568 vel
1468 4501 1873 4569 conscientia.

321 4607 867 4674 emmeramum
893 4610 1110 4673 auvam
1139 4612 1256 4689 est,
1282 4611 1455 4694 quoe
1475 4591 1875 4694 quadruplex

326 4720 422 4781 est
470 4715 833 4781 descensus.
892 4715 1288 4782 Descendunt
1335 4715 1511 4781 enim
1555 4716 1872 4795 homines,

326 4827 386 4887 1.
412 4840 528 4907 per
551 4822 993 4888 numitionem
1024 4822 1112 4907 (d)
1139 4823 1495 4904 mortalem,
1522 4841 1636 4907 per
1659 4823 1876 4890 hnmi-

323 4930 649 4997 Rationem
660 4929 1157 5014 poenitentialem
1173 4952 1190 5011 ;
1208 4934 1271 4995 2.
1290 4947 1406 5016 per
1422 4932 1874 4999 resolutionem

319 5040 740 5124 corporalem,
760 5056 876 5124 per
889 5038 1357 5105 demersionem
1371 5039 1744 5107 infernalem
1752 5089 1768 5106 .
1788 5042 1874 5109 De

391 5201 407 5236 ¹
433 5204 652 5267 August.
679 5228 742 5240 —
768 5202 788 5232 ²
813 5199 1006 5264 Exod„
1029 5211 1158 5263 xxx,
1188 5201 1263 5251 16.
1285 5227 1348 5239 -
1369 5202 1389 5232 ⁸
1419 5203 1567 5266 Dan„
1598 5214 1670 5265 lv,
1701 5201 1780 5255 24.
1811 5231 1873 5243 —

326 5274 350 5310 ⁸
390 5275 603 5339 August.
637 5299 697 5311 -
733 5273 752 5304 ⁸
781 5265 928 5336 vid.‚‘
963 5272 1116 5322 Dom.
1155 5273 1205 5322 1.
1244 5275 1363 5337 post
1399 5273 1569 5337 Pent„
1606 5287 1760 5325 serm.
1802 5287 1870 5341 11,

323 5355 446 5409 pag.
477 5343 593 5409 327,
622 5344 723 5395 col.
755 5345 805 5394 2.
835 5368 898 5380 —
931 5342 955 5377 ⁸
982 5345 999 5393 1
1030 5344 1200 5407 loon„
1231 5355 1311 5406 w,
1349 5347 1428 5395 lo.
1453 5369 1514 5384 —
1541 5346 1565 5382 '¹
1592 5345 1750 5406 Rom„
1784 5358 1868 5410 ιιι,

324 5417 404 5465 25.
444 5440 500 5453 —-
550 5414 574 5451 ⁸
599 5414 735 5467 Psal.
777 5425 1006 5475 unm,
1037 5414 1086 5464 9.
1117 5440 1181 5451 -
1217 5415 1236 5445 ¹
1277 5415 1459 5479 teeti„
1501 5427 1663 5479 xvm,
1696 5419 1776 5469 20.
1808 5443 1871 5456 -

326 5486 365 5524 ¹⁰
394 5487 532 5551 Luc„
559 5498 723 5551 xvm,
751 5488 828 5539 14.
860 5511 916 5525 -
950 5487 985 5522 ²¹
1013 5484 1137 5548 lua..
1163 5498 1324 5550 xxxi,
1356 5493 1400 5540 ι.
1434 5513 1488 5526 --
1525 5489 1569 5527 ¹¹
1593 5489 1762 5553 Pipa,
1794 5501 1867 5554 ιν,

3402 490 3524 556 389

1976 619 2189 704 primo
2212 622 2257 658 ¹¹
2290 638 2309 686 z
2345 622 2490 688 «Vae
2514 622 2631 706 qui
2653 621 3049 689 descendunt
3072 624 3143 689 in
3170 623 3524 708 AEgyptum

1967 728 2058 793 *ad
2085 728 2405 795 auxilium
2441 728 2513 794 in
2547 730 2731 814 equis
2757 734 3107 813 sperantes.
3138 752 3171 792 n
3205 730 3526 814 AEgyptus

1975 834 2432 918 interpretatur
2467 837 2754 904 tenebroe.
2792 835 2907 903 Vae
2941 856 3099 920 ergo
3126 839 3238 922 qui
3264 837 3524 903 deseen-

1975 940 2140 1006 dunt
2162 943 2232 1007 in
2257 943 2551 1008 tenebras
2578 948 3009 1028 peccatorum,
3041 946 3346 1029 quoniam
3372 962 3524 1030 pro-

1976 1051 2118 1131 pter
2142 1050 2434 1115 tenebras
2458 1050 2751 1116 nesciunt
2776 1051 3038 1134 quaudo
3065 1051 3293 1118 cedant
3326 1051 3395 1115 in
3430 1051 3526 1116 io·-

1976 1173 2166 1220 veam
2195 1156 2426 1222 inim-ni
2454 1157 2499 1194 ¹⁸
2529 1178 2545 1221 ε
2586 1181 2618 1219 c
2643 1156 2766 1224 Via
2792 1157 3142 1241 impiorum
3168 1158 3527 1237 tenebrosa,

1977 1265 2270 1331 nesciunt
2314 1266 2431 1331 ubi
2463 1271 2798 1333 corruant.
2839 1289 2873 1328 n
2920 1266 3086 1352 Equi
3111 1286 3379 1351 corpora
3405 1286 3531 1333 no-

1976 1376 2109 1436 stra
2131 1376 2319 1453 sunt3
2351 1373 2527 1439 unde
2552 1374 2792 1440 ibidem
2817 1374 2864 1412 ¹⁸
2900 1390 2973 1437 :a
2992 1374 3158 1458 Equi
3184 1391 3410 1440 eorum
3435 1392 3527 1439 ca·

1976 1496 2077 1560 ro,
2105 1485 2169 1545 et
2194 1497 2326 1545 non
2352 1481 2634 1565 spiritus.
2664 1503 2696 1542 n
2731 1480 2866 1547 Hos
2892 1499 3092 1566 equos
3130 1482 3390 1566 spiritum
3423 1499 3533 1547 ra-

1977 1588 2264 1669 tionales,
2324 1590 2463 1657 sive
2515 1590 2774 1671 animae,
2828 1607 3058 1672 regere
3103 1591 3336 1655 debent
3384 1593 3535 1655 tan-

1977 1713 2177 1779 quam
2221 1696 2458 1762 milites
2501 1698 2595 1762 eis
2628 1697 2972 1764 insidentes
2995 1696 3041 1734 ¹⁸
3071 1718 3088 1763 ε
3121 1719 3154 1758 α
3186 1695 3408 1762 Mintia
3438 1701 3536 1763 est

1979 1805 2115 1869 vita
2136 1803 2424 1868 bominis
2449 1821 2647 1888 super
2672 1808 2934 1870 terram.
2961 1826 2994 1865 n
3030 1802 3100 1869 Si
3126 1804 3194 1868 in
3217 1804 3344 1869 hoc
3366 1821 3534 1887 equo

1977 1910 2191 1975 boum
2235 1909 2426 1975 miles
2466 1912 2689 1992 fueris,
2739 1915 2805 1976 et
2854 1911 3070 1977 hostes
3105 1911 3529 1995 superaveris,

1977 2021 2135 2081 tunc
2153 2018 2590 2098 coronaberis3
2614 2022 2679 2084 et
2693 2023 2932 2103 quanto
2947 2019 3530 2103 (e)equofueritpn-

1977 2143 2112 2208 gna
2132 2125 2521 2207 diuturnior,
2551 2131 2733 2192 tanto
2756 2126 2885 2192 erit
2910 2144 3146 2191 corona
3168 2125 3530 2209 gloriosior.

1979 2234 2326 2316 Gregorius
2349 2234 2395 2272 ²⁸
2427 2256 2444 2298 ε
2468 2255 2500 2296 ι
2528 2234 2737 2299 Labor
2758 2234 3152 2317 protrahitur
3169 2251 3436 2317 pugnae,
3461 2239 3536 2300 ut

1978 2347 2217 2408 crescat
2260 2360 2496 2407 corona
2540 2343 2847 2408 victoriae.
2892 2364 2923 2404 n
2977 2342 3052 2407 ln
3088 2342 3275 2426 equis
3316 2347 3535 2407 autem

1979 2451 2150 2516 male
2185 2456 2465 2534 sperant,
2506 2451 2621 2535 qui
2658 2449 2736 2516 de
2775 2449 3149 2516 fortitudine
3174 2454 3241 2516 et
3265 2450 3536 2515 sanitate

1978 2560 2260 2642 corporis
2309 2562 2792 2642 praesumentes,
2840 2558 3150 2623 differunt
3197 2559 3529 2642 poenitere.

1979 2664 2060 2731 Et
2087 2683 2257 2749 saepe
2283 2666 2570 2731 fallimur
2601 2666 2721 2750 (t');
2750 2664 3082 2730 Psalmieta
3125 2666 3171 2702 ¹‘
3204 2681 3223 2728 ε
3259 2686 3291 2727 ι
3318 2661 3538 2731 Fallax

1977 2791 2189 2858 equus
2257 2776 2338 2839 ad
2394 2775 2667 2840 salutem
2684 2822 2709 2855 ,
2736 2795 2768 2835 n
2821 2772 3128 2858 quoniam
3183 2777 3536 2857 antequam

1978 2882 2202 2964 sciant,
2235 2885 2463 2949 mortis
2491 2883 2714 2949 lancea
2740 2901 2909 2967 equo
2927 2882 3260 2961 transfixo,
3281 2881 3532 2966 ejicien-

1979 2996 2111 3057 tur.

2060 3097 2149 3163 De
2174 3097 2454 3163 secundo
2470 3097 2513 3137 ¹¹¹
2536 3120 2603 3162 ια
2625 3096 2968 3178 Descende,
2992 3097 3137 3163 fflde
3156 3098 3226 3162 in
3242 3097 3535 3188 pulvere,

1978 3207 2174 3289 virgo
2200 3206 2344 3270 fllia·
2360 3205 2665 3290 Babylon.
2704 3227 2736 3267 s
2783 3203 3068 3290 Babylon
3106 3207 3397 3288 contusio
3428 3207 3530 3271 in-

1977 3316 2385 3396 terpretatur.
2415 3311 2580 3377 Filia
2604 3311 2946 3396 Babylonis
2969 3313 3065 3378 est
3082 3314 3300 3378 anima
3315 3331 3535 3397 pecea-

1980 3424 2112 3489 trix
2154 3424 2421 3489 confusa
2463 3439 2680 3490 coram
2724 3423 2875 3503 Deo,
2920 3428 2985 3489 et
3025 3441 3239 3489 coram
3283 3424 3535 3507 angelis

1979 3531 2366 3596 aeternaliter
2396 3530 2840 3597 eonnmdenda
2855 3531 2903 3569 ¹⁸
2926 3553 2988 3596 :c
3007 3531 3448 3611 confunderis,
3470 3535 3536 3597 et

1979 3639 2315 3704 erubesces
2337 3638 2421 3703 ab
2444 3639 2624 3703 omni
2659 3638 2901 3705 malitia
2928 3643 3064 3705 tua.
3092 3660 3123 3700 n
3161 3637 3381 3722 Neque
3408 3639 3537 3704 ob-

1979 3751 2104 3813 stat
2130 3748 2305 3831 quod
2336 3745 2479 3811 talis
2494 3747 2711 3812 anima
2730 3747 2916 3830 virgo
2932 3748 3220 3813 dicatur:
3244 3750 3340 3812 est
3354 3746 3532 3811 enim

1971 3855 2365 3939 quandoque
2389 3854 2584 3937 virgo
2610 3872 2723 3938 per
2749 3857 3162 3937 apparentem
3190 3854 3534 3937 integrita-

1975 3968 2113 4027 tem
2164 3980 2380 4028 eoram
2441 3961 2860 4041 hominibus;
2917 3961 3028 4026 sed
3082 3964 3179 4025 est
3225 3961 3534 4027 meretrix

1979 4071 2258 4154 pessima
2283 4089 2397 4154 per
2413 4069 2729 4136 occultam
2746 4069 3149 4154 iniquitatem
3166 4086 3383 4134 eoram
3408 4067 3536 4135 Deo

1979 4183 2046 4244 et
2072 4180 2345 4262 angelis.
2369 4178 2769 4262 Quandoque
2792 4177 2990 4242 homo
3015 4179 3280 4260 apparet
3306 4175 3532 4257 fidelis,

1979 4293 2046 4355 et
2084 4306 2298 4354 comes
2330 4289 2433 4372 (q),
2463 4287 2565 4352 vel
2594 4286 2871 4364 amicus,
2901 4288 2966 4349 et
2991 4287 3087 4348 est
3114 4283 3399 4363 traditor,
3429 4283 3534 4349 vel

1981 4396 2258 4475 adulter,
2302 4394 2412 4461 vel
2456 4392 2777 4458 inimicus.
2821 4389 3232 4456 Bel-nardus:
3271 4412 3304 4452 α
3331 4387 3398 4456 Si
3419 4392 3532 4474 ju-

1981 4504 2333 4571 dicantium
2354 4519 2549 4585 super
2572 4500 2730 4565 facie
2755 4500 2860 4581 (h),
2888 4498 3088 4566 verbo
3112 4502 3178 4562 et
3206 4496 3395 4564 vultu
3424 4498 3536 4565 ho-

1982 4611 2263 4690 minum,
2315 4608 2648 4674 simulator
2700 4607 2924 4672 illudat
2975 4605 3369 4689 opinionem,
3418 4606 3534 4671 sed

1979 4736 2114 4784 non
2148 4720 2314 4803 ejus,
2340 4715 2456 4800 qui
2477 4714 2727 4799 judicat
2760 4730 2967 4795 renes,
3008 4716 3076 4778 et
3108 4713 3319 4794 corda,
3369 4712 3531 4778 fallit

1977 4826 2086 4893 vel
2110 4825 2326 4890 evadit
2345 4822 2687 4908 judicium.
2714 4843 2746 4882 n
2780 4820 2950 4885 Talis
2972 4837 3137 4902 ergo
3163 4819 3403 4900 anima,
3435 4824 3529 4885 et-

1979 4935 2035 4999 si
2069 4933 2325 5001 videtur
2362 4931 2579 5014 virgo,
2621 4934 2836 4995 tamen
2870 4931 3071 5010 fatua,
3114 4945 3248 4994 non
3283 4927 3530 4994 habens

1984 5108 2125 5158 19.-
2156 5106 2199 5142 ¹⁸
2219 5107 2343 5167 Iso..
2374 5115 2532 5169 xxx»,
2562 5083 2677 5156 3.·'-
2702 5104 2741 5140 ¹⁴
2766 5102 2879 5164 lob,
2904 5114 3000 5167 vn,
3031 5107 3141 5154 1.—
3172 5102 3209 5138 ¹⁸
3234 5102 3409 5166 Greg„
3427 5101 3530 5151 Μο-

1980 5176 2108 5239 ναῖ.,
2129 5176 2221 5228 lib.
2262 5178 2335 5240 X,
2365 5191 2411 5227 c.
2436 5187 2600 5239 nm,
2620 5189 2674 5226 n.
2704 5179 2792 5239 35,
2821 5175 2990 5239 quoad
3029 5186 3256 5224 sensum.
3286 5198 3345 5210 —
3376 5173 3413 5204 ¹⁸
3440 5172 3525 5223 Pe.

1979 5259 2158 5312 xxm,
2187 5251 2262 5301 1‘1.
2298 5271 2361 5286 -
2387 5249 2427 5285 ¹⁷
2456 5250 2577 5309 lna„
2598 5258 2778 5311 ιινιι,
2810 5251 2854 5302 1.
2884 5272 2946 5284 -
2969 5247 3015 5283 ¹⁸
3042 5248 3242 5306 lenm„
3266 5255 3411 5308 xxu,
3440 5247 3524 5295 m.

2050 5349 2118 5413 (α)
2143 5346 2264 5398 Coet.
2285 5347 2407 5397 edit.
2426 5347 2574 5398 de.—
2592 5345 2658 5409 (ὁ)
2687 5346 2806 5395 Item
2819 5344 3223 5409 propitiatorem.
3241 5369 3303 5382 -
3321 5342 3385 5405 (c)
3407 5343 3521 5406 129.

1978 5431 2107 5471 non.
2140 5446 2203 5458 —
2223 5418 2305 5484 (d)
2341 5420 2455 5483 129.
2492 5417 3033 5484 unnsgmsionem.—
3059 5416 3125 5479 (e)
3143 5415 3257 5479 toy.
3282 5414 3524 5479 equiti.—

1983 5493 2062 5557 Q‘)
2077 5493 2190 5558 ιη.
2202 5490 2503 5546 talinntur.-
2522 5490 2591 5558 (9)
2604 5489 2727 5560 leq.
2742 5485 2952 5542 comis.-
2971 5488 3039 5559 (h)
3053 5488 3177 5542 coet.
3187 5484 3520 5540 editsaciem.
