4059 6317
664 482 785 550 586

662 618 956 695 principio
990 630 1116 678 non
1141 619 1497 679 succurritur
1526 637 1541 677 ε
1573 626 1718 693 ergo
1743 628 1869 677 non
1895 617 2002 676 diu
2030 619 2118 677 est
2142 610 2207 676 in

565 739 574 748 ·
665 713 842 790 culpa
894 713 1193 786 standum,
1250 713 1358 771 sed
1383 712 1702 772 certissime
1750 711 1840 770 illi
1872 727 1979 787 per
2016 711 2206 787 poeni·

488 1393 640 1435 mem-

426 1453 568 1510 plum.

665 807 908 869 tentiam
937 810 1391 868 occurrendum.

734 903 955 962 Tertius
984 904 1138 978 ignis
1164 906 1251 962 est
1274 904 1428 976 ignis
1452 903 1715 978 probans
1744 905 1802 962 et
1838 902 2207 974 examinatae,

666 1012 787 1072 quo
805 1002 1041 1056 sanctus
1056 998 1398 1057 Laurentius
1410 997 1520 1055 fuit
1534 996 1716 1056 hodie
1733 996 2043 1071 probatus,
2061 994 2209 1052 dum

667 1091 727 1148 in
762 1091 1045 1150 craticula
1070 1092 1182 1150 fuit
1221 1091 1486 1150 adustus.
1519 1092 1657 1165 igne
1678 1091 1838 1149 enim
1866 1102 2046 1148 omne
2083 1105 2210 1147 me-

665 1188 874 1246 tallum
899 1184 1226 1262 probatum
1261 1196 1373 1245 nec
1400 1198 1669 1261 unquam
1693 1185 1907 1244 melius
1929 1184 2211 1243 denarius

665 1282 850 1341 falsus
893 1281 1205 1357 probatur,
1248 1280 1372 1338 sive
1417 1281 1809 1353 cognoscitur,
1857 1293 2043 1353 quam
2070 1279 2120 1336 si
2147 1278 2209 1335 in

665 1375 805 1448 igne
858 1380 1133 1449 ponatur.
1181 1377 1294 1432 vas
1347 1374 1506 1431 enim
1559 1373 1820 1431 solidum
1864 1378 1921 1430 et
1961 1372 2209 1447 plenum

668 1485 792 1527 non
817 1472 1019 1544 crepat
1044 1469 1125 1527 ad
1151 1469 1353 1542 ignem
1378 1467 1637 1543 positum
1653 1485 1669 1538 ;
1702 1466 1811 1524 sed
1853 1466 2054 1538 ignem
2085 1480 2211 1523 non

667 1563 912 1621 sustinet
928 1576 1205 1620 vacuum.
1223 1565 1373 1635 Ergo
1392 1577 1496 1619 vas
1512 1559 1794 1633 solidum,
1812 1574 1920 1617 vas
1939 1575 2208 1633 aureum,

667 1672 773 1714 vas
794 1656 1038 1731 plenum
1065 1655 1408 1713 Laurentius
1434 1654 1546 1712 fuit
1570 1671 1584 1712 ε
1610 1654 1713 1729 qui
1738 1654 1874 1726 igne
1899 1654 2209 1728 probatus,

665 1749 1013 1824 patientiam
1038 1765 1163 1808 non
1214 1749 1450 1823 01110011,
1505 1748 1612 1806 3οἀ
1656 1747 1819 1805 velut
1863 1747 2212 1806 fortissimus

667 1843 936 1919 clypeus,
991 1848 1203 1902 natura
1230 1841 1668 1913 adamantinus,
1724 1842 1890 1900 omni
1945 1841 2213 1915 periculo

669 1937 1006 1997 adversanti
1059 1952 1122 1994 se
1174 1937 1472 2012 opposuit.
1513 1937 1630 1995 Sed
1673 1934 1809 2011 quis
1850 1930 2035 1993 hodie
2089 1950 2213 1993 ser-

667 2034 770 2089 vat
790 2031 1130 2106 patientiam
1156 2031 1221 2088 in
1244 2030 1545 2089 adversis?
1571 2029 1799 2090 Similes
1826 2045 2028 2087 sumus
2046 2027 2213 2101 ligno

665 2125 952 2197 balsami,
1001 2124 1169 2200 quod
1191 2123 1360 2182 nullo
1395 2122 1580 2181 modo
1619 2122 1747 2181 vult
1774 2122 1975 2197 gladio
2013 2122 2211 2197 tangi3

667 2220 812 2291 imo,
855 2220 906 2276 si
947 2221 1169 2278 tactum
1201 2216 1395 2291 fuerit,
1433 2217 1624 2275 statim
1654 2217 1806 2292 perit
1853 2220 1891 2275 ¹.
1940 2216 2126 2289 Oliva,
2166 2216 2218 2276 si

666 2317 889 2387 putata,
919 2313 983 2370 in
1009 2311 1356 2370 collectione
1382 2310 1699 2383 fructuum,
1728 2311 1877 2369 sicut
1896 2326 2020 2368 nux
2042 2309 2214 2369 feria-

669 2409 767 2463 tur
796 2406 891 2480 (a),
910 2405 994 2463 sic
1013 2404 1390 2479 dedignatur,
1413 2406 1479 2461 ut
1501 2404 1733 2462 nullum
1760 2404 1822 2461 in
1850 2403 2048 2461 futuro
2067 2408 2217 2461 tem-

667 2518 813 2576 pore
839 2500 1091 2560 fructum
1117 2499 1284 2558 ferat.
1315 2500 1592 2558 Homines
1610 2516 1752 2573 ergo
1782 2499 1962 2558 nostri
1993 2503 2218 2573 tempo—

668 2596 750 2653 ris
784 2599 923 2653 sunt
968 2594 1043 2652 de
1087 2597 1299 2652 natura
1325 2594 1542 2666 cordis,
1599 2594 1767 2667 quod
1796 2593 1957 2666 tangi
1999 2593 2215 2666 renuit,

670 2688 766 2748 vel
794 2692 970 2762 tactu,
1009 2688 1107 2746 vel
1150 2704 1262 2747 acu
1292 2687 1425 2746 solo
1452 2692 1737 2762 punctum
1761 2688 1962 2745 vivere
2001 2686 2214 2746 renuit.

668 2786 799 2842 Non
825 2781 956 2840 talis
972 2782 1335 2854 Laurentius,
1364 2781 1467 2857 qui
1491 2781 1707 2840 ardens
1734 2781 1971 2839 dicebat
1993 2780 2216 2841 illud':

668 2878 801 2948 Iane
825 2892 908 2933 me
929 2878 1275 2934 examinasti.
1299 2878 1365 2933 Et
1385 2871 1702 2951 'propterea
1726 2874 1961 2933 dicebat
1977 2878 2019 2934 ⁸:
2046 2876 2221 2933 Proba

668 2987 773 3041 me,
819 2973 1064 3042 Domine,
1103 2976 1156 3028 et
1197 2974 1351 3027 tenta
1375 2986 1627 3028 mamre
1670 2984 1821 3029 renes
1846 2984 2009 3043 meos,
2039 2976 2091 3028 et
2130 2985 2219 3028 cor

669 3080 862 3123 meum.

740 3160 992 3228 Quartus
1033 3156 1189 3230 ignis
1233 3159 1321 3215 est
1370 3157 1524 3231 ignis
1581 3170 1847 3231 purgans
1888 3160 1946 3216 et
1988 3157 2220 3230 lavans,

672 3251 868 3327 qualis
884 3255 970 3310 est
996 3252 1056 3309 in
1076 3251 1441 3325 purgatorio.
1473 3250 1743 3310 Officium
1772 3252 1932 3310 enim
1957 3252 2108 3327 ignis
2136 3258 2224 3313 est

670 3361 950 3421 purgare,
1005 3349 1062 3402 01
1087 3344 1427 3418 rubiginem
1480 3361 1518 3403 a
1571 3345 1813 3404 metallo
1861 3346 2218 3419 abstergere.

674 3441 785 3511 Qui
822 3441 983 3498 enim
1025 3439 1198 3498 estin
1234 3442 1386 3498 statu
1412 3430 1637 3513 salutis,
1666 3443 1723 3498 et
1760 3439 2117 3499 sufficienter
2160 3457 2223 3500 se

676 3534 741 3592 in
793 3535 1064 3610 praesenti
1116 3546 1243 3592 non
1277 3532 1469 3608 punit,
1496 3533 1578 3591 ad
1622 3534 1822 3607 ignem
1872 3535 2221 3607 Purgatorii,

681 3628 826 3687 velit
874 3628 1043 3700 nolit,
1087 3629 1391 3702 perveniet
1440 3646 1455 3685 ε
1503 3629 1645 3701 31110
1688 3628 1900 3686 dicitur
1925 3627 1992 3683 ⁸:
2041 3648 2070 3683 α
2112 3631 2223 3700 Qui

680 3723 847 3781 timet
886 3722 1184 3797 pruinam,
1212 3722 1411 3781 veniet
1436 3738 1614 3797 super
1647 3734 1787 3780 eum
1811 3722 1936 3780 nix.
1966 3742 1996 3777 n
2026 3724 2223 3798 Soepe,

681 3816 827 3875 dum
855 3812 990 3892 q'uis
1016 3816 1200 3875 credit
1225 3831 1288 3873 se
1314 3832 1520 3874 ursum
1537 3815 1817 3889 effugere,
1848 3820 2058 3890 praeter
2083 3833 2224 3891 pro·

676 3911 936 3987 positum
964 3908 1170 3968 incidit
1193 3910 1256 3967 111
1282 3908 1537 3968 leonem.
1570 3910 1660 3970 Sic
1685 3913 1745 3968 et
1770 3910 1874 3984 qui
1901 3925 2008 3985 per
2023 3911 2219 3985 poeni-

677 4005 918 4063 tentiam
949 4004 1164 4078 refugit
1187 4004 1284 4062 1110
1317 4004 1539 4079 puniri,
1584 4004 1841 4077 graviori
1887 4008 2222 4063 reservatur

677 4097 957 4177 examini,
994 4098 1133 4171 quia
1168 4098 1516 4173 purgatorio
1543 4097 1688 4171 igni.
1727 4102 1793 4156 Et
1821 4097 1897 4155 de
1938 4098 2056 4156 hoc
2081 4099 2219 4172 igne

678 4190 892 4250 dicitur
909 4193 961 4250 ⁸:
977 4191 1493 4266 «uniuscujusque.
1505 4206 1657 4266 opus
1680 4190 2056 4249 manifestum
2075 4192 2217 4251 erit:

676 4284 818 4358 quia
858 4285 1323 4359 uniuscnjusque
1359 4298 1532 4359 opus,
1549 4285 1728 4359 quale
1753 4285 1844 4357 sit,
1875 4284 2029 4358 ignis
2055 4302 2218 4344 com-

674 4377 974 4451 probabit,
996 4381 1103 4436 etc.
1133 4398 1162 4431 n
1196 4380 1242 4438 Ο
1269 4382 1415 4452 quot
1431 4394 1633 4453 opera,
1665 4392 1801 4453 quse
1824 4392 1984 4436 nunc
2009 4379 2219 4437 viden-

674 4471 770 4527 tur
795 4484 998 4543 aurea,
1028 4473 1169 4530 tnnc
1206 4472 1580 4547 apparebunt
1602 4472 1784 4544 lutea,
1816 4478 2134 4546 contracta,
2164 4476 2220 4533 et

480 4586 649 4628 aarum
674 4576 852 4638 vana,
897 4564 1020 4623 sive
1046 4565 1244 4639 potius
1271 4565 1458 4624 nulla.
1501 4570 1725 4624 Aurum
1752 4565 1909 4624 enim
1937 4567 2220 4641 sophisti-

436 4647 636 4702 sophisti-

433 4720 548 4754 cum-

675 4670 835 4730 eum,
859 4658 984 4716 sive
1011 4657 1389 4717 artificialiter
1416 4658 1657 4732 factum,
1698 4660 1761 4717 in
1788 4660 1924 4734 igne
1973 4662 2217 4736 apposi-

674 4754 822 4825 tum,
861 4754 1107 4826 apparet
1137 4760 1261 4810 esse
1287 4752 1540 4811 nullum.
1568 4753 1660 4812 Sic
1683 4756 1741 4811 et
1767 4755 2074 4829 apparebit
2093 4771 2219 4813 esse

672 4846 734 4903 in
748 4846 1087 4921 purgatorio
1110 4847 1268 4918 igne,
1285 4847 1428 4920 quia
1455 4846 1642 4905 multa
1658 4862 1862 4921 opera,
1882 4864 2016 4922 quae
2030 4849 2218 4907 modo

672 4939 992 4997 creduntur
1019 4953 1145 4995 esse
1168 4954 1367 5010 aurea,
1399 4938 1770 5013 apparebunt
1794 4956 1966 4999 aerea.
1997 4948 2042 5002 Ο
2071 4945 2222 5017 quot

676 5034 813 5090 sunt
847 5032 1050 5105 hodie,
1090 5033 1195 5107 qui
1220 5033 1492 5093 videntur
1519 5033 1813 5093 aedificare
1853 5051 2087 5106 aurum,
2126 5052 2220 5095 ar·

680 5129 944 5199 gentum,
981 5128 1040 5184 et
1071 5125 1301 5201 lapides
1328 5126 1640 5201 pretiosos,
1672 5128 1778 5202 qui
1821 5129 2122 5187 invenient
2156 5146 2220 5187 se

738 5273 756 5308 ¹
798 5272 951 5337 Ptin„
981 5273 1112 5325 Hist.
1153 5277 1342 5337 natur„
1381 5275 1471 5326 lib.
1507 5276 1672 5343 xxti,
1708 5290 1754 5329 c.
1793 5289 1915 5330 xxv.
1944 5304 2005 5316 —
2036 5276 2218 5332 ¹Psa1.

688 5354 798 5409 xvi,
831 5346 960 5395 3.—
980 5344 1004 5380 ⁸
1035 5346 1173 5396 Psal.
1203 5360 1328 5410 xxv,
1355 5351 1402 5398 2.
1423 5373 1487 5386 —-
1509 5346 1657 5407 ⁸106,
1687 5361 1760 5414 vi,
1788 5352 1866 5401 16.
1895 5376 1956 5389 -
1984 5352 2007 5387 ⁸
2039 5350 2218 5414 icor„

686 5426 769 5481 111,
794 5416 874 5466 13.
897 5441 960 5455 -
984 5416 1007 5452 ⁸
1033 5417 1242 5484 Malae„
1268 5432 1360 5484 m,
1391 5424 1441 5472 2.
1472 5448 1525 5469 ψ-
1560 5422 1577 5453 ⁷
1603 5423 1724 5485 Ira„
1752 5434 1942 5487 xxxin,
1975 5425 2047 5475 11.

1637 478 2058 549 SERMONES
2098 482 2201 548 DE
2240 472 2593 548 SANchs.
2634 482 2895 550 mlx.

2313 617 2634 677 aedificasse
2676 618 2929 693 lignum,
2955 619 3185 678 foenum
3210 622 3269 677 et
3312 618 3614 694 stipulam,
3654 618 3723 677 id
3747 623 3847 694 est,

2312 722 2437 771 non
2460 726 2646 787 opera
2671 713 2971 781 sublimia,
2999 713 3106 771 sed
3132 712 3394 782 modica,
3423 714 3483 770 et
3504 713 3849 787 purgatione

2314 804 2518 878 digna.
2569 805 2683 865 Sed
2723 806 2857 881 quis
2897 804 3066 864 illam
3105 806 3604 864 examinationem
3646 807 3853 880 poterit

2313 898 2599 957 sustinere
2623 902 2653 957 ¹?
2679 901 2819 970 Quis
2854 902 3067 975 poterit
3106 900 3259 957 illud
3283 903 3409 957 tam
3436 914 3618 973 grave
3656 898 3852 958 incen-

2316 991 2484 1050 dium
2510 993 2759 1051 tolerare
2785 995 2815 1050 ‘i
2836 997 2900 1052 Et
2924 997 3124 1052 tamen
3149 993 3283 1069 quis
3311 994 3484 1051 illum
3512 994 3715 1062 ignem
3740 1009 3850 1069 po-

2314 1085 2445 1144 terit
2472 1085 2768 1145 declinare
2794 1088 2826 1143 1
2849 1090 2945 1146 Est
2968 1088 3150 1157 enim,
3175 1090 3243 1145 ut
3266 1087 3461 1146 Sancti
3478 1087 3701 1158 dicunt,
3729 1103 3852 1160 gra-
3906 1101 3990 1156 ιμ’,

2316 1181 2466 1252 vior‚
2510 1196 2695 1255 qnam
2739 1180 3071 1256 quidquam
3100 1181 3163 1238 in
3204 1181 3317 1239 hac
3343 1182 3465 1239 vita
3511 1181 3740 1257 portari
3778 1182 3850 1239 ab
3869 1174 4017 1282 3:⁶³:-

2315 1278 2520 1354 aliquo
2548 1283 2777 1354 potest:
2798 1282 2958 1338 etest
2981 1280 3094 1337 1100
3120 1280 3392 1354 praesenti
3418 1292 3602 1353 poena
3630 1278 3851 1337 dintur-
3870 1287 3923 1329 lh

2315 1371 2470 1444 nior,
2509 1376 2567 1431 et
2592 1376 2679 1431 est
2702 1373 2819 1453 hac·
2841 1372 3151 1447 temporali
3173 1382 3349 1447 poena
3392 1371 3849 1430 infructuosior:

2316 1466 2460 1539 quia
2488 1466 2614 1524 11ωο
2642 1466 2985 1541 temporalis
3009 1482 3188 1540 poena
3218 1472 3477 1525 meretur
3510 1467 3781 1542 palmam
3806 1469 3855 1523 et

2315 1558 2608 1633 gloriam3
2637 1560 2745 1618 sed
2780 1559 2879 1617 ille
2921 1560 3076 1633 ignis
3123 1560 3315 1619 solam
3364 1574 3612 1635 poenam
3663 1560 3857 1630 habet,

2316 1653 2424 1711 sed
2466 1653 2733 1727 palmam
2772 1669 2894 1711 non
2920 1653 3183 1712 habetet
3218 1654 3492 1726 gloriam.
3520 1654 3687 1712 Unde
3728 1653 3857 1729 plus

2317 1749 2594 1808 satisfacit
2632 1750 2731 1807 hic
2776 1749 2960 1808 homo
3014 1753 3131 1808 Deo
3166 1749 3345 1808 valde
3396 1750 3642 1811 modica
3687 1765 3859 1825 poena

2286 1843 2651 1909 ‚voluntarie
2701 1860 2813 1920 pro
2866 1843 3120 1917 peccatis
3172 1848 3496 1917 assumpta,
3545 1859 3735 1918 quam
3780 1843 3861 1901 ibi

2317 1938 2688 2013 permaxima
2735 1954 2752 1995 z
2798 1937 2920 1995 sive
2965 1936 3111 2011 quia
3162 1937 3247 1995 ibi
3311 1942 3399 1994 est
3464 1934 3860 1994 involuntaria

2321 2036 2430 2103 est,
2458 2031 2582 2089 sive
2610 2031 2781 2106 quia,
2810 2030 2858 2088 si
2898 2030 2983 2089 ibi
3027 2032 3113 2088 est
3137 2030 3493 2103 voluntaria,
3538 2034 3740 2088 tamen
3770 2045 3860 2088 ra·

2320 2125 2481 2183 tione
2508 2126 2689 2182 status
2715 2124 3121 2196 immeritoria‚
3146 2123 3310 2182 nulla
3351 2124 3557 2195 laude,
3586 2124 3687 2182 vel
3712 2140 3858 2199 prae-

2322 2219 2445 2277 mio
2511 2218 2713 2292 digna.
2762 2218 3027 2277 Timeant
3080 2218 3259 2292 igitur
3319 2222 3669 2292 peccatores
3712 2219 3861 2275 hunc

2320 2313 2542 2387 ignem,
2574 2312 2679 2388 qui
2704 2312 2852 2370 nihil
2895 2311 3179 2388 relinquit
3203 2311 3523 2382 intactum,
3577 2311 3680 2370 vel
3725 2313 3861 2370 nihil

2322 2407 2557 2483 penitus
2606 2406 2995 2481 impunitum,
3051 2406 3174 2464 sive
3220 2405 3473 2464 verbum
3518 2405 3701 2464 fuel-lt
3738 2422 3861 2479 per-

2323 2500 2659 2571 modicum,
2688 2499 2811 2558 sive
2838 2515 2992 2573 opus
3017 2499 3223 2558 Inutile
3260 2501 3517 2571 factum,
3556 2499 3687 2557 sive
3727 2499 3863 2574 quid

2324 2593 2631 2653 modicum
2665 2592 2732 2651 in
2767 2593 2949 2653 corde
2987 2596 3317 2668 pensatum.
3363 2592 3530 2650 Unde
3568 2591 3861 2652 dicitiu‘:

2330 2710 2361 2744 ι
2399 2688 2540 2758 Quis
2591 2688 2768 2747 stabit
2814 2690 2895 2745 ad
2942 2686 3270 2746 videndum
3309 2689 3501 2745 eum?
3539 2691 3673 2762 lpse
3718 2687 3866 2746 enim

2326 2783 2498 2858 quasi
2549 2781 2702 2855 ignis
2756 2780 3055 2851 conflans,
3110 2784 3168 2838 et
3218 2779 3390 2855 quasi
3444 2779 3639 2839 herba
3700 2779 3867 2838 fullo·

2326 2894 2493 2936 num.
2520 2896 2551 2934 11
2576 2876 2728 2950 ignis
2763 2875 3011 2934 enimin
3039 2874 3388 2933 conflatorio
3414 2890 3615 2948 usque
3653 2873 3734 2932 ad
3766 2872 3865 2931 011-

2327 2970 2493 3029 nima
2530 2971 2796 3045 penetrat
2846 2984 3024 3027 omne
3051 2968 3356 3026 metallum
3379 2985 3395 3024 ε
3416 2972 3478 3025 01
3501 2968 3672 3024 herba
3718 2970 3869 3036 111110-

2328 3082 2494 3135 num,
2544 3065 2689 3139 quia
2740 3063 2790 3120 si
2843 3063 3026 3121 carbo
3080 3060 3239 3119 cadit
3291 3062 3355 3118 in
3408 3076 3662 3135 panno,
3706 3061 3867 3119 etiam

2329 3159 2644 3217 minimum
2691 3158 2883 3233 pilum
2929 3155 3258 3225 consumit,
3299 3154 3446 3228 quia
3498 3154 3737 3212 nullum
3773 3154 3871 3212 erit

2331 3256 2451 3311 tam
2486 3267 2740 3327 parvum
2779 3253 3108 3325 peccatum,
3154 3248 3321 3323 quod
3348 3248 3429 3306 ab
3464 3246 3576 3305 1110
3615 3253 3870 3323 pertran-

2331 3351 2456 3404 seat
2481 3347 2616 3420 igne
2636 3361 2758 3403 non
2776 3348 3020 3413 tactum,
3046 3346 3103 3400 et
3125 3341 3378 3413 totaliter
3394 3356 3524 3399 non
3547 3344 3867 3399 excoctum.

2332 3443 2378 3501 Ο
2405 3439 2610 3498 fratres
2636 3438 2775 3506 mei,
2824 3437 2929 3512 qui
2957 3435 3142 3494 modo
3174 3434 3480 3493 modicam
3506 3434 3758 3506 febrem,
3784 3434 3867 3492 vel

2330 3534 2638 3592 modicum
2691 3546 3132 3607 quemcumque
3185 3528 3461 3587 dolorem
3497 3544 3626 3588 non
3647 3527 3867 3604 potestis

2331 3631 2474 3704 pati,
2498 3628 2645 3704 quid
2669 3628 2913 3699 facietis,
2942 3628 3232 3702 quantum
3259 3624 3563 3698 dolebitis,
3594 3629 3864 3701 quantum

2330 3723 2661 3800 plorabitis,
2687 3722 2793 3780 illo
2821 3720 3098 3780 incendio
3139 3718 3513 3792 inflammati,
3545 3723 3603 3778 et
3633 3718 3866 3778 totaliter

2331 3834 2369 3876 a
2390 3821 2585 3894 poenis
2627 3818 2892 3892 absorpti
2911 3820 2942 3876 i
2965 3819 3155 3875 Unum
3179 3819 3379 3873 tamen
3407 3815 3741 3873 maximum
3769 3814 3865 3873 bo·
3899 3821 4021 3938 Ξ

2329 3928 2476 3972 num
2524 3913 2623 3971 hic
2647 3912 2828 3971 habet
2864 3911 3035 3984 ignis,
3092 3910 3233 3984 quia
3268 3913 3515 3984 propter
3547 3909 3685 3981 hoc,
3715 3893 4006 3984 quod‘ff'*
3882 3950 3960 3993 ,αἱ
3979 3948 4035 3990 h,

2331 4012 2642 4083 peccatum
2672 4004 2984 4075 consumit,
3016 4006 3073 4062 et
3098 4005 3293 4062 solum
3316 4004 3396 4063 ad
3408 4006 3648 4079 tempus
3670 4003 3863 4074 existit,
3882 4024 3977 4057 ιιι.

2329 4099 2675 4161 hominem
2657 4116 2722 4157 10
2753 4098 3128 4157 securissimo
3154 4100 3306 4155 statu
3334 4098 3552 4171 ponit:
3584 4097 3745 4171 qnia,
3771 4096 3864 4170 qui

2329 4195 2413 4253 ibi
2456 4199 2541 4253 est
2568 4194 2813 4269 positus,
2842 4207 2880 4251 a
2905 4193 3099 4268 poenis
3124 4197 3210 4250 031
3235 4190 3617 4250 aeternalibus
3645 4189 3864 4248 absolu·

2328 4293 2443 4358 1113,
2468 4293 2525 4346 01
2569 4287 2644 4346 de
2673 4286 2791 4345 vita
2816 4290 2902 4345 est
2928 4290 3146 4344 aeterna
3171 4300 3433 4356 securus,
3458 4284 3737 4359 quamvis
3774 4284 3867 4342 ali·

2328 4382 2431 4457 qui
2451 4381 2621 4440 aliter
2643 4382 2947 4440 senserint.

2398 4475 2643 4545 Quintus
2699 4473 2856 4548 ignis
2883 4477 2970 4532 est
3019 4472 3174 4546 ignis
3222 4471 3491 4530 crucians
3519 4475 3580 4530 et
3602 4469 3863 4529 extermi-
3899 4472 4013 4578 ῑινιῡι,ν

2330 4582 2499 4626 nans.
2531 4571 2598 4628 Et
2623 4568 2721 4626 bie
2750 4567 2904 4641 ignis
2931 4571 3017 4625 est
3041 4568 3105 4624 in
3121 4565 3375 4638 inferno,
3401 4565 3573 4637 cujus
3591 4564 3864 4623 conflator
3899 4596 4013 4653 4⁸⁵²

2329 4662 2606 4722 diabolus
2633 4665 2736 4720 est.
2768 4661 2870 4719 Hic
2896 4661 3054 4718 enim
3081 4660 3238 4733 ignis
3272 4662 3360 4716 est
3384 4658 3707 4732 pessimus,
3734 4656 3863 4733 31110

2329 4750 3865 4830 03130010,3000κ110111010010111106003,οΜ

2325 4850 2502 4920 tivuS,
2532 4854 2608 4920 et,
2640 4847 2808 4923 quod
2830 4849 2918 4905 est
2943 4847 3181 4917 mirum,
3205 4845 3594 4920 reparativus.
3626 4847 3829 4904 11111111Ϊ
3844 4862 3861 4901 :

2333 4960 2364 4996 α
2383 4943 2521 5013 Quis
2540 4942 2613 5000 de
2639 4940 2814 4999 vobis
2830 4940 3041 5015 poterit
3066 4938 3335 4997 habitare
3362 4954 3503 4996 cum
3529 4938 3669 5012 igne
3697 4938 3864 4997 devo-

2330 5039 2496 5095 rante
2520 5036 2551 5092 ?
2578 5054 2607 5090 n
2641 5035 2851 5095 Mirum
2898 5033 3106 5106 valde,
3158 5032 3303 5107 quia
3347 5032 3453 5090 ille
3496 5033 3655 5106 ignis
3690 5035 3747 5091 et
3786 5036 3863 5090 est

2330 5128 2831 5205 importabilis,'et
2857 5130 3055 5185 tamen
3081 5130 3168 5185 est
3193 5126 3571 5200 inevitabilis,
3597 5130 3667 5186 ut
3691 5126 3860 5186 decli-

2328 5223 2460 5282 nari
2498 5238 2622 5281 non
2644 5222 2848 5297 possit.
2895 5223 2992 5279 Est
3025 5219 3189 5279 enim
3211 5218 3369 5293 ignis
3393 5234 3585 5296 usque
3611 5220 3691 5280 ad
3730 5234 3856 5278 con·

2397 5422 2465 5488 (a)
2496 5421 2648 5474 Forte
2675 5423 2772 5487 leo.
2801 5420 2970 5474 fuerit.
