4059 6317
1294 484 1396 553 DE
1437 486 1506 553 S.
1549 484 1853 553 ΤΗΟΜΑ.
1899 484 2163 554 SERMO
2205 489 2256 554 1.

169 641 359 703 quens
377 640 416 684 a
442 638 691 694 corona,
719 621 770 680 si
803 621 1001 682 solum
1031 637 1154 680 non
1181 621 1377 695 fugias
1411 623 1509 699 (a).
1551 643 1583 678 s
1626 621 1717 681 Ad

166 720 322 780 hanc
349 734 640 779 coronam
651 717 916 790 regalem
935 723 993 774 et
1016 717 1300 791 inclytam
1321 758 1341 787 ,
1371 720 1575 775 orante
1602 732 1715 790 pro

167 814 342 873 nobis
367 816 572 871 sancta
597 811 792 882 Lucia,
820 825 931 868 nos
952 810 1210 869 Christus
1234 810 1544 885 perducat.

364 1011 476 1085 DE
542 1009 608 1090 S.
672 1007 981 1082 THOMA
1046 1006 1499 1082 APOSTOLO

616 1162 873 1226 SERMO
918 1161 1206 1223 PRIMUS
1234 1162 1279 1221 ¹.

245 1286 392 1354 Quia
426 1284 622 1342 vidisti
659 1299 760 1348 mc,
795 1283 1020 1354 Thema,
1054 1282 1339 1339 credidisti
1365 1278 1410 1337 ².
1440 1279 1508 1337 Ut
1531 1279 1719 1338 verbo

170 1385 306 1442 utar
331 1381 517 1439 sancti
535 1379 799 1454 Gregorii
817 1380 841 1418 1
864 1398 879 1437 ;
911 1398 941 1433 α
960 1378 1114 1449 Quid
1135 1377 1288 1435 inter
1307 1376 1435 1435 hoec
1455 1374 1726 1434 animad-

170 1475 433 1535 vertitis?
469 1475 770 1549 Numquid
806 1489 947 1532 casu
978 1476 1209 1546 gestum
1236 1487 1364 1529 esse
1406 1470 1724 1541 credimuS,

174 1575 238 1627 ut
264 1570 484 1627 electus
505 1569 607 1627 ille
635 1568 983 1642 discipulus,
1009 1564 1254 1640 quando
1296 1563 1377 1622 ad
1404 1562 1726 1638 discipulos

173 1664 456 1722 Dominus
493 1667 578 1721 est
612 1662 940 1736 ingressus,
988 1666 1127 1720 tunc
1165 1659 1425 1731 deesset,
1454 1657 1562 1716 sed
1592 1660 1731 1732 post

172 1758 417 1816 veniens
446 1756 577 1816 aliis
603 1755 990 1815 referentibus
1030 1753 1295 1824 audiret,
1335 1751 1585 1811 audiens
1611 1751 1725 1809 du-

171 1850 386 1909 bitaret
401 1892 422 1922 ,
456 1850 737 1909 dubitans
785 1848 1092 1924 palparet,
1131 1845 1386 1921 palpans
1428 1845 1729 1904 crederet?

173 1946 302 2002 Non
328 1945 446 2001 hoc
477 1960 648 2015 casu,
673 1943 892 2017 inquit,
919 1941 1026 2000 sed
1056 1940 1261 1999 divina
1289 1938 1728 2013 dispensatione

173 2043 410 2112 gestum
459 2040 565 2096 est.
639 2037 768 2109 Egit
824 2036 985 2095 enim
1057 2032 1212 2091 miro
1281 2032 1468 2090 modo
1526 2031 1731 2089 divina

174 2131 511 2200 clementia,
543 2133 611 2189 ut
638 2129 966 2205 discipulus
994 2127 1293 2200 dubitans,
1326 2125 1474 2183 dnm
1511 2124 1576 2183 in
1600 2141 1730 2183 ma-

175 2225 362 2298 gistro
393 2224 642 2282 vulnera
682 2222 973 2298 palpabat
1012 2222 1078 2295 (b)
1108 2220 1323 2291 carnis,
1345 2235 1382 2277 a
1402 2218 1579 2277 nobis
1598 2218 1729 2275 vul-

176 2336 320 2377 nera
345 2317 687 2377 excluderet
721 2316 1100 2375 infidelitatis
1131 2336 1160 2373 ιο
1204 2318 1272 2375 Et
1297 2314 1502 2372 addit:
1538 2332 1568 2367 α
1597 2313 1731 2371 Plus
1764 2338 1770 2345 ·

175 2412 354 2471 nobis
393 2411 628 2471 Thomas
654 2410 975 2469 infidelitas
1011 2408 1089 2467 ad
1122 2408 1339 2479 fidem,
1371 2423 1556 2482 quam
1582 2406 1732 2463 fides

177 2505 613 2579 discipulorum
657 2503 1042 2577 credentium,
1090 2501 1347 2578 profuit:
1399 2500 1539 2575 quia
1585 2499 1732 2557 dum

177 2599 279 2657 ille
306 2598 615 2674 palpando
659 2598 738 2656 ad
781 2596 965 2656 fidem
1009 2596 1335 2668 reducitur,
1381 2610 1629 2652 manens
1667 2593 1731 2650 in

70 2714 74 2717 “
179 2692 300 2751 fide
319 2734 338 2765 ,
388 2692 554 2751 omni
599 2690 966 2749 dubitatione
1005 2689 1334 2765 postposita
1359 2687 1668 2746 solidatur.
1695 2708 1725 2742 ι»

185 2790 251 2844 Et
277 2787 341 2844 in
370 2787 491 2844 alio
513 2786 652 2844 loco
683 2784 824 2843 dicit
849 2786 872 2820 ⁴
900 2801 915 2841 ε
953 2802 983 2837 α
1001 2783 1188 2843 Minus
1213 2782 1360 2840 mihi
1387 2780 1734 2855 Magdalena

182 2880 464 2951 contulit,
504 2896 639 2954 quae
682 2878 797 2938 cito
841 2877 904 2951 (c)
947 2876 1231 2948 credidit,
1262 2892 1446 2951 quam
1480 2876 1733 2933 Thomas

182 2976 289 3050 qni
311 2974 627 3033 dubitavit.
644 2993 673 3028 n
698 2971 1010 3031 Concludit
1027 2986 1168 3043 ergo
1188 2969 1499 3044 Gregorius
1515 2970 1557 3025 ⁸:
1579 2973 1734 3045 Apo·

176 3069 366 3126 stolus
387 3083 533 3141 ergo
551 3066 818 3143 palpavit
846 3066 944 3139 (d),
976 3069 1033 3123 et
1056 3062 1443 3131 exclamavit:
1475 3066 1734 3120 Dominus

173 3180 326 3221 meas
351 3206 373 3235 ,
412 3168 463 3220 et
490 3166 630 3220 Deus
665 3177 831 3219 meus.
863 3164 1018 3218 Bene
1060 3174 1205 3232 ergo
1234 3157 1517 3216 Dominus
1544 3156 1686 3214 dicit
1714 3173 1730 3214 :

175 3258 326 3327 Quia
350 3257 551 3313 vidisti
573 3272 684 3327 me,
737 3256 953 3325 Thema,
989 3253 1295 3311 credidisti.
1326 3253 1392 3309 ln
1433 3266 1555 3325 quo
1597 3265 1730 3308 ver-

169 3351 258 3409 bo
289 3350 642 3408 describitur
670 3348 983 3423 Apostolus
1013 3345 1093 3404 ad
1123 3346 1246 3404 duo
1273 3363 1289 3401 ε
1319 3344 1515 3419 primo
1545 3359 1734 3418 quan·

172 3449 305 3503 tum
332 3443 414 3502 ad
440 3443 649 3515 fidem,
680 3458 802 3518 qna
827 3441 1120 3500 Christum
1145 3438 1391 3513 agnovit
1416 3457 1435 3510 3
1467 3437 1730 3496 secundo

169 3541 470 3613 quantum
510 3538 590 3595 ad
633 3536 925 3613 rationem
940 3578 960 3608 ,
1005 3551 1140 3609 quae
1181 3549 1320 3591 eum
1366 3533 1571 3590 movit.
1620 3534 1732 3589 Ista

168 3631 342 3691 enim
368 3631 491 3689 duo
510 3630 754 3689 fidelem
779 3630 977 3687 virum
1012 3626 1346 3703 perficiunt,
1385 3626 1607 3683 scilicet
1634 3643 1650 3683 :
1681 3626 1730 3683 si

169 3725 366 3784 fidem
416 3724 663 3796 habeat,
702 3739 837 3799 quoe
874 3737 1122 3781 summoe
1164 3719 1389 3778 veritati
1417 3719 1727 3794 inhaereat3

166 3823 230 3878 et
255 3818 556 3877 rationem
572 3815 961 3892 postmodum
979 3814 1184 3887 addat,
1214 3829 1335 3888 qua
1352 3813 1520 3888 quod
1547 3814 1733 3872 credit

164 3911 504 3986 intelligat,
541 3917 608 3971 ut
653 3915 858 3970 contra
894 3908 1199 3968 haereticos
1235 3907 1553 3967 defendere
1578 3907 1731 3966 illud

163 4008 340 4067 sciat.
397 4008 642 4065 Notatur
693 4020 837 4077 ergo
901 4003 1100 4078 primo
1151 4001 1303 4059 fides
1357 4002 1683 4076 apostolica
1708 4044 1729 4074 ‚

164 4103 426 4180 quando
452 4102 703 4160 dieitur:
737 4100 1056 4158 credidisti.
1086 4100 1327 4156 Notatur
1354 4096 1618 4156 secundo
1640 4114 1730 4156 ra·

163 4201 256 4259 tio
289 4198 374 4258 ad
404 4195 770 4255 credendum
806 4193 1052 4266 motiva,
1093 4208 1232 4251 cum
1269 4190 1512 4251 additur
1541 4212 1556 4250 :
1586 4194 1731 4262 Quia

159 4294 375 4351 vidisti
401 4306 503 4349 me.
548 4290 696 4348 Nota
729 4293 927 4346 tamen
978 4286 1306 4344 secundum
1343 4285 1689 4359 Gregorium
1706 4328 1725 4359 ,

161 4387 345 4463 quod
373 4384 688 4459 Apostolus
716 4384 738 4419 ⁸
769 4401 799 4436 ι
824 4380 990 4441 alind
1034 4379 1218 4451 vidit,
1246 4384 1303 4437 et
1338 4379 1504 4437 aliud
1534 4378 1727 4439 credi-

161 4482 313 4540 dit.»
349 4483 500 4538 Nam
521 4476 832 4536 hominem
869 4474 1058 4546 vidit,
1087 4473 1194 4531 sed
1226 4474 1411 4531 Deum
1455 4473 1724 4532 credidit.

157 4580 318 4635 Nam
345 4572 652 4631 hominem
672 4570 844 4643 vidit,
875 4572 932 4627 et
963 4568 1101 4627 ideo
1127 4566 1515 4625 exclamavit:
1548 4571 1732 4624 Domi-

159 4685 271 4727 nus
298 4682 477 4733 meus,
505 4670 558 4723 et
585 4667 726 4722 Deus
754 4679 918 4721 incias.
948 4665 1077 4720 Non
1106 4660 1265 4719 enim
1291 4659 1464 4733 fidae,
1491 4659 1599 4717 sed
1625 4676 1726 4717 ve-

157 4762 313 4822 ritas
339 4760 475 4835 ipsa
507 4758 740 4830 fuisset,
767 4772 880 4816 nec
921 4756 1198 4815 meritum
1236 4753 1559 4826 habuisset,
1590 4753 1638 4810 si
1665 4753 1728 4810 in

161 4872 283 4914 sua
331 4860 548 4912 natura
595 4855 777 4910 Deum
820 4850 1081 4909 vidisset.
1129 4849 1278 4920 Quia
1301 4850 1324 4886 '¹
1357 4868 1387 4903 α
1413 4847 1564 4906 fides
1604 4863 1729 4906 non

159 4949 362 5009 babet
387 4946 687 5019 meritum,
714 4945 809 5005 cui
833 4945 1101 5003 bumana
1124 4943 1275 5015 ratio
1295 4943 1527 5019 praebet
1551 4957 1732 5017 expe·

159 5178 166 5183 -
233 5148 251 5182 ¹
292 5144 450 5195 Hunc
500 5142 656 5193 habet
702 5141 824 5192 edit.
865 5141 1062 5204 Hagen.
1100 5151 1185 5189 an.
1232 5140 1370 5190 1496.
1409 5162 1470 5176 —
1510 5138 1527 5168 ²
1561 5137 1729 5202 loun„

163 5231 261 5281 xx,
295 5218 387 5265 29.
417 5242 471 5251 —
501 5215 524 5249 ⁸
552 5215 787 5278 Gregor.,
815 5214 868 5262 in
895 5212 1112 5275 Evany..
1150 5209 1291 5260 hom.
1325 5221 1478 5274 xxv1,
1506 5222 1560 5258 n.
1589 5212 1635 5258 Ἰ.
1666 5236 1728 5246 --

163 5293 182 5321 ⁴
212 5288 376 5349 thid„
402 5287 546 5338 hom.
572 5296 724 5348 xxix,
749 5297 803 5334 n.
834 5288 947 5334 1.-
970 5283 992 5319 ⁸
1021 5282 1116 5345 ld,
1143 5281 1289 5331 hom.
1323 5291 1469 5342 xxvl,
1505 5292 1559 5329 n.
1593 5281 1641 5328 8.
1667 5306 1729 5317 -

161 5365 183 5394 ⁸
219 5362 413 5423 Greg„
442 5358 497 5407 in
526 5357 742 5421 Evany„
769 5355 914 5406 hom.
945 5365 1089 5417 xxvi,
1117 5366 1171 5401 n.
1203 5356 1252 5404 8.
1281 5378 1343 5389 -
1370 5351 1393 5387 ⁷
1419 5350 1567 5412 thid„
1596 5364 1649 5401 n.
1686 5356 1726 5400 1.

158 5458 227 5472 -
270 5432 294 5464 ⁸
339 5429 552 5490 uuum,
601 5440 674 5492 xl,
714 5429 794 5480 29.
839 5454 893 5464 --
942 5427 963 5457 ⁹
1002 5427 1240 5489 Gregor„
1281 5422 1466 5486 Epist„
1509 5421 1597 5472 lib.
1642 5423 1729 5486 Vl,

460 5535 610 5585 Tou,
653 5535 790 5580 xm.

1828 621 2166 682 timentum.
2197 644 2227 681 u
2255 627 2407 697 Ergo
2423 618 2738 699 Apostolus
2758 614 3061 685 hominem
3083 627 3373 689 Christum

1829 717 1997 787 vidit,
2034 718 2142 776 sed
2177 733 2389 776 verum
2425 719 2626 792 Deum,
2666 723 2724 777 et
2757 720 3026 778 omnium
3060 723 3373 782 Dominum

1831 810 2083 868 credidit
2109 827 2252 870 esse.
2299 814 2374 869 De
2412 813 2640 870 visione
2667 814 2726 871 et
2753 814 2870 872 fide
2898 814 2961 872 in
3001 816 3377 875 sermonibus

1833 902 1964 961 aliis
1991 904 2191 962 recolo
2220 921 2316 963 me
2349 905 2535 964 multa
2561 906 2799 981 dixisse,
2830 924 2965 984 quae
2994 914 3241 983 possunt
3274 910 3376 969 hic

1830 996 2160 1069 praedicari.
2182 1002 2274 1056 Est
2294 1016 2435 1073 ergo
2454 1001 2806 1073 notandum,
2834 1003 2997 1077 quod
3019 1020 3156 1062 cum
3176 1010 3376 1064 sancto

1833 1092 2116 1166 Apostolo
2133 1095 2388 1168 quatuor
2405 1092 2610 1152 videre
2632 1095 2922 1154 debemus
2945 1115 2960 1154 z
2984 1097 3184 1172 primo
3208 1113 3381 1156 mun-

1835 1182 1983 1240 dum
2013 1184 2404 1257 deficientem,
2446 1194 2511 1245 ut
2549 1189 2747 1262 ipsum
2782 1195 3256 1262 contemnamus3
3286 1206 3379 1248 se·

1836 1277 2036 1335 cundo
2065 1293 2304 1337 carnem
2330 1279 2710 1352 inficientem,
2738 1285 2805 1340 ut
2831 1282 2908 1341 ab
2946 1299 3017 1341 ea
3048 1284 3378 1358 fugiamus3
3450 1300 3457 1309 ·

1833 1371 2005 1428 tertio
2057 1372 2368 1431 diabolum
2412 1374 2825 1448 seducentem,
2860 1377 2985 1435 sive
3029 1394 3139 1452 per
3178 1395 3383 1452 super-

1836 1462 2001 1522 biam
2029 1471 2420 1540 corruentem,
2458 1470 2526 1525 ut
2559 1467 2638 1526 ab
2679 1485 2751 1526 eo
2790 1485 3139 1543 caveamus;
3171 1475 3384 1545 quarto

1839 1558 2154 1617 Dominum
2207 1565 2555 1632 vocantem,
2603 1565 2669 1619 ut
2714 1564 2885 1636 sequi
2935 1564 3382 1623 contendamus.

1838 1654 1934 1710 Est
1960 1657 2158 1711 autem
2186 1654 2309 1712 haec
2345 1654 2639 1714 distinctio
2670 1660 2904 1731 sumpta
2925 1658 3096 1731 juxta
3134 1661 3387 1719 auctori·

1842 1748 2017 1804 tatem
2041 1748 2342 1819 Bernardi,
2375 1749 2477 1822 qui
2506 1748 2664 1823 dicit,
2690 1750 2857 1825 quod
2882 1756 3058 1811 vocat
3080 1768 3193 1811 nos
3217 1769 3387 1812 mun·

1843 1838 1977 1909 duS,
2017 1845 2193 1899 vocat
2232 1857 2371 1900 caro
2414 1844 2537 1901 sive
2586 1859 2823 1919 corpus,
2870 1851 3044 1904 vocat
3087 1846 3387 1920 diabolus,

1841 1936 2020 1991 vocat
2043 1933 2318 1992 Christus.
2349 1936 2598 1996 Mundus
2622 1941 2680 1996 et
2706 1954 2845 1997 caro
2876 1939 3055 1998 dicit:
3084 1941 3282 1999 Venite
3308 1941 3389 2000 ad

1842 2042 1961 2099 me,
1992 2030 2051 2085 et
2069 2044 2181 2100 ego
2207 2028 2502 2104 decipiam
2520 2047 2648 2090 vos.
2683 2031 2964 2091 Diabolus
2989 2032 3165 2092 dicit:
3192 2034 3388 2094 venite

1845 2121 1925 2179 ad
1973 2139 2094 2193 me,
2140 2126 2198 2182 et
2237 2139 2349 2197 ego
2379 2124 2672 2200 decipiam
2712 2140 2841 2186 vos.
2872 2127 3132 2186 Christus
3170 2126 3383 2187 dicit⁸:

1849 2238 1878 2269 «
1905 2217 2105 2276 Venite
2134 2218 2214 2276 ad
2239 2235 2359 2290 me,
2389 2224 2446 2278 et
2469 2236 2581 2293 ego
2608 2219 2874 2279 reficiam
2898 2237 3028 2280 vos.
3056 2243 3086 2277 ι»

1917 2310 2058 2368 Dico
2085 2327 2228 2384 ergo
2258 2314 2423 2387 quod
2455 2316 2590 2372 ante
2627 2315 2831 2373 omnia
2866 2315 3071 2374 videre
3100 2315 3389 2377 debemus

1843 2406 2136 2463 mundum
2155 2405 2544 2477 deficientem,
2562 2408 2832 2481 utipsum
2841 2424 2963 2468 non
2980 2425 3267 2481 amemus,
3285 2411 3391 2469 sed

1844 2505 2311 2558 contemnamus,
2341 2503 2509 2571 Nam,
2543 2504 2609 2559 ut
2634 2502 2945 2574 Gregorius
2972 2503 3113 2561 dicit
3137 2505 3196 2561 ⁹:
3233 2507 3389 2562 «Fu-

1846 2592 2098 2667 giendus
2124 2594 2222 2651 hic
2248 2594 2511 2652 mundus
2532 2598 2701 2663 esset,
2735 2596 2912 2654 etiam
2939 2596 2989 2653 si
3009 2611 3122 2655 nos
3144 2609 3392 2673 prospe-

1843 2688 1924 2743 ris
1954 2687 2236 2746 omnibus
2277 2687 2655 2747 demulceret.
2687 2692 2835 2747 Cum
2870 2705 3013 2763 ergo
3045 2706 3157 2749 nos
3183 2694 3270 2749 tot
3293 2707 3393 2749 ca-

1843 2780 2210 2839 lamitatibus
2234 2781 2455 2855 pulsat,
2484 2786 2571 2840 tot
2596 2783 2879 2857 angustiis
2905 2785 3155 2857 premit,
3181 2788 3268 2843 tot
3294 2784 3394 2843 de-

1842 2872 2093 2931 fectibus
2137 2875 2338 2947 agitat,
2382 2875 2529 2949 quid
2564 2875 2731 2934 aliud
2771 2893 2954 2951 quam
2994 2893 3071 2935 ne
3113 2877 3394 2952 diligatur

1846 2968 2107 3026 clamat?
2133 2971 2286 3041 Ergo
2314 2973 2380 3027 ut
2404 2970 2601 3043 ipsum
2627 2986 2754 3029 non
2780 2987 3085 3043 amemus,
3112 2972 3220 3030 sed
3253 2972 3392 3030 vili-

1843 3062 2215 3135 pendamus,
2244 3062 2372 3135 eJus
2399 3064 2714 3122 continuos
2752 3063 3013 3123 defectus
3039 3065 3393 3141 aspiciamus

1844 3154 1906 3212 in
1933 3156 2214 3215 omnibus
2232 3159 2361 3229 ejus
2381 3157 2671 3231 partibus,
2686 3178 2717 3213 ι»
2735 3158 2828 3217 Sic
2846 3160 3008 3217 enim
3024 3159 3297 3219 scribitur
3314 3159 3389 3219 ¹⁰:

1850 3269 1879 3302 α
1902 3250 2118 3323 Aspexi
2140 3255 2376 3323 terram,
2407 3255 2465 3310 et
2493 3268 2628 3310 ecce
2641 3268 2831 3311 vacua
2848 3256 2994 3325 erat,
3023 3258 3081 3312 et
3104 3252 3302 3326 nihili3
3335 3256 3395 3312 et

1844 3345 2047 3418 coelos,
2079 3346 2138 3403 et
2174 3361 2297 3404 non
2333 3351 2457 3404 erat
2492 3346 2597 3403 lux
2633 3348 2696 3404 in
2732 3348 2836 3406 eiS.
2884 3347 3015 3405 vidi
3041 3351 3292 3418 monte5‚
3333 3349 3393 3404 et

1845 3455 1979 3497 ecce
2007 3439 2425 3511 movebantur,
2454 3443 2511 3498 et
2535 3440 2716 3498 colles
2750 3457 2958 3499 omnes
2982 3441 3202 3501 turbati
3233 3446 3387 3499 sunt.

1844 3532 2088 3590 intuitus
2115 3550 2269 3604 sum,
2298 3537 2356 3591 et
2379 3548 2504 3592 non
2539 3536 2665 3592 erat
2685 3534 2870 3593 homo
2888 3576 2909 3604 ,
2937 3537 2997 3593 et
3020 3551 3199 3593 omne
3224 3534 3391 3594 vola-

1841 3626 1938 3683 tile
1961 3626 2092 3684 coeli
2124 3627 2378 3686 recessit.
2407 3648 2436 3683 n
2460 3630 2589 3686 Haec
2613 3628 2799 3687 verba
2823 3628 3029 3688 omnia
3052 3632 3265 3688 sonant
3283 3644 3390 3689 va-

1842 3719 2082 3778 nitatem
2124 3726 2182 3779 et
2210 3721 2648 3781 instabilitatem
2691 3721 2755 3779 in
2794 3722 3075 3781 omnibus
3118 3722 3387 3798 partibus

1842 3811 2112 3871 mundis
2132 3814 2341 3873 Omnia
2372 3815 2531 3872 enim
2555 3814 2597 3853 ¹¹
2616 3818 2754 3874 sunt
2777 3816 3021 3875 vanitati
3047 3816 3332 3890 subjecta,
3349 3836 3379 3872 n

1841 3908 1983 3981 quia
2011 3907 2088 3964 de
2133 3907 2317 3966 nihilo
2359 3909 2545 3980 facta,
2577 3911 2636 3967 et
2672 3913 2739 3967 ut
2777 3910 3092 3984 Gregorius
3127 3910 3270 3968 dicit
3293 3909 3337 3946 ¹¹
3367 3927 3382 3968 ε

1844 4020 1874 4055 ι
1901 4001 2179 4059 Universa
2204 4001 2269 4059 in
2293 4000 2545 4060 nihilum
2574 4002 2898 4075 tenderent,
2926 4004 2976 4060 si
3001 4017 3126 4061 non
3159 4019 3232 4062 ea
3257 4018 3386 4063 ma-

1838 4110 1953 4152 nus
1972 4094 2304 4153 conditoris
2330 4095 2622 4154 retineret.
2653 4117 2683 4152 ιι
2723 4098 2869 4155 Nam
2901 4098 2947 4134 ¹⁸
2980 4115 3009 4151 α
3032 4102 3089 4155 et
3113 4097 3389 4158 universa

1839 4190 2089 4248 vanitas.
2109 4209 2138 4245 n
2163 4189 2317 4260 Quid
2336 4189 2412 4247 de
2437 4191 2657 4249 caeteris
2673 4190 3046 4249 sentiendum
3066 4191 3160 4265 sit,
3187 4190 3389 4252 videa-

1842 4300 1992 4342 mus.
2026 4284 2211 4353 Quem
2238 4284 2398 4342 enim
2417 4284 2739 4359 praesulum
2760 4287 3183 4359 Romanorum,
3204 4300 3386 4361 quem

1841 4380 2134 4435 Cassarum
2147 4378 2438 4447 omnium,
2459 4377 2585 4437 sive
2610 4393 2841 4450 regum,
2866 4380 3126 4438 mundus
3144 4379 3242 4438 hic
3260 4395 3386 4438 non

1841 4470 2102 4546 decipit?
2131 4472 2235 4530 Cui
2261 4487 2385 4529 non
2407 4470 2643 4529 deficit?
2667 4472 2758 4531 Sic
2786 4472 2946 4531 enim
2964 4472 3177 4531 dicitur
3193 4473 3257 4531 in
3282 4477 3387 4532 Le-

1839 4565 2040 4639 genda
2064 4565 2248 4623 sancti
2273 4564 2598 4624 sebastiani
2619 4583 2633 4621 z
2663 4587 2691 4617 «
2710 4565 2803 4624 Sic
2824 4566 3087 4635 mundus
3112 4567 3190 4626 ab
3216 4566 3384 4626 initio

1841 4676 2048 4720 omnes
2074 4659 2295 4732 fefellit,
2325 4664 2391 4718 ut
2416 4659 2695 4744 omnibus
2719 4662 3005 4736 probetur
3021 4662 3199 4721 fuisse
3221 4679 3388 4721 men·

1841 4756 2042 4812 titus.»
2067 4754 2230 4812 Unde
2257 4753 2471 4813 dicitur
2500 4756 2578 4811 ²⁸:
2609 4755 2757 4814 «Ubi
2779 4761 2915 4815 sunt
2928 4757 3224 4831 principes
3241 4773 3386 4831 gen·

1842 4848 2024 4921 tium,
2072 4847 2176 4923 qui
2224 4848 2687 4909 dominabantur
2731 4866 2910 4925 super
2951 4850 3170 4910 bestias
3186 4894 3206 4924 ‚
3253 4854 3386 4925 quas

1840 4946 1976 5000 sunt
2016 4958 2197 5017 super
2226 4947 2441 5001 terram
2452 4963 2470 5017 ;
2503 4944 2611 5019 qui
2649 4950 2958 5018 argentum
2994 4943 3386 5005 thesaurizant

1843 5116 1990 5181 epist.
2023 5129 2171 5169 xxva
2201 5140 2260 5152 -·-
2305 5119 2346 5152 ¹⁰
2381 5117 2586 5179 Jerem„
2624 5128 2698 5182 w,
2737 5120 2905 5170 23-25.
2932 5146 2995 5157 -
3020 5121 3061 5155 11
3086 5119 3274 5182 Εοοίε.,
3302 5131 3383 5186 111,

1843 5191 2008 5314 33-13
2056 5192 2094 5224 ²²
2131 5192 2344 5253 Gregor.
2373 5214 2437 5224 -
2478 5191 2518 5223 ¹⁸
2554 5190 2732 5251 tic-cle„
2775 5203 2820 5254 1,
2852 5193 2902 5240 2.
2943 5218 3004 5228 —
3040 5191 3081 5226 ¹⁸
3113 5193 3259 5255 Bar„
3292 5203 3381 5255 ιιι,

1906 5356 1976 5416 (α)
2015 5353 2138 5403 Coet.
2183 5351 2304 5402 edit.
2351 5352 2625 5415 fugiamus.
2678 5378 2732 5388 —-
2783 5352 2854 5416 (b)
2899 5352 2985 5404 Al.
3030 5350 3277 5420 palparet,
3314 5360 3386 5395 ζ

1845 5425 1902 5486 (c)
1935 5424 2021 5473 ΔΙ.
2052 5423 2218 5474 citius,
2248 5448 2307 5460 -—
2336 5422 2412 5487 (d)
2445 5423 2597 5487 Greq.
2623 5420 2770 5473 habet
2789 5424 3023 5477 credidit.
3143 5420 3153 5430 ”
3310 5446 3347 5453 ·-

3058 5522 3137 5584 33
