<?xml version="1.0" encoding="UTF-8"?>
<!DOCTYPE html PUBLIC "-//W3C//DTD XHTML 1.0 Transitional//EN"
    "http://www.w3.org/TR/xhtml1/DTD/xhtml1-transitional.dtd">
<html xmlns="http://www.w3.org/1999/xhtml" xml:lang="en" lang="en">
 <head>
  <title>
</title>
<meta http-equiv="Content-Type" content="text/html;charset=utf-8" />
  <meta name='ocr-system' content='tesseract 3.04.00' />
  <meta name='ocr-capabilities' content='ocr_page ocr_carea ocr_par ocr_line ocrx_word'/>
</head>
<body>
  <div class='ocr_page' id='page_1' title='image "./srecardinalissb02peltgoog_0277.png"; bbox 0 0 4059 6317; ppageno 0'>
   <div class='ocr_carea' id='block_1_1' title="bbox 816 554 2782 632">
    <p class='ocr_par' dir='ltr' id='par_1_1' title="bbox 816 554 2782 632">
     <span class='ocr_line' id='line_1_1' title="bbox 816 554 2782 632; baseline -0.003 -2"><span class='ocrx_word' id='word_1_1' title='bbox 816 561 1197 632; x_wconf 78' lang='lat' dir='ltr'><strong>DOMINICA</strong></span> <span class='ocrx_word' id='word_1_2' title='bbox 1236 561 1290 627; x_wconf 86' lang='lat'><strong>11</strong></span> <span class='ocrx_word' id='word_1_3' title='bbox 1329 558 1533 629; x_wconf 81' lang='lat' dir='ltr'>POST</span> <span class='ocrx_word' id='word_1_4' title='bbox 1571 554 1954 629; x_wconf 71' lang='lat' dir='ltr'>OCTAVAM</span> <span class='ocrx_word' id='word_1_5' title='bbox 1997 554 2348 627; x_wconf 73' lang='lat' dir='ltr'><strong>PASGHAE.</strong></span> <span class='ocrx_word' id='word_1_6' title='bbox 2391 558 2658 626; x_wconf 77' lang='lat' dir='ltr'>SERMO</span> <span class='ocrx_word' id='word_1_7' title='bbox 2705 558 2782 625; x_wconf 85' lang='grc' dir='ltr'><strong>ΙΙ.</strong></span> 
     </span>
    </p>
   </div>
   <div class='ocr_carea' id='block_1_2' title="bbox 224 696 1752 3892">
    <p class='ocr_par' dir='ltr' id='par_1_2' title="bbox 224 696 1752 2807">
     <span class='ocr_line' id='line_1_2' title="bbox 227 696 1750 784; baseline -0.006 -18"><span class='ocrx_word' id='word_1_8' title='bbox 227 701 481 784; x_wconf 66' lang='lat' dir='ltr'><strong>aipeum</strong></span> <span class='ocrx_word' id='word_1_9' title='bbox 494 699 747 767; x_wconf 78' lang='lat' dir='ltr'><strong>videtur</strong></span> <span class='ocrx_word' id='word_1_10' title='bbox 756 696 1390 765; x_wconf 69' lang='lat' dir='ltr'><strong>⁴2⁸«Videbimuseum</strong></span> <span class='ocrx_word' id='word_1_11' title='bbox 1398 696 1582 762; x_wconf 82' lang='lat' dir='ltr'><strong>sicuti</strong></span> <span class='ocrx_word' id='word_1_12' title='bbox 1594 698 1750 761; x_wconf 77' lang='lat' dir='ltr'><strong>est.»</strong></span> 
     </span>
     <span class='ocr_line' id='line_1_3' title="bbox 230 804 1751 889; baseline -0.005 -15"><span class='ocrx_word' id='word_1_13' title='bbox 230 809 372 874; x_wconf 80' lang='lat' dir='ltr'><strong>item</strong></span> <span class='ocrx_word' id='word_1_14' title='bbox 396 826 521 873; x_wconf 91' lang='lat' dir='ltr'><strong>non</strong></span> <span class='ocrx_word' id='word_1_15' title='bbox 539 808 657 873; x_wconf 88' lang='lat' dir='ltr'><strong>ubi</strong></span> <span class='ocrx_word' id='word_1_16' title='bbox 673 822 722 872; x_wconf 81' lang='lat' dir='ltr'><strong>a</strong></span> <span class='ocrx_word' id='word_1_17' title='bbox 741 811 950 889; x_wconf 85' lang='lat' dir='ltr'><strong>tergo,</strong></span> <span class='ocrx_word' id='word_1_18' title='bbox 979 807 1090 871; x_wconf 85' lang='lat' dir='ltr'><strong>sed</strong></span> <span class='ocrx_word' id='word_1_19' title='bbox 1114 807 1278 871; x_wconf 77' lang='lat' dir='ltr'><strong>facie</strong></span> <span class='ocrx_word' id='word_1_20' title='bbox 1296 804 1656 871; x_wconf 80' lang='lat' dir='ltr'><strong>videbimus</strong></span> <span class='ocrx_word' id='word_1_21' title='bbox 1677 806 1700 841; x_wconf 90' lang='lat'>⁸</span> <span class='ocrx_word' id='word_1_22' title='bbox 1727 823 1751 866; x_wconf 71' lang='lat' dir='ltr'><strong>e</strong></span> 
     </span>
     <span class='ocr_line' id='line_1_4' title="bbox 239 910 1750 1003; baseline -0.002 -23"><span class='ocrx_word' id='word_1_23' title='bbox 239 913 454 1003; x_wconf 49' lang='lat' dir='ltr'><strong>§Tune</strong></span> <span class='ocrx_word' id='word_1_24' title='bbox 478 920 698 982; x_wconf 88' lang='lat' dir='ltr'><strong>autem</strong></span> <span class='ocrx_word' id='word_1_25' title='bbox 726 914 887 979; x_wconf 77' lang='lat' dir='ltr'><strong>facie</strong></span> <span class='ocrx_word' id='word_1_26' title='bbox 912 914 992 978; x_wconf 86' lang='lat' dir='ltr'><strong>ad</strong></span> <span class='ocrx_word' id='word_1_27' title='bbox 1018 914 1267 979; x_wconf 86' lang='lat' dir='ltr'><strong>faciem.</strong></span> <span class='ocrx_word' id='word_1_28' title='bbox 1298 934 1330 974; x_wconf 69' lang='grc' dir='ltr'><strong>ι</strong></span> <span class='ocrx_word' id='word_1_29' title='bbox 1364 913 1388 950; x_wconf 99' lang='lat'>⁸</span> <span class='ocrx_word' id='word_1_30' title='bbox 1419 935 1452 974; x_wconf 72' lang='lat' dir='ltr'><strong>c</strong></span> <span class='ocrx_word' id='word_1_31' title='bbox 1477 910 1619 977; x_wconf 75' lang='lat' dir='ltr'><strong>Vidi</strong></span> <span class='ocrx_word' id='word_1_32' title='bbox 1645 916 1710 977; x_wconf 86' lang='lat' dir='ltr'><strong>te</strong></span> <span class='ocrx_word' id='word_1_33' title='bbox 1731 958 1750 989; x_wconf 89' lang='lat'><strong>,</strong></span> 
     </span>
     <span class='ocr_line' id='line_1_5' title="bbox 228 1018 1749 1106; baseline -0.005 -17"><span class='ocrx_word' id='word_1_34' title='bbox 228 1023 503 1105; x_wconf 83' lang='lat' dir='ltr'><strong>Domine,</strong></span> <span class='ocrx_word' id='word_1_35' title='bbox 553 1023 745 1106; x_wconf 81' lang='lat' dir='ltr'><strong>quasi</strong></span> <span class='ocrx_word' id='word_1_36' title='bbox 772 1021 1082 1105; x_wconf 80' lang='lat' dir='ltr'><strong>angelum</strong></span> <span class='ocrx_word' id='word_1_37' title='bbox 1125 1020 1273 1100; x_wconf 86' lang='lat' dir='ltr'><strong>Dei,</strong></span> <span class='ocrx_word' id='word_1_38' title='bbox 1306 1024 1370 1085; x_wconf 90' lang='lat' dir='ltr'><strong>et</strong></span> <span class='ocrx_word' id='word_1_39' title='bbox 1407 1018 1749 1085; x_wconf 86' lang='lat' dir='ltr'><strong>conturba·</strong></span> 
     </span>
     <span class='ocr_line' id='line_1_6' title="bbox 229 1126 1747 1214; baseline -0.005 -17"><span class='ocrx_word' id='word_1_40' title='bbox 229 1135 356 1197; x_wconf 81' lang='lat' dir='ltr'><strong>tum</strong></span> <span class='ocrx_word' id='word_1_41' title='bbox 390 1134 487 1196; x_wconf 82' lang='lat' dir='ltr'><strong>est</strong></span> <span class='ocrx_word' id='word_1_42' title='bbox 518 1149 630 1197; x_wconf 82' lang='lat' dir='ltr'><strong>cor</strong></span> <span class='ocrx_word' id='word_1_43' title='bbox 657 1147 881 1195; x_wconf 89' lang='lat' dir='ltr'><strong>meum</strong></span> <span class='ocrx_word' id='word_1_44' title='bbox 901 1144 1039 1214; x_wconf 72' lang='lat' dir='ltr'><strong>prae</strong></span> <span class='ocrx_word' id='word_1_45' title='bbox 1075 1130 1308 1194; x_wconf 91' lang='lat' dir='ltr'><strong>timore</strong></span> <span class='ocrx_word' id='word_1_46' title='bbox 1333 1126 1558 1209; x_wconf 61' lang='lat' dir='ltr'><strong>gloriae</strong></span> <span class='ocrx_word' id='word_1_47' title='bbox 1593 1131 1747 1191; x_wconf 80' lang='lat' dir='ltr'><strong>tuae.</strong></span> 
     </span>
     <span class='ocr_line' id='line_1_7' title="bbox 229 1232 1752 1316; baseline -0.005 -11"><span class='ocrx_word' id='word_1_48' title='bbox 229 1238 403 1305; x_wconf 73' lang='lat' dir='ltr'><strong>Valde</strong></span> <span class='ocrx_word' id='word_1_49' title='bbox 441 1239 615 1304; x_wconf 81' lang='lat' dir='ltr'><strong>enim</strong></span> <span class='ocrx_word' id='word_1_50' title='bbox 656 1237 970 1302; x_wconf 85' lang='lat' dir='ltr'><strong>mirabilis</strong></span> <span class='ocrx_word' id='word_1_51' title='bbox 993 1254 1091 1316; x_wconf 87' lang='lat' dir='ltr'><strong>es,</strong></span> <span class='ocrx_word' id='word_1_52' title='bbox 1125 1236 1390 1302; x_wconf 88' lang='lat' dir='ltr'><strong>Domine</strong></span> <span class='ocrx_word' id='word_1_53' title='bbox 1409 1282 1429 1312; x_wconf 96' lang='lat'><strong>,</strong></span> <span class='ocrx_word' id='word_1_54' title='bbox 1465 1237 1533 1299; x_wconf 85' lang='lat' dir='ltr'><strong>et</strong></span> <span class='ocrx_word' id='word_1_55' title='bbox 1564 1232 1752 1298; x_wconf 79' lang='lat' dir='ltr'><strong>facies</strong></span> 
     </span>
     <span class='ocr_line' id='line_1_8' title="bbox 227 1340 1751 1430; baseline -0.006 -18"><span class='ocrx_word' id='word_1_56' title='bbox 227 1350 326 1411; x_wconf 84' lang='lat' dir='ltr'><strong>tua</strong></span> <span class='ocrx_word' id='word_1_57' title='bbox 346 1346 651 1430; x_wconf 76' lang='lat' dir='ltr'><strong>plena-est</strong></span> <span class='ocrx_word' id='word_1_58' title='bbox 677 1346 1059 1428; x_wconf 86' lang='lat' dir='ltr'><strong>gratiarum.</strong></span> <span class='ocrx_word' id='word_1_59' title='bbox 1089 1365 1120 1404; x_wconf 74' lang='lat' dir='ltr'>n</span> <span class='ocrx_word' id='word_1_60' title='bbox 1159 1344 1320 1409; x_wconf 85' lang='lat' dir='ltr'><strong>Item</strong></span> <span class='ocrx_word' id='word_1_61' title='bbox 1364 1342 1479 1408; x_wconf 90' lang='lat' dir='ltr'><strong>ubi</strong></span> <span class='ocrx_word' id='word_1_62' title='bbox 1521 1358 1653 1405; x_wconf 87' lang='lat' dir='ltr'><strong>non</strong></span> <span class='ocrx_word' id='word_1_63' title='bbox 1681 1340 1751 1404; x_wconf 87' lang='lat' dir='ltr'><strong>in</strong></span> 
     </span>
     <span class='ocr_line' id='line_1_9' title="bbox 227 1447 1745 1533; baseline -0.005 -15"><span class='ocrx_word' id='word_1_64' title='bbox 227 1453 516 1533; x_wconf 81' lang='lat' dir='ltr'><strong>tenebris,</strong></span> <span class='ocrx_word' id='word_1_65' title='bbox 547 1452 660 1518; x_wconf 86' lang='lat' dir='ltr'><strong>sed</strong></span> <span class='ocrx_word' id='word_1_66' title='bbox 685 1454 756 1516; x_wconf 90' lang='lat' dir='ltr'><strong>in</strong></span> <span class='ocrx_word' id='word_1_67' title='bbox 791 1452 946 1517; x_wconf 88' lang='lat' dir='ltr'><strong>-luce</strong></span> <span class='ocrx_word' id='word_1_68' title='bbox 988 1450 1340 1516; x_wconf 88' lang='lat' dir='ltr'><strong>clarissima</strong></span> <span class='ocrx_word' id='word_1_69' title='bbox 1376 1447 1745 1525; x_wconf 80' lang='lat' dir='ltr'><strong>videbitur3</strong></span> 
     </span>
     <span class='ocr_line' id='line_1_10' title="bbox 229 1554 1749 1626; baseline -0.004 -1"><span class='ocrx_word' id='word_1_70' title='bbox 229 1558 538 1626; x_wconf 80' lang='lat' dir='ltr'><strong>Psalmista</strong></span> <span class='ocrx_word' id='word_1_71' title='bbox 560 1564 585 1596; x_wconf 73' lang='lat'>⁸</span> <span class='ocrx_word' id='word_1_72' title='bbox 615 1583 634 1625; x_wconf 73' lang='grc' dir='ltr'>ι</span> <span class='ocrx_word' id='word_1_73' title='bbox 671 1583 704 1622; x_wconf 72' lang='lat' dir='ltr'><strong>c</strong></span> <span class='ocrx_word' id='word_1_74' title='bbox 731 1560 807 1625; x_wconf 91' lang='lat' dir='ltr'><strong>In</strong></span> <span class='ocrx_word' id='word_1_75' title='bbox 832 1559 1081 1625; x_wconf 89' lang='lat' dir='ltr'><strong>lumine</strong></span> <span class='ocrx_word' id='word_1_76' title='bbox 1111 1562 1227 1623; x_wconf 85' lang='lat' dir='ltr'><strong>tuo</strong></span> <span class='ocrx_word' id='word_1_77' title='bbox 1250 1556 1617 1623; x_wconf 81' lang='lat' dir='ltr'><strong>videbimus</strong></span> <span class='ocrx_word' id='word_1_78' title='bbox 1642 1554 1749 1619; x_wconf 85' lang='lat' dir='ltr'><strong>lu-</strong></span> 
     </span>
     <span class='ocr_line' id='line_1_11' title="bbox 228 1662 1745 1748; baseline -0.003 -17"><span class='ocrx_word' id='word_1_79' title='bbox 228 1682 389 1748; x_wconf 83' lang='lat' dir='ltr'><strong>men,</strong></span> <span class='ocrx_word' id='word_1_80' title='bbox 419 1689 451 1727; x_wconf 74' lang='grc'><strong>»</strong></span> <span class='ocrx_word' id='word_1_81' title='bbox 484 1671 606 1734; x_wconf 84' lang='lat' dir='ltr'><strong>etc.</strong></span> <span class='ocrx_word' id='word_1_82' title='bbox 637 1666 797 1732; x_wconf 85' lang='lat' dir='ltr'><strong>Item</strong></span> <span class='ocrx_word' id='word_1_83' title='bbox 825 1667 937 1732; x_wconf 90' lang='lat' dir='ltr'><strong>ubi</strong></span> <span class='ocrx_word' id='word_1_84' title='bbox 964 1666 1044 1732; x_wconf 88' lang='lat' dir='ltr'><strong>de</strong></span> <span class='ocrx_word' id='word_1_85' title='bbox 1067 1682 1199 1731; x_wconf 89' lang='lat' dir='ltr'><strong>non</strong></span> <span class='ocrx_word' id='word_1_86' title='bbox 1221 1664 1603 1747; x_wconf 81' lang='lat' dir='ltr'><strong>longinque,</strong></span> <span class='ocrx_word' id='word_1_87' title='bbox 1634 1662 1745 1727; x_wconf 85' lang='lat' dir='ltr'><strong>sed</strong></span> 
     </span>
     <span class='ocr_line' id='line_1_12' title="bbox 225 1769 1748 1859; baseline -0.004 -20"><span class='ocrx_word' id='word_1_88' title='bbox 225 1774 296 1839; x_wconf 86' lang='lat' dir='ltr'><strong>de</strong></span> <span class='ocrx_word' id='word_1_89' title='bbox 320 1775 670 1859; x_wconf 83' lang='lat' dir='ltr'><strong>propinquo</strong></span> <span class='ocrx_word' id='word_1_90' title='bbox 710 1774 1062 1853; x_wconf 86' lang='lat' dir='ltr'><strong>videbitur,</strong></span> <span class='ocrx_word' id='word_1_91' title='bbox 1109 1771 1263 1856; x_wconf 81' lang='lat' dir='ltr'><strong>quia</strong></span> <span class='ocrx_word' id='word_1_92' title='bbox 1298 1770 1479 1837; x_wconf 88' lang='lat' dir='ltr'><strong>electi</strong></span> <span class='ocrx_word' id='word_1_93' title='bbox 1513 1787 1646 1834; x_wconf 92' lang='lat' dir='ltr'><strong>non</strong></span> <span class='ocrx_word' id='word_1_94' title='bbox 1679 1769 1748 1833; x_wconf 88' lang='lat' dir='ltr'><strong>in</strong></span> 
     </span>
     <span class='ocr_line' id='line_1_13' title="bbox 227 1878 1742 1962; baseline -0.003 -15"><span class='ocrx_word' id='word_1_95' title='bbox 227 1886 473 1962; x_wconf 81' lang='lat' dir='ltr'><strong>remoto,</strong></span> <span class='ocrx_word' id='word_1_96' title='bbox 497 1882 700 1948; x_wconf 85' lang='lat' dir='ltr'><strong>sedin</strong></span> <span class='ocrx_word' id='word_1_97' title='bbox 725 1883 954 1947; x_wconf 90' lang='lat' dir='ltr'><strong>eodem</strong></span> <span class='ocrx_word' id='word_1_98' title='bbox 978 1881 1120 1945; x_wconf 88' lang='lat' dir='ltr'><strong>loco</strong></span> <span class='ocrx_word' id='word_1_99' title='bbox 1144 1897 1292 1944; x_wconf 88' lang='lat' dir='ltr'><strong>cum</strong></span> <span class='ocrx_word' id='word_1_100' title='bbox 1320 1878 1464 1961; x_wconf 83' lang='lat' dir='ltr'><strong>ipso</strong></span> <span class='ocrx_word' id='word_1_101' title='bbox 1483 1879 1674 1943; x_wconf 88' lang='lat' dir='ltr'><strong>erunt</strong></span> <span class='ocrx_word' id='word_1_102' title='bbox 1690 1878 1742 1943; x_wconf 82' lang='lat'>⁸:</span> 
     </span>
     <span class='ocr_line' id='line_1_14' title="bbox 235 1985 1746 2073; baseline -0.001 -23"><span class='ocrx_word' id='word_1_103' title='bbox 235 2012 262 2050; x_wconf 79' lang='grc' dir='ltr'>ι</span> <span class='ocrx_word' id='word_1_104' title='bbox 283 1989 477 2070; x_wconf 86' lang='lat' dir='ltr'><strong>Pater,</strong></span> <span class='ocrx_word' id='word_1_105' title='bbox 505 2007 670 2073; x_wconf 86' lang='lat' dir='ltr'><strong>quos</strong></span> <span class='ocrx_word' id='word_1_106' title='bbox 697 1988 924 2053; x_wconf 79' lang='lat' dir='ltr'><strong>dedisti</strong></span> <span class='ocrx_word' id='word_1_107' title='bbox 945 1988 1131 2068; x_wconf 88' lang='lat' dir='ltr'><strong>mihi,</strong></span> <span class='ocrx_word' id='word_1_108' title='bbox 1161 1985 1334 2066; x_wconf 85' lang='lat' dir='ltr'><strong>volo,</strong></span> <span class='ocrx_word' id='word_1_109' title='bbox 1359 1990 1437 2051; x_wconf 90' lang='lat' dir='ltr'><strong>ut</strong></span> <span class='ocrx_word' id='word_1_110' title='bbox 1460 1985 1578 2050; x_wconf 89' lang='lat' dir='ltr'><strong>ubi</strong></span> <span class='ocrx_word' id='word_1_111' title='bbox 1600 2000 1746 2050; x_wconf 85' lang='lat' dir='ltr'><strong>sum</strong></span> 
     </span>
     <span class='ocr_line' id='line_1_15' title="bbox 225 2092 1746 2179; baseline -0.003 -18"><span class='ocrx_word' id='word_1_112' title='bbox 225 2114 338 2179; x_wconf 86' lang='lat' dir='ltr'><strong>ego</strong></span> <span class='ocrx_word' id='word_1_113' title='bbox 358 2143 376 2176; x_wconf 91' lang='lat'>‚</span> <span class='ocrx_word' id='word_1_114' title='bbox 398 2096 524 2161; x_wconf 87' lang='lat' dir='ltr'><strong>illic</strong></span> <span class='ocrx_word' id='word_1_115' title='bbox 546 2097 675 2160; x_wconf 85' lang='lat' dir='ltr'><strong>sint</strong></span> <span class='ocrx_word' id='word_1_116' title='bbox 698 2113 954 2163; x_wconf 90' lang='lat' dir='ltr'><strong>mecum</strong></span> <span class='ocrx_word' id='word_1_117' title='bbox 974 2141 994 2175; x_wconf 90' lang='lat'>‚</span> <span class='ocrx_word' id='word_1_118' title='bbox 1022 2098 1101 2159; x_wconf 85' lang='lat' dir='ltr'><strong>ut</strong></span> <span class='ocrx_word' id='word_1_119' title='bbox 1119 2094 1375 2160; x_wconf 86' lang='lat' dir='ltr'><strong>videant</strong></span> <span class='ocrx_word' id='word_1_120' title='bbox 1397 2092 1746 2158; x_wconf 76' lang='lat' dir='ltr'><strong>claritatem</strong></span> 
     </span>
     <span class='ocr_line' id='line_1_16' title="bbox 227 2201 1748 2286; baseline -0.003 -19"><span class='ocrx_word' id='word_1_121' title='bbox 227 2222 441 2269; x_wconf 87' lang='lat' dir='ltr'><strong>meam.</strong></span> <span class='ocrx_word' id='word_1_122' title='bbox 471 2227 503 2265; x_wconf 67' lang='grc' dir='ltr'><strong>ι</strong></span> <span class='ocrx_word' id='word_1_123' title='bbox 534 2203 804 2270; x_wconf 87' lang='lat' dir='ltr'><strong>Pensate</strong></span> <span class='ocrx_word' id='word_1_124' title='bbox 831 2221 914 2267; x_wconf 88' lang='lat' dir='ltr'><strong>ex</strong></span> <span class='ocrx_word' id='word_1_125' title='bbox 942 2201 1261 2286; x_wconf 83' lang='lat' dir='ltr'><strong>praedictis</strong></span> <span class='ocrx_word' id='word_1_126' title='bbox 1282 2218 1482 2284; x_wconf 88' lang='lat' dir='ltr'><strong>quam</strong></span> <span class='ocrx_word' id='word_1_127' title='bbox 1509 2201 1748 2265; x_wconf 89' lang='lat' dir='ltr'><strong>incom-</strong></span> 
     </span>
     <span class='ocr_line' id='line_1_17' title="bbox 226 2307 1742 2394; baseline -0.005 -15"><span class='ocrx_word' id='word_1_128' title='bbox 226 2311 648 2394; x_wconf 75' lang='lat' dir='ltr'><strong>prebmsibilis</strong></span> <span class='ocrx_word' id='word_1_129' title='bbox 673 2309 1031 2377; x_wconf 75' lang='lat' dir='ltr'><strong>dulcedinis</strong></span> <span class='ocrx_word' id='word_1_130' title='bbox 1051 2311 1136 2375; x_wconf 85' lang='lat' dir='ltr'><strong>sit</strong></span> <span class='ocrx_word' id='word_1_131' title='bbox 1160 2310 1283 2375; x_wconf 80' lang='lat' dir='ltr'><strong>ista</strong></span> <span class='ocrx_word' id='word_1_132' title='bbox 1301 2309 1471 2375; x_wconf 81' lang='lat' dir='ltr'><strong>visio</strong></span> <span class='ocrx_word' id='word_1_133' title='bbox 1495 2307 1742 2391; x_wconf 58' lang='lat' dir='ltr'><strong>glorias.</strong></span> 
     </span>
     <span class='ocr_line' id='line_1_18' title="bbox 229 2414 1746 2502; baseline -0.003 -18"><span class='ocrx_word' id='word_1_134' title='bbox 229 2418 387 2484; x_wconf 78' lang='lat' dir='ltr'><strong>Unde</strong></span> <span class='ocrx_word' id='word_1_135' title='bbox 409 2418 793 2502; x_wconf 76' lang='lat' dir='ltr'><strong>Fulgentius</strong></span> <span class='ocrx_word' id='word_1_136' title='bbox 815 2419 976 2483; x_wconf 76' lang='lat' dir='ltr'><strong>ait⁸t</strong></span> <span class='ocrx_word' id='word_1_137' title='bbox 1001 2440 1034 2479; x_wconf 72' lang='grc' dir='ltr'><em>α</em></span> <span class='ocrx_word' id='word_1_138' title='bbox 1059 2414 1172 2482; x_wconf 89' lang='lat' dir='ltr'><strong>Dei</strong></span> <span class='ocrx_word' id='word_1_139' title='bbox 1194 2416 1416 2480; x_wconf 77' lang='lat' dir='ltr'><strong>taciem</strong></span> <span class='ocrx_word' id='word_1_140' title='bbox 1445 2416 1500 2479; x_wconf 87' lang='lat' dir='ltr'><strong>si</strong></span> <span class='ocrx_word' id='word_1_141' title='bbox 1523 2432 1746 2480; x_wconf 86' lang='lat' dir='ltr'><strong>omnes</strong></span> 
     </span>
     <span class='ocr_line' id='line_1_19' title="bbox 225 2520 1741 2600; baseline -0.003 -10"><span class='ocrx_word' id='word_1_142' title='bbox 225 2525 484 2592; x_wconf 79' lang='lat' dir='ltr'><strong>damnati</strong></span> <span class='ocrx_word' id='word_1_143' title='bbox 507 2527 583 2591; x_wconf 90' lang='lat' dir='ltr'><strong>in</strong></span> <span class='ocrx_word' id='word_1_144' title='bbox 625 2525 882 2590; x_wconf 80' lang='lat' dir='ltr'><strong>inferno</strong></span> <span class='ocrx_word' id='word_1_145' title='bbox 915 2524 1205 2589; x_wconf 79' lang='lat' dir='ltr'><strong>viderent</strong></span> <span class='ocrx_word' id='word_1_146' title='bbox 1223 2569 1242 2600; x_wconf 94' lang='lat'>‚</span> <span class='ocrx_word' id='word_1_147' title='bbox 1270 2521 1525 2586; x_wconf 89' lang='lat' dir='ltr'><strong>nullum</strong></span> <span class='ocrx_word' id='word_1_148' title='bbox 1563 2520 1741 2586; x_wconf 87' lang='lat' dir='ltr'><strong>dolo-</strong></span> 
     </span>
     <span class='ocr_line' id='line_1_20' title="bbox 224 2628 1746 2716; baseline -0.004 -17"><span class='ocrx_word' id='word_1_149' title='bbox 224 2650 344 2698; x_wconf 85' lang='lat' dir='ltr'><strong>rem</strong></span> <span class='ocrx_word' id='word_1_150' title='bbox 360 2682 379 2714; x_wconf 91' lang='lat'><strong>,</strong></span> <span class='ocrx_word' id='word_1_151' title='bbox 397 2632 642 2699; x_wconf 85' lang='lat' dir='ltr'><strong>nullam</strong></span> <span class='ocrx_word' id='word_1_152' title='bbox 669 2648 964 2716; x_wconf 84' lang='lat' dir='ltr'><strong>poenam,</strong></span> <span class='ocrx_word' id='word_1_153' title='bbox 988 2630 1236 2697; x_wconf 88' lang='lat' dir='ltr'><strong>nullam</strong></span> <span class='ocrx_word' id='word_1_154' title='bbox 1260 2628 1582 2693; x_wconf 81' lang='lat' dir='ltr'><strong>tristitiam</strong></span> <span class='ocrx_word' id='word_1_155' title='bbox 1604 2646 1746 2694; x_wconf 88' lang='lat' dir='ltr'><strong>sen·</strong></span> 
     </span>
     <span class='ocr_line' id='line_1_21' title="bbox 225 2741 476 2807; baseline -0.02 0"><span class='ocrx_word' id='word_1_156' title='bbox 225 2741 415 2807; x_wconf 71' lang='lat' dir='ltr'><strong>litent.</strong></span> <span class='ocrx_word' id='word_1_157' title='bbox 443 2762 476 2802; x_wconf 71' lang='lat' dir='ltr'><strong>n</strong></span> 
     </span>
    </p>

    <p class='ocr_par' dir='ltr' id='par_1_3' title="bbox 224 2844 1746 3879">
     <span class='ocr_line' id='line_1_22' title="bbox 290 2844 1736 2933; baseline -0.003 -20"><span class='ocrx_word' id='word_1_158' title='bbox 290 2848 368 2913; x_wconf 87' lang='lat' dir='ltr'><strong>De</strong></span> <span class='ocrx_word' id='word_1_159' title='bbox 390 2848 617 2933; x_wconf 77' lang='lat' dir='ltr'><strong>quarto</strong></span> <span class='ocrx_word' id='word_1_160' title='bbox 635 2849 663 2886; x_wconf 84' lang='lat'>⁸</span> <span class='ocrx_word' id='word_1_161' title='bbox 690 2865 710 2912; x_wconf 73' lang='lat' dir='ltr'><em>z</em></span> <span class='ocrx_word' id='word_1_162' title='bbox 742 2869 775 2909; x_wconf 74' lang='grc' dir='ltr'><strong>α</strong></span> <span class='ocrx_word' id='word_1_163' title='bbox 798 2844 1049 2912; x_wconf 82' lang='lat' dir='ltr'><strong>Videbit</strong></span> <span class='ocrx_word' id='word_1_164' title='bbox 1075 2863 1228 2912; x_wconf 88' lang='lat' dir='ltr'><strong>eum</strong></span> <span class='ocrx_word' id='word_1_165' title='bbox 1253 2846 1465 2911; x_wconf 88' lang='lat' dir='ltr'><strong>omnis</strong></span> <span class='ocrx_word' id='word_1_166' title='bbox 1489 2844 1736 2923; x_wconf 88' lang='lat' dir='ltr'><strong>oculus,</strong></span> 
     </span>
     <span class='ocr_line' id='line_1_23' title="bbox 225 2952 1745 3039; baseline -0.002 -19"><span class='ocrx_word' id='word_1_167' title='bbox 225 2960 279 3020; x_wconf 89' lang='lat' dir='ltr'><strong>et</strong></span> <span class='ocrx_word' id='word_1_168' title='bbox 322 2957 427 3039; x_wconf 89' lang='lat' dir='ltr'><strong>qui</strong></span> <span class='ocrx_word' id='word_1_169' title='bbox 467 2973 622 3020; x_wconf 85' lang='lat' dir='ltr'><strong>eum</strong></span> <span class='ocrx_word' id='word_1_170' title='bbox 675 2958 1108 3039; x_wconf 83' lang='lat' dir='ltr'><strong>pupugerunt</strong></span> <span class='ocrx_word' id='word_1_171' title='bbox 1165 2976 1182 3019; x_wconf 73' lang='grc' dir='ltr'><strong><em>ε</em></strong></span> <span class='ocrx_word' id='word_1_172' title='bbox 1227 2975 1261 3013; x_wconf 70' lang='grc' dir='ltr'><strong>υ</strong></span> <span class='ocrx_word' id='word_1_173' title='bbox 1308 2957 1479 3019; x_wconf 81' lang='lat' dir='ltr'><strong>certe</strong></span> <span class='ocrx_word' id='word_1_174' title='bbox 1521 2952 1745 3018; x_wconf 86' lang='lat' dir='ltr'><strong>oculus</strong></span> 
     </span>
     <span class='ocr_line' id='line_1_24' title="bbox 224 3059 1745 3145; baseline -0.004 -17"><span class='ocrx_word' id='word_1_175' title='bbox 224 3061 501 3142; x_wconf 81' lang='lat' dir='ltr'><strong>adulteri,</strong></span> <span class='ocrx_word' id='word_1_176' title='bbox 532 3067 597 3128; x_wconf 87' lang='lat' dir='ltr'><strong>et</strong></span> <span class='ocrx_word' id='word_1_177' title='bbox 625 3062 917 3145; x_wconf 86' lang='lat' dir='ltr'><strong>superbi,</strong></span> <span class='ocrx_word' id='word_1_178' title='bbox 943 3064 1010 3126; x_wconf 82' lang='lat' dir='ltr'><strong>et</strong></span> <span class='ocrx_word' id='word_1_179' title='bbox 1038 3060 1381 3137; x_wconf 82' lang='lat' dir='ltr'>immundi,</span> <span class='ocrx_word' id='word_1_180' title='bbox 1411 3059 1647 3137; x_wconf 84' lang='lat' dir='ltr'><strong>invidi,</strong></span> <span class='ocrx_word' id='word_1_181' title='bbox 1679 3061 1745 3123; x_wconf 88' lang='lat' dir='ltr'><strong>et</strong></span> 
     </span>
     <span class='ocr_line' id='line_1_25' title="bbox 224 3164 1746 3254; baseline -0.004 -19"><span class='ocrx_word' id='word_1_182' title='bbox 224 3169 470 3235; x_wconf 86' lang='lat' dir='ltr'><strong>aliorum</strong></span> <span class='ocrx_word' id='word_1_183' title='bbox 491 3186 977 3254; x_wconf 76' lang='lat' dir='ltr'><strong>perversorum.</strong></span> <span class='ocrx_word' id='word_1_184' title='bbox 1011 3167 1161 3234; x_wconf 78' lang='lat' dir='ltr'><strong>Haec</strong></span> <span class='ocrx_word' id='word_1_185' title='bbox 1181 3171 1403 3233; x_wconf 82' lang='lat' dir='ltr'><strong>autem</strong></span> <span class='ocrx_word' id='word_1_186' title='bbox 1419 3165 1585 3233; x_wconf 85' lang='lat' dir='ltr'><strong>visio</strong></span> <span class='ocrx_word' id='word_1_187' title='bbox 1611 3164 1746 3249; x_wconf 88' lang='lat' dir='ltr'><strong>ple-</strong></span> 
     </span>
     <span class='ocr_line' id='line_1_26' title="bbox 224 3272 1744 3352; baseline 0 -15"><span class='ocrx_word' id='word_1_188' title='bbox 224 3275 353 3339; x_wconf 83' lang='lat' dir='ltr'><strong>nius</strong></span> <span class='ocrx_word' id='word_1_189' title='bbox 394 3276 575 3340; x_wconf 85' lang='lat' dir='ltr'><strong>nobis</strong></span> <span class='ocrx_word' id='word_1_190' title='bbox 636 3274 990 3340; x_wconf 77' lang='lat' dir='ltr'><strong>ostenditur</strong></span> <span class='ocrx_word' id='word_1_191' title='bbox 1033 3275 1103 3338; x_wconf 90' lang='lat' dir='ltr'><strong>in</strong></span> <span class='ocrx_word' id='word_1_192' title='bbox 1164 3273 1277 3338; x_wconf 89' lang='lat' dir='ltr'><strong>illa</strong></span> <span class='ocrx_word' id='word_1_193' title='bbox 1328 3272 1580 3338; x_wconf 77' lang='lat' dir='ltr'>visione</span> <span class='ocrx_word' id='word_1_194' title='bbox 1595 3320 1615 3352; x_wconf 92' lang='lat'>‚</span> <span class='ocrx_word' id='word_1_195' title='bbox 1663 3272 1744 3337; x_wconf 82' lang='lat' dir='ltr'><strong>de</strong></span> 
     </span>
     <span class='ocr_line' id='line_1_27' title="bbox 225 3380 1744 3465; baseline -0.003 -16"><span class='ocrx_word' id='word_1_196' title='bbox 225 3388 542 3464; x_wconf 72' lang='lat' dir='ltr'><strong>qna⁸zc</strong></span> <span class='ocrx_word' id='word_1_197' title='bbox 596 3380 1475 3465; x_wconf 81' lang='lat' dir='ltr'><strong>Accipiebaminvisione,</strong></span> <span class='ocrx_word' id='word_1_198' title='bbox 1543 3380 1744 3445; x_wconf 90' lang='lat' dir='ltr'><strong>donec</strong></span> 
     </span>
     <span class='ocr_line' id='line_1_28' title="bbox 225 3487 1739 3574; baseline -0.001 -21"><span class='ocrx_word' id='word_1_199' title='bbox 225 3487 419 3553; x_wconf 71' lang='lat' dir='ltr'><strong>throni</strong></span> <span class='ocrx_word' id='word_1_200' title='bbox 444 3489 640 3573; x_wconf 85' lang='lat' dir='ltr'><strong>positi</strong></span> <span class='ocrx_word' id='word_1_201' title='bbox 660 3492 838 3570; x_wconf 86' lang='lat' dir='ltr'><strong>sunt,</strong></span> <span class='ocrx_word' id='word_1_202' title='bbox 858 3493 923 3554; x_wconf 90' lang='lat' dir='ltr'><strong>et</strong></span> <span class='ocrx_word' id='word_1_203' title='bbox 945 3491 1250 3574; x_wconf 84' lang='lat' dir='ltr'><strong>antiquus</strong></span> <span class='ocrx_word' id='word_1_204' title='bbox 1278 3489 1533 3554; x_wconf 85' lang='lat' dir='ltr'><strong>dierum</strong></span> <span class='ocrx_word' id='word_1_205' title='bbox 1555 3487 1739 3553; x_wconf 87' lang='lat' dir='ltr'><strong>sedit.</strong></span> 
     </span>
     <span class='ocr_line' id='line_1_29' title="bbox 225 3594 1744 3680; baseline -0.003 -17"><span class='ocrx_word' id='word_1_206' title='bbox 225 3594 466 3664; x_wconf 69' lang='lat' dir='ltr'><strong>Flavius</strong></span> <span class='ocrx_word' id='word_1_207' title='bbox 499 3598 740 3680; x_wconf 84' lang='lat' dir='ltr'><strong>igneus</strong></span> <span class='ocrx_word' id='word_1_208' title='bbox 785 3597 1177 3680; x_wconf 80' lang='lat' dir='ltr'><strong>rapidusque</strong></span> <span class='ocrx_word' id='word_1_209' title='bbox 1217 3594 1670 3679; x_wconf 80' lang='lat' dir='ltr'><strong>egrediebatur</strong></span> <span class='ocrx_word' id='word_1_210' title='bbox 1702 3613 1744 3660; x_wconf 89' lang='lat' dir='ltr'><strong>a</strong></span> 
     </span>
     <span class='ocr_line' id='line_1_30' title="bbox 225 3702 1745 3789; baseline -0.002 -19"><span class='ocrx_word' id='word_1_211' title='bbox 225 3704 362 3770; x_wconf 72' lang='lat' dir='ltr'><strong>istie</strong></span> <span class='ocrx_word' id='word_1_212' title='bbox 432 3708 596 3789; x_wconf 77' lang='lat' dir='ltr'><strong>ejus.</strong></span> <span class='ocrx_word' id='word_1_213' title='bbox 672 3703 873 3769; x_wconf 77' lang='lat' dir='ltr'><strong>Millia</strong></span> <span class='ocrx_word' id='word_1_214' title='bbox 949 3704 1228 3771; x_wconf 86' lang='lat' dir='ltr'><strong>millium</strong></span> <span class='ocrx_word' id='word_1_215' title='bbox 1294 3702 1745 3768; x_wconf 84' lang='lat' dir='ltr'><strong>ministrabant</strong></span> 
     </span>
     <span class='ocr_line' id='line_1_31' title="bbox 224 3811 1738 3892; baseline -0.001 -15"><span class='ocrx_word' id='word_1_216' title='bbox 224 3814 312 3892; x_wconf 76' lang='lat' dir='ltr'><strong>ei3</strong></span> <span class='ocrx_word' id='word_1_217' title='bbox 340 3817 402 3879; x_wconf 85' lang='lat' dir='ltr'><strong>et</strong></span> <span class='ocrx_word' id='word_1_218' title='bbox 434 3813 643 3879; x_wconf 85' lang='lat' dir='ltr'><strong>decies</strong></span> <span class='ocrx_word' id='word_1_219' title='bbox 683 3816 952 3879; x_wconf 83' lang='lat' dir='ltr'><strong>centena</strong></span> <span class='ocrx_word' id='word_1_220' title='bbox 997 3811 1200 3876; x_wconf 89' lang='lat' dir='ltr'><strong>millia</strong></span> <span class='ocrx_word' id='word_1_221' title='bbox 1236 3811 1616 3876; x_wconf 73' lang='lat' dir='ltr'><strong>assistebant</strong></span> <span class='ocrx_word' id='word_1_222' title='bbox 1653 3811 1738 3876; x_wconf 91' lang='lat' dir='ltr'><strong>ei.</strong></span> 
     </span>
    </p>
   </div>
   <div class='ocr_carea' id='block_1_3' title="bbox 221 3919 1742 4645">
    <p class='ocr_par' dir='ltr' id='par_1_4' title="bbox 221 3919 1742 4631">
     <span class='ocr_line' id='line_1_32' title="bbox 222 3919 1738 4003; baseline -0.003 -16"><span class='ocrx_word' id='word_1_223' title='bbox 222 3919 743 4000; x_wconf 68' lang='lat' dir='ltr'><strong>hulieiumseffizt,</strong></span> <span class='ocrx_word' id='word_1_224' title='bbox 780 3923 845 3986; x_wconf 89' lang='lat' dir='ltr'><strong>et</strong></span> <span class='ocrx_word' id='word_1_225' title='bbox 891 3920 1042 3984; x_wconf 83' lang='lat' dir='ltr'><strong>libri</strong></span> <span class='ocrx_word' id='word_1_226' title='bbox 1084 3919 1287 4003; x_wconf 81' lang='lat' dir='ltr'><strong>aperti</strong></span> <span class='ocrx_word' id='word_1_227' title='bbox 1327 3921 1512 3997; x_wconf 86' lang='lat' dir='ltr'><strong>sunt,</strong></span> <span class='ocrx_word' id='word_1_228' title='bbox 1541 3940 1573 3980; x_wconf 69' lang='grc' dir='ltr'><strong>ι</strong></span> <span class='ocrx_word' id='word_1_229' title='bbox 1616 3923 1738 3984; x_wconf 88' lang='lat' dir='ltr'><strong>etc.</strong></span> 
     </span>
     <span class='ocr_line' id='line_1_33' title="bbox 222 4025 1742 4111; baseline -0.002 -17"><span class='ocrx_word' id='word_1_230' title='bbox 222 4025 615 4111; x_wconf 71' lang='lat' dir='ltr'><strong>significatur</strong></span> <span class='ocrx_word' id='word_1_231' title='bbox 645 4028 825 4092; x_wconf 90' lang='lat' dir='ltr'><strong>enim</strong></span> <span class='ocrx_word' id='word_1_232' title='bbox 851 4026 974 4107; x_wconf 87' lang='lat' dir='ltr'><strong>ibi,</strong></span> <span class='ocrx_word' id='word_1_233' title='bbox 1007 4044 1126 4110; x_wconf 82' lang='lat' dir='ltr'><strong>per</strong></span> <span class='ocrx_word' id='word_1_234' title='bbox 1148 4025 1531 4109; x_wconf 69' lang='lat' dir='ltr'><strong>positionem</strong></span> <span class='ocrx_word' id='word_1_235' title='bbox 1558 4026 1742 4091; x_wconf 81' lang='lat' dir='ltr'><strong>thro·</strong></span> 
     </span>
     <span class='ocr_line' id='line_1_34' title="bbox 221 4132 1737 4219; baseline -0.003 -20"><span class='ocrx_word' id='word_1_236' title='bbox 221 4151 430 4201; x_wconf 81' lang='lat' dir='ltr'><strong>norum</strong></span> <span class='ocrx_word' id='word_1_237' title='bbox 434 4135 766 4219; x_wconf 78' lang='lat' dir='ltr'><strong>,judicum</strong></span> <span class='ocrx_word' id='word_1_238' title='bbox 794 4148 1192 4199; x_wconf 83' lang='lat' dir='ltr'><strong>assessorum</strong></span> <span class='ocrx_word' id='word_1_239' title='bbox 1219 4132 1598 4210; x_wconf 81' lang='lat' dir='ltr'><strong>auctoritas3</strong></span> <span class='ocrx_word' id='word_1_240' title='bbox 1620 4149 1737 4212; x_wconf 83' lang='lat' dir='ltr'><strong>per</strong></span> 
     </span>
     <span class='ocr_line' id='line_1_35' title="bbox 221 4239 1742 4325; baseline 0.001 -22"><span class='ocrx_word' id='word_1_241' title='bbox 221 4239 514 4307; x_wconf 76' lang='lat' dir='ltr'><strong>fluvium·</strong></span> <span class='ocrx_word' id='word_1_242' title='bbox 494 4259 805 4325; x_wconf 77' lang='lat' dir='ltr'><strong>igneum,</strong></span> <span class='ocrx_word' id='word_1_243' title='bbox 842 4240 1174 4306; x_wconf 62' lang='lat' dir='ltr'><strong>sententio</strong></span> <span class='ocrx_word' id='word_1_244' title='bbox 1204 4241 1513 4305; x_wconf 65' lang='lat' dir='ltr'><strong>extremm</strong></span> <span class='ocrx_word' id='word_1_245' title='bbox 1552 4257 1742 4305; x_wconf 82' lang='lat' dir='ltr'><strong>seve-</strong></span> 
     </span>
     <span class='ocr_line' id='line_1_36' title="bbox 222 4346 1738 4433; baseline 0.001 -22"><span class='ocrx_word' id='word_1_246' title='bbox 222 4346 390 4426; x_wconf 78' lang='lat' dir='ltr'><strong>ritas3</strong></span> <span class='ocrx_word' id='word_1_247' title='bbox 437 4367 551 4433; x_wconf 81' lang='lat' dir='ltr'><strong>per</strong></span> <span class='ocrx_word' id='word_1_248' title='bbox 600 4349 803 4414; x_wconf 88' lang='lat' dir='ltr'><strong>millia</strong></span> <span class='ocrx_word' id='word_1_249' title='bbox 850 4347 1126 4415; x_wconf 87' lang='lat' dir='ltr'><strong>millium</strong></span> <span class='ocrx_word' id='word_1_250' title='bbox 1179 4346 1738 4425; x_wconf 74' lang='lat' dir='ltr'><strong>ministrantium,</strong></span> 
     </span>
     <span class='ocr_line' id='line_1_37' title="bbox 221 4453 1738 4540; baseline 0.001 -22"><span class='ocrx_word' id='word_1_251' title='bbox 221 4460 612 4523; x_wconf 77' lang='lat' dir='ltr'><strong>executurum</strong></span> <span class='ocrx_word' id='word_1_252' title='bbox 636 4455 1010 4540; x_wconf 82' lang='lat' dir='ltr'><strong>copiositas3</strong></span> <span class='ocrx_word' id='word_1_253' title='bbox 1057 4472 1172 4538; x_wconf 84' lang='lat' dir='ltr'><strong>per</strong></span> <span class='ocrx_word' id='word_1_254' title='bbox 1217 4453 1616 4538; x_wconf 86' lang='lat' dir='ltr'><strong>apertionem</strong></span> <span class='ocrx_word' id='word_1_255' title='bbox 1659 4455 1738 4519; x_wconf 91' lang='lat' dir='ltr'><strong>li·</strong></span> 
     </span>
     <span class='ocr_line' id='line_1_38' title="bbox 221 4558 1369 4645; baseline -0.001 -18"><span class='ocrx_word' id='word_1_256' title='bbox 221 4558 495 4645; x_wconf 85' lang='lat' dir='ltr'><strong>brorum,</strong></span> <span class='ocrx_word' id='word_1_257' title='bbox 523 4563 1063 4631; x_wconf 76' lang='lat' dir='ltr'><strong>conscientiarum</strong></span> <span class='ocrx_word' id='word_1_258' title='bbox 1091 4560 1369 4627; x_wconf 88' lang='lat' dir='ltr'><strong>nuditas.</strong></span> 
     </span>
    </p>
   </div>
   <div class='ocr_carea' id='block_1_4' title="bbox 757 4738 1179 4811">
    <p class='ocr_par' dir='ltr' id='par_1_5' title="bbox 757 4738 1179 4811">
     <span class='ocr_line' id='line_1_39' title="bbox 757 4738 1179 4811; baseline -0.002 0"><span class='ocrx_word' id='word_1_259' title='bbox 757 4738 1048 4811; x_wconf 80' lang='lat' dir='ltr'>SERMO</span> <span class='ocrx_word' id='word_1_260' title='bbox 1092 4740 1179 4810; x_wconf 92' lang='lat'><strong>11.</strong></span> 
     </span>
    </p>
   </div>
   <div class='ocr_carea' id='block_1_5' title="bbox 217 4881 1741 5182">
    <p class='ocr_par' dir='ltr' id='par_1_6' title="bbox 217 4881 1741 5182">
     <span class='ocr_line' id='line_1_40' title="bbox 283 4881 1741 4963; baseline -0.005 -9"><span class='ocrx_word' id='word_1_261' title='bbox 283 4885 507 4954; x_wconf 66' lang='lat' dir='ltr'><strong>mnan</strong></span> <span class='ocrx_word' id='word_1_262' title='bbox 545 4888 765 4953; x_wconf 73' lang='lat' dir='ltr'><strong>mdem</strong></span> <span class='ocrx_word' id='word_1_263' title='bbox 800 4882 1108 4952; x_wconf 66' lang='lat' dir='ltr'><strong>videbitis</strong></span> <span class='ocrx_word' id='word_1_264' title='bbox 1159 4899 1256 4949; x_wconf 81' lang='lat' dir='ltr'><strong>me</strong></span> <span class='ocrx_word' id='word_1_265' title='bbox 1283 4881 1335 4963; x_wconf 79' lang='lat'><strong>⁸,</strong></span> <span class='ocrx_word' id='word_1_266' title='bbox 1377 4885 1499 4948; x_wconf 82' lang='lat' dir='ltr'><strong>etc.</strong></span> <span class='ocrx_word' id='word_1_267' title='bbox 1546 4881 1741 4948; x_wconf 80' lang='lat' dir='ltr'><strong>Valde</strong></span> 
     </span>
     <span class='ocr_line' id='line_1_41' title="bbox 217 4988 1736 5060; baseline -0.002 -3"><span class='ocrx_word' id='word_1_268' title='bbox 217 4993 694 5060; x_wconf 71' lang='lat' dir='ltr'><strong>mutatorium</strong></span> <span class='ocrx_word' id='word_1_269' title='bbox 720 4995 819 5057; x_wconf 86' lang='lat' dir='ltr'><strong>est</strong></span> <span class='ocrx_word' id='word_1_270' title='bbox 845 4991 968 5057; x_wconf 80' lang='lat' dir='ltr'><strong>hoe</strong></span> <span class='ocrx_word' id='word_1_271' title='bbox 991 4990 1290 5057; x_wconf 77' lang='lat' dir='ltr'><strong>verbum.</strong></span> <span class='ocrx_word' id='word_1_272' title='bbox 1322 4988 1736 5055; x_wconf 78' lang='lat' dir='ltr'><strong>Consideran-</strong></span> 
     </span>
     <span class='ocr_line' id='line_1_42' title="bbox 218 5096 1740 5182; baseline -0.003 -16"><span class='ocrx_word' id='word_1_273' title='bbox 218 5097 598 5166; x_wconf 72' lang='lat' dir='ltr'><strong>dum-sulm</strong></span> <span class='ocrx_word' id='word_1_274' title='bbox 614 5098 791 5182; x_wconf 81' lang='lat' dir='ltr'><strong>quod</strong></span> <span class='ocrx_word' id='word_1_275' title='bbox 810 5096 1126 5163; x_wconf 78' lang='lat' dir='ltr'><strong>Dominus</strong></span> <span class='ocrx_word' id='word_1_276' title='bbox 1137 5096 1317 5164; x_wconf 77' lang='lat' dir='ltr'><strong>videt</strong></span> <span class='ocrx_word' id='word_1_277' title='bbox 1340 5113 1567 5163; x_wconf 83' lang='lat' dir='ltr'><strong>omnes</strong></span> <span class='ocrx_word' id='word_1_278' title='bbox 1591 5097 1740 5162; x_wconf 85' lang='lat' dir='ltr'><strong>sim-</strong></span> 
     </span>
    </p>
   </div>
   <div class='ocr_carea' id='block_1_6' title="bbox 217 5258 1738 5611">
    <p class='ocr_par' dir='ltr' id='par_1_7' title="bbox 217 5258 1738 5611">
     <span class='ocr_line' id='line_1_43' title="bbox 273 5258 1738 5324; baseline 0 -13"><span class='ocrx_word' id='word_1_279' title='bbox 273 5264 286 5291; x_wconf 68' lang='lat'><strong>*</strong></span> <span class='ocrx_word' id='word_1_280' title='bbox 319 5262 335 5311; x_wconf 89' lang='lat' dir='ltr'><strong>l</strong></span> <span class='ocrx_word' id='word_1_281' title='bbox 367 5262 530 5324; x_wconf 68' lang='lat' dir='ltr'><strong>lm,</strong></span> <span class='ocrx_word' id='word_1_282' title='bbox 557 5272 651 5322; x_wconf 81' lang='grc' dir='ltr'><strong>ιιι,</strong></span> <span class='ocrx_word' id='word_1_283' title='bbox 686 5263 735 5311; x_wconf 78' lang='lat'><strong>2.</strong></span> <span class='ocrx_word' id='word_1_284' title='bbox 776 5285 838 5298; x_wconf 94' lang='lat'><em>-</em></span> <span class='ocrx_word' id='word_1_285' title='bbox 882 5259 903 5291; x_wconf 89' lang='lat'>⁸</span> <span class='ocrx_word' id='word_1_286' title='bbox 939 5260 957 5309; x_wconf 91' lang='lat' dir='ltr'><strong>l</strong></span> <span class='ocrx_word' id='word_1_287' title='bbox 989 5259 1123 5321; x_wconf 70' lang='lat' dir='ltr'><strong>Cor„</strong></span> <span class='ocrx_word' id='word_1_288' title='bbox 1154 5269 1279 5322; x_wconf 83' lang='lat' dir='ltr'><strong>xm,</strong></span> <span class='ocrx_word' id='word_1_289' title='bbox 1311 5260 1387 5311; x_wconf 78' lang='lat'><strong>¹2.</strong></span> <span class='ocrx_word' id='word_1_290' title='bbox 1417 5283 1480 5296; x_wconf 94' lang='lat'><strong>—</strong></span> <span class='ocrx_word' id='word_1_291' title='bbox 1512 5258 1535 5294; x_wconf 90' lang='lat'>⁸</span> <span class='ocrx_word' id='word_1_292' title='bbox 1567 5259 1738 5324; x_wconf 63' lang='lat' dir='ltr'><strong>Beth„</strong></span> 
     </span>
     <span class='ocr_line' id='line_1_44' title="bbox 219 5329 1738 5397; baseline 0 -16"><span class='ocrx_word' id='word_1_293' title='bbox 219 5342 295 5395; x_wconf 82' lang='lat' dir='ltr'><strong>xv,</strong></span> <span class='ocrx_word' id='word_1_294' title='bbox 326 5334 489 5385; x_wconf 56' lang='lat'><em>1847.</em></span> <span class='ocrx_word' id='word_1_295' title='bbox 514 5359 577 5371; x_wconf 86' lang='lat'>-</span> <span class='ocrx_word' id='word_1_296' title='bbox 611 5333 630 5363; x_wconf 81' lang='lat'><strong>⁴</strong></span> <span class='ocrx_word' id='word_1_297' title='bbox 661 5331 801 5383; x_wconf 76' lang='lat' dir='ltr'><strong>Psol.</strong></span> <span class='ocrx_word' id='word_1_298' title='bbox 844 5342 1002 5397; x_wconf 83' lang='lat' dir='ltr'>xxxv,</span> <span class='ocrx_word' id='word_1_299' title='bbox 1032 5333 1111 5381; x_wconf 78' lang='lat' dir='ltr'><strong>lo.</strong></span> <span class='ocrx_word' id='word_1_300' title='bbox 1147 5355 1211 5367; x_wconf 93' lang='lat'>—</span> <span class='ocrx_word' id='word_1_301' title='bbox 1253 5330 1272 5361; x_wconf 86' lang='lat'>⁸</span> <span class='ocrx_word' id='word_1_302' title='bbox 1294 5329 1459 5393; x_wconf 68' lang='lat' dir='ltr'><strong>loon„</strong></span> <span class='ocrx_word' id='word_1_303' title='bbox 1490 5341 1627 5393; x_wconf 82' lang='lat' dir='ltr'><strong>xvu,</strong></span> <span class='ocrx_word' id='word_1_304' title='bbox 1656 5332 1738 5383; x_wconf 76' lang='grc'><strong>24.</strong></span> 
     </span>
     <span class='ocr_line' id='line_1_45' title="bbox 217 5402 1738 5471; baseline -0.003 -16"><span class='ocrx_word' id='word_1_305' title='bbox 217 5424 273 5439; x_wconf 91' lang='grc'>-</span> <span class='ocrx_word' id='word_1_306' title='bbox 297 5405 309 5433; x_wconf 82' lang='lat'>⁸</span> <span class='ocrx_word' id='word_1_307' title='bbox 335 5404 474 5471; x_wconf 76' lang='lat' dir='ltr'><strong>Fulg.</strong></span> <span class='ocrx_word' id='word_1_308' title='bbox 508 5428 571 5443; x_wconf 89' lang='lat'>-</span> <span class='ocrx_word' id='word_1_309' title='bbox 602 5405 626 5441; x_wconf 84' lang='lat'>⁸</span> <span class='ocrx_word' id='word_1_310' title='bbox 649 5404 823 5470; x_wconf 71' lang='lat' dir='ltr'><strong>Apoe..</strong></span> <span class='ocrx_word' id='word_1_311' title='bbox 860 5415 901 5467; x_wconf 89' lang='lat'><strong>1,</strong></span> <span class='ocrx_word' id='word_1_312' title='bbox 932 5405 981 5456; x_wconf 82' lang='lat'><strong>7.</strong></span> <span class='ocrx_word' id='word_1_313' title='bbox 1009 5429 1073 5441; x_wconf 94' lang='lat'><strong>—</strong></span> <span class='ocrx_word' id='word_1_314' title='bbox 1109 5403 1129 5433; x_wconf 89' lang='lat'>⁸</span> <span class='ocrx_word' id='word_1_315' title='bbox 1161 5402 1316 5463; x_wconf 69' lang='lat' dir='ltr'><strong>Dan„</strong></span> <span class='ocrx_word' id='word_1_316' title='bbox 1344 5413 1451 5467; x_wconf 83' lang='lat' dir='ltr'><strong>vu,</strong></span> <span class='ocrx_word' id='word_1_317' title='bbox 1487 5405 1647 5465; x_wconf 81' lang='lat' dir='ltr'><strong>9,1o.</strong></span> <span class='ocrx_word' id='word_1_318' title='bbox 1676 5428 1738 5442; x_wconf 92' lang='lat'><em>-</em></span> 
     </span>
     <span class='ocr_line' id='line_1_46' title="bbox 219 5471 1737 5539; baseline -0.001 -14"><span class='ocrx_word' id='word_1_319' title='bbox 219 5471 547 5539; x_wconf 51' lang='lat' dir='ltr'><strong>woman,</strong></span> <span class='ocrx_word' id='word_1_320' title='bbox 581 5478 661 5527; x_wconf 73' lang='lat' dir='ltr'><strong>w.</strong></span> <span class='ocrx_word' id='word_1_321' title='bbox 685 5500 755 5514; x_wconf 82' lang='lat'><strong>·-</strong></span> <span class='ocrx_word' id='word_1_322' title='bbox 798 5476 844 5512; x_wconf 80' lang='lat'><strong>¹⁰</strong></span> <span class='ocrx_word' id='word_1_323' title='bbox 880 5474 1018 5525; x_wconf 70' lang='lat' dir='ltr'><strong>Ptol.</strong></span> <span class='ocrx_word' id='word_1_324' title='bbox 1052 5486 1234 5536; x_wconf 80' lang='lat' dir='ltr'><strong>mu,</strong></span> <span class='ocrx_word' id='word_1_325' title='bbox 1272 5474 1352 5526; x_wconf 74' lang='lat'><strong>¹8.</strong></span> <span class='ocrx_word' id='word_1_326' title='bbox 1388 5499 1450 5512; x_wconf 88' lang='lat'>—</span> <span class='ocrx_word' id='word_1_327' title='bbox 1485 5474 1530 5510; x_wconf 83' lang='lat'><strong>²¹</strong></span> <span class='ocrx_word' id='word_1_328' title='bbox 1562 5472 1737 5535; x_wconf 67' lang='lat' dir='ltr'><strong>Reor„</strong></span> 
     </span>
     <span class='ocr_line' id='line_1_47' title="bbox 222 5544 1732 5611; baseline -0.001 -14"><span class='ocrx_word' id='word_1_329' title='bbox 222 5554 287 5611; x_wconf 73' lang='lat' dir='ltr'><strong>w,</strong></span> <span class='ocrx_word' id='word_1_330' title='bbox 307 5549 378 5598; x_wconf 78' lang='lat'><strong>¹3.</strong></span> <span class='ocrx_word' id='word_1_331' title='bbox 402 5573 462 5585; x_wconf 90' lang='lat'>—</span> <span class='ocrx_word' id='word_1_332' title='bbox 490 5548 533 5583; x_wconf 83' lang='lat'>¹⁸</span> <span class='ocrx_word' id='word_1_333' title='bbox 559 5544 742 5611; x_wconf 64' lang='lat' dir='ltr'><strong>Booti„</strong></span> <span class='ocrx_word' id='word_1_334' title='bbox 769 5558 968 5608; x_wconf 75' lang='lat' dir='ltr'><strong>xum,</strong></span> <span class='ocrx_word' id='word_1_335' title='bbox 993 5549 1075 5599; x_wconf 66' lang='lat'><strong>28.</strong></span> <span class='ocrx_word' id='word_1_336' title='bbox 1104 5572 1162 5585; x_wconf 89' lang='lat'>-</span> <span class='ocrx_word' id='word_1_337' title='bbox 1189 5547 1234 5587; x_wconf 84' lang='lat'>¹⁸</span> <span class='ocrx_word' id='word_1_338' title='bbox 1258 5544 1395 5600; x_wconf 70' lang='lat' dir='ltr'><strong>Psal-</strong></span> <span class='ocrx_word' id='word_1_339' title='bbox 1423 5557 1568 5611; x_wconf 69' lang='lat' dir='ltr'><strong>scin,</strong></span> <span class='ocrx_word' id='word_1_340' title='bbox 1597 5547 1646 5595; x_wconf 94' lang='grc'><strong>9.</strong></span> <span class='ocrx_word' id='word_1_341' title='bbox 1678 5570 1732 5585; x_wconf 91' lang='lat'><strong>--</strong></span> 
     </span>
    </p>
   </div>
   <div class='ocr_carea' id='block_1_7' title="bbox 3283 563 3403 625">
    <p class='ocr_par' dir='ltr' id='par_1_8' title="bbox 3283 563 3403 625">
     <span class='ocr_line' id='line_1_48' title="bbox 3283 563 3403 625; baseline 0 -1"><span class='ocrx_word' id='word_1_342' title='bbox 3283 563 3403 625; x_wconf 73' lang='lat'><strong>247</strong></span> 
     </span>
    </p>
   </div>
   <div class='ocr_carea' id='block_1_8' title="bbox 1847 693 3459 5291">
    <p class='ocr_par' dir='ltr' id='par_1_9' title="bbox 1859 693 3408 1191">
     <span class='ocr_line' id='line_1_49' title="bbox 1864 693 3406 779; baseline -0.002 -18"><span class='ocrx_word' id='word_1_343' title='bbox 1864 695 2014 779; x_wconf 80' lang='lat' dir='ltr'><strong>plici</strong></span> <span class='ocrx_word' id='word_1_344' title='bbox 2041 695 2267 761; x_wconf 75' lang='lat' dir='ltr'><strong>notitia</strong></span> <span class='ocrx_word' id='word_1_345' title='bbox 2292 695 2577 778; x_wconf 82' lang='lat' dir='ltr'><strong>generali</strong></span> <span class='ocrx_word' id='word_1_346' title='bbox 2600 744 2618 777; x_wconf 87' lang='lat'>‚</span> <span class='ocrx_word' id='word_1_347' title='bbox 2658 695 2858 760; x_wconf 86' lang='lat' dir='ltr'><strong>bonos</strong></span> <span class='ocrx_word' id='word_1_348' title='bbox 2882 694 2951 758; x_wconf 90' lang='lat' dir='ltr'><strong>in</strong></span> <span class='ocrx_word' id='word_1_349' title='bbox 2981 694 3192 776; x_wconf 79' lang='lat' dir='ltr'><strong>gratia</strong></span> <span class='ocrx_word' id='word_1_350' title='bbox 3217 693 3406 777; x_wconf 85' lang='lat' dir='ltr'><strong>spiri·</strong></span> 
     </span>
     <span class='ocr_line' id='line_1_50' title="bbox 1862 801 3407 886; baseline -0.003 -17"><span class='ocrx_word' id='word_1_351' title='bbox 1862 803 2018 882; x_wconf 87' lang='lat' dir='ltr'><strong>tali,</strong></span> <span class='ocrx_word' id='word_1_352' title='bbox 2048 803 2251 869; x_wconf 87' lang='lat' dir='ltr'><strong>malos</strong></span> <span class='ocrx_word' id='word_1_353' title='bbox 2280 805 2353 869; x_wconf 89' lang='lat' dir='ltr'><strong>in</strong></span> <span class='ocrx_word' id='word_1_354' title='bbox 2376 805 2475 869; x_wconf 87' lang='lat' dir='ltr'><strong>ira</strong></span> <span class='ocrx_word' id='word_1_355' title='bbox 2502 802 2827 886; x_wconf 73' lang='lat' dir='ltr'><strong>judiciali,</strong></span> <span class='ocrx_word' id='word_1_356' title='bbox 2855 802 3073 867; x_wconf 87' lang='lat' dir='ltr'><strong>beatos</strong></span> <span class='ocrx_word' id='word_1_357' title='bbox 3099 802 3167 866; x_wconf 90' lang='lat' dir='ltr'><strong>in</strong></span> <span class='ocrx_word' id='word_1_358' title='bbox 3198 801 3407 883; x_wconf 87' lang='lat' dir='ltr'><strong>gloria</strong></span> 
     </span>
     <span class='ocr_line' id='line_1_51' title="bbox 1861 909 3408 989; baseline -0.003 -13"><span class='ocrx_word' id='word_1_359' title='bbox 1861 911 2174 976; x_wconf 65' lang='lat' dir='ltr'><strong>aeternali.</strong></span> <span class='ocrx_word' id='word_1_360' title='bbox 2216 910 2403 979; x_wconf 80' lang='lat' dir='ltr'><strong>Videt</strong></span> <span class='ocrx_word' id='word_1_361' title='bbox 2437 928 2662 975; x_wconf 88' lang='lat' dir='ltr'><strong>omnes</strong></span> <span class='ocrx_word' id='word_1_362' title='bbox 2701 909 3160 989; x_wconf 86' lang='lat' dir='ltr'><strong>communiter,</strong></span> <span class='ocrx_word' id='word_1_363' title='bbox 3204 909 3408 973; x_wconf 86' lang='lat' dir='ltr'><strong>bonos</strong></span> 
     </span>
     <span class='ocr_line' id='line_1_52' title="bbox 1860 1016 3402 1099; baseline -0.002 -16"><span class='ocrx_word' id='word_1_364' title='bbox 1860 1018 2298 1099; x_wconf 79' lang='lat' dir='ltr'><strong>amicabiliter,</strong></span> <span class='ocrx_word' id='word_1_365' title='bbox 2333 1017 2534 1084; x_wconf 84' lang='lat' dir='ltr'><strong>malos</strong></span> <span class='ocrx_word' id='word_1_366' title='bbox 2564 1017 2953 1096; x_wconf 85' lang='lat' dir='ltr'><strong>terribiliter,</strong></span> <span class='ocrx_word' id='word_1_367' title='bbox 2992 1016 3211 1082; x_wconf 81' lang='lat' dir='ltr'><strong>beatos</strong></span> <span class='ocrx_word' id='word_1_368' title='bbox 3238 1017 3402 1081; x_wconf 77' lang='lat' dir='ltr'><strong>inet-</strong></span> 
     </span>
     <span class='ocr_line' id='line_1_53' title="bbox 1859 1125 2162 1191; baseline -0.003 0"><span class='ocrx_word' id='word_1_369' title='bbox 1859 1125 2162 1191; x_wconf 73' lang='lat' dir='ltr'><strong>labiliter.</strong></span> 
     </span>
    </p>

    <p class='ocr_par' dir='ltr' id='par_1_10' title="bbox 1850 1230 3459 3981">
     <span class='ocr_line' id='line_1_54' title="bbox 1939 1230 3405 1317; baseline -0.002 -19"><span class='ocrx_word' id='word_1_370' title='bbox 1939 1232 2027 1299; x_wconf 89' lang='lat' dir='ltr'><strong>De</strong></span> <span class='ocrx_word' id='word_1_371' title='bbox 2054 1235 2287 1317; x_wconf 89' lang='lat' dir='ltr'><strong>primo,</strong></span> <span class='ocrx_word' id='word_1_372' title='bbox 2317 1231 2648 1297; x_wconf 87' lang='lat' dir='ltr'><strong>Psalmista</strong></span> <span class='ocrx_word' id='word_1_373' title='bbox 2673 1232 2756 1295; x_wconf 82' lang='lat'><strong>¹⁰:</strong></span> <span class='ocrx_word' id='word_1_374' title='bbox 2778 1253 2810 1294; x_wconf 74' lang='grc' dir='ltr'><strong>α</strong></span> <span class='ocrx_word' id='word_1_375' title='bbox 2834 1230 2922 1295; x_wconf 92' lang='lat' dir='ltr'><strong>De</strong></span> <span class='ocrx_word' id='word_1_376' title='bbox 2943 1230 3104 1296; x_wconf 85' lang='lat' dir='ltr'><strong>eoelo</strong></span> <span class='ocrx_word' id='word_1_377' title='bbox 3128 1230 3405 1314; x_wconf 74' lang='lat' dir='ltr'><strong>respexit</strong></span> 
     </span>
     <span class='ocr_line' id='line_1_55' title="bbox 1857 1339 3402 1421; baseline -0.002 -14"><span class='ocrx_word' id='word_1_378' title='bbox 1857 1341 2196 1421; x_wconf 84' lang='lat' dir='ltr'><strong>Dominus,</strong></span> <span class='ocrx_word' id='word_1_379' title='bbox 2214 1341 2374 1407; x_wconf 86' lang='lat' dir='ltr'><strong>vidit</strong></span> <span class='ocrx_word' id='word_1_380' title='bbox 2401 1358 2624 1406; x_wconf 90' lang='lat' dir='ltr'><strong>omnes</strong></span> <span class='ocrx_word' id='word_1_381' title='bbox 2646 1339 2814 1404; x_wconf 82' lang='lat' dir='ltr'><strong>illios</strong></span> <span class='ocrx_word' id='word_1_382' title='bbox 2843 1339 3181 1405; x_wconf 87' lang='lat' dir='ltr'><strong>hominurn</strong></span> <span class='ocrx_word' id='word_1_383' title='bbox 3211 1362 3243 1399; x_wconf 81' lang='lat'><strong>»</strong></span> <span class='ocrx_word' id='word_1_384' title='bbox 3274 1344 3402 1404; x_wconf 88' lang='lat' dir='ltr'><strong>ter-</strong></span> 
     </span>
     <span class='ocr_line' id='line_1_56' title="bbox 1857 1446 3407 1526; baseline -0.001 -14"><span class='ocrx_word' id='word_1_385' title='bbox 1857 1466 1951 1514; x_wconf 83' lang='lat' dir='ltr'><strong>rae</strong></span> <span class='ocrx_word' id='word_1_386' title='bbox 1973 1496 1991 1525; x_wconf 90' lang='lat'><strong>,</strong></span> <span class='ocrx_word' id='word_1_387' title='bbox 2024 1449 2262 1514; x_wconf 85' lang='lat' dir='ltr'><strong>scilicet</strong></span> <span class='ocrx_word' id='word_1_388' title='bbox 2303 1448 2506 1514; x_wconf 87' lang='lat' dir='ltr'><strong>bonos</strong></span> <span class='ocrx_word' id='word_1_389' title='bbox 2540 1451 2606 1513; x_wconf 91' lang='lat' dir='ltr'><strong>et</strong></span> <span class='ocrx_word' id='word_1_390' title='bbox 2649 1446 2849 1512; x_wconf 88' lang='lat' dir='ltr'><strong>malos</strong></span> <span class='ocrx_word' id='word_1_391' title='bbox 2866 1495 2882 1526; x_wconf 89' lang='lat'><strong>,</strong></span> <span class='ocrx_word' id='word_1_392' title='bbox 2932 1447 3002 1511; x_wconf 85' lang='lat' dir='ltr'><strong>in</strong></span> <span class='ocrx_word' id='word_1_393' title='bbox 3039 1446 3315 1512; x_wconf 88' lang='lat' dir='ltr'><strong>tenebris</strong></span> <span class='ocrx_word' id='word_1_394' title='bbox 3342 1450 3407 1511; x_wconf 84' lang='lat' dir='ltr'><strong>et</strong></span> 
     </span>
     <span class='ocr_line' id='line_1_57' title="bbox 1856 1553 3404 1639; baseline -0.002 -19"><span class='ocrx_word' id='word_1_395' title='bbox 1856 1556 1927 1621; x_wconf 91' lang='lat' dir='ltr'><strong>in</strong></span> <span class='ocrx_word' id='word_1_396' title='bbox 1958 1556 2143 1634; x_wconf 88' lang='lat' dir='ltr'><strong>luce,</strong></span> <span class='ocrx_word' id='word_1_397' title='bbox 2169 1559 2240 1621; x_wconf 91' lang='lat' dir='ltr'><strong>in</strong></span> <span class='ocrx_word' id='word_1_398' title='bbox 2265 1556 2510 1639; x_wconf 88' lang='lat' dir='ltr'><strong>angulo</strong></span> <span class='ocrx_word' id='word_1_399' title='bbox 2536 1558 2600 1620; x_wconf 88' lang='lat' dir='ltr'><strong>et</strong></span> <span class='ocrx_word' id='word_1_400' title='bbox 2646 1555 2713 1618; x_wconf 90' lang='lat' dir='ltr'><strong>in</strong></span> <span class='ocrx_word' id='word_1_401' title='bbox 2753 1553 3047 1637; x_wconf 88' lang='lat' dir='ltr'><strong>publico,</strong></span> <span class='ocrx_word' id='word_1_402' title='bbox 3098 1553 3260 1618; x_wconf 91' lang='lat' dir='ltr'><strong>bene</strong></span> <span class='ocrx_word' id='word_1_403' title='bbox 3299 1553 3404 1618; x_wconf 86' lang='lat' dir='ltr'><strong>vel</strong></span> 
     </span>
     <span class='ocr_line' id='line_1_58' title="bbox 1858 1662 3405 1748; baseline -0.001 -20"><span class='ocrx_word' id='word_1_404' title='bbox 1858 1665 2024 1729; x_wconf 88' lang='lat' dir='ltr'><strong>male</strong></span> <span class='ocrx_word' id='word_1_405' title='bbox 2041 1668 2305 1748; x_wconf 81' lang='lat' dir='ltr'><strong>agentes</strong></span> <span class='ocrx_word' id='word_1_406' title='bbox 2326 1664 2369 1702; x_wconf 86' lang='lat'><strong>¹¹</strong></span> <span class='ocrx_word' id='word_1_407' title='bbox 2394 1684 2411 1728; x_wconf 74' lang='grc' dir='ltr'>ε</span> <span class='ocrx_word' id='word_1_408' title='bbox 2447 1685 2479 1726; x_wconf 75' lang='grc' dir='ltr'><strong>α</strong></span> <span class='ocrx_word' id='word_1_409' title='bbox 2497 1662 2725 1729; x_wconf 89' lang='lat' dir='ltr'><strong>Omnia</strong></span> <span class='ocrx_word' id='word_1_410' title='bbox 2740 1664 2915 1729; x_wconf 86' lang='lat' dir='ltr'><strong>nuda</strong></span> <span class='ocrx_word' id='word_1_411' title='bbox 2933 1668 2996 1728; x_wconf 89' lang='lat' dir='ltr'><strong>et</strong></span> <span class='ocrx_word' id='word_1_412' title='bbox 3012 1665 3230 1747; x_wconf 86' lang='lat' dir='ltr'><strong>aperta</strong></span> <span class='ocrx_word' id='word_1_413' title='bbox 3251 1666 3405 1727; x_wconf 84' lang='lat' dir='ltr'><strong>sunt</strong></span> 
     </span>
     <span class='ocr_line' id='line_1_59' title="bbox 1855 1769 3392 1854; baseline -0.001 -19"><span class='ocrx_word' id='word_1_414' title='bbox 1855 1772 2061 1837; x_wconf 87' lang='lat' dir='ltr'><strong>oculis</strong></span> <span class='ocrx_word' id='word_1_415' title='bbox 2102 1774 2286 1854; x_wconf 84' lang='lat' dir='ltr'><strong>ejus,</strong></span> <span class='ocrx_word' id='word_1_416' title='bbox 2332 1793 2364 1833; x_wconf 68' lang='lat' dir='ltr'>n</span> <span class='ocrx_word' id='word_1_417' title='bbox 2418 1775 2537 1836; x_wconf 91' lang='lat' dir='ltr'><strong>etc.</strong></span> <span class='ocrx_word' id='word_1_418' title='bbox 2583 1770 2633 1836; x_wconf 91' lang='grc' dir='ltr'><strong>Ο</strong></span> <span class='ocrx_word' id='word_1_419' title='bbox 2675 1770 2731 1834; x_wconf 88' lang='lat' dir='ltr'><strong>si</strong></span> <span class='ocrx_word' id='word_1_420' title='bbox 2781 1770 2876 1834; x_wconf 91' lang='lat' dir='ltr'><strong>sol</strong></span> <span class='ocrx_word' id='word_1_421' title='bbox 2925 1774 3090 1836; x_wconf 85' lang='lat' dir='ltr'><strong>esset</strong></span> <span class='ocrx_word' id='word_1_422' title='bbox 3127 1769 3392 1848; x_wconf 87' lang='lat' dir='ltr'><strong>oculus,</strong></span> 
     </span>
     <span class='ocr_line' id='line_1_60' title="bbox 1856 1875 3400 1962; baseline -0.001 -21"><span class='ocrx_word' id='word_1_423' title='bbox 1856 1882 2103 1962; x_wconf 83' lang='lat' dir='ltr'><strong>quanta</strong></span> <span class='ocrx_word' id='word_1_424' title='bbox 2121 1879 2364 1944; x_wconf 82' lang='lat' dir='ltr'><strong>videret</strong></span> <span class='ocrx_word' id='word_1_425' title='bbox 2390 1878 2456 1941; x_wconf 92' lang='lat' dir='ltr'><strong>in</strong></span> <span class='ocrx_word' id='word_1_426' title='bbox 2474 1877 2597 1942; x_wconf 89' lang='lat' dir='ltr'><strong>hoc</strong></span> <span class='ocrx_word' id='word_1_427' title='bbox 2622 1877 2868 1942; x_wconf 88' lang='lat' dir='ltr'><strong>mundo</strong></span> <span class='ocrx_word' id='word_1_428' title='bbox 2890 1878 2907 1940; x_wconf 79' lang='lat'>1</span> <span class='ocrx_word' id='word_1_429' title='bbox 2932 1876 3012 1943; x_wconf 84' lang='lat' dir='ltr'><strong>Et</strong></span> <span class='ocrx_word' id='word_1_430' title='bbox 3036 1880 3204 1942; x_wconf 88' lang='lat' dir='ltr'><strong>certe</strong></span> <span class='ocrx_word' id='word_1_431' title='bbox 3232 1875 3400 1942; x_wconf 88' lang='lat' dir='ltr'><strong>oculi</strong></span> 
     </span>
     <span class='ocr_line' id='line_1_61' title="bbox 1853 1983 3390 2050; baseline -0.001 0"><span class='ocrx_word' id='word_1_432' title='bbox 1853 1983 2109 2050; x_wconf 86' lang='lat' dir='ltr'><strong>Domini</strong></span> <span class='ocrx_word' id='word_1_433' title='bbox 2152 1985 2286 2050; x_wconf 87' lang='lat' dir='ltr'><strong>sole</strong></span> <span class='ocrx_word' id='word_1_434' title='bbox 2311 1985 2611 2050; x_wconf 85' lang='lat' dir='ltr'><strong>clariores</strong></span> <span class='ocrx_word' id='word_1_435' title='bbox 2650 1986 2895 2050; x_wconf 88' lang='lat' dir='ltr'><strong>suntin</strong></span> <span class='ocrx_word' id='word_1_436' title='bbox 2942 1985 3271 2050; x_wconf 85' lang='lat' dir='ltr'><strong>infinitum</strong></span> <span class='ocrx_word' id='word_1_437' title='bbox 3297 1986 3343 2027; x_wconf 80' lang='lat'><strong>⁸⁸</strong></span> <span class='ocrx_word' id='word_1_438' title='bbox 3376 2007 3390 2049; x_wconf 92' lang='lat'>:</span> 
     </span>
     <span class='ocr_line' id='line_1_62' title="bbox 1869 2090 3397 2176; baseline 0.003 -23"><span class='ocrx_word' id='word_1_439' title='bbox 1869 2112 1900 2153; x_wconf 76' lang='grc' dir='ltr'>α</span> <span class='ocrx_word' id='word_1_440' title='bbox 1925 2090 2104 2157; x_wconf 82' lang='lat' dir='ltr'><strong>Oculi</strong></span> <span class='ocrx_word' id='word_1_441' title='bbox 2132 2092 2383 2158; x_wconf 89' lang='lat' dir='ltr'><strong>Domini</strong></span> <span class='ocrx_word' id='word_1_442' title='bbox 2409 2092 2614 2157; x_wconf 86' lang='lat' dir='ltr'><strong>multo</strong></span> <span class='ocrx_word' id='word_1_443' title='bbox 2638 2092 2980 2158; x_wconf 81' lang='lat' dir='ltr'><strong>lucidiores</strong></span> <span class='ocrx_word' id='word_1_444' title='bbox 3015 2095 3164 2158; x_wconf 89' lang='lat' dir='ltr'><strong>sunt</strong></span> <span class='ocrx_word' id='word_1_445' title='bbox 3202 2110 3397 2176; x_wconf 88' lang='lat' dir='ltr'><strong>super</strong></span> 
     </span>
     <span class='ocr_line' id='line_1_63' title="bbox 1852 2198 3399 2282; baseline 0 -19"><span class='ocrx_word' id='word_1_446' title='bbox 1852 2198 2088 2278; x_wconf 80' lang='lat' dir='ltr'><strong>solem,</strong></span> <span class='ocrx_word' id='word_1_447' title='bbox 2132 2200 2716 2282; x_wconf 82' lang='lat' dir='ltr'><strong>circumspicientes</strong></span> <span class='ocrx_word' id='word_1_448' title='bbox 2757 2216 2980 2264; x_wconf 90' lang='lat' dir='ltr'><strong>omnes</strong></span> <span class='ocrx_word' id='word_1_449' title='bbox 3007 2199 3149 2264; x_wconf 86' lang='lat' dir='ltr'><strong>vias</strong></span> <span class='ocrx_word' id='word_1_450' title='bbox 3186 2199 3399 2263; x_wconf 91' lang='lat' dir='ltr'><strong>homi-</strong></span> 
     </span>
     <span class='ocr_line' id='line_1_64' title="bbox 1852 2305 3401 2389; baseline 0.001 -20"><span class='ocrx_word' id='word_1_451' title='bbox 1852 2323 2013 2370; x_wconf 86' lang='lat' dir='ltr'><strong>num</strong></span> <span class='ocrx_word' id='word_1_452' title='bbox 2036 2353 2056 2384; x_wconf 91' lang='lat'>‚</span> <span class='ocrx_word' id='word_1_453' title='bbox 2086 2310 2149 2371; x_wconf 89' lang='lat' dir='ltr'><strong>et</strong></span> <span class='ocrx_word' id='word_1_454' title='bbox 2177 2306 2669 2388; x_wconf 81' lang='lat' dir='ltr'><strong>profunditatem</strong></span> <span class='ocrx_word' id='word_1_455' title='bbox 2695 2306 2905 2389; x_wconf 87' lang='lat' dir='ltr'><strong>abyssi</strong></span> <span class='ocrx_word' id='word_1_456' title='bbox 2922 2355 2940 2387; x_wconf 90' lang='lat'><strong>,</strong></span> <span class='ocrx_word' id='word_1_457' title='bbox 2971 2310 3035 2371; x_wconf 86' lang='lat' dir='ltr'><strong>et</strong></span> <span class='ocrx_word' id='word_1_458' title='bbox 3056 2305 3401 2372; x_wconf 88' lang='lat' dir='ltr'><strong>hominum</strong></span> 
     </span>
     <span class='ocr_line' id='line_1_65' title="bbox 1854 2413 3392 2497; baseline -0.001 -19"><span class='ocrx_word' id='word_1_459' title='bbox 1854 2414 2046 2479; x_wconf 87' lang='lat' dir='ltr'><strong>corda</strong></span> <span class='ocrx_word' id='word_1_460' title='bbox 2063 2461 2085 2494; x_wconf 90' lang='lat'>‚</span> <span class='ocrx_word' id='word_1_461' title='bbox 2138 2413 2459 2479; x_wconf 87' lang='lat' dir='ltr'><strong>intuentes</strong></span> <span class='ocrx_word' id='word_1_462' title='bbox 2518 2415 2586 2479; x_wconf 91' lang='lat' dir='ltr'><strong>in</strong></span> <span class='ocrx_word' id='word_1_463' title='bbox 2640 2414 3040 2480; x_wconf 87' lang='lat' dir='ltr'><strong>absconditas</strong></span> <span class='ocrx_word' id='word_1_464' title='bbox 3096 2419 3330 2497; x_wconf 85' lang='lat' dir='ltr'><strong>partes.</strong></span> <span class='ocrx_word' id='word_1_465' title='bbox 3359 2438 3392 2476; x_wconf 71' lang='lat' dir='ltr'>n</span> 
     </span>
     <span class='ocr_line' id='line_1_66' title="bbox 1854 2519 3401 2606; baseline -0.001 -19"><span class='ocrx_word' id='word_1_466' title='bbox 1854 2519 1966 2587; x_wconf 77' lang='lat' dir='ltr'><strong>Vae</strong></span> <span class='ocrx_word' id='word_1_467' title='bbox 1994 2538 2155 2603; x_wconf 88' lang='lat' dir='ltr'><strong>ergo</strong></span> <span class='ocrx_word' id='word_1_468' title='bbox 2201 2521 2365 2601; x_wconf 87' lang='lat' dir='ltr'><strong>illis,</strong></span> <span class='ocrx_word' id='word_1_469' title='bbox 2414 2523 2529 2606; x_wconf 88' lang='lat' dir='ltr'><strong>qui</strong></span> <span class='ocrx_word' id='word_1_470' title='bbox 2574 2523 2850 2588; x_wconf 87' lang='lat' dir='ltr'><strong>occultas</strong></span> <span class='ocrx_word' id='word_1_471' title='bbox 2896 2521 3213 2605; x_wconf 85' lang='lat' dir='ltr'><strong>nequitias</strong></span> <span class='ocrx_word' id='word_1_472' title='bbox 3252 2539 3401 2586; x_wconf 86' lang='lat' dir='ltr'><strong>suas</strong></span> 
     </span>
     <span class='ocr_line' id='line_1_67' title="bbox 1856 2627 3401 2712; baseline 0 -20"><span class='ocrx_word' id='word_1_473' title='bbox 1856 2627 2126 2692; x_wconf 85' lang='lat' dir='ltr'><strong>credunt</strong></span> <span class='ocrx_word' id='word_1_474' title='bbox 2162 2628 2354 2693; x_wconf 87' lang='lat' dir='ltr'><strong>celari</strong></span> <span class='ocrx_word' id='word_1_475' title='bbox 2397 2647 2579 2712; x_wconf 82' lang='lat' dir='ltr'><strong>posse</strong></span> <span class='ocrx_word' id='word_1_476' title='bbox 2621 2628 2931 2693; x_wconf 81' lang='lat' dir='ltr'><strong>Domino!</strong></span> <span class='ocrx_word' id='word_1_477' title='bbox 2982 2627 3215 2693; x_wconf 81' lang='lat' dir='ltr'><strong>Contra</strong></span> <span class='ocrx_word' id='word_1_478' title='bbox 3237 2646 3401 2710; x_wconf 87' lang='lat' dir='ltr'><strong>quos</strong></span> 
     </span>
     <span class='ocr_line' id='line_1_68' title="bbox 1856 2733 3397 2817; baseline 0.001 -18"><span class='ocrx_word' id='word_1_479' title='bbox 1856 2733 2147 2800; x_wconf 85' lang='lat' dir='ltr'><strong>Psalmus</strong></span> <span class='ocrx_word' id='word_1_480' title='bbox 2172 2737 2219 2778; x_wconf 91' lang='lat'><strong>¹⁸</strong></span> <span class='ocrx_word' id='word_1_481' title='bbox 2250 2757 2311 2801; x_wconf 70' lang='lat' dir='ltr'><strong>:c</strong></span> <span class='ocrx_word' id='word_1_482' title='bbox 2331 2736 2474 2803; x_wconf 87' lang='lat' dir='ltr'><strong>Non</strong></span> <span class='ocrx_word' id='word_1_483' title='bbox 2489 2736 2730 2803; x_wconf 85' lang='lat' dir='ltr'><strong>videbit</strong></span> <span class='ocrx_word' id='word_1_484' title='bbox 2744 2736 3069 2817; x_wconf 85' lang='lat' dir='ltr'><strong>Dominus,</strong></span> <span class='ocrx_word' id='word_1_485' title='bbox 3083 2759 3115 2797; x_wconf 74' lang='lat' dir='ltr'>n</span> <span class='ocrx_word' id='word_1_486' title='bbox 3137 2740 3259 2801; x_wconf 84' lang='lat' dir='ltr'><strong>etc.</strong></span> <span class='ocrx_word' id='word_1_487' title='bbox 3278 2754 3397 2801; x_wconf 81' lang='lat' dir='ltr'><strong>us-</strong></span> 
     </span>
     <span class='ocr_line' id='line_1_69' title="bbox 1853 2843 3394 2925; baseline 0.001 -19"><span class='ocrx_word' id='word_1_488' title='bbox 1853 2860 2012 2924; x_wconf 85' lang='lat' dir='ltr'><strong>que:</strong></span> <span class='ocrx_word' id='word_1_489' title='bbox 2046 2843 2403 2925; x_wconf 77' lang='lat' dir='ltr'><strong>«quiflnxit</strong></span> <span class='ocrx_word' id='word_1_490' title='bbox 2419 2843 2800 2923; x_wconf 88' lang='lat' dir='ltr'><strong>oculos‚non</strong></span> <span class='ocrx_word' id='word_1_491' title='bbox 2812 2843 3245 2909; x_wconf 60' lang='lat' dir='ltr'><strong>consideravi»</strong></span> <span class='ocrx_word' id='word_1_492' title='bbox 3274 2846 3394 2910; x_wconf 88' lang='lat' dir='ltr'><strong>etc.</strong></span> 
     </span>
     <span class='ocr_line' id='line_1_70' title="bbox 1854 2949 3399 3034; baseline 0.001 -21"><span class='ocrx_word' id='word_1_493' title='bbox 1854 2949 2039 3034; x_wconf 80' lang='lat' dir='ltr'><strong>impii</strong></span> <span class='ocrx_word' id='word_1_494' title='bbox 2061 2953 2279 3016; x_wconf 89' lang='lat' dir='ltr'><strong>autem</strong></span> <span class='ocrx_word' id='word_1_495' title='bbox 2306 2968 2440 3017; x_wconf 93' lang='lat' dir='ltr'><strong>non</strong></span> <span class='ocrx_word' id='word_1_496' title='bbox 2457 2952 2790 3016; x_wconf 84' lang='lat' dir='ltr'><strong>attendunt</strong></span> <span class='ocrx_word' id='word_1_497' title='bbox 2816 2950 3155 3016; x_wconf 91' lang='lat' dir='ltr'><strong>Dominum</strong></span> <span class='ocrx_word' id='word_1_498' title='bbox 3180 2950 3399 3016; x_wconf 82' lang='lat' dir='ltr'><strong>videre</strong></span> 
     </span>
     <span class='ocr_line' id='line_1_71' title="bbox 1854 3056 3400 3142; baseline 0.001 -21"><span class='ocrx_word' id='word_1_499' title='bbox 1854 3057 2023 3121; x_wconf 86' lang='lat' dir='ltr'><strong>mala</strong></span> <span class='ocrx_word' id='word_1_500' title='bbox 2048 3059 2291 3138; x_wconf 85' lang='lat' dir='ltr'><strong>omnia,</strong></span> <span class='ocrx_word' id='word_1_501' title='bbox 2309 3057 2464 3142; x_wconf 88' lang='lat' dir='ltr'><strong>quia</strong></span> <span class='ocrx_word' id='word_1_502' title='bbox 2487 3058 2700 3123; x_wconf 87' lang='lat' dir='ltr'><strong>statim</strong></span> <span class='ocrx_word' id='word_1_503' title='bbox 2722 3075 2854 3122; x_wconf 88' lang='lat' dir='ltr'><strong>non</strong></span> <span class='ocrx_word' id='word_1_504' title='bbox 2880 3058 3183 3122; x_wconf 86' lang='lat' dir='ltr'><strong>vindicat.</strong></span> <span class='ocrx_word' id='word_1_505' title='bbox 3214 3056 3400 3123; x_wconf 75' lang='lat' dir='ltr'><strong>Videt</strong></span> 
     </span>
     <span class='ocr_line' id='line_1_72' title="bbox 1852 3163 3399 3247; baseline 0 -20"><span class='ocrx_word' id='word_1_506' title='bbox 1852 3165 2074 3247; x_wconf 82' lang='lat' dir='ltr'><strong>utique</strong></span> <span class='ocrx_word' id='word_1_507' title='bbox 2100 3164 2319 3229; x_wconf 86' lang='lat' dir='ltr'><strong>omnia</strong></span> <span class='ocrx_word' id='word_1_508' title='bbox 2344 3163 2515 3229; x_wconf 88' lang='lat' dir='ltr'><strong>Deus</strong></span> <span class='ocrx_word' id='word_1_509' title='bbox 2541 3163 3047 3247; x_wconf 86' lang='lat' dir='ltr'><strong>sapientissimus</strong></span> <span class='ocrx_word' id='word_1_510' title='bbox 3068 3187 3086 3244; x_wconf 91' lang='lat'>;</span> <span class='ocrx_word' id='word_1_511' title='bbox 3132 3165 3240 3229; x_wconf 89' lang='lat' dir='ltr'><strong>sed</strong></span> <span class='ocrx_word' id='word_1_512' title='bbox 3268 3181 3399 3229; x_wconf 92' lang='lat' dir='ltr'><strong>non</strong></span> 
     </span>
     <span class='ocr_line' id='line_1_73' title="bbox 1851 3271 3395 3356; baseline 0 -19"><span class='ocrx_word' id='word_1_513' title='bbox 1851 3272 2071 3337; x_wconf 82' lang='lat' dir='ltr'><strong>statim</strong></span> <span class='ocrx_word' id='word_1_514' title='bbox 2088 3273 2375 3338; x_wconf 79' lang='lat' dir='ltr'><strong>vindicat</strong></span> <span class='ocrx_word' id='word_1_515' title='bbox 2385 3273 2603 3338; x_wconf 89' lang='lat' dir='ltr'><strong>omnia</strong></span> <span class='ocrx_word' id='word_1_516' title='bbox 2616 3271 3395 3356; x_wconf 87' lang='lat' dir='ltr'><strong>patientissimus.Grego-</strong></span> 
     </span>
     <span class='ocr_line' id='line_1_74' title="bbox 1852 3377 3399 3462; baseline 0.001 -19"><span class='ocrx_word' id='word_1_517' title='bbox 1852 3379 1992 3444; x_wconf 85' lang='lat' dir='ltr'><strong>rius</strong></span> <span class='ocrx_word' id='word_1_518' title='bbox 2007 3380 2093 3444; x_wconf 73' lang='lat'>⁸⁴:</span> <span class='ocrx_word' id='word_1_519' title='bbox 2135 3402 2168 3441; x_wconf 71' lang='grc' dir='ltr'><em>α</em></span> <span class='ocrx_word' id='word_1_520' title='bbox 2182 3377 2478 3445; x_wconf 81' lang='lat' dir='ltr'><strong>Conditor</strong></span> <span class='ocrx_word' id='word_1_521' title='bbox 2500 3384 2719 3445; x_wconf 88' lang='lat' dir='ltr'><strong>noster</strong></span> <span class='ocrx_word' id='word_1_522' title='bbox 2744 3379 2910 3444; x_wconf 86' lang='lat' dir='ltr'><strong>mira</strong></span> <span class='ocrx_word' id='word_1_523' title='bbox 2933 3379 3399 3462; x_wconf 82' lang='lat' dir='ltr'><strong>dispensatione</strong></span> 
     </span>
     <span class='ocr_line' id='line_1_75' title="bbox 1850 3486 3396 3572; baseline 0 -20"><span class='ocrx_word' id='word_1_524' title='bbox 1850 3486 2134 3568; x_wconf 86' lang='lat' dir='ltr'><strong>consilii,</strong></span> <span class='ocrx_word' id='word_1_525' title='bbox 2173 3492 2239 3552; x_wconf 90' lang='lat' dir='ltr'><strong>et</strong></span> <span class='ocrx_word' id='word_1_526' title='bbox 2266 3487 2488 3572; x_wconf 87' lang='lat' dir='ltr'><strong>culpas</strong></span> <span class='ocrx_word' id='word_1_527' title='bbox 2523 3487 2782 3571; x_wconf 82' lang='lat' dir='ltr'><strong>respicit</strong></span> <span class='ocrx_word' id='word_1_528' title='bbox 2803 3533 2824 3566; x_wconf 91' lang='lat'>‚</span> <span class='ocrx_word' id='word_1_529' title='bbox 2855 3490 2919 3551; x_wconf 97' lang='lat' dir='ltr'><strong>et</strong></span> <span class='ocrx_word' id='word_1_530' title='bbox 2947 3486 3208 3552; x_wconf 80' lang='lat' dir='ltr'><strong>vivendi</strong></span> <span class='ocrx_word' id='word_1_531' title='bbox 3232 3491 3396 3552; x_wconf 84' lang='lat' dir='ltr'><strong>tem·</strong></span> 
     </span>
     <span class='ocr_line' id='line_1_76' title="bbox 1852 3593 3459 3678; baseline 0.001 -21"><span class='ocrx_word' id='word_1_532' title='bbox 1852 3610 2008 3676; x_wconf 86' lang='lat' dir='ltr'><strong>pora</strong></span> <span class='ocrx_word' id='word_1_533' title='bbox 2035 3593 2382 3677; x_wconf 85' lang='lat' dir='ltr'><strong>impendit,</strong></span> <span class='ocrx_word' id='word_1_534' title='bbox 2412 3598 2491 3659; x_wconf 84' lang='lat' dir='ltr'><strong>ut</strong></span> <span class='ocrx_word' id='word_1_535' title='bbox 2517 3593 2817 3676; x_wconf 82' lang='lat' dir='ltr'><strong>longiora</strong></span> <span class='ocrx_word' id='word_1_536' title='bbox 2843 3593 2995 3658; x_wconf 82' lang='lat' dir='ltr'><strong>vitae</strong></span> <span class='ocrx_word' id='word_1_537' title='bbox 3032 3594 3401 3678; x_wconf 87' lang='lat' dir='ltr'><strong>temporalis</strong></span> <span class='ocrx_word' id='word_1_538' title='bbox 3454 3648 3459 3659; x_wconf 94' lang='lat'><strong>.</strong></span> 
     </span>
     <span class='ocr_line' id='line_1_77' title="bbox 1850 3700 3399 3783; baseline 0.001 -20"><span class='ocrx_word' id='word_1_539' title='bbox 1850 3700 2053 3783; x_wconf 89' lang='lat' dir='ltr'><strong>spatia</strong></span> <span class='ocrx_word' id='word_1_540' title='bbox 2071 3747 2092 3778; x_wconf 90' lang='lat'>‚</span> <span class='ocrx_word' id='word_1_541' title='bbox 2149 3703 2266 3765; x_wconf 86' lang='lat' dir='ltr'><strong>aut</strong></span> <span class='ocrx_word' id='word_1_542' title='bbox 2313 3718 2621 3767; x_wconf 80' lang='lat' dir='ltr'><strong>converso</strong></span> <span class='ocrx_word' id='word_1_543' title='bbox 2674 3703 2832 3766; x_wconf 86' lang='lat' dir='ltr'><strong>flant</strong></span> <span class='ocrx_word' id='word_1_544' title='bbox 2873 3701 2955 3765; x_wconf 86' lang='lat' dir='ltr'><strong>ad</strong></span> <span class='ocrx_word' id='word_1_545' title='bbox 3006 3700 3399 3783; x_wconf 84' lang='lat' dir='ltr'><strong>adjutorium</strong></span> 
     </span>
     <span class='ocr_line' id='line_1_78' title="bbox 1852 3808 3399 3891; baseline 0.001 -19"><span class='ocrx_word' id='word_1_546' title='bbox 1852 3808 2137 3873; x_wconf 86' lang='lat' dir='ltr'><strong>muneris</strong></span> <span class='ocrx_word' id='word_1_547' title='bbox 2152 3857 2170 3889; x_wconf 89' lang='lat'>‚</span> <span class='ocrx_word' id='word_1_548' title='bbox 2205 3811 2322 3873; x_wconf 85' lang='lat' dir='ltr'><strong>aut</strong></span> <span class='ocrx_word' id='word_1_549' title='bbox 2347 3827 2479 3874; x_wconf 92' lang='lat' dir='ltr'><strong>non</strong></span> <span class='ocrx_word' id='word_1_550' title='bbox 2505 3826 2815 3875; x_wconf 83' lang='lat' dir='ltr'><strong>converso</strong></span> <span class='ocrx_word' id='word_1_551' title='bbox 2863 3808 2943 3873; x_wconf 88' lang='lat' dir='ltr'><strong>ad</strong></span> <span class='ocrx_word' id='word_1_552' title='bbox 2970 3812 3399 3891; x_wconf 87' lang='lat' dir='ltr'><strong>augmentum</strong></span> 
     </span>
     <span class='ocr_line' id='line_1_79' title="bbox 1850 3915 2351 3981; baseline -0.008 0"><span class='ocrx_word' id='word_1_553' title='bbox 1850 3915 2300 3981; x_wconf 86' lang='lat' dir='ltr'><strong>damnationis.</strong></span> <span class='ocrx_word' id='word_1_554' title='bbox 2318 3937 2351 3977; x_wconf 73' lang='grc' dir='ltr'><strong><em>ι</em></strong></span> 
     </span>
    </p>

    <p class='ocr_par' dir='ltr' id='par_1_11' title="bbox 1847 4022 3397 5291">
     <span class='ocr_line' id='line_1_80' title="bbox 1931 4022 3397 4090; baseline -0.001 -1"><span class='ocrx_word' id='word_1_555' title='bbox 1931 4024 2019 4089; x_wconf 91' lang='lat' dir='ltr'><strong>De</strong></span> <span class='ocrx_word' id='word_1_556' title='bbox 2046 4024 2324 4089; x_wconf 68' lang='lat' dir='ltr'><strong>aecundo</strong></span> <span class='ocrx_word' id='word_1_557' title='bbox 2350 4024 2396 4065; x_wconf 87' lang='lat'>¹⁸</span> <span class='ocrx_word' id='word_1_558' title='bbox 2432 4022 2859 4090; x_wconf 72' lang='lat' dir='ltr'><strong>:aviditsesus</strong></span> <span class='ocrx_word' id='word_1_559' title='bbox 2876 4022 3200 4088; x_wconf 87' lang='lat' dir='ltr'><strong>sedentem</strong></span> <span class='ocrx_word' id='word_1_560' title='bbox 3219 4022 3397 4088; x_wconf 85' lang='lat' dir='ltr'><strong>inte-</strong></span> 
     </span>
     <span class='ocr_line' id='line_1_81' title="bbox 1852 4132 3392 4212; baseline 0 -15"><span class='ocrx_word' id='word_1_561' title='bbox 1852 4132 2024 4197; x_wconf 89' lang='lat' dir='ltr'><strong>lonio</strong></span> <span class='ocrx_word' id='word_1_562' title='bbox 2047 4180 2065 4209; x_wconf 94' lang='lat'><strong>,</strong></span> <span class='ocrx_word' id='word_1_563' title='bbox 2094 4154 2126 4194; x_wconf 68' lang='lat' dir='ltr'>n</span> <span class='ocrx_word' id='word_1_564' title='bbox 2162 4134 2281 4197; x_wconf 84' lang='lat' dir='ltr'><strong>etc.</strong></span> <span class='ocrx_word' id='word_1_565' title='bbox 2316 4133 2363 4179; x_wconf 76' lang='lat'>¹⁸</span> <span class='ocrx_word' id='word_1_566' title='bbox 2396 4156 2429 4195; x_wconf 72' lang='lat' dir='ltr'><strong>c</strong></span> <span class='ocrx_word' id='word_1_567' title='bbox 2452 4132 2627 4199; x_wconf 75' lang='lat' dir='ltr'><strong>Vidit</strong></span> <span class='ocrx_word' id='word_1_568' title='bbox 2662 4133 2825 4198; x_wconf 90' lang='lat' dir='ltr'><strong>duos</strong></span> <span class='ocrx_word' id='word_1_569' title='bbox 2848 4133 3075 4197; x_wconf 80' lang='lat' dir='ltr'><strong>fratres</strong></span> <span class='ocrx_word' id='word_1_570' title='bbox 3098 4181 3117 4212; x_wconf 95' lang='lat'><strong>,</strong></span> <span class='ocrx_word' id='word_1_571' title='bbox 3143 4153 3175 4193; x_wconf 69' lang='grc' dir='ltr'><strong>ι</strong></span> <span class='ocrx_word' id='word_1_572' title='bbox 3224 4136 3344 4198; x_wconf 90' lang='lat' dir='ltr'><strong>etc.</strong></span> <span class='ocrx_word' id='word_1_573' title='bbox 3375 4155 3392 4197; x_wconf 71' lang='grc' dir='ltr'>ι</span> 
     </span>
     <span class='ocr_line' id='line_1_82' title="bbox 1851 4239 3396 4324; baseline 0 -20"><span class='ocrx_word' id='word_1_574' title='bbox 1851 4243 1914 4305; x_wconf 88' lang='lat' dir='ltr'><strong>et</strong></span> <span class='ocrx_word' id='word_1_575' title='bbox 1952 4240 2077 4304; x_wconf 90' lang='lat' dir='ltr'><strong>hoc</strong></span> <span class='ocrx_word' id='word_1_576' title='bbox 2120 4258 2236 4323; x_wconf 85' lang='lat' dir='ltr'><strong>per</strong></span> <span class='ocrx_word' id='word_1_577' title='bbox 2275 4243 2635 4324; x_wconf 87' lang='lat' dir='ltr'><strong>respectum</strong></span> <span class='ocrx_word' id='word_1_578' title='bbox 2680 4240 2932 4321; x_wconf 70' lang='lat' dir='ltr'><strong>gratim.</strong></span> <span class='ocrx_word' id='word_1_579' title='bbox 2981 4239 3162 4305; x_wconf 89' lang='lat' dir='ltr'><strong>Unde</strong></span> <span class='ocrx_word' id='word_1_580' title='bbox 3196 4241 3396 4305; x_wconf 89' lang='lat' dir='ltr'><strong>secuti</strong></span> 
     </span>
     <span class='ocr_line' id='line_1_83' title="bbox 1850 4347 3395 4431; baseline 0.001 -19"><span class='ocrx_word' id='word_1_581' title='bbox 1850 4350 2005 4412; x_wconf 89' lang='lat' dir='ltr'><strong>sunt</strong></span> <span class='ocrx_word' id='word_1_582' title='bbox 2044 4365 2220 4413; x_wconf 87' lang='lat' dir='ltr'><strong>eum.</strong></span> <span class='ocrx_word' id='word_1_583' title='bbox 2271 4350 2442 4430; x_wconf 82' lang='lat' dir='ltr'><strong>Ergo</strong></span> <span class='ocrx_word' id='word_1_584' title='bbox 2488 4352 2586 4413; x_wconf 87' lang='lat' dir='ltr'><strong>est</strong></span> <span class='ocrx_word' id='word_1_585' title='bbox 2624 4347 2830 4413; x_wconf 83' lang='lat' dir='ltr'><strong>virtus</strong></span> <span class='ocrx_word' id='word_1_586' title='bbox 2869 4347 3156 4427; x_wconf 89' lang='lat' dir='ltr'><strong>Domini,</strong></span> <span class='ocrx_word' id='word_1_587' title='bbox 3199 4366 3395 4431; x_wconf 88' lang='lat' dir='ltr'><strong>quam</strong></span> 
     </span>
     <span class='ocr_line' id='line_1_84' title="bbox 1850 4452 3397 4538; baseline 0.001 -20"><span class='ocrx_word' id='word_1_588' title='bbox 1850 4454 2066 4519; x_wconf 86' lang='lat' dir='ltr'><strong>statim</strong></span> <span class='ocrx_word' id='word_1_589' title='bbox 2100 4459 2459 4535; x_wconf 83' lang='lat' dir='ltr'><strong>sequuntur</strong></span> <span class='ocrx_word' id='word_1_590' title='bbox 2494 4454 2809 4538; x_wconf 84' lang='lat' dir='ltr'><strong>discipuli.</strong></span> <span class='ocrx_word' id='word_1_591' title='bbox 2843 4452 2892 4519; x_wconf 88' lang='grc' dir='ltr'>Ο</span> <span class='ocrx_word' id='word_1_592' title='bbox 2927 4454 2982 4518; x_wconf 90' lang='lat' dir='ltr'><strong>si</strong></span> <span class='ocrx_word' id='word_1_593' title='bbox 3009 4473 3126 4519; x_wconf 86' lang='lat' dir='ltr'><strong>vos</strong></span> <span class='ocrx_word' id='word_1_594' title='bbox 3152 4455 3397 4520; x_wconf 83' lang='lat' dir='ltr'><strong>videret</strong></span> 
     </span>
     <span class='ocr_line' id='line_1_85' title="bbox 1849 4560 3393 4642; baseline 0 -16"><span class='ocrx_word' id='word_1_595' title='bbox 1849 4560 2159 4627; x_wconf 88' lang='lat' dir='ltr'><strong>Dominus</strong></span> <span class='ocrx_word' id='word_1_596' title='bbox 2184 4563 2308 4627; x_wconf 89' lang='lat' dir='ltr'><strong>hoc</strong></span> <span class='ocrx_word' id='word_1_597' title='bbox 2334 4562 2786 4629; x_wconf 64' lang='lat' dir='ltr'><strong>misericordiae</strong></span> <span class='ocrx_word' id='word_1_598' title='bbox 2812 4580 2948 4628; x_wconf 82' lang='lat' dir='ltr'><strong>suae</strong></span> <span class='ocrx_word' id='word_1_599' title='bbox 2994 4563 3221 4642; x_wconf 66' lang='lat' dir='ltr'><strong>oculo*‚</strong></span> <span class='ocrx_word' id='word_1_600' title='bbox 3261 4563 3393 4627; x_wconf 88' lang='lat' dir='ltr'><strong>uti-</strong></span> 
     </span>
     <span class='ocr_line' id='line_1_86' title="bbox 1849 4669 3394 4755; baseline 0.002 -22"><span class='ocrx_word' id='word_1_601' title='bbox 1849 4686 1978 4753; x_wconf 83' lang='lat' dir='ltr'><strong>que</strong></span> <span class='ocrx_word' id='word_1_602' title='bbox 2022 4669 2189 4734; x_wconf 87' lang='lat' dir='ltr'><strong>Deus</strong></span> <span class='ocrx_word' id='word_1_603' title='bbox 2227 4669 2456 4735; x_wconf 84' lang='lat' dir='ltr'><strong>vestris</strong></span> <span class='ocrx_word' id='word_1_604' title='bbox 2497 4669 2698 4735; x_wconf 86' lang='lat' dir='ltr'><strong>oculis</strong></span> <span class='ocrx_word' id='word_1_605' title='bbox 2739 4669 3056 4755; x_wconf 83' lang='lat' dir='ltr'><strong>lacrymas</strong></span> <span class='ocrx_word' id='word_1_606' title='bbox 3099 4670 3394 4736; x_wconf 89' lang='lat' dir='ltr'><strong>educeret</strong></span> 
     </span>
     <span class='ocr_line' id='line_1_87' title="bbox 1848 4776 3393 4861; baseline 0.001 -20"><span class='ocrx_word' id='word_1_607' title='bbox 1848 4786 1968 4859; x_wconf 84' lang='lat' dir='ltr'><strong>pro·</strong></span> <span class='ocrx_word' id='word_1_608' title='bbox 1993 4777 2287 4861; x_wconf 84' lang='lat' dir='ltr'><strong>peccatis.</strong></span> <span class='ocrx_word' id='word_1_609' title='bbox 2317 4776 2497 4843; x_wconf 88' lang='lat' dir='ltr'><strong>Unde</strong></span> <span class='ocrx_word' id='word_1_610' title='bbox 2523 4796 2697 4858; x_wconf 90' lang='lat' dir='ltr'><strong>cum,</strong></span> <span class='ocrx_word' id='word_1_611' title='bbox 2728 4778 2901 4860; x_wconf 87' lang='lat' dir='ltr'><strong>gallo</strong></span> <span class='ocrx_word' id='word_1_612' title='bbox 2927 4781 3244 4858; x_wconf 85' lang='lat' dir='ltr'><strong>cantante,</strong></span> <span class='ocrx_word' id='word_1_613' title='bbox 3270 4776 3393 4843; x_wconf 86' lang='lat' dir='ltr'><strong>Pe-</strong></span> 
     </span>
     <span class='ocr_line' id='line_1_88' title="bbox 1847 4883 3395 4967; baseline 0 -17"><span class='ocrx_word' id='word_1_614' title='bbox 1847 4887 2028 4950; x_wconf 89' lang='lat' dir='ltr'><strong>trum</strong></span> <span class='ocrx_word' id='word_1_615' title='bbox 2078 4884 2359 4967; x_wconf 87' lang='lat' dir='ltr'><strong>respexit</strong></span> <span class='ocrx_word' id='word_1_616' title='bbox 2398 4883 2705 4950; x_wconf 88' lang='lat' dir='ltr'><strong>Dominus</strong></span> <span class='ocrx_word' id='word_1_617' title='bbox 2741 4887 2788 4928; x_wconf 83' lang='lat'>¹⁸</span> <span class='ocrx_word' id='word_1_618' title='bbox 2833 4908 2850 4951; x_wconf 69' lang='grc' dir='ltr'>ε</span> <span class='ocrx_word' id='word_1_619' title='bbox 2886 4908 2918 4949; x_wconf 74' lang='grc' dir='ltr'><strong>α</strong></span> <span class='ocrx_word' id='word_1_620' title='bbox 2945 4886 3171 4952; x_wconf 88' lang='lat' dir='ltr'><strong>Petrus</strong></span> <span class='ocrx_word' id='word_1_621' title='bbox 3216 4886 3395 4950; x_wconf 86' lang='lat' dir='ltr'><strong>flevit</strong></span> 
     </span>
     <span class='ocr_line' id='line_1_89' title="bbox 1847 4972 3389 5075; baseline 0.001 -19"><span class='ocrx_word' id='word_1_622' title='bbox 1847 5009 2090 5056; x_wconf 79' lang='lat' dir='ltr'><strong>amare.</strong></span> <span class='ocrx_word' id='word_1_623' title='bbox 2117 5013 2149 5051; x_wconf 70' lang='grc' dir='ltr'><strong><em>ι</em></strong></span> <span class='ocrx_word' id='word_1_624' title='bbox 2184 4990 2355 5057; x_wconf 83' lang='lat' dir='ltr'><strong>Nihil</strong></span> <span class='ocrx_word' id='word_1_625' title='bbox 2385 4972 2559 5057; x_wconf 80' lang='lat' dir='ltr'><strong>enim</strong></span> <span class='ocrx_word' id='word_1_626' title='bbox 2586 4996 2810 5057; x_wconf 85' lang='lat' dir='ltr'><strong>cantus</strong></span> <span class='ocrx_word' id='word_1_627' title='bbox 2838 4993 3036 5075; x_wconf 88' lang='lat' dir='ltr'><strong>galli,</strong></span> <span class='ocrx_word' id='word_1_628' title='bbox 3074 4993 3233 5057; x_wconf 90' lang='lat' dir='ltr'><strong>nihil</strong></span> <span class='ocrx_word' id='word_1_629' title='bbox 3260 4992 3389 5058; x_wconf 88' lang='lat' dir='ltr'><strong>cla-</strong></span> 
     </span>
     <span class='ocr_line' id='line_1_90' title="bbox 1848 5098 3390 5183; baseline 0.001 -19"><span class='ocrx_word' id='word_1_630' title='bbox 1848 5116 1994 5164; x_wconf 86' lang='lat' dir='ltr'><strong>mor</strong></span> <span class='ocrx_word' id='word_1_631' title='bbox 2034 5098 2466 5181; x_wconf 75' lang='lat' dir='ltr'><strong>praedicatoris</strong></span> <span class='ocrx_word' id='word_1_632' title='bbox 2524 5100 2780 5183; x_wconf 85' lang='lat' dir='ltr'><strong>prodest</strong></span> <span class='ocrx_word' id='word_1_633' title='bbox 2817 5147 2837 5179; x_wconf 93' lang='lat'><strong>,</strong></span> <span class='ocrx_word' id='word_1_634' title='bbox 2880 5100 3004 5164; x_wconf 89' lang='lat' dir='ltr'><strong>nisi</strong></span> <span class='ocrx_word' id='word_1_635' title='bbox 3065 5105 3390 5183; x_wconf 83' lang='lat' dir='ltr'><strong>respectus</strong></span> 
     </span>
     <span class='ocr_line' id='line_1_91' title="bbox 1847 5204 3390 5291; baseline 0.001 -19"><span class='ocrx_word' id='word_1_636' title='bbox 1847 5206 2017 5272; x_wconf 90' lang='lat' dir='ltr'><strong>oculi</strong></span> <span class='ocrx_word' id='word_1_637' title='bbox 2051 5204 2498 5272; x_wconf 84' lang='lat' dir='ltr'><strong>misericordiae</strong></span> <span class='ocrx_word' id='word_1_638' title='bbox 2535 5206 2772 5272; x_wconf 65' lang='lat' dir='ltr'><strong>divinae</strong></span> <span class='ocrx_word' id='word_1_639' title='bbox 2808 5224 2918 5273; x_wconf 91' lang='lat' dir='ltr'><strong>cor</strong></span> <span class='ocrx_word' id='word_1_640' title='bbox 2957 5211 3222 5291; x_wconf 86' lang='lat' dir='ltr'><strong>tangat,</strong></span> <span class='ocrx_word' id='word_1_641' title='bbox 3266 5208 3390 5273; x_wconf 82' lang='lat' dir='ltr'><strong>nisi</strong></span> 
     </span>
    </p>
   </div>
   <div class='ocr_carea' id='block_1_9' title="bbox 1848 5401 3525 5471">
    <p class='ocr_par' dir='ltr' id='par_1_12' title="bbox 1848 5401 3525 5471">
     <span class='ocr_line' id='line_1_92' title="bbox 1848 5401 3525 5471; baseline 0.003 -19"><span class='ocrx_word' id='word_1_642' title='bbox 1848 5401 3389 5471; x_wconf 69' lang='lat' dir='ltr'><strong>¹⁸Gregor.,10m1.,lib.xvli,c.,.va1111,n..·1—</strong></span> <span class='ocrx_word' id='word_1_643' title='bbox 3508 5456 3525 5465; x_wconf 78' lang='grc'><strong>,</strong></span> 
     </span>
    </p>
   </div>
   <div class='ocr_carea' id='block_1_10' title="bbox 1848 5440 3388 5607">
    <p class='ocr_par' dir='ltr' id='par_1_13' title="bbox 1848 5440 3388 5607">
     <span class='ocr_line' id='line_1_93' title="bbox 1872 5440 3388 5549; baseline 0.004 -28.223"><span class='ocrx_word' id='word_1_644' title='bbox 1872 5473 2142 5535; x_wconf 51' lang='lat' dir='ltr'><strong>mmmm,</strong></span> <span class='ocrx_word' id='word_1_645' title='bbox 2178 5485 2263 5539; x_wconf 74' lang='lat' dir='ltr'><strong>ix,</strong></span> <span class='ocrx_word' id='word_1_646' title='bbox 2301 5476 2351 5527; x_wconf 88' lang='grc'><strong>9.</strong></span> <span class='ocrx_word' id='word_1_647' title='bbox 2392 5500 2457 5517; x_wconf 91' lang='lat'><strong>--</strong></span> <span class='ocrx_word' id='word_1_648' title='bbox 2502 5474 2545 5511; x_wconf 76' lang='lat'>¹⁸</span> <span class='ocrx_word' id='word_1_649' title='bbox 2587 5474 2842 5543; x_wconf 62' lang='lat' dir='ltr'><strong>ibid„1V,</strong></span> <span class='ocrx_word' id='word_1_650' title='bbox 2890 5440 2967 5531; x_wconf 69' lang='grc' dir='ltr'><strong>ῘΒ.</strong></span> <span class='ocrx_word' id='word_1_651' title='bbox 3003 5503 3067 5516; x_wconf 92' lang='grc'><strong>-</strong></span> <span class='ocrx_word' id='word_1_652' title='bbox 3124 5476 3388 5549; x_wconf 27' lang='lat' dir='ltr'><strong>Unam!</strong></span> 
     </span>
     <span class='ocr_line' id='line_1_94' title="bbox 1848 5542 2104 5607; baseline -0.021 -8"><span class='ocrx_word' id='word_1_653' title='bbox 1848 5555 1992 5607; x_wconf 72' lang='lat' dir='ltr'><strong>uvt,</strong></span> <span class='ocrx_word' id='word_1_654' title='bbox 2024 5542 2104 5597; x_wconf 76' lang='lat'><strong>75.</strong></span> 
     </span>
    </p>
   </div>
  </div>
 </body>
</html>
