4059 6317
694 395 815 460 448

691 545 962 595 suorum
989 526 1472 611 constringitur.
1500 550 1534 591 ι
1568 526 1858 594 Funibus
1874 525 2076 591 solent
2094 542 2241 590 con-

692 634 924 719 stringi
957 636 1216 715 bestiae3
1262 640 1326 701 et
1363 636 1658 702 homines
1682 635 1917 714 insani,
1956 637 2019 698 et
2052 633 2241 698 luxu-

691 742 847 808 riosi
874 748 1025 808 sunt
1043 744 1368 823 insensati,
1398 747 1463 809 et
1489 742 1708 809 bestiae
1732 741 1989 808 diaboli.
2014 739 2240 804 Hiero—

690 867 931 933 nymus
959 853 978 887 ¹
1014 874 1029 917 z
1071 874 1103 914 ιι
1126 850 1483 917 Fornicatio
1516 856 1629 917 aut
1666 850 1957 933 voluptas
1986 865 2243 932 perver-

691 957 768 1022 tit
796 975 1079 1040 sensum,
1111 960 1391 1025 animam
1421 962 1718 1038 excaecat,
1755 975 1989 1040 corpus
2015 956 2239 1021 debili·

691 1069 805 1147 tat,
848 1070 914 1131 et
965 1068 1044 1134 de
1089 1068 1382 1134 rationali
1429 1068 1693 1134 homine
1742 1068 2004 1132 brutum
2052 1064 2241 1130 efficit

690 1174 957 1240 animal.
989 1197 1020 1236 n

774 1283 861 1348 De
919 1283 1197 1348 secundo
1252 1281 1587 1347 Psalmista
1627 1284 1650 1319 ⁸
1690 1301 1709 1345 ε
1761 1304 1792 1343 c
1825 1279 2083 1346 Lavabo
2129 1296 2243 1361 per

693 1390 988 1472 singulas
1013 1395 1228 1455 noctes
1251 1389 1485 1456 lectum
1518 1407 1761 1467 meum,
1794 1410 1826 1449 υ
1853 1391 2001 1464 etc„
2029 1385 2095 1450 id
2122 1389 2237 1464 est,

693 1497 1143 1564 conscientiam
1189 1516 1423 1562 meam.
1481 1496 1831 1579 Gregorius
1870 1494 1894 1531 ⁸
1943 1514 1958 1557 t
2016 1516 2049 1556 ιι
2103 1492 2244 1570 Quo

694 1605 957 1671 uberius
1003 1606 1194 1690 culpa
1243 1606 1534 1685 defletur,
1587 1624 1664 1670 eo
1718 1604 1906 1670 altior
1949 1599 2241 1682 cognitio

573 1787 578 1792 ⁴
693 1714 978 1779 veritatis
1017 1714 1361 1796 attingitur
1391 1736 1407 1778 ε
1448 1713 1601 1797 quia
1642 1712 1724 1778 ad
1758 1709 2108 1778 videndum
2148 1708 2248 1771 in·

693 1824 951 1886 ternum
985 1820 1206 1887 lumen
1251 1819 1496 1904 polluta
1546 1820 1790 1886 dudum
1830 1818 2238 1897 conscientia,

692 1928 993 2014 lacrymis
1034 1928 1350 2011 baptizata
1399 1930 1769 1993 renovatur.
1829 1947 1861 1986 a
1916 1925 2255 2014 Conscienf

692 2040 847 2102 tiam
882 2057 995 2122 per
1033 2035 1325 2120 singulas
1359 2041 1576 2102 noctes
1612 2035 1808 2113 lavat,
1841 2034 1955 2117 qui
1981 2033 2239 2115 singula

693 2147 853 2212 vitia
878 2144 1181 2229 deplorat.
1229 2142 1407 2209 Unde
1450 2143 1613 2207 bene
1639 2141 1928 2207 Naaman
1958 2141 2186 2224 septies
2220 2141 2242 2176 ⁸

692 2253 765 2319 in
788 2254 1061 2320 ‚Iordane
1087 2252 1337 2317 lavatur
1367 2269 1387 2315 2
1416 2250 1530 2334 qui
1557 2251 1732 2318 enim
1777 2267 1816 2314 a
1840 2247 2020 2330 lepra
2048 2247 2238 2313 vitio·

693 2380 843 2427 rum
873 2360 1013 2428 vult
1040 2359 1359 2437 mundari,
1389 2376 1506 2441 per
1532 2356 1791 2439 singula
1816 2359 2060 2438 septem
2085 2354 2242 2420 vitia

693 2469 990 2554 lacrymis
1017 2468 1204 2533 debet
1229 2466 1452 2532 lavari.
1500 2465 1717 2548 Neque
1761 2467 2015 2529 tantum
2048 2463 2242 2528 unius

693 2579 870 2657 anni,
899 2578 1010 2643 sed
1029 2577 1224 2641 etiam
1251 2575 1543 2640 omnium
1567 2589 1892 2638 annorum
1920 2571 2076 2636 vitae
2106 2590 2242 2636 suae

693 2687 864 2752 mala
888 2686 1077 2752 debet
1104 2685 1258 2748 flere
1280 2689 1304 2725 ⁸
1333 2706 1350 2749 ε
1388 2707 1418 2747 α
1450 2681 1839 2763 Recogitabo
1873 2697 2099 2746 omnes
2125 2697 2239 2743 an-

692 2812 831 2875 nos,
862 2816 893 2856 υ
930 2799 1050 2859 etc.
1103 2792 1228 2857 Iste
1272 2792 1486 2858 luctus
1537 2777 1937 2855 conscientiae
1978 2786 2237 2853 virtuti-

691 2902 840 2982 bus,
882 2906 1192 2984 tanquam
1227 2898 1588 2965 fortissimis
1626 2897 1961 2976 militibuS,
1990 2896 2071 2961 ad
2100 2913 2237 2960 mo·

693 3011 848 3077 dum
896 3010 1043 3074 lecti
1087 3008 1328 3090 regalis
1368 3006 1819 3072 custodiendus
1859 3008 1985 3086 est,
2022 3008 2099 3069 ut
2124 3022 2240 3068 rex

689 3121 911 3192 ,noster
955 3117 1242 3182 Christus
1290 3116 1360 3178 in
1415 3133 1492 3179 eo
1553 3131 1818 3179 securus
1858 3113 2137 3195 quiescat
2163 3111 2187 3146 ⁸
2218 3133 2235 3176 ε

703 3249 733 3289 α
768 3226 863 3292 En
912 3225 1220 3290 lectulum
1262 3222 1617 3288 Salomonis
1668 3222 2007 3304 sexaginta
2049 3221 2242 3286 fortes

695 3332 1013 3412 ambiunt,
1044 3353 1076 3392 ι)
1111 3335 1230 3396 eto.

773 3440 861 3506 De
912 3421 1095 3506 tertio
1131 3438 1464 3504 Psalmista
1498 3438 1521 3473 ¹
1557 3454 1576 3501 z
1631 3459 1662 3498 ι
1708 3435 2015 3502 Dominus
2051 3453 2240 3518 opem

691 3551 850 3616 ferat
879 3549 970 3616 illi
996 3567 1186 3633 super
1214 3547 1451 3612 lectum
1481 3545 1712 3611 doloris
1738 3547 1796 3629 ej
1806 3564 1901 3610 uS.
1926 3567 1957 3606 υ
1994 3543 2240 3608 Infirmi

693 3658 766 3723 in
793 3659 952 3723 lecto
970 3658 1253 3740 jacentes
1280 3672 1429 3719 cum
1457 3653 1672 3719 dolore
1708 3657 2109 3738 torquentur,
2152 3655 2238 3719 li-

693 3767 919 3831 benter
945 3765 1325 3829 confitentur
1361 3784 1377 3826 ε
1423 3763 1513 3827 ita
1541 3762 1612 3826 in
1651 3763 1810 3827 lecto
1847 3763 2238 3846 poenitentiae

695 3875 1118 3951 confitentur-3
1160 3871 1341 3936 dolor
1390 3870 1786 3935 contritionis
1822 3870 1998 3952 cogit
2020 3870 2237 3936 homi-

693 4000 844 4049 nem
870 3980 1177 4047 confiteri.
1218 3978 1349 4043 Hoc
1375 3981 1592 4044 autem
1620 3977 1838 4043 dolore
1864 3978 2090 4060 arguit
2115 3979 2237 4044 Do-

693 4090 908 4154 minus
951 4092 1340 4172 peccatorem
1381 4103 1499 4169 pro
1533 4085 1711 4150 omni
1745 4104 1863 4150 sua
1888 4089 2242 4167 transgres-

693 4195 873 4260 sione
899 4201 923 4237 ⁸
953 4218 968 4259 :
1011 4218 1042 4256 α
1071 4194 1360 4276 Increpat
1403 4210 1660 4276 quoque
1699 4211 1812 4276 per
1851 4192 2134 4258 dolorem
2170 4194 2239 4257 in

691 4301 945 4380 lectulo,
976 4306 1040 4367 et
1061 4302 1280 4368 omnia
1305 4319 1446 4365 ossa
1474 4301 1565 4364 eis
1591 4318 1975 4366 marcescere
2001 4300 2168 4365 facit.
2205 4322 2237 4361 a

691 4408 772 4476 Et
796 4413 963 4474 certe
990 4427 1160 4492 saepe
1186 4409 1364 4474 dolor
1387 4407 1838 4489 increpationis
1882 4409 2239 4474 ostenditur

691 4534 807 4600 per
833 4516 1149 4599 lacrymas
1178 4514 1596 4595 contritionis,
1622 4515 1788 4580 sicut
1818 4519 1990 4598 patet
2014 4515 2086 4579 in
2112 4514 2239 4580 Ma-

689 4625 964 4709 gdalena
989 4629 1035 4702 ⁹,
1057 4623 1197 4687 etin
1227 4621 1415 4687 Petro
1437 4623 1504 4686 ¹⁰.
1519 4620 1697 4687 Unde
1715 4622 2119 4704 Augustinus
2143 4628 2230 4686 ¹¹:

700 4756 733 4796 α
757 4733 937 4798 Sicut
966 4748 1178 4796 comes
1204 4730 1592 4812 poeuitentiae
1618 4728 1797 4793 dolor
1822 4733 1938 4810 est,
1969 4730 2062 4795 ita
2086 4738 2238 4799 sunt

689 4839 993 4924 lacrymae
1018 4841 1211 4903 testes
1235 4836 1488 4903 doloris.
1520 4858 1551 4898 υ
1587 4835 1710 4914 Qui
1730 4854 1891 4919 ergo
1911 4838 2103 4904 talem
2131 4840 2231 4904 in-

757 4970 777 5003 ¹
804 4966 1039 5027 Hieron„
1069 4964 1119 5014 in
1144 4962 1276 5026 Ore„
1302 4976 1351 5014 c.
1379 4974 1451 5027 ιν,
1481 4962 1578 5014 ool.
1609 4965 1749 5015 126⁰.
1777 4989 1841 5001 —
1868 4964 1891 5000 ¹
1919 4964 2057 5018 Psal.
2088 4977 2161 5028 vr,
2184 4967 2233 5018 7.

690 5063 753 5079 —-
778 5040 798 5071 ⁸
826 5042 1062 5104 Gregnr„
1091 5038 1143 5086 in
1175 5035 1374 5097 Ezech„
1399 5036 1490 5086 lib.
1522 5036 1570 5100 l,
1594 5035 1737 5086 hom.
1767 5045 1843 5097 11,
1871 5049 1924 5086 n.
1956 5039 2037 5098 43,
2066 5039 2233 5102 quoad

691 5125 918 5163 sensum.
941 5110 1050 5148 —'⁸
1077 5108 1141 5158 lV
1174 5109 1309 5172 Req„
1338 5117 1390 5171 v,
1421 5111 1498 5159 ¹4.
1524 5134 1586 5146 —
1614 5110 1633 5139 ⁸
1661 5109 1784 5173 Isa„
1813 5120 2035 5174 xxxvm,
2068 5116 2141 5162 ¹⁸.
2172 5138 2235 5150 -

692 5183 717 5220 ⁸
741 5185 913 5244 Cant„
939 5194 1034 5245 ιιι,
1063 5182 1112 5232 7.
1145 5207 1198 5217 -—
1235 5179 1254 5212 ²
1280 5177 1419 5230 Psal.
1447 5191 1540 5245 η,
1575 5183 1622 5231 t.
1645 5207 1707 5219 —
1732 5179 1756 5215 ⁸
1780 5179 1897 5245 lob,
1925 5193 2125 5246 mni,
2152 5185 2233 5234 19.

690 5277 755 5295 -
780 5258 801 5288 ⁸
826 5255 960 5318 Luc„
995 5264 1090 5315 vu,
1119 5253 1198 5304 38.
1226 5277 1288 5290 -
1316 5250 1359 5281 ¹·
1387 5251 1590 5316 Barth„
1619 5263 1773 5315 xxvi,
1807 5254 1887 5303 7⁵.
1914 5277 1978 5291 -—
2007 5254 2051 5288 ¹¹
2082 5255 2237 5319 Aug„

692 5340 848 5378 serm.
869 5338 1040 5388 coeni,
1067 5327 1125 5375 n.
1151 5328 1197 5374 ¹.
1215 5345 1279 5363 -
1301 5322 1346 5358 1⁸
1364 5322 1524 5387 loen„
1552 5335 1664 5386 xvl,
1685 5325 1733 5375 8.
1764 5350 1826 5362 —
1857 5325 1893 5355 ¹⁸
1911 5325 2058 5385 Gen„
2086 5336 2231 5389 xmx,

693 5399 774 5450 33.
806 5425 859 5435 -
902 5399 944 5434 ¹⁸
973 5395 1094 5459 lob,
1121 5407 1277 5458 xxix,
1308 5395 1386 5445 18.
1417 5420 1479 5433 —
1509 5396 1547 5432 ¹⁸
1570 5396 1697 5458 Iob,
1723 5407 1931 5459 xxxm,
1969 5400 2138 5448 {5-16.
2171 5423 2234 5436 —

1795 373 2216 456 ssauomts
2258 387 2360 453 nn
2396 341 2799 456 ‘rumpentes

2346 525 2771 608 crepationem
2795 527 2861 594 in
2889 528 3078 594 corde
3095 529 3306 609 sentit,
3322 529 3591 614 signum
3607 532 3702 596 est
3712 529 3865 617 quod

2347 639 2615 714 argutor
2658 635 2963 701 vitiorum
2992 637 3266 721 Spiritus
3301 639 3371 703 in
3405 658 3562 705 eum
3594 640 3762 704 venit
3782 641 3864 705 ¹²:

2357 762 2389 801 u
2415 739 2572 806 Cum
2597 748 2811 808 autem
2843 747 3090 811 venerit
3104 746 3210 811 ille
3230 746 3523 830 (Spiritus
3552 748 3866 826 veritatis),

2348 854 2580 929 arguet
2636 851 2974 932 mundum,
3004 876 3036 914 n
3071 859 3191 920 etc.
3240 855 3319 921 Et
3357 863 3507 922 nota
3558 856 3730 940 quod
3764 857 3868 920 isto

2347 956 2510 1023 lecto
2536 961 2923 1042 poenitentiae
2951 966 3115 1030 mori
3139 967 3325 1032 debet
3350 967 3574 1047 homo,
3614 967 3772 1031 sicut
3794 967 3869 1030 si-

2350 1068 2624 1145 gnatum
2662 1072 2758 1132 est
2788 1069 2856 1133 in
2881 1069 3075 1137 Jacob
3112 1074 3496 1156 patriarcha,
3526 1075 3612 1139 de
3642 1092 3766 1157 quo
3788 1075 3867 1138 ²⁸:

2357 1193 2389 1232 u
2409 1170 2675 1256 Collegit
2688 1177 2876 1259 pedes
2890 1196 3040 1243 suos
3061 1198 3253 1264 super
3279 1181 3538 1261 lectum,
3571 1184 3640 1246 et
3660 1181 3864 1245 obiit.»

2348 1276 2580 1345 Beatus
2618 1300 2781 1364 ergo
2822 1288 2937 1365 est,
2985 1287 3097 1369 qui
3143 1306 3275 1351 non
3321 1289 3389 1353 in
3434 1288 3730 1371 patibulo
3779 1307 3869 1351 su·

2349 1388 2610 1469 perbiae,
2635 1407 2765 1455 non
2788 1390 2859 1454 in
2883 1392 3043 1474 igne
3058 1394 3365 1474 avaritiae,
3397 1412 3530 1460 non
3550 1395 3627 1460 in
3646 1395 3777 1459 luto
3795 1393 3871 1459 lu·

2350 1494 2582 1576 mrim,
2638 1497 2749 1561 sed
2797 1497 2867 1561 in
2908 1498 3070 1565 lecto
3111 1501 3500 1583 poenitentiae
3552 1502 3823 1567 moritur
3856 1522 3871 1562 ι

2351 1603 2396 1639 “
2431 1626 2461 1666 α
2490 1603 2563 1668 ln
2590 1604 2822 1671 lectulo
2849 1606 2929 1690 (α)
2962 1608 3221 1674 moriar.
3253 1631 3285 1670 a

2429 1711 2518 1777 De
2543 1717 2797 1796 quarto,
2821 1715 2900 1781 de
2938 1716 3101 1780 lecto
3128 1717 3455 1801 sapientias
3473 1766 3494 1798 ,
3525 1718 3674 1784 sive
3695 1717 3877 1799 Scrip-

2349 1824 2513 1886 turae
2541 1822 2586 1862 ¹⁸
2617 1839 2635 1885 z
2662 1844 2693 1882 α
2720 1821 2986 1899 Quando
3016 1821 3089 1907 (b)
3116 1824 3305 1888 irruit
3331 1841 3520 1908 sopor
3547 1843 3752 1907 super
3775 1824 3876 1888 ho-

2350 1930 2555 1995 mines
2572 1979 2590 2011 ‚
2629 1935 2692 1995 et
2731 1930 3059 1997 dormiunt
3095 1932 3165 1996 in
3197 1932 3450 1998 lectulo.
3480 1930 3673 1997 Tunc
3699 1931 3877 2015 aperit

2348 2054 2539 2103 aures
2582 2039 2876 2104 virorum
2896 2088 2916 2120 ,
2959 2044 3025 2105 et
3058 2039 3355 2105 erudiens
3397 2039 3667 2104 instruit
3705 2039 3874 2104 disci·

2349 2145 2545 2228 plina.
2596 2167 2627 2207 »
2689 2145 2898 2214 Irruit
2943 2149 3020 2213 in
3072 2146 3295 2214 lectulo
3347 2145 3743 2230 Scripturas,
3790 2145 3875 2210 vel

2349 2253 2580 2337 quietis
2619 2253 3171 2336 contemplatione.
3213 2256 3556 2323 Dor-mium
3605 2254 3875 2322 homines

2349 2378 2463 2442 per
2471 2378 2777 2425 sensuum
2792 2361 3281 2428 abstractionem
3295 2364 3580 2428 exterius
3587 2382 3610 2446 3
3626 2362 3875 2444 vigilant

2348 2486 2505 2533 vero
2532 2487 2648 2552 per
2674 2470 3148 2536 meditationem
3185 2475 3250 2535 et
3285 2471 3679 2536 desiderium
3723 2471 3873 2534 inte·

2349 2577 2486 2642 rius
2514 2579 2558 2620 ¹⁸
2590 2593 2652 2640 :a
2680 2577 2822 2660 Ego
2834 2580 3104 2657 dormio,
3135 2583 3200 2645 et
3221 2597 3330 2644 cor
3351 2597 3570 2643 meum
3584 2578 3865 2661 vigilat.»

2350 2683 2496 2765 Sed,
2525 2685 2692 2751 heu!
2724 2686 3089 2751 terribiliter
3112 2686 3346 2751 dicitur
3371 2686 3413 2723 ¹⁷
3447 2709 3504 2752 :a
3527 2686 3739 2751 Erunt
3759 2684 3871 2748 duo

2350 2792 2422 2856 in
2464 2793 2657 2870 lect0‚
2702 2811 2876 2858 unus
2915 2799 3315 2873 assumetur,
3362 2797 3428 2859 et
3482 2792 3649 2858 alter
3700 2791 3872 2856 relin-

2349 2904 2601 2983 quetur.
2635 2899 2791 2965 Duae
2828 2905 3018 2965 erunt
3050 2900 3133 2984 (d)
3167 2900 3503 2982 molentes,
3545 2920 3684 2966 una
3706 2916 3871 2964 assu-

2350 3012 2564 3072 metur
2581 3056 2603 3087 ,
2635 3013 2698 3073 et
2724 3008 2922 3073 altera
2963 3007 3383 3091 relinquetur.
3436 3008 3577 3073 Duo
3608 3009 3677 3072 in
3701 3022 3867 3088 agro,

2350 3133 2519 3180 unus
2555 3120 2916 3180 assumetur
2932 3163 2956 3195 ,
2985 3119 3049 3179 et
3097 3113 3258 3181 alter
3298 3115 3722 3199 relinquetur.
3749 3135 3778 3172 υ
3810 3117 3869 3174 ln

2347 3223 2510 3288 lecto
2553 3227 2705 3288 sunt
2742 3224 3253 3307 contemplativi,
3283 3224 3352 3288 in
3382 3224 3552 3290 mola
3579 3215 3783 3302 activi,
3809 3220 3870 3282 in

2349 3349 2512 3413 agro
2563 3331 2832 3415 praelati.
2891 3331 3015 3397 Sed
3063 3331 3132 3395 in
3180 3332 3477 3396 omnibus
3542 3333 3648 3396 his
3704 3345 3867 3394 assu·

2349 3439 2565 3505 mendi
2591 3459 2705 3524 per
2731 3440 3028 3523 gloriam,
3057 3444 3121 3505 et
3145 3440 3543 3525 relinquendi
3562 3440 3632 3505 in
3651 3438 3869 3522 gehen·

2351 3567 2502 3615 nam
2530 3548 2973 3614 inveniuntur.
3004 3550 3410 3631 Augustinus
3433 3548 3478 3586 ¹⁸
3508 3566 3529 3612 τ
3558 3571 3592 3610 α
3620 3545 3862 3613 Firmis-

2349 3658 2511 3721 sime
2535 3661 2683 3722 tene
2704 3704 2723 3736 ,
2753 3660 2818 3721 et
2855 3656 3220 3721 nullatenus
3263 3656 3543 3738 dubites,
3591 3656 3660 3720 in
3707 3650 3865 3719 omni

2351 3768 2521 3829 statu
2552 3765 2623 3846 (e)
2650 3763 2992 3828 bominum
3030 3764 3272 3843 bonos,
3320 3767 3385 3829 et
3428 3762 3631 3828 malos
3663 3779 3811 3827 eme.
3834 3778 3860 3816 ι

2429 3871 2796 3936 Secundum
2826 3869 2946 3936 hos
2988 3874 3266 3954 quatuor
3299 3871 3494 3936 lectos
3516 3870 3864 3936 invenimus

2348 3980 2583 4044 lectum
2627 3979 2907 4044 ferreum
2927 4027 2946 4059 ,
2973 3979 3333 4044 eburneum
3354 4028 3372 4059 ,
3403 3978 3702 4043 floridum
3719 4026 3736 4054 ,
3761 3992 3862 4039 au·

2350 4107 2559 4154 reum.
2589 4088 2677 4154 De
2703 4088 2913 4172 primo
2936 4089 2981 4129 ¹⁹
3014 4109 3077 4151 z«
3100 4087 3494 4154 Monstratur
3518 4088 3715 4153 lectus
3738 4086 3863 4167 ejus

2348 4198 2615 4275 ferreus,
2646 4197 2759 4280 qui
2788 4201 2883 4261 est
2911 4196 2979 4260 in
3007 4195 3275 4277 Rabath,
3305 4219 3337 4258 n
3371 4197 3485 4281 qui
3509 4197 3863 4281 interpreta-

2349 4310 2458 4371 tur
2486 4304 2731 4387 grande
2756 4307 3087 4387 peccatum
3104 4353 3123 4385 ,
3158 4305 3265 4370 hic
3290 4309 3384 4370 est
3419 4304 3622 4370 lectus
3646 4318 3862 4369 eoncu-

2348 4411 2690 4494 piscentiae.
2732 4411 2817 4476 De
2844 4412 3121 4477 secundo
3147 4411 3194 4447 ¹⁰
3225 4433 3240 4475 :
3286 4434 3318 4473 α
3342 4410 3463 4489 Qui
3501 4411 3782 4477 dormitis
3802 4407 3861 4470 in

2348 4518 2525 4584 lectis
2550 4520 2847 4584 eburneis
2875 4540 2892 4583 t
2928 4539 2961 4579 n
2994 4518 3101 4583 hic
3118 4525 3216 4583 est
3239 4518 3440 4584 lectus
3454 4518 3855 4592 conscientiae,

2348 4628 2417 4692 in
2443 4646 2572 4711 quo
2598 4628 2836 4693 dormit
2852 4627 3098 4711 saepius
3119 4626 3317 4692 homo
3340 4646 3454 4711 per
3475 4632 3787 4711 torporem
3805 4626 3859 4688 et

2347 4736 2829 4818 negligentiam.
2874 4735 3055 4814 Quod
3102 4739 3323 4801 autem
3363 4736 3650 4820 sequitur
3690 4759 3709 4801 ι
3745 4756 3774 4795 ε
3792 4730 3859 4797 Et

2346 4843 2644 4910 lascivitis
2670 4844 2740 4909 in
2766 4843 2978 4910 stratis
3003 4844 3257 4924 vestris,
3291 4865 3323 4904 u
3363 4845 3446 4910 ad
3474 4844 3707 4910 lectum
3732 4858 3857 4908 con-

2345 4961 2388 4996 ¹⁸
2431 4960 2596 5022 Cant„
2637 4972 2690 5024 V,
2727 4963 2775 5014 2.
2813 4987 2875 4999 —
2917 4960 2961 4997 ¹⁸¹
3002 4961 3140 5025 Luc„
3184 4973 3329 5026 xvu,
3371 4963 3541 5013 84-35.
3584 4986 3648 5000 -—
3683 4962 3725 4998 ¹⁸
3763 4961 3855 5010 lmo

2345 5031 2604 5097 Fulgent„
2626 5031 2689 5082 de
2707 5031 2823 5083 Fid.
2844 5030 2916 5082 ad
2934 5032 3091 5094 Petra,
3111 5047 3159 5085 c.
3185 5045 3334 5097 tun,
3362 5047 3417 5084 n.
3447 5036 3526 5098 8⁶,
3550 5032 3687 5085 inter
3708 5028 3855 5098 spuria

2345 5103 2580 5168 August„
2615 5103 2871 5168 Append„
2903 5106 3031 5154 tom.
3069 5106 3157 5156 Vl.
3193 5128 3256 5143 —
3290 5105 3331 5140 ¹⁸
3371 5106 3543 5163 Dent..
3578 5117 3667 5168 m,
3712 5109 3779 5156 tl.
3801 5123 3854 5140 -

2344 5174 2387 5210 ²⁰
2413 5175 2591 5237 Amos,
2619 5187 2693 5237 vt,
2721 5177 2771 5227 4.

2407 5256 2475 5321 (α)
2508 5255 2656 5321 Vulq.
2678 5254 2855 5308 nidulo
2881 5267 3018 5307 meo.
3037 5280 3102 5294 —-
3126 5255 3201 5322 (b)
3232 5257 3355 5310 σοι.
3381 5256 3500 5310 edit.
3528 5257 3852 5319 Quoniam.-

2343 5326 2410 5447 ξσ)
2439 5328 2563 5409 {tem
2602 5327 2852 5380 Dormivi.
2879 5354 2941 5366 —
2979 5326 3056 5392 (d)
3084 5329 3209 5380 Item
3243 5329 3401 5381 enim.
3437 5357 3500 5369 —
3535 5330 3603 5397 (e)
3633 5329 3718 5384 Ae.
3753 5338 3850 5394 pro·

2363 5412 2583 5451 essione.
