4059 6317
586 417 710 480 ΜΒ

584 548 980 614 examinabit
1015 548 1370 631 imaginem
1403 553 1469 614 et
1499 549 2127 633 superscriptionem,

586 660 812 722 utrum
865 656 948 720 sit
1000 656 1132 736 Dei,
1199 677 1284 722 an
1338 658 1597 722 diaboli.
1661 656 1730 722 Si
1796 656 1970 722 enim
2041 662 2137 721 est

587 763 721 842 Dei,
766 769 1109 848 reponetur
1147 764 1220 828 in
1267 765 1646 830 thesaurum
1691 764 1866 842 coeli;
1925 764 1980 827 si
2041 769 2137 828 est

588 871 844 950 (lishon,
896 872 1270 955 projicietur
1306 874 1375 937 in
1420 874 1744 939 fornacem
1799 872 2030 937 inferni
2060 872 2077 909 ¹
2113 894 2131 936 ι

598 1001 631 1038 ι
657 978 749 1044 Eo
775 980 1309 1062 quodversiestis
1331 981 2137 1057 omnesinscoriam‚ccce

588 1104 716 1168 ego
743 1087 1158 1170 congregabo
1183 1107 1301 1153 vos
1323 1089 1832 1172 congregatione
1857 1088 2133 1170 argenti,

591 1199 655 1258 et
682 1195 848 1274 aeris,
880 1200 944 1260 et
971 1197 1142 1277 ferri,
1170 1199 1235 1261 et
1258 1197 1499 1278 stagni,
1527 1200 1592 1260 et
1617 1196 1860 1279 plumbi
1893 1195 1964 1260 in
1995 1214 2138 1259 me-

493 1329 500 1334 ·
590 1302 700 1368 dio
727 1302 1028 1384 fornacis,
1057 1307 1131 1368 nt
1156 1304 1538 1369 succendam
1583 1303 1656 1368 in
1695 1322 1774 1368 ea
1804 1303 2034 1385 ignem
2058 1302 2141 1367 ad

592 1410 1029 1476 conflandum.
1055 1431 1089 1470 r

677 1517 766 1583 De
810 1524 1065 1602 quarto,
1112 1516 1447 1584 Psalmista
1472 1520 1544 1584 ἐ
1582 1542 1615 1579 ι
1655 1518 2017 1585 offerentur
2060 1519 2141 1602 (a)

595 1626 746 1708 regi
788 1626 1100 1708 virgines.
1129 1647 1162 1686 ι
1196 1625 1412 1691 Glooea
1441 1648 1457 1690 ε
1498 1650 1531 1687 ι
1555 1627 1903 1692 ministerio
1941 1645 2142 1710 ange-

595 1734 811 1799 lorum
843 1755 861 1798 ε
893 1734 973 1798 In
995 1734 1293 1817 temphem
1319 1735 1515 1816 renis,
1545 1734 1610 1798 id
1641 1737 1761 1815 est,
1785 1734 1854 1799 in
1880 1735 2141 1814 coelum,

601 1842 670 1905 in
687 1859 820 1924 quo
843 1840 1204 1906 laudabitur
1225 1839 1393 1905 Deus
1410 1841 1793 1906 zeter-naliter
1812 1846 1872 1906 et
1891 1841 2147 1908 univer-

601 1950 843 2014 saliter.
875 1949 1212 2014 Psalmista
1242 1955 1267 1991 ⁸
1297 1971 1314 2015 :
1347 1971 1380 2011 c
1415 1949 1486 2014 ln
1513 1950 1749 2034 templo
1767 1955 1908 2036 ejus
1923 1969 2147 2016 omnes

601 2058 814 2123 dicent
857 2058 1134 2140 gloriam
1165 2077 1184 2122 ε
1223 2082 1256 2119 α
1288 2058 1589 2142 viraines
1626 2062 1682 2143 ej
1690 2077 1788 2138 ns,
1821 2077 1967 2143 quae
1994 2059 2148 2124 offe-

607 2170 842 2232 runtur
897 2164 1146 2231 Christo
1202 2167 1277 2232 in
1329 2166 1570 2234 loett'tia
1621 2172 1681 2232 et
1723 2167 2145 2245 munnam,

605 2274 774 2338 sicut
817 2273 1149 2355 signatum
1200 2278 1297 2338 est
1336 2275 1408 2337 in
1445 2274 1818 2356 virginibus
1863 2275 2151 2340 adductis

607 2381 754 2462 regi
780 2380 1058 2446 Assuero
1082 2381 1152 2445 in
1180 2379 1366 2461 Susa,
1411 2381 1476 2447 id
1515 2387 1634 2462 est,
1678 2382 1880 2465 patria
1909 2381 2150 2447 laetitiae

610 2491 867 2553 aeternae
909 2511 925 2553 ε
965 2490 1130 2554 Susa
1175 2489 1350 2554 enim
1396 2488 1628 2557 laetilia
1674 2490 2147 2572 interpretatur.

614 2594 949 2670 Psalmista
968 2595 993 2631 ⁶
1021 2615 1040 2660 ε
1077 2620 1108 2658 α
1134 2596 1510 2662 Laetiflcabis
1528 2615 1678 2662 eum
1705 2597 1775 2661 in
1800 2596 2041 2678 gaudio
2057 2644 2079 2675 ,
2111 2618 2141 2656 s

610 2704 1003 2789 quicumque
1043 2706 1187 2771 vult
1227 2706 1456 2772 adduci
1494 2707 1570 2771 ad
1613 2725 1837 2772 veram
1863 2705 2153 2770 laetitiam

609 2812 680 2875 in
704 2811 971 2877 mundo.
1005 2812 1352 2896 Gregorius
1376 2815 1400 2850 ⁸
1425 2836 1489 2879 ει
1506 2813 1582 2878 Et
1609 2814 1737 2892 hic,
1768 2812 2147 2891 charissimi,

610 2938 849 2985 vanam
891 2920 1178 2986 laetitiam
1216 2922 1296 3005 (b)
1311 2972 1332 3002 ‚
1520 2942 1557 2987 e
1595 2927 1650 2986 si
1693 2921 1824 2987 illic
1870 2923 2027 2986 flere
2071 2922 2149 3003 (c)

613 3028 989 3094 formidatis.
1036 3027 1237 3095 Nemo
1282 3030 1454 3094 enim
1501 3034 1704 3113 potest
1744 3035 1808 3095 et
1845 3029 1952 3094 hic
1987 3047 2152 3112 gau-

611 3136 763 3202 dere
828 3155 976 3202 cum
1036 3139 1296 3216 saeculo,
1352 3142 1416 3203 et
1466 3137 1595 3201 illic
1652 3138 1934 3221 gaudere
2005 3155 2155 3202 cum

615 3244 882 3311 Christo.
910 3266 943 3305 ι
977 3243 1276 3327 Virgines
1305 3245 1476 3310 enim
1504 3245 1664 3324 istae,
1692 3245 1760 3309 id
1786 3249 1902 3326 est,
1921 3244 2158 3310 animae

613 3371 656 3417 a
677 3353 945 3436 peccatis
972 3355 1251 3432 mundae,
1281 3353 1601 3418 civitatem
1628 3351 1790 3418 Susa
1810 3371 1942 3418 non
1968 3354 2160 3417 intra-

613 3461 800 3540 bunt,
831 3459 955 3524 nisi
991 3479 1138 3524 cnm
1170 3459 1312 3525 oleo
1337 3458 1680 3524 charitatis.
1713 3458 1799 3524 De
1823 3460 2158 3544 prudenti-

617 3569 741 3633 bus
766 3568 981 3633 oleum
1019 3567 1398 3632 habentibus
1424 3566 1656 3631 dicitur
1679 3567 1704 3604 ⁶
1733 3588 1750 3630 ι
1791 3590 1822 3629 s
1849 3567 2004 3644 Quae
2038 3586 2154 3651 pa-

617 3681 777 3740 ratae
807 3680 1011 3755 erant,
1042 3675 1446 3740 intraverunt
1470 3693 1619 3740 cum
1648 3692 1725 3741 eo
1764 3675 1845 3740 ad
1872 3676 2153 3759 nuptias,

618 3786 684 3848 et
708 3781 921 3848 clausa
945 3786 1042 3847 est
1063 3784 1284 3866 janua.
1315 3805 1347 3843 s

1180 3962 1468 4035 SERMO
1511 3965 1596 4034 11.

711 4108 791 4178 Ut
814 4113 1024 4177 autem
1050 4109 1300 4187 sciatis,
1340 4109 1497 4190 quia
1523 4106 1704 4188 filius
1729 4105 2014 4174 hominis
2040 4107 2156 4173 ha-

623 4217 719 4285 bet
737 4223 1111 4300 potestatem
1133 4218 1207 4283 in
1235 4223 1404 4284 terra
1428 4214 1806 4282 dimittendi
1830 4221 2087 4298 peccata
2110 4220 2158 4293 ⁷,

622 4331 742 4391 etc.
776 4323 1156 4390 Potestatem
1182 4322 1374 4387 habet
1394 4321 1577 4388 Jesus
1601 4323 1668 4386 in
1698 4322 1941 4388 mundo
1960 4322 2161 4406 justi-

621 4431 874 4514 flcandi,
934 4433 999 4495 in
1048 4430 1291 4514 judicio
1332 4430 1683 4513 judicandi,
1741 4430 1809 4494 in
1864 4431 2026 4496 coelo
2069 4450 2164 4496 re-

625 4541 892 4624 gnandi,
922 4541 992 4605 in
1015 4541 1261 4604 inferno
1288 4538 1632 4604 cruciandi.

703 4647 791 4712 De
817 4649 1025 4731 primo
1041 4647 1322 4711 dicum-2
1369 4645 1444 4712 Ut
1483 4652 1700 4713 autem
1726 4647 1977 4727 sciatis,
2006 4647 2165 4730 quia

623 4756 829 4839 filius,
864 4760 983 4821 etc.
1033 4753 1200 4819 Bene
1239 4754 1514 4819 dicitur:
1565 4756 1640 4820 in
1683 4759 1876 4833 terra,
1923 4772 2055 4819 non
2094 4755 2165 4817 in

625 4863 807 4943 coelo,
835 4862 1056 4927 nonin
1077 4861 1325 4926 inferno
1366 4880 1384 4926 ε
1427 4862 1498 4925 ἱιι
1542 4859 1703 4924 eoelo
1742 4859 1916 4924 enim
1951 4879 2166 4943 pecca-

623 4976 764 5037 tum
814 4989 947 5035 non
990 4968 1351 5049 dimittitur,
1395 4968 1550 5052 quia
1592 4966 1846 5032 nullum
1872 4967 1964 5030 ibi
1989 4985 2161 5032 com-

695 5137 707 5165 '
748 5132 947 5199 Erech„
975 5145 1115 5198 ιιιι,
1148 5135 1222 5184 19.
1250 5158 1311 5172 -
1344 5131 1369 5166 ¹
1403 5128 1536 5180 Ptol.
1575 5140 1721 5193 xmv,
1763 5131 1839 5180 15.
1872 5153 1935 5167 -
1970 5126 1994 5163 ⁸
2025 5127 2166 5184 Psae.

630 5218 822 5270 xxvm,
856 5209 904 5257 8.
936 5231 991 5243 —
1029 5208 1047 5236 ⁴
1091 5204 1228 5258 Paul.
1256 5216 1345 5263 xx,
1373 5204 1421 5253 7.
1449 5227 1511 5240 —
1542 5201 1565 5237 ⁸
1592 5202 1830 5266 Gregor.,
1865 5203 1917 5251 in
1951 5200 2166 5264 Eueno„

630 5278 774 5330 hom.
811 5289 894 5340 ιι,
920 5290 975 5328 ιι.
1015 5280 1064 5328 4.
1091 5302 1155 5315 —
1179 5277 1201 5311 ⁸
1226 5273 1432 5338 uatem,
1455 5284 1581 5338 ιιν,
1612 5277 1690 5324 to.
1717 5298 1781 5311 —
1808 5273 1831 5309 '¹
1858 5271 2059 5333 Nalm„
2088 5283 2166 5338 ιι,

632 5351 682 5401 Β.
702 5373 765 5388 -
785 5348 813 5384 ⁸
833 5347 1038 5411 lauh„
1064 5359 1175 5411 xvr,
1201 5348 1281 5398 19.
1300 5371 1364 5384 -
1385 5347 1409 5379 ⁹
1438 5343 1608 5409 lach„
1632 5356 1705 5408 ιι,
1734 5348 1811 5396 to.
1836 5370 1891 5382 —
1922 5344 1997 5393 ιἸ
2025 5343 2166 5405 Cor„

633 5434 688 5486 ι,
721 5424 769 5473 2.
798 5444 862 5457 —
895 5418 936 5455 ¹¹
965 5417 1160 5480 mrem,
1199 5429 1269 5481 11,
1308 5421 1382 5472 13.
1419 5441 1480 5456 —
1503 5416 1548 5452 ¹³
1579 5416 1842 5482 Chrysost.
1872 5441 1934 5454 —
1967 5413 2014 5450 ¹⁸
2044 5415 2164 5468 vid.

1691 411 2116 480 SERMONES
2157 411 2260 477 ΒΕ
2297 410 2696 478 TEMPORE.

2247 548 2530 612 mittitur
2558 566 2577 610 ε
2602 547 2714 632 qui
2743 549 2956 612 autem
2977 551 3309 632 peceatum
3332 547 3422 613 ibi
3448 549 3773 627 commisit,

2246 655 2495 720 Lucifer
2519 673 2667 719 cnm
2698 656 2853 735 suis,
2890 656 3138 720 nnllam
3172 656 3608 722 remissionem
3636 676 3779 722 con-

2248 768 2503 828 secutus
2527 764 2686 842 suit;
2724 764 2791 827 in
2816 765 3064 830 inferno
3092 782 3222 830 non
3249 765 3610 844 dimittitur,
3641 765 3782 848 quia

2248 871 2465 936 nullus
2488 871 2557 935 in
2584 873 2839 936 mortali
2862 877 3117 955 peccato
3140 873 3439 952 existens,
3465 873 3623 938 etad
3641 872 3786 938 inse-

2248 997 2357 1043 ros
2380 980 2787 1059 descendens,
2808 980 2955 1046 inde
2972 980 3364 1045 liberabitur.
3386 979 3562 1045 Unde
3576 998 3787 1064 quam·

2250 1088 2365 1154 diu
2411 1089 2477 1151 in
2520 1093 2712 1168 terra,
2758 1088 2861 1153 vel
2898 1089 2970 1151 in
3017 1088 3261 1153 mundo
3302 1107 3551 1169 sumus,
3584 1092 3788 1170 petere

2251 1197 2508 1262 veniam
2536 1197 2843 1263 debemus
2872 1216 3071 1262 :nam
3095 1199 3170 1264 in
3198 1203 3371 1263 terra
3389 1197 3791 1262 dimittuntur

2252 1304 2549 1369 mortalia
2573 1309 2850 1388 peccata,
2879 1322 3012 1369 non
3039 1304 3215 1370 alibi.
3248 1303 3429 1370 Unde
3474 1308 3790 1388 quamtus-

2252 1411 2334 1475 rii
2364 1411 2687 1494 decipiunt
2711 1411 3005 1477 homines
3031 1412 3370 1495 simplices,
3401 1412 3516 1495 qui
3546 1415 3796 1494 peccata

2252 1519 2324 1583 in
2348 1519 2597 1584 inferno
2613 1519 2956 1584 hominum
2983 1538 3053 1585 se
3078 1520 3364 1585 relaxare
3382 1518 3793 1602 promittunt:

2254 1626 2406 1710 quia
2438 1645 2647 1709 neque
2688 1626 3000 1706 sacerdos,
3040 1644 3253 1710 neque
3289 1626 3650 1709 episcopus,
3692 1643 3799 1692 nee-

2254 1752 2382 1817 que
2433 1732 2608 1816 Papa
2646 1732 2809 1798 illud
2850 1732 3118 1797 mortale
3170 1736 3500 1816 peccatum
3558 1732 3801 1798 solvere

2256 1846 2542 1924 possunt.
2559 1840 2737 1906 Unde
2757 1840 2835 1906 de
2856 1838 3043 1905 Petro
3057 1839 3287 1905 dicitur
3306 1845 3331 1881 ⁸
3349 1859 3368 1905 ε
3392 1862 3426 1902 α
3446 1839 3802 1918 Quodcum-

2256 1969 2383 2035 que
2426 1949 2732 2032 ligaveris
2784 1966 2980 2031 super
3026 1952 3289 2013 terram.
3339 1969 3373 2008 s
3426 1947 3498 2012 In
3556 1948 3803 2012 inferno

2258 2059 2429 2123 enim
2458 2077 2587 2123 non
2613 2062 2709 2122 est
2734 2056 3113 2139 baptismus,
3152 2073 3361 2139 neque
3404 2055 3801 2139 poenitentia,

2259 2166 2397 2230 sine
2421 2165 2659 2247 quibus
2686 2181 2816 2227 non
2848 2162 3260 2228 dimittuntur
3284 2167 3540 2245 peccata
3568 2167 3805 2227 morta·

2258 2273 2367 2338 lia.
2399 2271 2579 2338 Unde
2621 2271 2701 2337 de
2732 2270 2855 2335 bac
2899 2272 3203 2353 potestate
3247 2269 3482 2334 dicitur
3510 2274 3538 2309 ⁸
3572 2291 3591 2333 ε
3634 2292 3669 2331 ι
3702 2268 3808 2334 Ρο-

2258 2385 2454 2446 testas
2496 2382 2638 2461 ejus
2680 2377 2927 2443 amari
2966 2376 3293 2460 usquead
3334 2393 3602 2441 mare.»
3642 2374 3808 2440 Mare

2260 2489 2649 2572 baptismum
2683 2485 3007 2568 significat
3036 2482 3082 2524 ¹‘
3112 2506 3131 2548 ε
3170 2507 3203 2544 α
3229 2483 3464 2548 Omnes
3497 2482 3571 2547 in
3594 2481 3809 2564 Moyse

2262 2595 2555 2678 baptizati
2582 2593 2655 2658 in
2678 2593 2851 2657 nube
2894 2597 2958 2657 et
3008 2591 3197 2655 mari.
3224 2612 3257 2651 ι
3296 2590 3469 2654 Mare
3506 2589 3708 2654 etiam
3734 2589 3811 2652 si-

2264 2702 2527 2784 gnificat
2544 2700 2984 2783 poenitentiam
3014 2699 3056 2734 ¹¹
3090 2715 3151 2760 :s
3175 2696 3413 2777 Magna
3432 2695 3616 2761 velut
3635 2712 3805 2760 mare

2263 2808 2557 2873 contritio
2580 2811 2716 2872 tua.
2746 2827 2779 2866 ι
2817 2805 3098 2871 Potestas
3114 2802 3650 2885 ergodimittendi
3678 2820 3810 2886 pec-

2266 2920 2404 2981 cata
2444 2935 2485 2981 a
2532 2915 2712 2995 mari,
2750 2914 2819 2980 id
2860 2918 2978 2994 est,
3023 2932 3064 2977 a
3103 2912 3442 2995 baptismo,
3486 2927 3700 2994 usque
3734 2910 3811 2974 ad

2266 3022 2703 3107 poenitentiam
2728 3021 3090 3086 extenditur
3115 3021 3185 3084 in
3219 3017 3502 3096 mundo;
3542 3017 3657 3082 sed
3687 3034 3811 3083 nou

2266 3130 2630 3196 extenditur
2661 3129 2732 3193 in
2758 3128 3029 3193 inferno.
3062 3126 3155 3191 Ibi
3189 3125 3362 3191 enim
3395 3142 3610 3208 neque
3653 3128 3813 3189 tem-

2268 3258 2389 3323 pus
2420 3243 2516 3303 est
2543 3240 2799 3320 peccata
2824 3235 3204 3314 dimittendi,
3233 3234 3345 3299 ubi
3374 3251 3587 3316 neque
3611 3232 3809 3312 locus,

2267 3365 2477 3430 neque
2500 3352 2751 3428 tempus
2768 3334 3136 3428 poeniten‘di.
3159 3342 3434 3407 loannes
3450 3341 3817 3424 Chrysosto-

2269 3473 2421 3519 mus
2446 3455 2492 3490 ¹¹
2522 3475 2539 3518 ε
2584 3476 2615 3514 α
2640 3451 2864 3536 Neque
2898 3450 3230 3516 resistendi
3266 3449 3495 3531 virtus,
3539 3467 3662 3513 nee
3708 3448 3815 3512 fu-

2268 3562 2485 3646 giendi
2523 3561 2811 3640 fscultas,
2861 3577 2980 3624 nec
3030 3557 3419 3641 poenitentiae
3460 3556 3669 3634 locus,
3701 3573 3817 3620 nec

2268 3669 2715 3735 satisfactionis
2745 3671 2998 3750 tempus
3038 3665 3203 3730 erit:
3235 3683 3317 3729 ex
3346 3663 3654 3745 angustia
3680 3681 3818 3728 om·

2270 3779 2457 3843 nium
2484 3795 2702 3842 rerum
2732 3774 2895 3839 nihil
2922 3776 3209 3838 remanet
3233 3772 3353 3836 nisi
3377 3772 3608 3836 luctus.
3642 3793 3677 3831 n
3704 3769 3818 3835 Re-

2268 3887 2526 3970 quirein
2538 3902 2834 3951 sermone
2842 3882 3054 3967 primo
3069 3881 3152 3964 (d)
3163 3904 3179 3944 z
3190 3878 3608 3947 omnisarbor
3618 3879 3684 3956 ⁹,
3695 3881 3814 3944 etc.

2351 3994 2437 4059 De
2464 3993 2742 4058 secundo
2769 3992 2817 4028 ¹⁸
2846 4014 2913 4055 :a
2942 3988 3247 4055 Videbitis
3278 3987 3354 4070 (e)
3380 3988 3587 4053 fllium
3613 3985 3820 4052 homi·

2270 4102 2373 4166 nis
2416 4101 2774 4166 venientem
2833 4099 2900 4162 in
2959 4096 3265 4174 nubibus,
3315 4113 3465 4158 cum
3514 4097 3821 4176 poteaate

2271 4227 2534 4291 magna,
2569 4214 2633 4272 et
2659 4209 3005 4291 majestate.
3057 4226 3089 4264 n
3139 4201 3372 4269 Omnes
3396 4200 3571 4264 enim
3601 4199 3819 4283 angeli

2270 4317 2528 4383 venient
2565 4332 2717 4379 cum
2756 4331 2856 4393 eo,
2905 4312 3069 4376 sicut
3108 4310 3346 4375 dicitur
3373 4307 3438 4371 ¹⁸.
3471 4303 3609 4371 Nisi
3644 4307 3818 4371 enim

2270 4428 2642 4509 potestatem
2661 4437 2971 4502 magnam
2988 4416 3368 4494 ostenderet,
3379 4415 3816 4497 imperatores,

2272 4539 2336 4599 et
2360 4550 2569 4614 reges,
2591 4536 2656 4596 et
2684 4532 3069 4613 potentatus,
3097 4533 3165 4591 et
3187 4524 3295 4590 alii
3324 4527 3612 4606 potentes
3636 4521 3816 4586 dam-

2272 4642 2490 4720 nandi,
2521 4639 2806 4703 maxime
2832 4637 3040 4701 dicere
3066 4636 3343 4718 possent,
3374 4631 3538 4694 sicut
3582 4627 3821 4712 princi-

2273 4768 2386 4832 pes
2427 4747 2850 4826 sacerdotum,
2895 4762 3046 4810 cum
3084 4741 3367 4825 ejecisset
3396 4755 3508 4803 ecs
3542 4736 3621 4802 de
3654 4740 3818 4800 tem-

2273 4856 2402 4939 plo,
2427 4855 2688 4939 quidam
2713 4853 3016 4919 dixerunt
3040 4851 3100 4915 ei
3130 4848 3175 4887 ¹⁸
3206 4870 3269 4913 :a
3291 4847 3364 4912 ln
3394 4863 3524 4929 qua
3549 4849 3820 4928 potesta-

2274 5042 2413 5092 sup.‚
2440 5027 2645 5077 Domin.
2687 5026 2810 5089 vn,
2848 5026 2968 5089 post
3000 5025 3226 5079 pentec..
3262 5033 3418 5071 serm.
3456 5030 3522 5083 ιι,
3560 5031 3681 5083 pag.
3707 5019 3817 5078 3⁴10,

2276 5099 2377 5150 col.
2419 5101 2466 5148 ι.
2497 5124 2552 5136 -
2583 5097 2624 5134 ¹⁴
2650 5097 2791 5159 Luc„
2823 5108 2945 5160 ιιι,
2977 5097 3057 5146 2‘1.
3083 5119 3148 5132 —
3184 5094 3226 5130 ¹⁸
3255 5090 3458 5153 Ματθι..
3487 5102 3613 5155 xxv,
3648 5092 3728 5141 31.
3757 5112 3818 5125 —

2279 5172 2323 5207 ¹⁸
2349 5170 2502 5235 ibid„
2529 5180 2640 5233 ιιι,
2670 5169 2751 5220 23.

2343 5269 2412 5353 (a)
2462 5268 2610 5351 Υιιὶρ.
2647 5266 2982 5318 adducentur.
3019 5289 3084 5303 -
3118 5262 3189 5346 (13)
3225 5263 3304 5314 lta
3336 5260 3475 5329 apud
3500 5260 3654 5325 any.
3696 5259 3816 5309 Cet.

2274 5337 3027 5478 οξιῖθβὶῐξιῧῖιιινέοέξὲέίω
3062 5335 3185 5388 rath.
3213 5359 3276 5373 —-
3315 5331 3391 5398 (ἀ)
3425 5333 3542 5398 lay.
3571 5329 3813 5383 secundo.
