4059 6317
696 472 817 534 612

692 604 822 678 lpse
848 601 1030 672 enim,
1059 600 1208 659 sicut
1230 600 1499 660 medicus
1519 599 1631 660 fuit
1655 617 1998 677 corporum,
2017 600 2104 659 sie
2125 601 2236 660 fuit

691 712 800 771 per
818 695 1086 754 divinum
1096 695 1351 754 verbum
1370 695 1637 755 medicus
1655 696 2011 755 animarum.
2034 697 2231 770 Ipsum

691 789 853 847 enim
880 789 1151 847 divinum
1176 789 1428 847 verbum
1452 789 1814 864 frequentius
1848 789 2232 864 praedicatum

690 888 796 955 est,
808 883 957 942 sicut
977 883 1292 959 collyrium
1310 883 1622 942 oculorum
1640 883 1853 943 animae
1874 883 2228 954 sanativum,

690 983 748 1037 et
794 979 943 1037 sicut
1001 979 1502 1038 medicamentum
1563 977 1825 1037 sanitatis
1891 977 2232 1036 introducti-

686 1088 832 1131 vum
861 1081 880 1116 ¹
914 1093 929 1131 ε
967 1092 995 1127 α
1035 1076 1150 1131 Lex
1180 1073 1413 1131 Domini
1458 1072 1836 1131 immaculata
1881 1073 2231 1129 convertens

686 1166 935 1238 animaS,
966 1186 995 1221 ι
1023 1170 1131 1224 etc.
1173 1170 1238 1224 Et
1262 1167 1286 1201 ²
1316 1185 1331 1225 :
1359 1186 1388 1221 ι
1418 1170 1771 1239 Praeceptum
1811 1164 2041 1222 Domini
2081 1163 2231 1221 luci-

685 1259 856 1330 dum,
882 1259 1223 1318 illuminans
1253 1260 1479 1318 oculos.
1509 1280 1537 1314 ι
1569 1259 1684 1318 Sed
1725 1259 1860 1333 quis
1886 1257 2068 1316 hodie
2091 1273 2229 1314 cum

683 1355 861 1414 beato
885 1354 1216 1442 Luca-alios
1244 1354 1451 1413 docet?
1488 1359 1601 1413 Nec
1628 1353 2020 1430 praedicamus
2048 1351 2228 1410 hodie

684 1464 810 1520 ore,
837 1464 948 1506 nec
973 1465 1190 1524 opere:
1213 1448 1419 1507 omnia
1443 1446 1630 1507 verba
1650 1450 1851 1505 nostra
1880 1444 2063 1503 hodie
2090 1448 2228 1501 sunt

682 1541 1010 1614 mundana,
1039 1545 1176 1601 sunt
1201 1557 1377 1614 vana,
1419 1544 1557 1599 sunt
1583 1541 1767 1612 mala,
1806 1543 1863 1597 et
1889 1536 1970 1598 ad
1999 1537 2227 1596 malum

681 1634 1128 1709 inflammantia,
1160 1652 1284 1695 non
1313 1636 1393 1694 ad
1417 1636 1668 1694 bonum.
1698 1633 1838 1704 Quis
1867 1633 1943 1690 de
1974 1636 2090 1690 Deo
2114 1632 2226 1690 ho-

682 1730 777 1789 die
811 1730 1074 1805 loquitur
1110 1730 1190 1788 ad
1229 1730 1685 1788 aedificationem
1724 1725 2130 1798 audientium,
2168 1730 2227 1783 et

679 1839 803 1883 non
821 1824 1012 1898 magis
1032 1823 1110 1882 ad
1123 1823 1601 1898 corruptionem?
1617 1823 1639 1859 ⁸
1655 1840 1684 1875 α
1703 1822 2102 1894 Corrumpunt
2118 1819 2227 1876 bo·

679 1933 789 1977 nos
814 1933 1011 1976 mores
1051 1916 1353 1992 colloquia
1381 1915 1560 1974 mala.
1599 1936 1627 1970 ι
1661 1917 1867 1985 Canes,
1910 1913 2136 1985 leones,
2167 1916 2228 1969 et

678 2011 798 2069 alla
825 2010 1105 2070 animalia
1142 2010 1338 2083 bruta,
1385 2009 1644 2068 viventia
1681 2008 1756 2066 de
1792 2009 2025 2082 rapina,
2069 2007 2224 2064 lace-

677 2110 809 2164 rant
835 2121 938 2164 ore
965 2120 1219 2179 corpora
1228 2124 1246 2175 ;
1277 2103 1384 2163 sed
1422 2118 1534 2161 nos
1560 2102 1891 2160 laceramus
1920 2098 2222 2158 malevolo

677 2217 782 2260 ore
809 2201 993 2260 corda
1012 2198 1036 2234 ⁴
1063 2218 1079 2258 ε
1115 2220 1144 2255 ι
1171 2200 1396 2274 Lingua
1421 2215 1630 2257 eorum
1660 2196 1897 2289 gladius
1925 2199 2153 2253 acutus,
2186 2216 2214 2249 ιι

675 2296 698 2331 ⁸
732 2314 761 2349 ι
786 2294 1134 2368 Sepulcrum
1159 2293 1320 2352 enim
1345 2296 1554 2367 patens
1580 2296 1667 2350 est
1702 2295 1899 2365 guttur
1927 2305 2157 2347 eorum.
2188 2308 2216 2342 ι

744 2388 933 2447 Tertio
962 2392 1195 2447 sanctus
1231 2389 1415 2445 Lucas
1454 2385 1647 2457 legem
1695 2383 1923 2442 Domini
1966 2381 2222 2456 portavit

674 2483 739 2542 in
792 2498 993 2558 opere.
1048 2484 1196 2539 Nam
1241 2484 1299 2538 et
1340 2494 1524 2537 manu
1570 2494 1706 2536 eam
1760 2476 2015 2551 scripsit,
2072 2477 2223 2532 sicut

676 2576 1058 2650 Evangelium
1093 2589 1274 2649 opere
1309 2571 1678 2646 adimplevit,
1718 2570 1867 2628 dum
1913 2569 2107 2627 carnis
2134 2569 2224 2626 in·

673 2671 1003 2745 tegritatem
1029 2668 1311 2738 servavit,
1336 2664 1577 2740 jejuniis
1618 2680 1834 2738 corpus
1879 2663 2135 2732 detrivit,
2166 2667 2225 2721 et

677 2766 881 2824 divina
908 2762 1192 2822 mandata
1225 2760 1475 2818 sollicita
1496 2773 1639 2816 cura
1665 2757 1924 2816 servavit
1961 2778 1974 2812 ε
2012 2758 2036 2794 ⁸
2070 2777 2095 2811 ο
2138 2760 2222 2815 Ex

674 2860 867 2918 fructu
891 2857 1049 2916 enim
1081 2855 1262 2914 arbor
1295 2852 1689 2926 cognoscitur.
1730 2873 1758 2905 »
1791 2855 1938 2911 Nam
1970 2867 2047 2909 ex
2090 2851 2220 2925 ipso

675 2952 886 3023 fructu,
915 2966 1097 3026 quem
1123 2947 1642 3022 facit,hominibus
1670 2947 1995 3018 innotescit,
2022 2951 2221 3004 utrum

678 3045 888 3105 doctor
912 3045 1128 3110 bonus,
1160 3042 1258 3101 vel
1284 3041 1479 3100 malus
1497 3041 1590 3111 sit,
1612 3044 1808 3098 utrum
1837 3040 2012 3099 etiam
2041 3039 2223 3098 arbor

677 3140 776 3198 vel
800 3140 985 3209 bona,
1022 3135 1119 3195 vel
1161 3135 1322 3194 mala
1360 3134 1453 3193 sit.
1500 3135 1692 3208 Opera
1730 3134 1889 3191 enim
1932 3133 2223 3191 exteriora

678 3233 955 3307 probant,
997 3229 1202 3304 qualia
1228 3228 1411 3287 corda
1453 3229 1610 3287 intus
1643 3225 1910 3285 existant.
1960 3226 2122 3283 Unde
2166 3230 2225 3283 et

680 3325 962 3384 Dominus
989 3322 1223 3381 dicebat
1240 3323 1263 3358 ‘¹
1297 3339 1312 3378 ε
1346 3339 1377 3374 α
1403 3319 1691 3380 Attendite
1723 3338 1758 3376 a
1782 3318 1942 3377 falsis
1969 3319 2225 3393 prophe·

679 3418 782 3488 tis,
808 3438 839 3474 ιι
876 3420 984 3475 etc.
1000 3457 1020 3488 ,
1049 3418 1107 3474 et
1145 3414 1314 3473 addit
1352 3434 1370 3471 ε
1405 3435 1435 3469 α
1461 3420 1543 3475 Ex
1577 3413 1861 3471 fructibus
1888 3428 2097 3470 eorum
2126 3428 2225 3469 co-

680 3511 969 3585 gnoscetis
995 3526 1118 3569 eos.
1146 3529 1175 3565 n
1209 3511 1355 3567 Nam
1394 3508 1562 3580 quus
1587 3511 1811 3566 naturas
1838 3505 1973 3563 vitis
2001 3505 2096 3577 sit,
2125 3521 2224 3562 ex·

680 3604 860 3664 terior
884 3603 1106 3662 fructus
1124 3600 1395 3661 ostendit.
1423 3604 1740 3675 Nunquam
1766 3599 2000 3670 meliuS‚
2029 3598 2224 3672 qualis

680 3697 774 3771 sit,
803 3697 1082 3771 magister
1107 3694 1465 3768 agnoscitur,
1491 3710 1675 3769 quam
1700 3709 1808 3767 per
1831 3692 1896 3749 id
1922 3691 2091 3766 quod
2120 3708 2224 3749 ex-

681 3791 860 3851 terius
903 3792 1210 3865 operatur,
1251 3788 1397 3863 quia
1431 3789 1535 3845 etsi
1577 3789 1726 3845 Deus
1763 3785 1960 3844 videat
2005 3786 2221 3857 corda,

681 3901 793 3945 nos
818 3884 1020 3943 videre
1046 3898 1171 3941 non
1196 3897 1513 3957 possumus
1539 3880 1654 3938 uisi
1691 3895 1894 3954 opera.
1935 3882 2097 3937 Bona
2116 3879 2226 3951 igi-

681 3983 779 4039 tur
800 3979 981 4038 arbor
1005 3979 1214 4037 beatus
1239 3980 1421 4035 Lucas
1446 3974 1572 4046 fuit,
1606 3974 1749 4048 quia
1780 3975 1975 4032 bonos
1998 3974 2225 4032 fructus

681 4072 967 4147 portavit,
1014 4072 1196 4141 dum,
1242 4068 1411 4144 quod
1437 4068 1616 4127 corde
1651 4067 1918 4138 credidit,
1949 4084 2053 4125 ore
2081 4083 2226 4141 proe-

574 4156 580 4169 ⁹
684 4165 922 4238 dicavit,
935 4169 991 4224 et
1006 4164 1287 4239 operibus
1297 4161 1643 4237 adimplevit
1658 4179 1672 4218 ε
1692 4161 1915 4220 sciebat
1924 4161 2084 4219 enim
2097 4176 2223 4218 esse

681 4262 964 4339 scriptum
987 4263 1049 4319 ⁸:
1079 4280 1109 4313 α
1131 4262 1447 4330 conserva,
1475 4258 1561 4317 fili
1587 4258 1694 4328 mi,
1721 4262 2015 4331 praecepta
2042 4257 2225 4331 patris

680 4357 788 4429 tui,
819 4361 976 4415 etue
1000 4354 1257 4414 dimittas
1283 4354 1480 4427 legem
1511 4351 1714 4410 matris
1739 4353 1875 4408 tuae.
1908 4370 1936 4404 ι
1969 4353 2036 4407 Et
2058 4353 2225 4424 pater

681 4449 939 4508 Christus
959 4453 1047 4508 est
1075 4467 1090 4507 ;
1114 4448 1222 4506 sed
1247 4452 1436 4505 mater
1452 4448 1653 4504 nostra
1676 4443 1933 4501 Ecclesia
1951 4447 2054 4501 est.
2078 4445 2143 4499 Et
2159 4442 2183 4478 ⁹
2206 4460 2221 4500 ε

687 4564 717 4597 ι
735 4543 975 4603 Custodi
993 4543 1187 4616 legem
1214 4555 1433 4608 meam,
1455 4543 1510 4597 et
1524 4538 1631 4597 erit
1656 4537 1775 4595 vita
1796 4535 2008 4594 animae
2027 4541 2165 4593 tuae.
2188 4556 2217 4589 n

680 4637 794 4695 Sed
809 4637 944 4713 quis
959 4635 1141 4695 hodie
1157 4635 1362 4694 divina
1376 4632 1659 4692 mandata
1672 4636 1867 4691 servat
1878 4632 1907 4688 i*
1935 4632 2067 4704 quis
2083 4644 2223 4688 con-

679 4731 811 4790 silia
837 4730 1042 4789 divina
1065 4730 1363 4805 sequitur?
1392 4730 1553 4786 Certe
1580 4726 1683 4801 qui
1721 4725 1998 4783 observat
2023 4739 2115 4789 ea.
2142 4722 2223 4780 ad

678 4823 1105 4883 beatitudinem
1157 4820 1510 4878 sufficienter
1554 4836 1616 4877 se
1677 4821 2013 4893 praeparat,
2055 4816 2224 4890 juxta

679 4915 833 4975 illud
859 4917 905 4952 ¹⁰
940 4933 955 4973 ε
990 4933 1020 4969 ι
1049 4913 1107 4974 Si
1133 4912 1267 4988 quis
1295 4912 1655 4987 perspexerit
1680 4912 1745 4970 in
1773 4912 1971 4985 legem
1997 4909 2222 4984 perfec·

677 5015 800 5071 tam
841 5008 1127 5069 libertatis
1145 5049 1166 5079 ,
1209 5022 1321 5065 uec
1364 5005 1600 5064 auditor
1639 5004 1967 5065 obliviosus
2003 5001 2222 5075 factus,

743 5186 755 5215 ¹
793 5182 929 5234 Psal.
963 5192 1125 5243 xvm,
1162 5182 1208 5231 8.
1238 5205 1301 5217 —
1340 5180 1361 5212 ²
1389 5176 1541 5240 lbid.,
1568 5179 1617 5227 9.
1644 5201 1707 5212 -
1744 5175 1763 5205 ³
1799 5176 1812 5223 ι
1849 5173 1989 5236 Cor„
2019 5184 2107 5233 xv,
2139 5174 2218 5223 33.

676 5281 738 5293 -
762 5255 781 5286 ⁴
809 5254 951 5307 Ρεαὶ.
979 5264 1084 5316 tv1,
1118 5254 1167 5301 5.
1198 5276 1254 5288 -
1288 5250 1309 5284 ⁸
1334 5247 1468 5300 Psal.
1500 5258 1626 5309 xm,
1653 5250 1700 5298 8.
1731 5273 1786 5283 —
1818 5246 1837 5275 ⁸
1862 5246 2001 5303 Luc..
2030 5255 2104 5308 vx,
2137 5246 2218 5296 ⁴4.

674 5351 737 5362 —
757 5325 780 5363 ⁷
805 5325 1010 5386 Halm„
1035 5334 1130 5388 νιι,
1162 5323 1324 5373 ¹546.
1348 5346 1412 5359 —
1438 5321 1456 5351 ⁸
1483 5319 1651 5379 Ρνου..
1680 5330 1718 5377 ι,
1749 5321 1796 5369 8.
1826 5344 1884 5354 -
1914 5319 1933 5347 ⁹
1959 5315 2107 5375 thid..
2139 5327 2222 5379 ιιι,

673 5399 759 5449 2¹.
789 5424 852 5436 —
882 5397 928 5433 ¹⁰
949 5398 1073 5458 Joc„
1109 5405 1152 5456 1,
1186 5394 1267 5444 25.
1296 5418 1352 5429 --
1389 5393 1428 5427 ¹¹
1462 5391 1629 5453 παπ..
1657 5400 1773 5452 vui,
1806 5392 1885 5440 36.
1915 5414 1977 5426 -
2010 5390 2053 5422 ¹¹
2081 5390 2219 5438 Psal.

1692 465 2110 533 SERMONES
2154 465 2255 534 DE
2296 465 2647 533 SANCTIS.
2691 464 2897 533 XLIX.

2343 601 2451 659 sed
2473 601 2664 660 factor
2689 602 2905 676 operis,
2934 601 3031 661 hic
3057 602 3266 665 beatus
3291 605 3358 664 in
3378 606 3534 667 tacto
3562 624 3670 668 suo
3696 610 3815 669 erit.
3838 632 3867 668 ι»

2343 698 2529 767 Leqem
2548 697 2834 767 libertatis,
2853 696 3051 771 legem
3074 700 3502 772 evangelicam,
3518 703 3641 761 sive
3664 706 3871 779 gratias,

2344 789 2505 859 dicit,
2552 804 2623 846 eo
2659 788 2826 862 quod
2866 789 3123 849 liberum
3169 791 3347 851 faciat
3394 794 3803 856 observantem
3836 816 3872 858 a

2341 882 2548 957 spiritu
2573 882 2861 940 servitutis
2888 883 3138 956 diaboli,
3177 902 3214 944 a
3256 888 3531 947 servitute
3580 892 3799 962 mundi,
3820 899 3873 952 et

2342 991 2380 1033 a
2422 975 2695 1033 servitute
2753 978 3018 1052 corporis
3066 981 3314 1054 proprii,
3361 987 3418 1040 et
3465 983 3751 1057 perducat
3800 987 3870 1044 ad

2339 1070 2669 1129 libertatem
2704 1073 2892 1144 regni,
2936 1073 3040 1131 ubi
3084 1090 3206 1132 non
3249 1075 3473 1133 erimus
3522 1079 3676 1136 sicut
3713 1081 3869 1153 servi,

2338 1164 2444 1220 sed
2475 1164 2626 1223 sicut
2653 1165 2845 1223 intimi
2883 1167 3094 1237 amici,
3140 1168 3289 1226 sicut
3320 1169 3653 1228 charissimi
3676 1172 3799 1244 filii,
3824 1178 3872 1231 et

2338 1258 2487 1315 sicut
2511 1274 2681 1331 reges
2720 1259 2946 1334 inclyti,
2986 1261 3173 1334 regali
3216 1262 3557 1323 diademate
3603 1268 3870 1325 coronati.

2338 1352 2500 1409 Unde
2528 1352 2803 1411 scribitur
2832 1352 2875 1390 ¹²
2907 1371 2921 1409 :
2952 1373 2979 1406 α
3016 1354 3074 1412 Si
3100 1354 3260 1413 filius
3287 1372 3398 1414 vos
3420 1357 3766 1417 liberaverit
3786 1360 3871 1434 (a),

2337 1460 2476 1503 vere
2502 1444 2676 1504 liberi
2706 1448 2883 1507 eritis.
2917 1468 2945 1502 n

2407 1542 2555 1597 Nam
2582 1555 2658 1597 ex
2685 1541 3155 1601 consideratione
3194 1546 3371 1602 tantm
3414 1544 3765 1605 humilitatis
3796 1547 3874 1606 di-

2336 1632 2509 1690 cebat
2552 1633 2838 1707 Propheta
2862 1633 2904 1669 ¹²
2934 1654 2950 1693 ε
2984 1655 3014 1691 ι
3039 1639 3267 1696 Bonum
3308 1638 3459 1697 mihi
3484 1641 3587 1697 lex
3615 1640 3735 1699 oris
3776 1642 3869 1713 tui,

2334 1740 2513 1799 super
2562 1727 2752 1785 millia
2795 1730 2927 1786 auri
2970 1735 3027 1788 et
3053 1732 3296 1804 argenti.
3327 1753 3358 1789 ι
3396 1736 3594 1791 Miltia
3619 1734 3779 1807 dicit,
3806 1753 3868 1794 eo

2335 1820 2502 1891 quod
2529 1819 2667 1893 plus
2691 1821 2940 1893 excedit,
2970 1840 3155 1898 quam
3179 1825 3366 1884 verbo
3395 1827 3656 1902 exprimi
3684 1830 3869 1902 possit,

2334 1911 2477 1985 quia
2517 1914 2712 1971 omnis
2750 1915 3059 1975 mundana
3103 1918 3468 1986 substantia,
3504 1926 3567 1979 et
3600 1921 3652 1978 si
3680 1921 3750 1979 sit
3780 1938 3871 1980 an-

2332 2021 2456 2079 rea,
2488 2011 2576 2065 est
2611 2012 2733 2067 tota
2756 2025 2949 2083 vana3
2976 2026 3101 2069 non
3137 2013 3438 2085 sanativa,
3477 2015 3589 2073 sed
3615 2010 3887 2074 transito-⁸

2331 2100 2442 2172 ria,
2470 2101 2781 2177 multiplici
2812 2105 3120 2163 mutationi
3145 2107 3478 2182 supposita,
3518 2111 3582 2167 et
3607 2110 3688 2167 ad
3728 2111 3871 2169 mala

2333 2195 2535 2252 omnia
2552 2194 2806 2253 finaliter
2825 2196 3147 2255 inductiva.
3172 2199 3285 2257 Sed
3298 2199 3398 2258 lex
3417 2200 3632 2261 divina
3649 2206 3736 2262 est
3748 2205 3870 2261 sim·

2331 2286 2562 2360 pliciter
2574 2304 2737 2359 vera,
2764 2289 2909 2364 quia
2922 2290 3000 2349 ab
3019 2291 3152 2366 ipsa
3172 2293 3412 2351 veritate
3431 2299 3658 2354 aeterna
3676 2297 3870 2356 &adita

2332 2383 2437 2451 est,
2468 2386 2524 2439 et
2549 2386 2633 2440 est
2660 2383 2738 2439 ad
2766 2384 2951 2442 vitam
2984 2389 3335 2460 perpetuam
3378 2387 3711 2448 inductiva.
3738 2395 3869 2449 Nam

2332 2473 2500 2546 quod
2526 2474 2624 2532 lex
2650 2476 2724 2533 sit
2753 2493 2917 2549 vera,
2949 2480 3230 2537 Dominus
3261 2482 3487 2553 asserit,
3520 2484 3768 2557 quando
3793 2484 3871 2542 di·

2331 2566 2409 2623 cit
2435 2567 2478 2602 ¹⁸
2508 2588 2524 2624 ;
2562 2586 2591 2621 ι
2614 2572 2737 2641 Ego
2765 2586 2898 2627 sum
2930 2572 3161 2644 veritas,
3191 2593 3222 2627 ι
3254 2578 3363 2631 etc.
3392 2575 3455 2632 Si
3491 2576 3715 2634 veritas
3738 2577 3870 2650 fuit,

2329 2660 2563 2719 mentiri
2604 2678 2726 2720 non
2772 2663 2964 2736 potuit
3003 2682 3019 2722 τ
3064 2665 3242 2739 igitur
3284 2682 3494 2725 verum
3542 2668 3658 2728 fuit
3709 2687 3873 2730 omne

2332 2753 2499 2826 quod
2528 2754 2749 2814 docuit.
2780 2756 2941 2814 Unde
2971 2760 3031 2815 et
3054 2757 3181 2832 ipse
3222 2758 3363 2818 dicit
3399 2760 3621 2820 Judaeis
3650 2763 3733 2821 ¹⁸:
3768 2784 3797 2819 ι
3820 2764 3873 2823 Si

2330 2846 2634 2905 veritatem
2663 2848 2801 2907 dico
2819 2851 3013 2923 vobis,
3044 2868 3225 2926 quare
3246 2869 3371 2912 non
3393 2856 3637 2914 creditis
3662 2858 3865 2915 mihi‘b

2331 2942 2473 2997 ltem
2499 2941 2669 3015 quod
2709 2941 2914 3001 divina
2951 2942 3051 3002 lex
3088 2945 3161 3003 sit
3194 2950 3434 3018 aeterna,
3476 2951 3763 3008 Dominus
3786 2950 3871 3008 di-

2330 3032 2406 3090 cit
2434 3033 2512 3090 ¹³:
2540 3055 2569 3087 «
2590 3035 2819 3093 Coelum
2842 3042 2900 3095 et
2920 3041 3076 3096 terra
3094 3040 3444 3114 transibunt,
3469 3044 3660 3102 verba
3685 3048 3872 3103 autem

2329 3141 2467 3183 mea
2490 3142 2618 3185 nou
2644 3130 3037 3188 transibunt.»
3072 3133 3113 3168 ¹⁸
3148 3134 3251 3191 «ln
3275 3137 3585 3209 aeternum,
3612 3139 3869 3210 Domine,

2329 3226 2636 3293 permanet
2662 3222 2914 3281 verbum
2934 3227 3121 3283 tuum.
3142 3247 3170 3279 ιο
3196 3230 3334 3286 ltem
3356 3230 3528 3303 quod
3552 3230 3653 3288 lex
3679 3232 3869 3291 divina

2331 3313 2509 3372 ducat
2535 3315 2615 3372 ad
2650 3317 2856 3387 vitam,
2889 3317 3014 3392 ipse
3043 3318 3183 3378 dicit
3211 3319 3252 3358 ¹⁸¹
3285 3340 3300 3378 ε
3338 3343 3366 3373 α
3386 3323 3582 3383 Verba
3604 3339 3736 3400 quae
3763 3342 3863 3399 ego

2329 3405 2561 3465 locutus
2591 3425 2725 3467 sum
2752 3411 2944 3483 vobis,
2975 3412 3209 3486 spiritus
3233 3418 3290 3472 et
3316 3415 3439 3473 vita
3464 3421 3621 3475 sunt.
3638 3440 3667 3475 ι
3703 3423 3766 3477 Et
3783 3420 3859 3475 ¹⁸:

2336 3519 2365 3553 α
2389 3500 2448 3559 Si
2475 3502 2563 3558 vis
2591 3501 2671 3559 ad
2697 3503 2881 3562 vitam
2906 3504 3157 3579 ingredi,
3185 3524 3357 3566 serva
3378 3512 3686 3570 mandata.
3702 3532 3730 3566 ι
3761 3513 3861 3571 Sed

2331 3594 2462 3668 quis
2488 3594 2670 3654 hodie
2699 3598 2915 3672 estqui
2942 3599 3260 3658 observet?
3285 3604 3331 3662 Ο
3356 3619 3596 3664 summa
3620 3607 3861 3679 rannus,

2330 3690 2389 3744 et
2414 3687 2639 3746 caecitas
2666 3689 3047 3751 detestanda!
3078 3694 3221 3769 quia
3247 3696 3644 3759 observantur
3667 3702 3746 3760 ad
3762 3718 3863 3760 un·

2329 3795 2509 3854 guem
2532 3786 2744 3842 statuta
2758 3785 3080 3857 civitatum,
3099 3793 3408 3848 servantur
3432 3791 3599 3865 leges
3624 3794 3863 3869 impera—

2330 3879 2527 3933 torum
2554 3881 2611 3934 et
2658 3893 2869 3950 regum
2885 3920 2905 3951 ,
2937 3886 3243 3940 servantur
3269 3883 3505 3944 decreta
3530 3887 3863 3961 praesulum,

2328 3975 2562 4027 servant
2587 3970 2729 4044 aegri
2752 3976 3044 4048 praecepta
3070 3975 3466 4050 medicorum3
3491 3980 3600 4038 sed
3616 3997 3740 4040 nou
3762 3984 3861 4055 est,

2331 4062 2435 4136 qui
2462 4062 2658 4136 legem
2685 4071 2878 4124 servet
2903 4068 3075 4140 Regis
3100 4084 3340 4143 regum,
3372 4072 3473 4129 Dei
3514 4075 3783 4148 deorum,
3810 4079 3863 4132 et

2331 4156 2564 4213 Domini
2600 4156 3000 4218 dominorum.
3046 4164 3113 4220 Et
3151 4162 3289 4221 ideo
3330 4167 3503 4238 quasi
3530 4184 3736 4226 omnes
3769 4168 3861 4226 de-

2329 4249 2665 4308 scendimus
2692 4252 2773 4310 ad
2790 4252 3114 4326 infernum5
3144 4256 3252 4314 sed
3275 4261 3559 4334 perpauci
3581 4268 3734 4333 sunt,
3759 4265 3858 4338 qui

2328 4342 2553 4402 vadant
2576 4345 2639 4402 in
2666 4346 2904 4404 coelum.

2602 4541 2702 4617 DE
2749 4543 2859 4624 SS.
2910 4544 3187 4621 SIMONE
3231 4548 3333 4623 ET
3375 4550 3597 4629 JUDA.

2964 4700 3243 4763 SERMO.

2401 4813 2511 4881 Qui
2534 4820 2659 4871 sunt
2688 4819 2806 4887 isti,
2837 4819 2955 4888 qui,
2983 4822 3047 4874 ut
3072 4821 3251 4892 nubes,
3271 4825 3476 4896 volant,
3519 4832 3572 4883 et
3599 4832 3755 4901 quasi
3774 4846 3851 4887 co·

2328 4907 2521 4964 lumbo
2556 4908 2630 4964 ad
2669 4911 2934 4978 fenestras
2965 4927 3093 4969 suas
3120 4911 3160 4948 ¹⁸
3182 4915 3212 4970 ἳ
3246 4916 3397 4984 Quia
3421 4921 3650 4992 priores
3672 4928 3854 4997 patres

2328 5001 2616 5076 conjugiis
2642 5002 2987 5076 utebantur,
3017 5010 3074 5063 et
3096 5005 3249 5065 filias
3276 5013 3659 5088 generabant,
3684 5021 3740 5075 et
3764 5033 3855 5075 eu·

2329 5165 2512 5219 cxvm,
2539 5156 2617 5205 72.
2647 5180 2710 5191 —
2747 5155 2787 5190 ¹⁸
2812 5156 2974 5221 Joan„
3004 5168 3111 5223 x1v,
3137 5161 3186 5210 6.
3215 5186 3281 5197 -
3308 5163 3349 5197 ¹⁸
3377 5162 3530 5229 thid„
3559 5177 3673 5231 vin,
3700 5171 3774 5221 46.
3797 5197 3855 5209 -

2331 5228 2370 5264 ¹⁸
2406 5228 2580 5287 Marc„
2614 5238 2742 5290 xm,
2780 5228 2860 5278 3¹.
2888 5253 2951 5264 —
2991 5229 3032 5264 ¹⁸
3056 5230 3195 5283 psal.
3223 5244 3409 5299 cxvm,
3436 5239 3516 5288 89.
3545 5263 3608 5277 -
3634 5241 3673 5275 ¹²
3700 5242 3853 5305 loen„

2329 5310 2401 5360 vi,
2438 5301 2518 5347 64.
2546 5323 2608 5336 -
2643 5301 2684 5333 ¹⁸
2714 5299 2919 5361 naith„
2952 5311 3064 5365 xix,
3098 5305 3173 5353 ¹7.
3202 5329 3266 5342 —
3298 5308 3338 5341 ι’
3368 5307 3493 5370 Isca,
3527 5320 3615 5373 tx,
3643 5313 3670 5362 8

2389 5389 2454 5449 (a)
2486 5388 2613 5439 Coe.
2646 5387 2769 5439 edit.
2798 5388 3049 5441 liberavit.
