4059 6317
664 447 783 508 548
1647 442 2067 511 SERMONES
2108 440 2211 511 DE
2248 442 2598 513 SANCTIS.
2642 442 2860 515 XXIII.

661 578 831 637 erant
880 576 1086 636 intenti
1099 618 1122 650 ,
1173 581 1241 638 ut
1289 577 1467 638 etiam
1520 578 2007 639 obliviscerentur
2062 580 2201 640 cibi.

661 671 1009 730 Studeamus
1048 671 1259 746 igitur,
1308 674 1548 747 fratres,
1574 674 1926 749 ·sapientiae;
1969 674 2206 733 labore-

658 781 792 822 mus
840 765 1123 824 mandata
1162 767 1368 827 divina
1412 783 1770 841 cognoscere
1801 787 1815 825 ε
1857 767 2205 827 studeamus

660 859 843 916 Deum
867 858 1109 932 timere,
1136 860 1280 936 quia
1308 864 1326 899 ¹
1362 881 1391 915 ι
1433 861 1666 920 initium
1693 861 1997 937 sapientias
2021 862 2204 920 timor

656 951 909 1011 Domini.
950 973 980 1008 ι

863 1151 963 1227 DE
1008 1151 1073 1227 S.
1122 1152 1388 1229 MARsso
1429 1152 1991 1233 EVANGELISTA.

1085 1307 1341 1369 SERMO
1390 1307 1678 1371 PRIMUS
1706 1308 1755 1368 ².

721 1424 864 1482 nihi
885 1428 1048 1497 adm,
1078 1428 1315 1483 omnium
1339 1431 1649 1484 mmmm
1674 1429 1925 1497 minimo,
1953 1426 2089 1483 deta
2116 1431 2197 1483 est

649 1521 837 1588 qratia
867 1518 975 1574 hoec
1001 1521 1062 1574 in
1084 1520 1332 1591 qevttibus
1346 1559 1367 1590 ,
1396 1521 1766 1591 evangelizare
1791 1519 2197 1591 investiqabiloe

648 1611 880 1668 divitias
931 1611 1141 1669 Christi
1195 1614 1236 1671 ⁸.
1297 1614 1631 1675 Secundum
1686 1612 2109 1688 Philosophum
2132 1615 2155 1649 ⁸
2173 1654 2194 1683 ,

645 1704 803 1775 imo,
833 1704 1000 1779 quod
1034 1706 1229 1779 majus
1270 1711 1385 1778 est,
1431 1709 1657 1766 certum
1698 1707 2196 1783 experimentum,

645 1796 795 1854 nihil
839 1799 1058 1873 patitur
1104 1815 1230 1856 esse
1268 1816 1545 1857 vacuum.
1601 1801 1760 1858 unde
1811 1805 2022 1858 natura
2066 1800 2192 1858 sine

646 1889 841 1949 locato
900 1908 1213 1967 nunquam
1268 1893 1406 1952 sinit
1455 1894 1722 1969 aliquem
1775 1911 1902 1953 esse
1964 1894 2189 1951 locum.

644 1991 885 2065 Propter
911 2007 1096 2065 quam
1136 2006 1379 2051 causam
1395 2035 1415 2066 ,
1455 1993 1507 2052 si
1533 2010 1747 2052 urceus
1766 2036 1786 2067 ,
1815 1994 1912 2052 vel
1947 2010 2055 2053 vas
2081 1994 2189 2053 ali-

645 2082 834 2157 quod,
859 2096 1032 2142 verso
1064 2101 1198 2157 ore,
1227 2086 1292 2143 in
1320 2102 1540 2161 aquam
1567 2092 1848 2162 ponatur,
1874 2090 2195 2163 quantum·

642 2192 900 2251 cumque
923 2176 1002 2235 ad
1029 2177 1274 2237 interius
1289 2179 1675 2256 deprimatur,
1697 2197 1931 2239 sursum
1956 2196 2194 2256 semper

639 2269 970 2343 repellitur,
999 2286 1111 2330 nec
1150 2272 1384 2347 aliquid
1419 2289 1592 2349 aquae
1624 2273 1783 2332 intus
1809 2274 2027 2333 intrare
2054 2290 2190 2349 per-

639 2362 918 2436 mittitur,
947 2380 1020 2425 eo
1053 2366 1223 2440 quod
1270 2382 1407 2425 aere
1438 2368 1692 2443 plenum
1729 2385 1854 2426 esse
1880 2368 2186 2443 probetur.

637 2457 777 2516 Sola
813 2458 972 2516 enim
1010 2474 1158 2517 vasa
1188 2476 1379 2519 vacua
1426 2464 1564 2520 sunt
1601 2462 1853 2535 liquoris
1879 2458 2059 2519 infusi
2096 2478 2191 2519 re-

638 2551 914 2626 ceptiva:
958 2552 1119 2610 unde
1164 2570 1272 2611 vas
1321 2570 1445 2613 uno
1491 2554 1725 2630 liquore
1774 2555 2017 2630 plenum
2061 2571 2188 2614 non

635 2645 843 2720 recipit
870 2644 1086 2718 alium,
1123 2647 1235 2705 nisi
1276 2648 1383 2707 illo
1426 2649 1592 2723 prius
1632 2649 1806 2707 fuerit
1843 2652 2184 2708 vacuatum.

635 2739 732 2795 Est
749 2738 909 2797 enim
934 2743 1147 2798 natura
1164 2742 1432 2815 corporis
1457 2743 1667 2815 vacui,
1697 2743 1986 2803 attrahere
2013 2743 2095 2802 ad
2121 2760 2185 2801 se

636 2847 870 2907 corpus.
901 2836 1046 2891 Nam
1074 2833 1512 2895 barbitonsores
1529 2880 1549 2910 ‚
1578 2836 1704 2896 sive
1725 2837 2102 2896 balueatores
2120 2838 2145 2875 ⁸
2163 2880 2181 2909 ,

636 2924 784 2983 dum
829 2931 1101 2985 ventosas
1144 2927 1491 2988 hominibus
1534 2936 1782 3004 ponunt,
1831 2931 1999 3005 prius
2045 2947 2185 2989 cum

635 3021 853 3093 stuppa
896 3020 1097 3092 ignem
1123 3020 1477 3094 immittunt,
1504 3029 1608 3096 ut,
1638 3024 1789 3098 ignis
1817 3024 2029 3083 virtute
2046 3066 2067 3096 ‚
2094 3041 2186 3083 re-

633 3112 809 3185 pulso
827 3128 964 3171 aere
987 3113 1071 3171 ibi
1094 3119 1393 3188 contento,
1413 3120 1471 3174 et
1485 3117 1727 3175 tandem
1744 3117 1881 3191 igne
1900 3119 2180 3191 extincto,

635 3202 720 3259 ibi
763 3209 1069 3264 remaneat
1109 3223 1368 3266 vacuum
1383 3251 1404 3280 ,
1452 3213 1510 3268 et
1553 3211 1627 3268 sit
1674 3211 1859 3269 virtus
1901 3212 2182 3286 quasdam

634 3302 843 3370 potens
865 3298 946 3356 ad
972 3301 1413 3360 attrahendum.
1444 3307 1510 3360 Et
1533 3305 1665 3362 haec
1682 3307 1771 3363 est
1793 3305 1968 3375 ratio,
1992 3319 2181 3379 quare

633 3394 880 3448 ventosa
907 3393 1186 3453 carnibus
1225 3396 1522 3471 applicata
1536 3441 1557 3470 ,
1604 3399 1689 3455 sic
1716 3401 1804 3477 est
1840 3397 2062 3456 fortiter
2090 3402 2180 3456 at-

631 3482 910 3557 tractiva3
939 3486 1084 3560 quia
1110 3501 1302 3546 vacua
1328 3505 1576 3564 corpore
1594 3531 1615 3563 ,
1644 3491 1769 3550 sive
1795 3507 1932 3550 aere
1950 3534 1968 3564 ,
1997 3496 2177 3550 attra-

631 3575 719 3634 hit
745 3576 970 3637 fortiter
1007 3581 1088 3639 ad
1128 3598 1191 3640 se
1236 3599 1506 3655 carnem,
1532 3588 1599 3642 ut
1622 3601 1796 3643 suam
1827 3585 2183 3645 vacuitatem

629 3671 819 3745 possit
879 3674 1185 3748 repellere.
1241 3676 1393 3746 Quia
1455 3692 1598 3751 ergo
1651 3678 1862 3737 beatus
1917 3686 2179 3752 Marcus,

630 3763 958 3825 humilitate
995 3767 1246 3841 plenus,
1290 3786 1352 3829 se
1386 3786 1646 3830 vacuum
1688 3789 1815 3831 esse
1858 3774 2176 3848 credebat,

630 3856 769 3917 ideo
786 3859 902 3917 sibi
919 3861 1162 3921 abunde
1180 3863 1445 3922 divinam
1474 3867 1725 3939 gratiam
1744 3868 2103 3926 attrahebat:
2122 3874 2181 3926 et

629 3950 768 4010 ideo
794 3953 949 4012 bene
995 3955 1137 4014 dicit
1163 3975 1179 4013 ε
1209 3959 1352 4015 Mihi
1385 3963 1527 4016 enim
1547 4001 1567 4032 ,
1601 3965 1841 4018 omnium
1867 3968 2178 4019 sanctorum

627 4051 886 4120 minimo,
914 4051 1049 4108 data
1072 4058 1152 4110 est
1188 4057 1409 4127 qratia,
1438 4058 1548 4113 etc.
1585 4058 1650 4114 ln
1690 4072 1813 4130 quo
1844 4056 2030 4114 verbo
2064 4058 2178 4115 tria

563 4204 566 4205 ⁷
630 4141 1004 4202 considerare
1045 4144 1372 4205 debemus:
1419 4149 1714 4221 primum,
1761 4165 1835 4207 ex
1874 4156 2041 4224 parte
2075 4151 2175 4208 Dei

628 4236 879 4306 gratiam
908 4238 1287 4312 conserentis3
1310 4242 1663 4314 secundum,
1684 4258 1758 4300 ex
1786 4247 1966 4318 parte·
1981 4244 2175 4302 Sancti

631 4328 860 4388 donum
888 4332 1264 4408 accipientis3
1305 4336 1544 4394 tertium
1561 4380 1582 4404 ,
1625 4353 1700 4395 ex
1729 4342 1898 4412 parte
1937 4338 2083 4397 doni
2110 4339 2173 4397 in

629 4420 781 4482 alios
823 4425 1226 4486 redundantis.
1270 4433 1354 4487 Ex
1392 4435 1560 4506 parte
1609 4431 1786 4504 igitur
1826 4433 1960 4504 Dei,
1999 4448 2175 4491 mon-

628 4521 842 4576 stratur
866 4518 1223 4595 liberalitas3
1266 4540 1340 4581 ex
1382 4530 1548 4599 parte
1576 4525 1766 4583 Sancti
1781 4566 1803 4595 ,
1844 4526 2176 4585 ostenditur

629 4608 957 4686 idoneitas3
1002 4613 1109 4672 sed
1143 4632 1216 4672 ex
1256 4622 1423 4691 parte
1460 4617 1649 4675 divini
1674 4618 1852 4689 dont,
1881 4619 2176 4678 mirabilis

630 4704 966 4765 efficacitas.
996 4710 1236 4767 Notatur
1262 4710 1443 4783 igitur
1481 4712 1678 4785 primo
1713 4711 1815 4771 Dei
1840 4711 2084 4785 largitas
2109 4715 2172 4772 in

630 4797 956 4873 donando,
1001 4817 1138 4859 cum
1184 4802 1443 4862 dicitur:
1490 4809 1635 4863 Data
1673 4812 1755 4864 est
1799 4811 1986 4878 qratia
2029 4809 2169 4880 hoec,

627 4891 860 4966 supple,
891 4908 934 4952 a
948 4896 1087 4954 Deo.
1116 4899 1359 4955 Notatur
1381 4898 1644 4957 secundo
1664 4899 1858 4957 Sancti
1880 4899 2173 4959 idoneitas

627 4982 692 5041 in
711 4987 1110 5062 suscipiendo,
1140 5007 1278 5050 cum
1297 4991 1568 5050 additur:
1592 4994 1734 5050 Miles·
1758 4996 1997 5051 omnium
2022 5011 2174 5054 mo-

689 5157 707 5191 ¹
737 5158 875 5209 Psal.
903 5173 986 5226 cx,
1017 5166 1094 5214 ¹0.
1118 5188 1181 5201 —
1207 5164 1226 5195 ²
1252 5165 1401 5216 Hunc
1427 5168 1481 5215 et
1505 5179 1695 5217 novem
1718 5172 1995 5232 sequentes
2016 5168 2173 5219 habet

629 5226 794 5280 codex
822 5231 981 5283 Aesis.
1015 5247 1138 5286 soc.
1177 5247 1302 5301 xlm
1341 5236 1481 5288 hunc
1507 5251 1749 5304 quoque,
1774 5252 1883 5290 non
1923 5250 2049 5290 vero
2081 5252 2171 5290 se-

628 5304 843 5362 quentes
881 5317 1094 5363 omnes.
1140 5307 1298 5360 habet
1335 5310 1457 5362 edit.
1511 5313 1744 5375 Hageao.
1794 5325 1881 5364 an.
1930 5314 2071 5364 1480.
2105 5332 2170 5351 ·--

628 5368 651 5403 ⁸
679 5373 880 5436 Epkee„
923 5388 1010 5438 ιιι,
1054 5381 1101 5427 8.
1130 5405 1193 5418 -
1227 5384 1244 5411 ⁴
1281 5384 1454 5446 Arist,
1492 5383 1712 5447 Phys-ie„
1753 5382 1841 5432 lib.
1887 5385 1971 5448 IV,
2008 5399 2055 5434 e.
2097 5395 2165 5443 vl,

2312 584 2484 640 tonum
2504 586 2751 656 maimo,
2770 588 2880 643 etc.
2908 583 3017 654 Qui
3044 582 3207 642 enim
3230 596 3343 659 per
3368 580 3763 642 humilitatem
3790 594 3865 638 ω

2309 675 2625 735 ιιιὶιιίιιιιιιιι
2652 677 2964 749 credebat,
3003 676 3143 736 ideo
3171 677 3252 735 ad
3277 677 3533 751 gratiam
3566 674 3865 734 idoneum

2309 785 2371 826 se
2405 769 2715 829 reddebat.
2747 771 2935 831 Tertio
2960 774 3197 830 notatur
3222 769 3370 829 doni
3397 769 3625 844 accepti
3654 768 3864 827 effica-

2307 863 2451 921 citas
2477 864 2539 921 in
2563 863 2859 937 docendo,
2890 881 3029 923 cum
3053 864 3401 939 adjungitur
3429 882 3448 921 ε
3487 866 3561 920 Ut
3583 863 3865 935 eumedi-

2305 974 2484 1015 zarem
2525 959 2929 1031 investiaabiles
2970 959 3201 1017 divitias
3240 960 3463 1017 Christi.
3504 958 3668 1016 Dicat
3707 969 3863 1029 ergo

2304 1049 2513 1109 beatus
2558 1053 2785 1110 Marcus
2815 1068 2831 1109 ε
2879 1054 3025 1110 nihi
3061 1055 3224 1125 enim,
3265 1056 3508 1110 omnim
3540 1056 3863 1109 sanctorm

2303 1146 2560 1217 ntinimo,
2599 1147 2735 1203 data
2774 1152 2855 1204 est
2892 1151 3126 1219 qratia:
3175 1146 3347 1222 quasi
3395 1146 3658 1204 diceret:
3707 1143 3857 1202 Ideo

2304 1238 2554 1310 grauem
2581 1254 2619 1297 a
2641 1242 2760 1298 Deo
2787 1241 3012 1316 accepi,
3040 1240 3184 1315 qaia
3208 1255 3307 1298 me
3334 1238 3655 1297 minimum
3678 1253 3862 1312 repu-

2302 1331 2443 1389 tavi.
2472 1335 2815 1407 Congruum
2842 1334 3001 1393 enim
3025 1334 3132 1405 est,
3149 1338 3235 1406 ut,
3263 1332 3413 1391 dum
3432 1333 3647 1403 homo,
3672 1347 3865 1405 prop-

2302 1429 2389 1483 ter
2413 1427 2706 1487 honorem
2734 1429 2873 1501 Dei,
2904 1445 2969 1487 se
2993 1443 3251 1487 vacuum
3284 1433 3552 1503 reputat,
3582 1429 3741 1484 Deus
3767 1425 3859 1483 illi

2301 1519 2552 1591 gratiam
2577 1520 2652 1579 de
2680 1522 2951 1596 supernis
2988 1521 3278 1580 infundat.
3324 1525 3420 1580 Est
3457 1536 3608 1594 ergo
3634 1524 3863 1577 notan·

2301 1613 2471 1685 dum,
2507 1615 2675 1689 quod
2701 1616 2910 1675 beatus
2939 1620 3161 1677 Marcus
3189 1620 3432 1691 propter
3456 1615 3761 1672 Christum
3792 1613 3858 1670 in

2300 1712 2558 1783 quatuor
2582 1708 2720 1769 fecit
2744 1727 2808 1769 se
2844 1708 3159 1769 minimum
3178 1752 3199 1781 ,
3227 1714 3430 1768 contra
3454 1712 3721 1784 quatuor
3738 1751 3759 1780 ,
3792 1707 3857 1764 in

2298 1802 2519 1877 quibus
2545 1820 2607 1862 se
2645 1804 3028 1878 magnificant
3075 1802 3364 1862 homines.
3408 1809 3554 1863 Nam
3591 1802 3861 1876 quidam

2299 1896 2590 1955 extollunt
2632 1914 2695 1955 se
2748 1899 2811 1955 in
2864 1898 3125 1974 potentia
3140 1918 3158 1971 ;
3207 1897 3486 1972 quidam,
3532 1897 3597 1954 in
3641 1910 3859 1953 rerum

2299 1990 2627 2066 opulentia3
2659 1991 2932 2066 quidam,
2959 1992 3024 2050 in
3045 1992 3314 2064 scientia3
3337 1989 3582 2065 quidam
3611 2004 3765 2048 vero
3788 1988 3857 2046 in

2296 2085 2438 2145 vita.
2469 2088 2583 2144 ista
2616 2086 2775 2144 enim
2815 2089 3072 2161 quatuor
3112 2088 3252 2143 sunt
3290 2099 3467 2142 causa
3504 2082 3819 2156 superbie
3834 2124 3857 2154 ‚

2295 2178 2518 2237 scilicet
2537 2179 2790 2237 multum
2815 2196 3011 2255 posse,
3034 2178 3289 2237 multum
3311 2177 3548 2249 habere,
3576 2176 3857 2234 multum

2295 2271 2465 2344 scire,
2493 2276 2551 2330 et
2575 2272 2830 2331 multum
2858 2272 3097 2331 credere
3119 2286 3181 2331 se
3207 2271 3425 2329 valere.
3454 2273 3664 2328 Beatus
3688 2286 3853 2342 ergo

2296 2369 2521 2425 Marcus
2545 2383 2607 2424 se
2628 2365 2764 2423 fecit
2788 2364 3104 2424 minimum
3122 2381 3229 2440 per
3246 2362 3675 2423 contessionem
3700 2378 3859 2437 pro-

2293 2459 2440 2533 priae
2481 2460 2708 2535 culpoe,
2751 2476 2860 2534 per
2900 2460 3334 2535 simplicitatem
3374 2457 3634 2533 proprias
3668 2458 3859 2527 vitae,

2258 2571 2265 2577 ·
2292 2568 2400 2626 per
2426 2557 2828 2628 contemptum
2862 2554 3141 2613 humanas
3180 2552 3443 2627 pecuniae
3458 2594 3479 2624 ‚
3515 2566 3624 2626 per
3650 2550 3855 2609 abue-

2294 2646 2592 2718 gationem
2618 2647 2875 2722 proprioe
2908 2662 3199 2721 personae.

2366 2739 2505 2798 Dico
2530 2742 2750 2816 primo,
2780 2741 2948 2815 quod
2978 2741 3188 2799 beatus
3213 2743 3435 2799 Marcus
3457 2754 3518 2797 se
3542 2738 3860 2813 reputavit

2290 2834 2607 2892 minimum
2640 2850 2750 2908 per
2775 2833 3204 2893 confessionem
3240 2832 3426 2907 culpas
3461 2832 3523 2889 in
3556 2846 3669 2889 sua
3692 2848 3859 2890 con-

2290 2928 2582 2986 versione.
2612 2928 2774 2986 Sicut
2799 2927 2960 2986 enim
2987 2926 3200 2985 dicitur
3216 2927 3239 2963 ⁸
3268 2945 3283 2983 ε
3319 2946 3348 2980 ι
3373 2928 3560 2984 iustus
3585 2925 3650 2982 in
3670 2925 3856 2998 prin·

2291 3022 2448 3096 cipio
2477 3025 2783 3081 accusator
2806 3026 2893 3080 est
2916 3022 3027 3079 sui.
3050 3042 3080 3075 n
3116 3025 3180 3080 Et
3206 3026 3293 3079 est
3314 3021 3430 3078 hoc
3455 3018 3631 3077 valde
3654 3020 3857 3076 ratio-

2289 3115 2522 3188 nabile,
2563 3117 2706 3191 quia
2741 3132 3051 3191 nunquam
3090 3118 3383 3189 oegrotans
3412 3112 3789 3172 medicinam
3816 3129 3858 3170 a

2290 3209 2524 3267 medico
2575 3209 2890 3283 implorat,
2946 3209 3060 3267 nisi
3108 3210 3163 3267 ei
3215 3208 3381 3283 prius
3434 3205 3855 3265 infirmitatem

2291 3300 2635 3376 detegat,'et
2660 3302 2932 3362 ostendat
2941 3322 2960 3375 3
2992 3317 3303 3377 nunquam
3326 3303 3517 3376 potest
3540 3304 3676 3358 ante
3704 3301 3855 3359 vul-

2289 3412 2404 3454 nus
2431 3398 2657 3465 curari,
2686 3397 2801 3455 nisi
2845 3402 3167 3471 postquam
3204 3394 3428 3454 ferrum
3468 3393 3644 3451 fuerit
3672 3392 3855 3452 foras

2291 3489 2589 3549 eductum.
2636 3492 2788 3564 Ergo
2839 3490 3170 3548 secundum
3223 3489 3396 3546 istam
3444 3487 3807 3545 seutentiam
3826 3531 3849 3559 ,

2289 3590 2423 3643 ante
2462 3582 2667 3643 omnia
2704 3596 2942 3643 necesse
2981 3588 3066 3642 est
3104 3581 3447 3655 aegrotanti,
3476 3585 3541 3639 ιιι
3566 3580 3859 3639 ostendat

2287 3677 2504 3735 vulnus
2542 3676 2779 3735 medico
2821 3676 3134 3753 spirituali,
3162 3680 3229 3735 ut
3270 3676 3355 3734 sic
3402 3674 3591 3750 possit
3635 3673 3720 3732 ab
3770 3690 3851 3733 eo

2287 3772 2501 3844 curari,
2531 3774 2591 3829 et
2609 3772 2803 3845 justus
2825 3784 2934 3845 per
2961 3784 3328 3845 consequens
3352 3768 3503 3827 fleri.
3528 3767 3621 3827 Ob
3648 3782 3851 3843 quam

2287 3880 2530 3924 causam
2585 3865 2785 3924 dicere
2836 3867 3070 3939 poterat
3121 3869 3356 3922 sanctus
3412 3865 3641 3922 Marcus
3686 3862 3849 3921 illud

2284 3958 2451 4017 Pauli
2475 3960 2539 4016 ⁷:
2585 3978 2615 4014 α
2641 3961 2764 4032 Ego
2791 3975 2924 4016 sum
2964 3958 3245 4017 miuimus
3271 3956 3545 4015 omnium
3570 3957 3851 4031 apstolo-

2283 4068 2450 4123 rum,
2487 4052 2594 4127 qui
2632 4068 2758 4110 non
2797 4068 2933 4110 sum
2977 4051 3197 4125 dignus
3236 4050 3439 4119 vocari
3490 4050 3843 4125 apostolus,

2285 4146 2572 4220 quoniam
2594 4150 2933 4220 persecutus
2957 4161 3090 4203 sum
3118 4143 3436 4203 Ecclesiam
3466 4142 3593 4202 Dei.
3621 4163 3650 4197 ι
3688 4147 3850 4202 Ecce

2285 4239 2578 4299 confessio
2605 4239 2851 4315 peccati.
2882 4236 3085 4298 omnis
3113 4238 3273 4295 enim
3300 4238 3488 4296 homo
3514 4238 3849 4297 Eccleshm

2283 4334 2384 4392 Dei
2422 4333 2836 4408 persequitur,
2871 4331 3119 4407 quando
3163 4332 3421 4406 peccatis
3456 4332 3755 4405 inficimr,
3782 4338 3857 4390 et

2283 4429 2366 4486 sic
2391 4427 2601 4486 fideles
2625 4427 2689 4485 in
2718 4442 2791 4485 eo
2818 4427 3155 4485 turbantur.
3198 4426 3294 4483 Sic
3324 4425 3486 4483 enim
3512 4426 3706 4485 homo
3730 4428 3857 4484 mi-
3944 4454 4059 4493 a...

2282 4523 2412 4581 nuit
2444 4536 2551 4597 per
2591 4519 3023 4579 confessionem
3043 4560 3064 4593 ,
3093 4520 3241 4578 sicut
3279 4520 3495 4578 minuit
3526 4525 3861 4595 apostema
3884 4514 3978 4569 ΡΙ·-

2280 4632 2390 4691 per
2406 4615 2591 4674 saniei
2619 4614 3020 4687 eductionem,
3044 4617 3104 4672 et
3123 4614 3319 4672 vesica
3341 4613 3526 4689 plena
3546 4628 3659 4690 per
3680 4618 3853 4674 venti

2282 4708 2729 4785 expulsionem:
2760 4714 2818 4767 et
2844 4708 2957 4767 ista
2971 4708 3105 4766 talis
3128 4706 3381 4766 minutio
3406 4706 3505 4765 sui
3526 4714 3863 4769 esteonm

2281 4804 2447 4861 illam
2479 4802 2823 4878 superbiam
2840 4842 2861 4872 ,
2891 4812 3014 4876 qua
3040 4800 3371 4873 gloriantur
3402 4800 3735 4877 hypocritae
3762 4805 3861 4864 de

2280 4898 2580 4956 sanctitate
2612 4896 2746 4955 vitas
2775 4913 2792 4954 ε
2820 4896 3144 4971 hypocritis
3184 4894 3377 4966 enin,
3405 4909 3485 4953 ne
3520 4894 3865 4970 videantur

2279 4992 2423 5050 mali
2440 5034 2459 5063 ,
2486 4990 2700 5050 nolunt
2729 5007 2839 5050 sua
2863 4993 3104 5064 peccata
3126 4987 3397 5047 confiteri
3409 5006 3430 5061 ;
3460 4988 3571 5047 sed
3598 4990 3683 5048 ad
3707 5007 3859 5050 mo-

2279 5168 2405 5217 text.
2435 5168 2523 5226 83,
2560 5178 2670 5229 par.
2709 5167 2765 5229 t,
2805 5168 2857 5215 et
2891 5163 2944 5215 in
2973 5161 3244 5223 Problem„
3277 5163 3402 5214 sect.
3441 5162 3496 5225 8,
3532 5174 3590 5226 q.
3629 5173 3743 5213 rm.
3778 5188 3863 5205 --

2279 5239 2298 5268 ⁸
2326 5238 2458 5289 Olim
2485 5235 2755 5302 ohim-gine
2781 5234 2983 5287 alumni
3011 5233 3153 5285 vices
3176 5232 3486 5298 supplebant
3510 5233 3859 5286 barbiton-0-

2278 5323 2393 5360 rum
2417 5313 2469 5359 et
2494 5308 2869 5361 balneatomm.
2906 5330 2967 5346 --
2993 5307 3017 5344 ⁸
3037 5307 3204 5367 Pron..
3227 5316 3383 5368 mu,
3407 5304 3490 5356 n.
3510 5320 3577 5342 -·-
3596 5305 3621 5341 ἵ
3644 5308 3663 5356 ι
3690 5305 3857 5371 σον..

2279 5393 2364 5444 xv,
2396 5384 2444 5430 ο.
