4059 6317
885 467 1263 536 DOMINICA
1303 467 1383 537 vl
1427 467 1624 537 POST
1663 465 2247 535 PENTEGOSTEN.
2293 467 2559 537 SERMO
2603 468 2711 535 111.

141 625 152 634 ·
200 605 450 688 septem
489 605 659 672 dona
681 601 959 689 Spiritus
995 606 1220 687 sancti,
1259 605 1611 691 sapientise,
1639 605 1742 669 in-

200 711 514 793 tellectus,
544 713 809 793 consilii,
838 712 1247 795 fortitudiniS,
1278 714 1580 793 scientiae,
1618 712 1749 796 pie·

201 819 399 894 tatis,
449 819 699 885 timoris
764 818 1035 884 Domini.
1097 819 1165 885 Si
1219 821 1339 887 bos
1397 837 1595 904 panes
1646 819 1749 885 vis

199 928 442 994 habere
463 978 481 1010 ,
524 931 774 1012 oportet
807 931 873 994 te
898 933 1138 994 terram
1178 929 1386 995 cordis
1414 930 1619 994 colere
1636 973 1656 1003 ,
1686 931 1749 992 et

199 1035 485 1101 multum
523 1035 832 1101 laborare.
879 1037 898 1072 ¹
951 1059 985 1097 ιι
1011 1035 1132 1115 Qui
1170 1038 1473 1120 operatur
1510 1038 1747 1101 terram

200 1159 414 1221 suam,
441 1143 830 1208 saturabitur
857 1161 1022 1227 pane
1049 1144 1160 1226 (a).
1193 1164 1225 1204 ι

284 1248 374 1315 De
413 1253 663 1333 quarte,
694 1249 984 1317 psalmus
1009 1252 1034 1289 ²
1073 1273 1092 1315 ε
1139 1273 1172 1314 ι
1197 1250 1355 1330 Quis
1385 1249 1559 1316 dabit
1586 1247 1751 1314 mihi

199 1374 489 1439 pennas,
518 1379 550 1419 ι
603 1361 722 1423 etc.
760 1375 969 1443 usque
1016 1380 1032 1423 :
1083 1381 1116 1421 ι
1161 1358 1371 1423 mansi
1408 1358 1479 1421 in
1520 1357 1750 1422 solitu-

198 1462 376 1529 dine.
406 1484 438 1524 ι
491 1463 729 1531 Pennae
770 1465 1085 1531 columbae
1137 1469 1289 1531 sunt
1332 1464 1602 1546 virtutes
1620 1511 1641 1544 ,
1686 1471 1751 1528 et

198 1589 399 1656 opera
423 1577 592 1638 recte
613 1574 806 1654 facta,
845 1592 994 1659 quae
1022 1574 1089 1639 in
1116 1574 1368 1639 duabus
1402 1572 1523 1637 alis
1549 1577 1696 1637 sunt
1727 1589 1747 1636 τ

199 1678 423 1746 omnia
446 1679 621 1745 enim
661 1685 980 1765 praecepta
1021 1682 1091 1746 in
1115 1681 1372 1747 duobus
1414 1679 1751 1763 praeceptis

200 1793 378 1855 sunt.
409 1788 550 1856 Non
586 1794 761 1875 optat
803 1808 1044 1875 pennas
1082 1791 1260 1857 corvi
1282 1839 1303 1871 ,
1331 1790 1438 1856 ille
1464 1788 1640 1856 enim
1668 1789 1748 1853 ad

198 1896 340 1963 Noe
365 1916 498 1963 non
523 1899 872 1965 revertitur
915 1921 931 1961 ε
971 1899 1063 1963 sic
1088 1898 1282 1964 homo
1324 1897 1598 1963 carnalis
1617 1945 1637 1976 ,
1668 1895 1749 1963 ad

199 2006 527 2072 exteriora
569 2006 865 2087 venienS,
909 2006 1080 2070 ultra
1122 2005 1205 2070 ad
1247 2004 1568 2072 Christum
1615 2023 1750 2069 non

198 2112 578 2192 reveratum
599 2113 916 2194 columba,
940 2113 1006 2178 id
1034 2116 1128 2179 est
1156 2113 1351 2178 homo
1378 2112 1745 2196 spiritualis,

196 2237 355 2285 cum
382 2237 567 2285 ramo
606 2220 765 2285 boni
797 2219 1006 2304 operis
1030 2220 1216 2286 redit.
1247 2219 1416 2285 Talis
1455 2219 1751 2285 columba

200 2328 382 2394 volat
407 2327 779 2408 virtutibus,
807 2328 1147 2410 elongatur
1168 2346 1208 2392 a
1246 2327 1504 2409 saecu10,
1535 2330 1752 2394 manet

198 2437 273 2500 in
303 2434 832 2518 contemplatione
856 2437 921 2498 et
946 2434 1277 2515 desiderio,
1306 2435 1377 2499 in
1403 2453 1750 2521 conversa-

195 2543 411 2623 tione,
457 2543 528 2607 in
570 2541 911 2607 solitudine
954 2541 1031 2625 (b)
1084 2542 1306 2625 patriae
1351 2542 1621 2607 coelestis
1673 2545 1746 2608 ⁸:

207 2675 241 2715 υ
290 2650 521 2717 Nostra
559 2648 959 2715 conversatio
1000 2650 1071 2714 in
1116 2648 1294 2714 coelis
1343 2653 1459 2716 est.
1506 2671 1537 2710 ι»
1588 2648 1749 2714 Item

197 2762 559 2843 pascuntur
609 2758 813 2822 sancti
860 2757 1138 2840 panibus
1187 2758 1608 2841 praemiorum
1657 2759 1680 2794 ¹·
1727 2781 1745 2824 ε

205 2891 240 2930 c
266 2865 480 2945 Quare
506 2865 859 2948 appenditis
893 2867 1239 2947 argentum
1284 2883 1412 2930 non
1456 2865 1525 2930 in
1566 2868 1752 2948 pani-

195 2977 330 3041 bus
360 3022 379 3054 ,
428 2977 492 3037 et
540 2973 826 3038 laborem
879 2975 1167 3038 vestrum
1210 2990 1343 3037 non
1396 2963 1465 3036 in
1516 2975 1751 3039 saturi-

192 3083 376 3148 tate?
393 3103 424 3141 n
451 3084 572 3145 etc.
600 3080 965 3161 Argentum
991 3078 1320 3162 spirituale
1346 3084 1441 3144 est
1465 3082 1746 3148 scientia.

193 3187 320 3256 Vel
346 3189 694 3268 argentum
723 3186 1048 3251 materiale
1065 3233 1087 3266 ,
1127 3186 1302 3269 qnod
1342 3191 1434 3251 est
1474 3188 1747 3253 eleemo-

192 3314 391 3381 syna,
425 3295 666 3378 optime
691 3294 1096 3377 appenditur,
1119 3294 1376 3376 quando
1400 3313 1516 3377 pro
1541 3297 1754 3361 coeles·

191 3405 383 3469 tibus
410 3401 852 3467 affectionibus
876 3401 1236 3485 expeditur.
1262 3400 1516 3486 Septem
1534 3407 1752 3468 autem

151 3513 158 3518 ’
196 3529 407 3595 panes
428 3514 580 3574 sunt
602 3512 845 3592 septem
873 3508 1074 3588 doteS,
1102 3506 1350 3573 claritas
1353 3559 1375 3592 ,
1408 3510 1750 3592 subtilitas,

194 3617 499 3701 agilitas,
548 3615 1049 3699 impassibilitas,
1104 3616 1417 3696 cognitio,
1464 3617 1715 3682 dilectio
1737 3665 1756 3697 ,

192 3725 447 3802 fruitio,
477 3723 713 3808 quibus
739 3722 1125 3787 aeternaliter
1147 3724 1455 3789 fruuntur
1484 3726 1653 3789 beati
1677 3726 1701 3762 ⁸
1729 3744 1748 3792 ε

201 3858 236 3897 c
267 3833 507 3900 Beatus
547 3832 664 3916 qui
706 3831 1115 3896 manducabit
1156 3849 1387 3915 panem
1433 3832 1502 3896 in
1549 3851 1754 3915 regno

196 3941 340 4007 Dei.
375 3962 407 4002 n

755 4109 1045 4180 SERMO
1090 4111 1207 4182 111.

283 4267 591 4332 Misereor
628 4279 821 4346 super
867 4262 1118 4330 turbam
1162 4271 1219 4344 ⁸,
1264 4268 1383 4329 etc.
1429 4264 1757 4344 Quomodo

195 4375 551 4440 miseretur
572 4372 598 4409 '¹
632 4394 665 4433 α
695 4370 1054 4435 misericors
1079 4374 1144 4436 et
1178 4371 1513 4440 miserator
1539 4373 1757 4439 Domi-

195 4482 384 4548 nus?
408 4501 439 4540 n
474 4478 715 4543 Dicitur
739 4477 808 4541 in
835 4475 1087 4542 Psalmo
1111 4479 1135 4516 ⁸
1168 4496 1185 4541 ε
1223 4502 1254 4541 α
1283 4479 1611 4556 Quomodo
1640 4482 1758 4545 mi-

196 4591 458 4655 seretur
481 4589 663 4670 pater
695 4584 1005 4649 filiorum.
1038 4605 1068 4645 n
1106 4584 1514 4652 considerare
1539 4592 1755 4654 autem

197 4711 557 4780 possumus
587 4691 697 4756 hic
743 4690 1222 4774 quadruplicem
1256 4694 1756 4762 misericordiam

11 4827 176 4874 mmi-
201 4805 319 4872 Dei
350 4824 367 4868 2
409 4803 751 4867 miseretur
789 4800 963 4864 enim
1003 4818 1197 4883 super
1236 4803 1491 4868 turbam
1529 4804 1758 4871 viven-

0 4890 159 4998 Ἐξ,
198 4916 376 4980 tium
402 4911 474 4976 in
508 4909 695 4974 terris
714 4957 734 4988 ,
765 4925 958 4991 super
998 4909 1254 4974 turbam
1294 4911 1757 4994 quiescentium

0 5013 82 5060 lex.

200 5023 275 5086 in
316 5018 629 5102 sepulcris
648 5066 668 5096 ,
714 5035 908 5101 super
947 5018 1202 5083 turbam
1248 5021 1647 5101 gementium
1688 5022 1758 5087 in

273 5184 288 5214 ¹
328 5182 503 5245 Pron„
531 5190 715 5244 xxvm,
747 5182 824 5231 19.
849 5205 911 5218 -
939 5180 959 5209 ²
985 5179 1124 5231 Psal.
1152 5191 1257 5245 mv,
1285 5182 1390 5234 8-9.
1415 5209 1472 5220 —
1499 5183 1518 5214 ⁸
1549 5183 1756 5252 Philip„

206 5265 299 5318 ιιι,
323 5254 408 5304 2ο.
429 5277 491 5288 -
521 5251 544 5287 ⁸
565 5251 687 5304 Ira„
712 5261 795 5313 ur,
826 5251 874 5301 2.
897 5275 960 5287 -
984 5251 1006 5286 ⁸
1027 5251 1163 5309 Luc„
1193 5263 1304 5317 x1v,
1336 5256 1414 5305 15.
1444 5280 1503 5293 -
1536 5255 1557 5287 ⁸
1580 5257 1757 5318 Marc„

205 5337 342 5388 vm,
373 5325 504 5373 2.-
534 5324 551 5355 ²
573 5321 711 5374 Psal.
741 5333 848 5387 cxi,
878 5323 924 5372 t.
949 5348 1009 5360 —
1035 5323 1054 5354 ⁸
1082 5322 1220 5376 Psal.
1250 5335 1354 5388 cn,
1383 5328 1460 5376 13.
1483 5352 1546 5364 -
1573 5328 1594 5358 ⁹
1618 5327 1760 5381 Psal.

205 5407 392 5459 xxxii,
420 5397 466 5446 5.
496 5417 558 5432 -
589 5396 626 5426 ¹⁶
654 5393 851 5459 Thr-en„
893 5404 972 5458 1¹1,
1003 5395 1083 5444 22.
1111 5421 1165 5431 —-
1198 5396 1237 5432 ¹¹
1266 5398 1438 5463 Greg„
1468 5398 1522 5448 in
1560 5399 1760 5461 Erech„

205 5468 302 5529 ῆι),
337 5467 405 5526 tl,
431 5465 572 5520 hom.
602 5477 685 5540 vl,
710 5479 762 5517 n.
799 5469 880 5522 2¹.
913 5492 968 5503 —-
997 5466 1038 5502 ¹²
1065 5468 1187 5538 lea„
1216 5479 1341 5536 xxx,
1379 5472 1452 5521 18.
1479 5496 1543 5510 --
1571 5471 1610 5507 ¹⁸
1634 5473 1760 5541 Ira„

3278 465 3396 532 863

1855 604 2064 688 poenis
2074 652 2097 685 ,
2140 621 2332 688 super
2377 604 2635 670 turbam
2679 603 3031 670 fruentium
3074 603 3146 667 in
3196 601 3396 667 omlis.

1938 712 2026 777 De
2052 712 2282 795 primo,
2317 711 2653 779 Psalmista
2672 718 2697 753 ⁹
2730 734 2746 777 ε
2788 735 2819 774 α
2839 710 3264 776 Misericordia
3282 709 3399 775 Do-

1859 819 2018 884 mini
2049 820 2237 902 plena
2260 824 2356 885 est
2390 823 2584 885 terra.
2615 841 2647 880 ι)
2686 818 2980 900 Longum
3009 821 3105 882 est
3133 833 3397 882 narrare

1855 926 2345 1005 misericordias,
2382 945 2544 1011 quas
2564 926 2973 1010 corporaliter
3006 929 3070 989 et
3096 924 3393 1007 spiritua·

1855 1035 2002 1100 liter
2041 1035 2228 1100 nobis
2270 1035 2528 1101 exhibet
2575 1035 2644 1099 in
2682 1035 2887 1098 terris.
2931 1032 3111 1111 Quod
3149 1032 3326 1097 enim
3355 1049 3395 1096 a

1857 1142 2109 1209 diabolo
2139 1161 2270 1208 non
2297 1161 2519 1208 omnes
2546 1143 2961 1221 suffocantur,
2990 1141 3161 1225 quod
3204 1157 3395 1204 mun·

1858 1249 1977 1314 dus
2004 1267 2133 1315 non
2163 1227 2577 1329 subvertitur,
2606 1250 2781 1334 quod
2804 1253 3093 1333 peccator
3117 1249 3187 1313 in
3204 1248 3396 1312 infer-

1858 1375 2018 1422 num
2044 1358 2235 1422 vivus
2260 1376 2392 1423 non
2416 1343 2794 1437 detruditur,
2833 1356 3002 1440 quod
3030 1356 3098 1420 in
3139 1372 3401 1438 corpore

1857 1485 1898 1530 a
1922 1470 2093 1530 terra
2120 1484 2268 1531 cum
2309 1465 2512 1531 Chore
2537 1469 2602 1530 et
2641 1465 2887 1531 Dathan
2928 1483 3058 1530 non
3098 1464 3402 1528 absorbe-

1811 1561 1818 1566 ’
1857 1577 1987 1652 tur,
2015 1573 2129 1670 Dei
2161 1573 2446 1639 maxima
2470 1578 2565 1639 est
2592 1571 3021 1638 misericordia
3047 1573 3094 1613 ¹⁰
3125 1571 3399 1648 :amise-

1857 1681 2149 1747 ricordiae
2199 1680 2451 1747 Domini
2474 1729 2495 1760 ,
2552 1681 2708 1765 quia
2770 1699 2902 1745 nou
2964 1698 3191 1744 sumus
3255 1697 3402 1745 con·

1857 1788 2122 1870 sumpti.
2152 1811 2182 1848 n
2223 1788 2290 1854 Si
2317 1807 2475 1871 ergo
2513 1791 2933 1871 cognosceret
2958 1789 3176 1868 homo,
3205 1805 3401 1872 quam

1858 1894 2236 1978 multiplicia
2255 1900 2406 1961 sunt
2431 1899 2573 1979 ejus
2597 1895 2911 1980 pericula,
2944 1899 3097 1961 tunc
3127 1912 3401 1977 cognos-

1858 2009 2108 2068 ceretur
2128 2051 2145 2084 ,
2201 2021 2396 2086 quam
2447 2003 2786 2086 multiplex
2836 2002 3268 2068 misericordia
3320 2004 3404 2068 sit

1857 2128 2052 2192 super
2077 2128 2252 2175 eum.
2285 2109 2694 2193 Gregorius¹¹
2723 2133 2785 2174 :a
2800 2108 2984 2175 Tunc
3009 2109 3193 2175 nobis
3217 2110 3403 2176 misc-

1857 2219 2147 2283 ricordiae
2178 2219 2289 2284 Dei
2334 2221 2739 2286 innotescunt
2763 2220 2840 2301 (c)
2862 2267 2878 2299 ‚
2909 2238 3060 2284 cum
3093 2218 3278 2284 nobis
3322 2218 3400 2283 ad

1858 2327 2238 2391 memoriam
2260 2327 2531 2392 miseriae
2548 2331 2783 2392 nostrae
2800 2332 3205 2406 revocantur,
3219 2348 3250 2387 ι»
3279 2331 3398 2392 etc.

1858 2435 2136 2500 Maxime
2164 2439 2378 2501 autem
2403 2436 2676 2501 ostendit
2698 2436 2884 2500 nobis
2905 2435 3401 2500 misericordiam

1858 2559 2045 2607 suam
2065 2591 2084 2623 ,
2135 2546 2473 2626 expectans
2519 2561 2638 2608 nos
2680 2544 2748 2607 in
2783 2543 3057 2626 peccatis
3074 2591 3093 2623 ,
3139 2545 3203 2607 et
3245 2544 3404 2609 dans

1859 2650 2048 2715 nobis
2074 2653 2326 2734 tempus
2361 2650 2441 2715 ad
2470 2649 2907 2733 poenitentiam
2934 2651 2980 2687 ¹⁸
3011 2672 3071 2715 z«
3100 2648 3406 2732 Expectat

1858 2759 2165 2824 Dominus
2181 2809 2199 2841 ‚
2230 2763 2307 2825 ut
2348 2759 2723 2824 misereatur
2758 2757 2976 2823 vestri.
3012 2779 3043 2818 ι
3086 2756 3403 2833 Quamdiu

1858 2886 2015 2933 vero
2065 2871 2382 2952 expectat,
2436 2866 2588 2932 dicit
2632 2867 2801 2931 idem
2848 2866 2893 2903 ¹⁸
2941 2855 2974 2928 :⁴
2997 2885 3029 2927 α
3072 2863 3284 2948 Usque
3323 2863 3406 2928 ad

1858 2994 2052 3042 canos
2078 2994 2202 3058 ego
2229 2975 2514 3059 portabo,
2547 2995 2579 3034 n
2613 2973 2756 3039 Non
2795 2974 3003 3039 solum
3044 2972 3198 3037 mali
3232 2972 3403 3057 peri-

1859 3087 2030 3164 rent,
2074 3083 2184 3148 sed
2220 3084 2409 3147 etiam
2455 3082 2604 3147 boni
2622 3082 3018 3160 -deticerent,
3065 3080 3190 3143 nisi
3238 3083 3405 3145 esset

1858 3192 2291 3257 misericordia
2315 3190 2420 3256 Dei
2447 3213 2464 3271 ;
2495 3190 2667 3256 unde
2691 3189 2797 3254 hic
2836 3211 2853 3253 ε
2883 3190 3190 3256 Misereor
3215 3203 3406 3270 super

1861 3299 2115 3367 turbam
2134 3348 2151 3380 ,
2201 3299 2314 3364 ubi
2354 3303 2595 3381 septem
2630 3297 2906 3381 panibus
2933 3301 3174 3379 septem
3202 3297 3402 3362 dono-

1859 3426 2010 3473 rum
2041 3407 2314 3492 Spiritus
2339 3408 2562 3487 sancti,
2597 3425 2679 3471 ne
2706 3406 3023 3486 deficiant,
3054 3405 3407 3470 confortan-

1860 3520 1987 3596 tur,
2019 3517 2132 3599 qui
2174 3517 2385 3581 triduo
2412 3514 2834 3591 contritionis,
2868 3518 2939 3604 et
2973 3513 3403 3589 confessionis,

1860 3626 1925 3688 et
1937 3623 2382 3687 satisfactionis
2398 3620 2739 3686 Dominum
2758 3624 3136 3704 sequuntur.
3156 3616 3303 3685 Post
3319 3619 3403 3704 (d)

1858 3729 1982 3795 hoc
2009 3729 2295 3794 triduum
2321 3729 2650 3794 invenitur
2673 3746 2785 3812 per
2805 3730 3079 3810 gratiam
3105 3727 3152 3770 ¹⁴
3175 3749 3237 3790 :a
3256 3726 3407 3793 Post

1860 3837 2152 3902 triduum
2178 3836 2567 3902 invenerunt
2590 3853 2765 3900 eum.
2797 3856 2829 3895 ι»

1942 3944 2028 4009 De
2070 3944 2348 4009 secundo
2366 3991 2389 4024 ,
2442 3943 2778 4009 Psalmista
2807 3945 2897 4008 ¹⁸:
2939 3964 2971 4006 a
2997 3942 3096 4008 Tu
3139 3945 3402 4025 autem,

1862 4052 2157 4130 Domine,
2201 4052 2502 4120 miserere
2541 4051 2671 4116 mei
2692 4101 2710 4131 ,
2744 4055 2808 4116 ct
2844 4051 3152 4115 resuscita
3197 4069 3323 4116 me.
3364 4073 3396 4113 ι
3478 4035 3485 4040 ’

1863 4160 2280 4226 Resuscitatio
2322 4161 2527 4243 igitur
2552 4163 2957 4226 mortuorum
2985 4178 3248 4243 magnae
3276 4162 3401 4226 mi-

1863 4270 2221 4335 scricordiae
2248 4273 2365 4350 est,
2396 4287 2571 4333 mors
2595 4286 2821 4333 eorum
2855 4285 3114 4350 magnae
3147 4273 3241 4334 est
3281 4272 3405 4333 mi-

1862 4378 2069 4442 seriae.
2131 4375 2310 4441 Unde
2344 4366 2627 4460 'quando
2674 4375 2857 4441 Jesus
2916 4376 3406 4442 resuscitaturus

1863 4489 1999 4549 erat
2024 4484 2233 4549 fllium
2261 4483 2497 4564 viduae,
2538 4483 2702 4548 sicut
2729 4483 2961 4548 dicitur
2987 4484 3057 4563 ¹⁶,
3096 4505 3127 4544 a
3154 4483 3402 4548 miseri-

1863 4592 2080 4659 cordia
2106 4596 2320 4657 motus
2346 4609 2539 4675 super
2561 4608 2727 4670 eam,
2758 4590 2958 4655 dixit:
2990 4588 3134 4655 Noli
3160 4591 3335 4656 flere.
3365 4612 3397 4652 n

1864 4701 1932 4767 Si
1985 4699 2421 4765 misericordia
2471 4704 2565 4764 est
2605 4699 2982 4764 resuscitare
3035 4716 3243 4763 unum
3266 4746 3285 4776 ,
3342 4701 3407 4764 et

1864 4809 2064 4874 unius
2090 4808 2218 4873 diei
2246 4811 2599 4886 mortuum,
2622 4807 2951 4872 etiterum
2979 4806 3400 4884 moriturum;

1864 4918 2109 5001 quanta
2129 4934 2291 4998 ergo
2306 4916 2740 4981 misericordia
2761 4917 2856 4980 est
2875 4912 3249 4978 resuscitare
3269 4915 3405 4977 tam

1862 5023 2362 5089 innumerabiles
2400 5041 2516 5106 per
2550 5026 2643 5088 tot
2685 5039 3004 5087 annorum
3043 5020 3246 5085 millia
3290 5019 3402 5086 de·

1868 5169 2085 5288 xnvxiat.
2109 5194 2172 5206 -
2201 5163 2244 5203 ¹¹
2272 5167 2406 5229 Luc„
2438 5177 2497 5230 η,
2521 5168 2599 5218 46.
2622 5192 2685 5206 -
2717 5166 2758 5203 ¹⁸
2779 5164 2917 5216 Psal.
2943 5176 3032 5229 η,
3061 5166 3175 5217 5.-
3194 5164 3238 5200 ¹⁸
3259 5163 3398 5226 luc„

1868 5250 1999 5392 Ἡῖἶι)
2035 5273 2183 5391 ἑαῖς.
2211 5325 2445 5391 panibus.
2473 5351 2534 5364 —
2558 5325 2627 5392 (ὁ)
2659 5327 2774 5392 Leq.
2805 5325 2861 5377 in
2886 5325 3177 5391 solitudine,
3205 5323 3260 5376 in
3281 5338 3404 5376 con-

1866 5398 2199 5463 templatione
2232 5400 2285 5449 et
2309 5397 2562 5449 desiderio
2579 5436 2593 5460 ,
2617 5397 2671 5449 in
2699 5398 3110 5455 conversatione.
3133 5425 3192 5436 —
3222 5397 3285 5464 (c)
3316 5396 3403 5452 Al.

1868 5471 2013 5526 mirae
2034 5470 2176 5524 flunt.
2198 5497 2260 5510 -
2286 5470 2354 5536 (d)
2381 5469 2505 5523 coet.
2527 5470 2651 5543 edit,
2682 5472 2796 5528 Per.
