4059 6317
712 424 795 488 30
1814 413 2236 482 SERMONES
2277 412 2378 480 DE
2415 411 2807 480 TEMPORE.

714 556 922 618 merat
940 551 1175 619 multas
1193 550 1462 616 virtutes
1488 551 1608 614 sub
1637 549 2093 615 assimilatione
2121 568 2255 615 ves-

713 660 917 740 tium,
970 678 1119 724 cum
1167 657 1318 723 dicit
1361 679 1377 721 z
1422 656 1684 724 Induite
1710 671 1820 724 vos
1857 661 2257 723 armaturam

715 770 832 835 Dei
849 770 893 832 ¹.
915 767 1141 833 Postea
1164 766 1315 831 dicit
1341 765 1419 830 de
1446 764 1776 842 charitate,
1808 763 1991 848 quasi
2017 764 2255 830 addens

714 874 1053 957 cingulum
1074 873 1285 939 nobile
1304 891 1434 956 quo
1452 875 1657 936 vestes
1674 870 1814 935 colli
1822 874 2071 952 guntur
2088 869 2178 952 (a)
2195 873 2258 933 et

715 982 1154 1060 continentur,
1185 998 1335 1044 cum
1373 979 1707 1061 subjungit
1739 1000 1754 1042 ε
1788 979 2002 1062 Super
2039 978 2258 1044 omnia

718 1088 848 1155 hoec
874 1088 1253 1156 charitatem
1290 1086 1543 1166 habete,
1575 1085 1748 1167 quod
1790 1092 1884 1152 est
1928 1084 2256 1150 vinculum

713 1195 1148 1279 perfectionis,
1170 1199 1290 1259 etc.
1326 1191 1451 1257 Sed
1484 1193 1651 1257 istud
1677 1190 2018 1273 cingulum
2039 1190 2258 1254 nullus

715 1321 959 1386 pauper
1002 1301 1249 1366 solvere
1295 1301 1522 1383 potest.
1574 1298 1980 1379 Augustinus
2002 1299 2025 1333 ’
2055 1317 2072 1359 ε
2105 1294 2257 1360 Fra-

715 1417 868 1491 tres,
889 1412 1230 1478 sectamini
1247 1408 1629 1474 charitatem
1646 1407 1690 1486 ⁸,
1713 1405 1896 1470 dulce
1925 1409 1986 1468 et
2004 1403 2260 1468 salubre

715 1517 1051 1582 vinculum
1080 1515 1389 1580 mentium
1407 1561 1424 1592 ‚
1462 1515 1599 1577 sine
1627 1531 1755 1594 qua
1798 1512 1976 1576 divas
2017 1528 2260 1594 pauper

716 1632 833 1705 aet,
855 1630 1085 1690 etcum
1112 1643 1239 1707 qua
1260 1642 1501 1707 pauper
1525 1621 1703 1686 dives
1729 1625 1844 1684 est.
1863 1641 1895 1679 n
1930 1618 2064 1683 Hoc
2085 1620 2258 1683 enim

717 1734 978 1799 vinculo
1015 1732 1310 1797 homines
1354 1730 1564 1815 quoad
1600 1747 1819 1814 pacem
1862 1728 2255 1792 vinciuntur.

799 1841 886 1907 De
929 1840 1116 1905 tertio
1158 1840 1179 1874 ²·
1213 1860 1227 1902 ε
1263 1841 1515 1906 simeon
1560 1844 1805 1905 tenena·
1846 1838 1915 1902 in
1958 1838 2259 1902 vinculis.

718 1947 978 2013 Simeon
1019 1946 1275 2013 auditio
1318 1947 1793 2029 interpretatur,
1822 1944 1959 2009 sive
1984 1944 2261 2011 audiens

719 2068 1066 2121 moerorem.
1112 2052 1356 2117 Infirmi
1397 2053 1572 2117 enim
1615 2055 1930 2135 praecepta
1969 2047 2262 2116 ohedien-

721 2161 864 2239 tiae,
927 2161 997 2225 in
1061 2160 1346 2234 adversis
1385 2207 1402 2239 ‚
1459 2158 1713 2241 perfecti
1783 2161 2000 2223 autem
2054 2175 2264 2239 quan-

719 2268 930 2350 doque
966 2268 1036 2332 in
1083 2266 1403 2350 prosperis
1446 2264 1717 2330 audiunt
1754 2282 1904 2328 cum
1942 2281 2255 2344 moerore3

720 2374 831 2439 sed
858 2374 1187 2439 attendant
1210 2372 1382 2454 quod
1419 2372 1509 2436 ait
1536 2372 1757 2435 beatus
1800 2369 2148 2451 Gregorius
2191 2375 2255 2433 ⁸:

728 2505 760 2543 α
780 2481 851 2546 Si
872 2480 1246 2547 ohedientiae
1275 2479 1529 2544 culmen
1572 2477 1645 2560 (b)
1686 2477 2156 2561 apprehendere
2188 2477 2260 2558 (c)

722 2589 1011 2666 nitimur,
1036 2587 1352 2672 prosperis
1371 2587 1573 2668 hujus
1603 2585 1821 2650 saeculi
1845 2602 1928 2649 ex
1963 2583 2098 2647 sola
2116 2585 2259 2666 jus-

719 2698 898 2761 sione
920 2743 939 2774 ,
964 2694 1247 2760 adversis
1274 2699 1487 2758 autem
1531 2710 1615 2757 ex
1643 2691 1777 2756 sola
1812 2690 1898 2771 (d)
1928 2689 2262 2754 devotione

719 2802 1146 2868 dominemur.
1182 2823 1212 2860 ι)
1275 2800 1532 2865 Auditio
1585 2817 1841 2882 quoque
1891 2796 2264 2862 obedientia»,

719 2927 1062 2974 moerorem
1105 2906 1352 2983 sensui,
1386 2905 1497 2970 sed
1525 2905 1839 2985 gaudium
1883 2903 2132 2986 spiritui
2159 2902 2265 2968 ad-

720 3014 917 3080 ducit.
964 3013 1260 3079 Pselmus
1286 3012 1308 3046 ⁸
1341 3032 1357 3075 z
1391 3009 1674 3077 Auditui
1712 3026 1846 3076 meo
1881 3008 2069 3075 dabis
2096 3026 2263 3092 qau-

724 3121 910 3189 dium
936 3125 993 3187 et
1020 3120 1354 3197 aetitiam,
1395 3121 1516 3181 etc.

806 3228 893 3294 De
918 3229 1149 3311 quarto
1173 3226 1195 3261 '¹
1218 3248 1234 3289 ε
1257 3227 1458 3291 Decor
1484 3224 1636 3294 vitoe
1661 3226 1753 3288 est
1783 3223 1859 3288 in
1883 3221 2021 3301 illa,
2054 3227 2112 3289 et
2128 3223 2267 3288 vin-

724 3336 870 3402 cula
916 3334 1097 3402 illius
1142 3332 1496 3415 alliqacura
1539 3328 1869 3396 salutaris.
1910 3327 1986 3393 Et
2029 3329 2266 3394 ibidem

724 3442 1137 3526 praemittitur
1185 3463 1199 3504 :
1245 3439 1432 3506 Mitte
1479 3436 1704 3519 pedem
1750 3442 1928 3504 tuum
1971 3439 2047 3503 in
2098 3453 2262 3505 com-

725 3550 915 3634 pedes
942 3546 1424 3617 illius.Vincula
1441 3544 1769 3610 hominem
1795 3543 2174 3626 impediunt,
2206 3547 2269 3607 et

725 3658 1004 3723 maxime
1031 3656 1278 3740 pedem,
1299 3671 1383 3718 ne
1406 3654 1602 3717 homo
1620 3657 1721 3717 eat
1732 3671 1861 3735 quo
1876 3651 2152 3731 vult‚vel
2171 3653 2264 3716 fa-

724 3766 846 3829 ciat
861 3765 1030 3848 quod
1050 3762 1207 3829 vult.
1230 3762 1326 3826 lta
1338 3760 1593 3826 vincula
1609 3760 1934 3840 doctrinae,
1958 3778 2105 3843 quae
2120 3764 2269 3824 sunt

725 3873 982 3937 vincula
1033 3870 1359 3955 sapientiae
1383 3916 1402 3945 ‚
1450 3867 1842 3952 prohibendo
1888 3870 1953 3930 et
1996 3868 2263 3932 commi-

723 3979 936 4044 nando
951 4027 973 4057 ‚
994 3983 1057 4042 et
1081 3977 1221 4041 aliis
1240 3975 1469 4054 modiS‚
1497 3974 1705 4055 ligant
1730 3974 2052 4057 spiritum,
2082 3992 2161 4038 ne
2186 3973 2267 4038 li·-

725 4084 878 4150 bere
927 4083 1279 4148 secundum
1322 4082 1632 4147 desideria
1666 4081 1873 4145 carnis
1913 4080 2018 4148 vel
2043 4082 2270 4146 mundi

724 4196 1083 4256 moveatur.
1116 4188 1208 4254 Ne
1235 4189 1406 4253 enim
1424 4191 1527 4253 eat
1545 4188 1626 4253 ad
1641 4187 1973 4253 luxuriam
1999 4186 2104 4253 vel
2120 4207 2268 4253 ava-

723 4300 960 4378 ritiam,
980 4297 1354 4363 constrictus
1369 4297 1492 4361 erit
1510 4296 1694 4380 quasi
1714 4295 1990 4378 quodam
2007 4295 2268 4361 vinculo

725 4426 807 4474 ex
824 4405 1255 4472 sententiailla
1271 4402 1555 4487 Apostoli
1579 4404 1642 4468 ⁸:
1670 4402 1892 4469 Omnis
1916 4404 2270 4482 fornicator

725 4522 839 4583 aut
864 4510 1236 4580 immundus
1252 4559 1273 4591 ,
1306 4517 1421 4577 aut
1448 4526 1685 4577 avarus
1701 4557 1718 4588 ‚
1753 4507 1927 4592 quod
1954 4517 2046 4577 est
2075 4508 2270 4577 idolo-

723 4638 869 4688 rum
911 4621 1185 4688 servitus
1202 4666 1223 4698 ‚
1273 4621 1395 4683 etc.
1432 4614 1738 4681 Similiter
1777 4601 2073 4680 introduc
2111 4616 2268 4680 alias

727 4727 1069 4794 sententias
1098 4725 1444 4807 Scripturas
1472 4770 1489 4802 ,
1530 4721 1766 4806 quibus
1808 4722 2269 4804 constringitur

727 4836 921 4904 homo
944 4855 1028 4901 ne
1057 4834 1396 4912 invidiam,
1421 4833 1525 4899 vel
1551 4832 1798 4914 gulam,
1834 4832 1940 4897 vel
1965 4831 2090 4896 alia
2115 4832 2269 4899 vitia

729 4943 1024 5010 incurrat.
1066 4940 1297 5009 Ferrea
1343 4946 1405 5006 et
1450 4940 1611 5005 dura
1654 4943 1808 5004 sunt
1847 4939 1969 5003 ista
2007 4939 2268 5006 vincula

731 5099 1667 5244 midffptizsssssf22:02,’,;*.'¹i:’-⁶¹.⁶
1688 5098 2102 5237 ι’*ὶἭ-ῗζωζξὶῖ
2125 5101 2267 5224 {²5¹3

730 5250 754 5287 ⁸
780 5250 920 5312 Gen„
950 5260 1087 5313 xm,
1115 5250 1195 5300 36.
1214 5273 1273 5285 -·
1299 5248 1321 5283 ⁸
1349 5248 1526 5312 Greg.,
1551 5243 1758 5304 uorat..
1785 5242 1874 5294 lib.
1903 5244 2104 5307 XXXV,
2132 5258 2176 5296 c.
2209 5259 2263 5309 1,

733 5320 800 5372 al.
828 5331 958 5381 xm,
994 5333 1046 5370 n.
1077 5322 1157 5371 3¹.
1189 5342 1252 5356 -·
1281 5320 1300 5351 ⁸
1331 5317 1469 5369 Psal.
1506 5328 1569 5380 ι,
1606 5318 1686 5365 10.
1718 5340 1780 5351 -
1812 5315 1829 5345 ²
1864 5314 2043 5378 Eccli„
2073 5325 2155 5379 v1,
2182 5318 2263 5380 31,

732 5392 815 5443 25.
842 5390 948 5429 —⁸
977 5391 1177 5456 Ephes„
1201 5403 1254 5456 v,
1287 5393 1332 5442 5.
1364 5415 1428 5427 -
1451 5390 1471 5420 ’
1496 5388 1637 5439 Psal.
1666 5396 1840 5450 cxmx,
1869 5388 1916 5436 8.
1948 5412 2001 5422 -
2040 5387 2086 5422 ¹⁰
2112 5389 2262 5453 Aug„

2365 549 2726 632 potentibus
2747 552 2812 613 et
2835 549 3176 614 nobilibus.
3207 547 3504 613 Psalmus
3521 554 3546 591 ⁰
3574 570 3592 612 t
3624 550 3716 616 Aa
3733 551 3854 618 aui·

2363 655 2612 738 quados
2636 671 2811 740 renes
2835 672 3046 723 eorum
3064 705 3086 737 ‚
3124 661 3190 721 et
3228 660 3493 737 caetem,
3534 674 3725 741 usque
3759 661 3860 739 ser·

2364 766 2512 832 reis.
2547 764 2952 847 Augustinus
2990 768 3035 808 ¹⁰
3066 789 3084 830 ε
3123 790 3154 826 c
3173 766 3408 833 Ferrea
3430 770 3582 832 sunt
3608 768 3857 845 vincula,

2365 872 2674 957 quamdiu
2683 874 3020 939 timentur:
3037 879 3356 954 amentur,
3369 878 3856 939 etaureaerunt.»

2367 979 2489 1044 Sed
2509 1028 2529 1059 ,
2560 980 2723 1045 heu!
2756 982 3040 1063 perversi
3064 981 3249 1048 toties
3283 985 3598 1065 rumpunt
3618 982 3730 1045 ista
3748 982 3866 1046 vin-

2366 1086 2510 1150 cula
2537 1087 2576 1123 ¹¹
2616 1087 3115 1170 :Confreqerunt
3129 1087 3386 1171 jupam,
3416 1096 3720 1170 ruperim!
3741 1090 3867 1155 vin·

2366 1193 2513 1259 cula
2539 1212 2564 1257 .-
2593 1194 2837 1262 idcirco
2861 1197 3178 1278 percussit
3214 1211 3316 1263 eos
3351 1195 3441 1263 leo
3481 1195 3562 1262 de
3589 1196 3781 1274 silva,
3815 1196 3871 1261 id

2365 1304 2461 1364 est
2487 1299 2796 1366 diabolus.
2817 1300 3180 1368 Secundum
3196 1303 3319 1367 hoc
3335 1302 3730 1386 quadruplex
3756 1302 3875 1366 vin·

2366 1404 2607 1482 culum,
2637 1411 2913 1490 quatuor
2939 1409 3006 1472 in
3030 1405 3210 1473 Novo
3234 1405 3637 1473 Testamento
3660 1409 3721 1472 in
3747 1408 3872 1472 vin-

2367 1513 2527 1578 culis
2554 1513 2918 1579 invenimus
2947 1535 2963 1579 t
2993 1514 3306 1579 Joannem
3325 1562 3348 1593 ,
3393 1512 3711 1579 Christum
3727 1563 3748 1594 ,
3777 1515 3873 1579 Pe-

2366 1627 2539 1686 trum
2567 1626 2634 1686 et
2656 1620 2948 1687 Paulum.
2996 1622 3264 1689 Vincula
3297 1640 3459 1705 ergo
3506 1623 3873 1706 poenitentiae

2366 1730 2810 1811 significantur
2857 1749 2970 1813 per
3010 1729 3268 1796 vincula
3311 1729 3574 1795 Joaunis
3595 1775 3614 1809 ‚
3657 1730 3732 1795 de
3769 1748 3881 1811 quo
4017 1815 4018 1818 Ἴ

2367 1837 2608 1918 legitur
2632 1837 2805 1920 quod
2831 1836 3264 1919 poenitentiam
3295 1840 3358 1900 et
3379 1837 3579 1902 verbo
3606 1836 3882 1921 praedica·
4017 1821 4018 1826 ἵ

2367 1942 2478 2006 hat
2492 1990 2513 2022 ,
2541 1947 2606 2008 et
2631 1942 2939 2025 exemplis
2968 1944 3117 2006 vitae
3141 1943 3508 2008 ostendebat
3531 1945 3579 1985 ¹²
3608 1966 3625 2007 ε
3656 1944 3881 2020 Facite,
4019 1965 4020 1970 ¹

2368 2051 2496 2130 ait,
2539 2051 2792 2131 fructus
2823 2050 3239 2133 poenitentioe.
3279 2054 3348 2114 ln
3376 2050 3654 2116 vinculis
3696 2051 3888 2116 decol-
4021 2093 4022 2118 ᾖ

2368 2155 2538 2220 latus
2578 2156 2730 2235 fuit,
2778 2175 2892 2240 per
2931 2156 3104 2239 quod
3144 2155 3335 2221 datur
3371 2157 3644 2240 intelligi
3660 2204 3683 2236 ‚
3729 2157 3884 2241 quod

2369 2283 2576 2348 usque
2592 2265 2671 2329 ad
2701 2268 2970 2329 mortem
2995 2264 3429 2347 poenitentiam
3457 2265 3744 2330 deserere
3769 2282 3887 2330 non
4023 2303 4024 2338 ;

2369 2361 2697 2437 debemus.
2753 2371 3020 2437 Vincula
3071 2371 3393 2436 charitatis
3444 2377 3599 2437 sunt
3651 2371 3891 2438 vincula

2371 2477 2621 2559 Christi,
2652 2479 2732 2544 de
2767 2478 3003 2562 quihus
3026 2483 3072 2521 ²⁸
3102 2500 3119 2542 ε
3155 2478 3520 2546 Vincientes
3546 2480 3757 2547 Iesum
3781 2479 3892 2545 ad-

2371 2586 2695 2652 duxerunt
2707 2591 2766 2652 et
2784 2585 3200 2652 tradiderunt
3216 2586 3445 2653 Pilato.
3471 2585 3607 2651 Hoc
3625 2588 3743 2652 fuit
3752 2587 3887 2651 vin·

2370 2692 2585 2756 culum
2613 2692 2915 2756 maxima».
2941 2692 3284 2757 charitatis.
3325 2691 3439 2756 His
3476 2692 3749 2757 vinculis
3781 2710 3884 2775 per

2371 2816 2657 2863 amorem
2696 2798 2895 2862 trahit
2920 2798 3228 2863 Dominus
3251 2798 3483 2864 electos
3519 2818 3676 2864 suos
3699 2801 3745 2840 ¹·
3776 2820 3790 2862 ε
3821 2799 3895 2862 In

2368 2907 2683 2986 funiculis
2699 2908 2914 2975 Adam
2928 2908 3178 2976 traham
3205 2924 3329 2989 eos,
3359 2910 3435 2977 in
3455 2907 3740 2975 vinculis
3763 2906 3897 2973 cha-

2370 3016 2617 3083 ruatis.
2663 3014 2931 3080 Vincula
2959 3015 3336 3080 obedientiae
3363 3033 3479 3098 per
3510 3014 3769 3079 vincula
3803 3012 3895 3077 Si-

2372 3123 2581 3187 monis
2606 3122 2776 3188 Petri
2795 3122 3158 3204 signantur,
3182 3121 3261 3187 de
3284 3121 3612 3204 quibus¹⁸:
3643 3121 3900 3188 Vinctus

2371 3231 2614 3298 catenis
2650 3229 2919 3296 duabus.
2950 3228 3173 3296 Simon
3199 3229 3491 3296 obediens
3525 3229 3895 3312 interpreta-

2372 3342 2498 3402 tur.
2533 3336 2612 3402 Et
2636 3336 2828 3400 etiam
2855 3336 3086 3402 dicitur
3110 3338 3155 3378 ¹⁸
3190 3358 3206 3400 z
3240 3336 3431 3403 Alius
3457 3341 3516 3403 te
3554 3336 3765 3420 cinaei
3787 3383 3803 3413 ‚
3843 3341 3900 3402 et

2371 3445 2555 3513 ducet
2588 3460 2711 3527 quo
2760 3449 2831 3511 lu
2872 3459 3004 3510 non
3040 3445 3180 3523 vis,
3228 3443 3560 3509 voluntate
3599 3441 3895 3508 sensuali.

2372 3553 2715 3619 Vinculum
2742 3552 3068 3635 sapientiae
3095 3570 3209 3634 per
3235 3552 3566 3617 vinculum
3598 3552 3784 3618 Pauli
3815 3551 3903 3616 si-

2371 3661 2734 3742 gnificatur,
2756 3659 2835 3724 de
2853 3677 2984 3742 quo
3000 3661 3044 3701 ¹⁷
3068 3680 3084 3723 ε
3111 3660 3192 3725 In
3218 3674 3340 3743 quo
3366 3659 3576 3728 laboro
3593 3677 3795 3744 usque
3818 3658 3905 3726 ad

2373 3767 2672 3846 vincula,
2718 3768 2911 3849 quasi
2938 3766 3100 3834 male
3137 3782 3448 3851 operans3
3497 3768 3615 3835 sed
3651 3768 3904 3836 verbum

2370 3875 2496 3940 Dei
2521 3889 2653 3941 non
2678 3879 2771 3940 est
2795 3873 3153 3957 alliyatum.
3187 3873 3328 3940 Istis
3355 3875 3630 3940 vinculis
3655 3875 3864 3958 ruptis
3881 3921 3902 3953 ‚

2371 3982 2659 4048 diabolus
2684 3981 2889 4064 agitat
2916 3981 3241 4046 hominem
3268 4001 3384 4066 per
3408 3982 3594 4048 devia
3621 3988 3908 4066 peccato·

2371 4106 2520 4153 rum
2548 4089 2593 4126 ¹⁸
2622 4111 2638 4153 ε
2671 4089 2901 4172 Raptis
2929 4088 3210 4155 vinculis
3241 4089 3548 4173 affabatur
3585 4107 3632 4156 a
3671 4089 3905 4157 doemo-

2372 4196 2561 4262 m‘bus
2592 4197 2668 4262 in
2692 4195 2966 4263 deserta.

2909 4373 3198 4444 SERMO
3244 4376 3363 4445 IV.

2457 4516 2550 4582 Tu
2591 4531 2655 4583 es
2699 4517 2818 4598 qui
2860 4524 3168 4585 venturus
3203 4535 3271 4586 es
3294 4518 3359 4599 ¹⁰,
3406 4521 3524 4582 etc.
3570 4518 3910 4586 Adventus
3969 4550 4032 4596 Aa*

2374 4622 2604 4688 Christi
2635 4623 2715 4687 ad
2753 4623 3086 4689 hominem
3122 4625 3518 4708 quadruplex
3546 4628 3644 4689 est
3678 4644 3697 4690 ε
3726 4629 3909 4690 exte·
3955 4619 4033 4722 cg

2370 4731 2525 4810 rior,
2558 4730 2848 4806 interior,
2876 4730 3161 4812 inferior,
3191 4734 3502 4816 superior.
3550 4731 3814 4798 Primus
3842 4734 3910 4796 in
3942 4751 4033 4793 «μιν

2371 4838 2728 4917 mundum3
2767 4838 3121 4918 secundus,
3173 4839 3243 4903 in
3270 4840 3584 4920 animam;
3633 4840 3911 4920 tertius,
3977 4799 4033 4854 ΡΜ

2371 5009 2426 5057 in
2455 5007 2592 5059 Psal.
2628 5017 2782 5058 cxmx
2798 5044 2817 5072 ,
2854 5008 3052 5070 Enarr„
3084 5021 3139 5058 n.
3171 5011 3250 5060 ¹5.
3278 5033 3339 5048 —
3374 5009 3413 5044 ¹¹
3443 5010 3646 5071 lev-em„
3683 5021 3737 5074 v,
3766 5011 3818 5061 5.
3858 5037 3913 5048 -

2373 5079 2415 5115 ¹²
2444 5077 2644 5142 Manli„
2674 5090 2768 5144 111,
2792 5081 2839 5130 8.
2862 5103 2928 5116 ·-·
2952 5079 2998 5115 ¹⁸
3016 5080 3200 5143 Mar-c„
3225 5092 3313 5144 xv,
3345 5085 3485 5132 l.·—
3515 5083 3554 5115 ¹⁸
3583 5082 3720 5144 Ore„
3751 5094 3838 5146 ιι,
3867 5085 3915 5133 4.

2370 5177 2432 5190 —
2463 5152 2501 5189 ¹⁸
2531 5150 2661 5210 Ace„
2693 5162 2799 5214 ιιι,
2834 5151 2884 5200 6.
2913 5177 2974 5189 -
3000 5152 3042 5187 ²·
3063 5152 3226 5216 loun„
3253 5163 3374 5216 ιιι,
3405 5153 3482 5203 18.
3515 5177 3577 5191 -
3603 5153 3644 5187 ¹²
3677 5153 3726 5203 ll
3760 5153 3915 5213 Tim..

2371 5233 2429 5286 11,
2455 5225 2503 5273 9.
2530 5246 2592 5259 -
2615 5221 2657 5256 ¹⁸
2681 5222 2817 5286 Luc„
2841 5233 2960 5286 vm,
2989 5225 3070 5273 29.
3097 5248 3162 5260 --
3189 5225 3234 5260 ¹⁹
3262 5223 3469 5285 Hatita„
3494 5235 3569 5288 11,
3592 5224 3640 5274 8.

2432 5316 2506 5382 (α)
2556 5316 2707 5367 Forte
2747 5316 2845 5384 leq.
2890 5318 3206 5385 colligantur.
3243 5346 3305 5359 —
3339 5319 3408 5386 (ὁ)
3450 5320 3534 5370 ΑΙ.
3572 5319 3828 5386 palmam.
3852 5348 3918 5363 -

2373 5387 2435 5451 (c)
2462 5387 2547 5440 At.
2575 5387 2692 5438 add.
2717 5389 2981 5442 veraciter.
3005 5417 3069 5429 —
3092 5389 3167 5455 (d)
3191 5390 3276 5443 Al.
3302 5391 3439 5442 deest
3465 5391 3593 5444 sola.
