4059 6317
885 512 1262 582 DOMINICA
1302 510 1387 579 111
1427 510 1510 579 IN
1559 504 2208 590 QUADRAGESMA.
2251 502 2514 571 SERMO
2557 502 2665 569 111.
3254 507 3372 567 167

210 649 635 734 pmitentiam,
685 650 1155 733 appropinquat
1206 650 1380 715 enim
1433 663 1720 731 regnum

208 756 556 822 coelorum.»
589 756 716 833 Qui
759 757 1000 821 faciunt
1032 757 1268 839 dignos
1302 758 1548 821 tructus
1584 771 1715 838 poe·

209 865 460 930 nitentiae
493 866 562 929 in
595 864 918 929 exercitiis
961 864 1266 930 virtuosae
1311 861 1713 948 operationiS,

209 968 544 1050 castigando
567 985 802 1050 corpus
826 969 1160 1051 proprium
1187 969 1258 1032 in
1295 968 1481 1034 bonis
1505 982 1718 1031 exem-

207 1080 322 1163 plis,
352 1079 721 1145 aediflcando
739 1081 1108 1163 proximum
1134 1081 1202 1144 in
1230 1079 1546 1146 continuis
1568 1078 1716 1142 lau-

208 1186 364 1252 dibus
394 1187 769 1252 honorando
805 1187 1030 1252 Deum.
1081 1188 1260 1253 Unde
1302 1188 1414 1270 qui
1461 1185 1602 1251 vult
1641 1188 1717 1249 ut

208 1296 637 1379 appropinquet
673 1297 796 1361 sibi
832 1314 1115 1378 regnum
1155 1296 1308 1377 Dei,
1364 1294 1551 1360 debet
1577 1301 1596 1336 ¹
1628 1293 1717 1357 fa·

206 1421 322 1468 cere
345 1404 577 1485 dignos
601 1404 848 1469 fructus
876 1403 1268 1487 poenitentiae
1287 1451 1308 1482 ,
1339 1401 1715 1467 eradicando

204 1528 238 1574 a
258 1510 445 1594 seipso
474 1511 693 1575 omnia
731 1510 1037 1576 vitiorum
1065 1527 1307 1592 genera
1340 1532 1356 1573 z
1398 1508 1552 1592 quia
1583 1524 1716 1571 non

204 1622 282 1681 est
312 1618 541 1699 dignus
575 1590 820 1682 intr-‘are
855 1617 1170 1700 superbus
1211 1622 1276 1681 et
1313 1615 1514 1694 altus3
1562 1611 1713 1697 quia

203 1723 494 1789 humiliet
515 1724 707 1789 basso
733 1724 920 1803 ostio,
952 1724 1126 1806 quod
1159 1728 1255 1787 est
1284 1721 1585 1800 ChristuS,
1616 1738 1717 1785 ca·

203 1837 302 1913 put
322 1832 856 1915 conquassabitur.
887 1830 1030 1895 Non
1053 1830 1333 1909 inviduS,
1355 1830 1507 1912 quia
1529 1831 1555 1865 ²
1572 1831 1713 1911 ejus

210 1960 238 1998 ι
253 1938 625 2022 participatio
645 1939 716 2003 in
741 1938 1042 2021 idipsum.
1069 1960 1101 1998 1>
1122 1935 1264 2003 Non
1291 1935 1635 2001 iracundus
1650 1938 1715 2000 et

197 2044 522 2125 jacuimus,
565 2046 719 2129 quia
751 2044 840 2109 ibi
867 2047 965 2109 est
988 2061 1244 2108 summa
1275 2066 1307 2105 α
1331 2060 1460 2126 pax
1488 2042 1533 2120 ⁸,
1565 2059 1712 2124 quae

202 2157 473 2235 exuperat
516 2170 778 2217 omnem
823 2168 1106 2216 sensnm.
1156 2172 1188 2210 s
1250 2148 1392 2214 Non
1438 2166 1708 2228 avarus,

201 2259 335 2341 quia
362 2263 384 2299 ⁸
404 2260 690 2325 foramen
718 2276 870 2324 acus
909 2257 1225 2323 camelum
1266 2274 1414 2321 cum
1447 2255 1712 2320 sarcinis

199 2384 312 2431 non
325 2368 611 2433 admittit.
644 2366 789 2433 Non
815 2366 1106 2449 gulosus,
1139 2365 1291 2448 quia
1318 2365 1341 2402 ⁸
1383 2382 1709 2447 «regnum

199 2474 293 2539 Dei
310 2494 430 2540 non
453 2480 544 2540 est
567 2494 714 2540 esca
740 2479 804 2540 et
822 2477 1031 2557 potus.
1062 2495 1093 2534 ι»
1128 2471 1270 2538 Non
1314 2472 1706 2553 luxuriosus,

198 2582 330 2663 quia
353 2584 434 2647 ibi
450 2583 473 2619 ⁸
507 2607 539 2646 s
553 2601 762 2666 neque
785 2582 1054 2661 nubent,
1076 2598 1284 2663 neque
1303 2580 1651 2646 nubentur.
1669 2601 1701 2639 υ

199 2685 475 2755 Similiter
495 2713 527 2751 α
560 2709 709 2754 caro
745 2696 806 2754 et
832 2689 1103 2770 sanguis
1129 2706 1414 2769 regnum
1441 2687 1551 2752 Dei
1579 2705 1710 2751 non

199 2796 568 2876 possideth
589 2846 608 2879 ,
639 2818 672 2856 ι
707 2796 871 2863 sicut
918 2797 1148 2862 dicitur
1174 2797 1220 2860 ¹¹.
1260 2795 1472 2861 Tertio
1519 2795 1708 2859 modo

197 2905 624 2987 appropinquat
647 2920 926 2987 regnum
954 2904 1065 2968 Dei
1089 2922 1202 2987 per
1228 2904 1508 2986 gratiam
1540 2904 1707 2966 fina-

195 3006 303 3072 lem
349 3015 623 3094 respectu
665 3011 819 3075 boni
856 3010 1362 3075 consummandi.
1400 3009 1579 3074 Unde
1607 3010 1706 3073 di-

196 3116 345 3181 eitur
364 3117 386 3152 ⁸
410 3136 429 3182 ε
450 3140 482 3179 s
529 3117 653 3183 Per
697 3118 934 3183 multas
977 3118 1422 3183 tribulationes
1458 3120 1709 3200 oportet

195 3240 296 3287 nos
334 3225 560 3291 intrare
585 3226 654 3290 in
679 3243 961 3308 regnum
1010 3225 1343 3292 coelorum.
1373 3247 1404 3286 ι»
1440 3225 1518 3291 Et
1544 3225 1709 3290 ratio

194 3337 311 3411 est,
352 3333 499 3415 quia
535 3332 706 3397 Deus
753 3333 1008 3398 nullum
1042 3334 1267 3418 recipit
1306 3334 1377 3397 in
1429 3350 1710 3414 regnum

192 3456 383 3520 suum,
410 3441 530 3505 nisi
555 3443 841 3505 amicum
870 3441 1125 3506 :nullus
1152 3446 1248 3506 est
1275 3442 1551 3519 amicus,
1577 3443 1703 3506 nisi

190 3546 260 3608 sit
304 3547 568 3612 finaliter
608 3565 724 3631 per
774 3548 1145 3630 patientiam
1187 3549 1260 3612 in
1296 3549 1709 3615 tribulatione

186 3654 486 3734 probatus.
519 3655 696 3721 Unde
722 3656 804 3720 ad
834 3655 1207 3720 intrandum
1235 3656 1392 3721 illud
1419 3674 1708 3738 regnum

185 3762 338 3841 quod
376 3765 468 3826 est
503 3780 821 3843 magnum
867 3761 1267 3844 longitudine
1309 3763 1703 3845 aeternitatis,

183 3868 628 3935 interminabile
665 3870 1002 3937 latitudine
1028 3873 1388 3956 capacitatis
1406 3922 1427 3954 ,
1465 3874 1709 3939 incoar-

181 3976 384 4042 ctabile
402 3978 470 4041 in
489 3977 867 4043 celsitudine
884 3979 1309 4059 sublimitatis,
1330 3980 1515 4045 debet
1543 3999 1708 4045 sem·

181 4098 282 4162 per
315 4082 545 4166 habere
586 4084 657 4147 in
690 4085 1013 4167 proposito
1054 4087 1470 4153 aeternitatem
1518 4088 1705 4154 bonae

182 4189 499 4256 voluntatis
531 4240 557 4274 ,
636 4193 1333 4276 impermutabilitatem
1401 4198 1704 4280 gratuitae

179 4298 438 4364 veritatis
453 4347 476 4379 ,
505 4304 573 4365 et
615 4302 929 4366 sustinere
954 4302 1345 4369 confidenter
1368 4304 1701 4388 poenalita-

177 4406 293 4468 tem
317 4406 620 4474 hnmanae
649 4408 958 4488 miseriae,
979 4413 1098 4474 etc.

671 4585 964 4657 SERMO
1015 4587 1110 4656 111
1135 4593 1184 4657 ⁹.

257 4727 420 4795 Τιαιο
443 4729 654 4811 vadit,
684 4736 747 4798 et
785 4732 1063 4799 assumit
1107 4736 1341 4815 septem
1373 4734 1535 4802 alios
1562 4737 1703 4818 spi-

183 4834 332 4901 ritus
355 4841 692 4920 nequiores
717 4853 785 4904 se
819 4840 889 4902 ¹⁰.
922 4837 1081 4903 Ecce
1104 4839 1277 4922 quod
1311 4839 1419 4904 hic
1443 4840 1699 4923 dicitur,

182 4958 334 5025 saepe
356 4943 653 5010 videmus
684 4966 701 5010 ε
729 4964 885 5011 nam
912 4947 1028 5030 qui
1055 4950 1196 5029 post
1219 4950 1703 5015 conversionem

177 5054 617 5129 pervertuntur
627 5100 650 5133 ,
698 5070 868 5137 saepe
921 5053 1214 5137 pluribus
1269 5054 1467 5134 vitiis,
1506 5071 1702 5138 quam

232 5212 249 5246 ¹
276 5212 470 5279 Natat„
501 5227 583 5280 111,
616 5219 666 5268 8.
690 5243 752 5255 —
778 5218 801 5252 ¹
833 5215 971 5267 Psal.
996 5228 1137 5280 cxxi,
1164 5220 1212 5269 1.
1247 5243 1310 5256 -—
1337 5216 1360 5254 ⁸
1389 5218 1599 5282 Philip„
1627 5230 1701 5283 lv,

181 5281 224 5329 ‘1-
241 5306 298 5319 —-
316 5284 339 5318 ⁸
362 5287 560 5343 naith..
583 5300 696 5349 xix,
726 5290 885 5339 24.—
911 5288 934 5325 ⁸
953 5289 1111 5354 m,
1133 5301 1240 5350 nv,
1269 5291 1346 5340 17.
1363 5316 1426 5328 -
1454 5291 1477 5327 ⁸
1499 5290 1702 5353 Matilo„

179 5362 307 5419 xxn,
331 5358 408 5409 3⁰.
444 5386 506 5398 —
545 5361 568 5397 '¹
597 5360 616 5409 1
656 5360 794 5420 Gor„
825 5372 913 5420 xv,
954 5362 1035 5411 5⁰.
1070 5387 1134 5399 -
1166 5361 1184 5392 ⁸
1217 5361 1344 5424 Act„
1384 5373 1494 5428 λιν,
1536 5364 1615 5413 21.
1638 5389 1702 5401 -

181 5424 200 5454 ²
244 5426 383 5478 Hunc
434 5436 487 5480 et
536 5436 843 5496 sequentem
893 5431 1049 5482 habet
1099 5445 1304 5497 quoque
1362 5432 1484 5484 edit.
1543 5433 1700 5484 Paris.

181 5507 257 5545 au.
285 5500 415 5550 152¹.
441 5527 504 5540 —
539 5505 579 5540 ‘⁰
611 5503 750 5569 Luc„
786 5513 859 5563 xi,
887 5505 968 5553 26.
998 5529 1061 5542 —
1101 5505 1143 5541 ¹¹
1174 5504 1345 5565 Prota,
1378 5514 1488 5569 xvl,
1527 5506 1605 5556 18.
1640 5528 1702 5547 -·

1833 646 2005 723 ante,
2033 641 2483 727 subJ‘iciuntur.
2516 638 2771 722 Septem
2812 640 3032 703 autem
3067 636 3332 720 spiritus
3348 685 3368 717 ‚

1831 749 2182 815 secundum
2224 753 2467 833 septem
2505 747 2662 814 vitia
2697 746 2985 831 capitalia
3027 762 3370 829 possumus

1828 856 1935 921 hic
1961 856 2267 938 accipere.
2315 854 2570 920 Primus
2613 872 2772 936 ergo
2814 857 2910 918 est
2955 854 3215 936 spiritus
3256 871 3367 918 su-

1828 963 2088 1047 perbiae.
2113 966 2157 1007 ¹¹
2193 985 2225 1026 α
2241 962 2693 1029 contritionem
2722 960 3021 1045 praecedit
3043 962 3364 1045 superbia,

1827 1075 1891 1135 et
1915 1076 2066 1136 ante
2104 1072 2363 1136 ruinam
2403 1071 2791 1136 exaltabitur
2840 1070 3140 1152 spiritus:
3174 1092 3205 1131 ι»
3236 1088 3367 1135 non

1827 1178 2037 1243 solum
2062 1178 2323 1262 spiritus
2350 1178 2606 1262 superbi
2634 1178 2935 1257 hominis,
2968 1178 3101 1243 imo
3142 1197 3370 1263 super-

1827 1287 1950 1352 bus
1976 1287 2286 1365 diabolus,
2319 1287 2486 1352 sicut
2509 1286 2910 1352 exaltabatur
2929 1291 3079 1352 ante
3103 1287 3363 1353 ruinam

1826 1396 1895 1459 in
1921 1396 2103 1475 coelo,
2137 1395 2226 1459 ita
2250 1395 2565 1460 exaltatur
2599 1393 2881 1478 quotidie
2921 1397 3069 1458 ante
3109 1394 3367 1460 ruinam

1824 1506 2131 1567 nostram.
2162 1501 2490 1567 Secundus
2514 1501 2774 1568 invidiae
2802 1502 2846 1538 ¹¹
2876 1519 2896 1566 ε
2933 1523 2965 1564 α
2995 1499 3140 1567 Non
3178 1504 3369 1569 rectis

1824 1609 2047 1690 oculis,
2069 1630 2101 1671 s
2134 1613 2280 1689 etc.,
2319 1627 2563 1690 usque:
2602 1633 2634 1671 «ι
2662 1609 2905 1674 Invasit
2931 1610 3192 1693 spiritus
3216 1630 3359 1678 ma-

1823 1717 1926 1784 lus
1951 1718 2126 1783 Saul.
2158 1740 2191 1778 »
2224 1717 2454 1783 Adhuc
2480 1717 2691 1798 hodie,
2722 1736 2885 1801 quos
2910 1718 3170 1801 spiritus
3199 1719 3365 1786 invi-

1822 1825 1946 1889 diae
1975 1828 2191 1904 vexat,
2222 1842 2353 1889 non
2380 1828 2551 1889 recte
2577 1823 2824 1907 aliquos
2849 1824 3188 1908 aspiciunt.
3217 1823 3364 1891 Ter·

1823 1931 1954 1996 tius
1977 1931 2094 1997 irae
2119 1933 2207 1996 ¹⁸:
2246 1956 2278 1995 α
2304 1930 2406 1996 Ira
2444 1950 2577 1996 non
2606 1929 2798 1997 habet
2842 1931 3365 2017 misericordiam,

1820 2056 2031 2121 neque
2053 2056 2394 2122 erumpens
2432 2039 2612 2103 furor
2642 2060 2659 2102 ι
2690 2041 2754 2103 et
2795 2038 3111 2122 impetum
3149 2041 3367 2105 conci-

1821 2146 1937 2210 tati
1963 2146 2227 2228 spiritus
2251 2146 2419 2211 ferre
2445 2146 2590 2230 quis
2618 2146 2891 2229 poterit?
2928 2167 2960 2208 s
2990 2145 3365 2212 Incendiarii

1821 2253 2053 2318 diaboli
2091 2257 2241 2319 sunt
2277 2254 2585 2334 iracundi,
2617 2258 2681 2318 et
2712 2253 2855 2319 ideo
2892 2271 3002 2317 eos
3039 2253 3215 2319 nulla
3250 2253 3368 2319 do-

1822 2379 1969 2426 mus
2003 2363 2170 2427 ferre
2213 2365 2419 2444 potest
2458 2361 2689 2426 timore
2734 2361 3014 2426 incendii
3040 2361 3084 2398 ¹⁸
3132 2379 3151 2423 :
3186 2382 3218 2423 α
3257 2361 3368 2427 Se-

1821 2472 2104 2537 cundum
2135 2471 2316 2553 ligna
2344 2470 2568 2554 sylvae,
2615 2470 2706 2535 sic
2742 2471 2919 2552 ignis
2965 2470 3363 2553 exardescet,

1819 2580 1884 2643 et
1906 2579 2258 2644 secundum
2297 2579 2603 2644 virtutem
2647 2576 2951 2657 hominis,
2988 2578 3079 2641 sic
3102 2579 3366 2643 iracun-

1819 2686 1921 2749 dia
1937 2684 2108 2749 illius
2135 2686 2277 2766 erit,
2296 2689 2359 2751 et
2374 2687 2725 2751 secundum
2741 2685 3159 2751 substantiam
3180 2705 3366 2753 suam

1817 2794 2122 2859 exaltabit
2150 2795 2310 2859 iram
2341 2814 2551 2860 suam.
2588 2816 2621 2855 s
2657 2795 2934 2874 Quartus
2961 2796 3249 2862 avaritiis
3276 2799 3362 2863 ¹⁸2

1834 2901 2223 2984 digrediar,
2253 2908 2317 2968 et
2342 2921 2454 2969 ero
2479 2904 2741 2988 spiritus
2770 2904 3049 2969 mendax
3075 2904 3366 2970 omnium

1818 3008 2308 3092 prophetarum.
2341 3033 2372 3072 ι»
2409 3010 2686 3094 Spiritus
2722 3011 2865 3090 iste,
2893 3011 3008 3095 qui
3055 3014 3368 3095 persuasit

1824 3117 1968 3197 regi
1993 3115 2214 3181 Achab
2231 3117 2450 3183 tollere
2478 3116 2757 3183 Ramuch
2786 3117 3040 3199 Galaad,
3061 3124 3159 3185 est
3181 3120 3365 3204 spiri-

1822 3228 1928 3289 tus
1950 3224 2264 3306 avaritiae,
2287 3225 2401 3307 qui
2420 3243 2671 3309 semper
2697 3228 3034 3310 persuadet
3055 3232 3367 3313 tempora·

1816 3332 1925 3410 lia,
1953 3349 2101 3415 quae
2128 3332 2352 3397 multis
2369 3337 2874 3415 congregantur.
2907 3333 3240 3401 Psalmista
3263 3338 3310 3378 ¹⁸
3342 3358 3362 3404 ι

1831 3460 1863 3498 α
1890 3437 2223 3504 Mendaces
2249 3439 2366 3503 fllii
2392 3440 2731 3505 hominum
2772 3440 2843 3504 in
2880 3441 3150 3522 stateris,
3174 3464 3206 3503 n
3237 3446 3361 3508 etc.

1817 3547 2098 3625 Quintus
2127 3547 2360 3613 acediae
2389 3549 2433 3585 ¹⁷
2465 3567 2483 3613 ι
2521 3571 2550 3610 ι
2571 3547 2845 3632 Spiritus
2869 3550 3065 3614 tristis
3091 3551 3365 3618 exsiccat

1816 3672 1982 3719 ossa.
2003 3676 2037 3715 s
2060 3655 2138 3721 Et
2166 3657 2213 3695 ¹⁸
2246 3678 2261 3721 ε
2288 3679 2317 3718 ι
2338 3656 2495 3721 Ecce
2512 3656 2744 3722 mulier
2767 3675 2914 3741 quae
2932 3656 3205 3723 habebat
3228 3658 3361 3742 spi-

1815 3762 2015 3827 ritum
2042 3762 2440 3827 infirmitatis
2461 3764 2643 3828 annis
2663 3763 2880 3829 decem
2903 3767 2969 3829 et
2986 3769 3149 3846 octo,
3184 3786 3217 3828 ι
3238 3770 3358 3833 etc.

1814 3870 2051 3935 Acedia
2081 3870 2255 3936 enim
2290 3870 2624 3935 infirmum
2662 3872 2867 3937 reddit
2905 3872 2987 3937 ad
3030 3890 3224 3955 opera
3259 3875 3363 3940 de-

1817 3996 1954 4043 cem
1996 3977 2471 4054 mandatorum,
2499 3982 2563 4042 et
2584 3982 2723 4042 octo
2747 3978 3230 4060 beatitudinum,
3251 3999 3362 4047 ne-

1820 4105 1947 4172 que
2008 4105 2262 4153 sursum
2329 4086 2610 4169 aspicere
2668 4085 2823 4150 sinit
2876 4086 3207 4151 hominem
3277 4088 3359 4153 ad

1814 4196 2040 4260 Deum.
2087 4193 2325 4259 Sextus
2351 4198 2446 4258 est
2476 4194 2653 4277 gulae
2682 4194 2729 4236 ¹⁹
2762 4216 2778 4260 :
2819 4218 2852 4257 α
2873 4194 3178 4260 Dominus
3212 4196 3360 4260 mis-

1815 4301 1949 4367 cuit
1974 4302 2046 4366 in
2091 4301 2307 4366 medio
2349 4303 2490 4384 ejus
2528 4301 2830 4384 spiritum
2867 4302 3243 4384 vertiginis,
3291 4307 3358 4369 et

1812 4426 2030 4474 errare
2058 4408 2207 4473 fecit
2242 4407 2601 4492 AEgyptum
2648 4408 2716 4473 in
2760 4410 2937 4474 omni
2975 4427 3167 4494 opere
3201 4427 3350 4491 suo,

1809 4516 1972 4581 sicut
2000 4520 2176 4581 errat
2202 4515 2421 4580 ebrius
2453 4519 2518 4581 et
2541 4533 2828 4582 vomens.
2867 4537 2898 4576 ι»
2932 4516 3097 4582 Cave
3128 4518 3248 4583 tibi
3274 4518 3355 4585 de

1761 4659 1770 4667 ·
1807 4624 2132 4706 vertigine
2156 4623 2503 4688 ebrietatis.
2525 4622 2848 4706 Septimus
2865 4627 2962 4691 est
2977 4623 3347 4691 luxuriae’⁰:

1820 4755 1850 4793 α
1880 4731 2160 4814 Spiritus
2188 4730 2621 4796 fornicationis
2655 4731 2725 4795 in
2762 4730 2972 4797 medio
2997 4750 3219 4798 eorum
3236 4783 3258 4814 ,
3289 4738 3353 4801 et

1810 4841 2164 4906 Dominum
2195 4856 2326 4903 non
2349 4844 2812 4920 cognoverunt.
2841 4860 2873 4901 n
2898 4836 3063 4906 Cave
3084 4843 3352 4924 sagittas

1808 4946 2148 5031 cujuslibet
2170 4946 2409 5011 horum
2439 4950 2682 5029 septem
2710 4946 3058 5030 spirituum
3082 4952 3349 5033 nequio-

1809 5073 1959 5120 rum
1974 5056 2017 5091 ²²
2040 5072 2059 5119 ε
2092 5076 2124 5115 α
2149 5053 2218 5117 ln
2241 5052 2540 5118 omnibus
2551 5057 2875 5118 sumentes
2899 5058 3153 5120 scutum
3175 5057 3345 5139 fidei,

1810 5165 1877 5226 in
1900 5181 2028 5245 quo
2052 5160 2303 5245 possitis
2341 5160 2558 5225 omnia
2593 5160 2720 5226 tela
2753 5161 3125 5245 nequissimi
3152 5162 3349 5247 ignea

1807 5289 1850 5327 ¹²
1875 5290 2053 5355 1309„
2083 5297 2228 5351 xvm,
2256 5287 2389 5337 9-10.
2409 5310 2474 5322 -
2502 5285 2726 5350 ¹⁸Pron„
2753 5296 2921 5350 nvn,
2950 5287 3000 5338 4.
3019 5288 3145 5326 --ιι
3164 5289 3346 5358 Eoeli„

1811 5373 1999 5424 xxvm,
2028 5362 2106 5411 12.
2125 5385 2187 5397 -
2212 5358 2253 5394 ¹⁵
2278 5357 2339 5407 ΙΙΙ
2373 5356 2510 5423 Req„
2538 5369 2674 5422 un,
2701 5361 2781 5409 22.
2800 5384 2864 5398 —
2886 5360 2933 5395 ¹⁸
2961 5359 3102 5411 Psaz.
3128 5373 3235 5425 nn,
3267 5367 3344 5416 1ο.

1810 5459 1873 5471 -
1902 5434 1945 5470 ¹⁷
1973 5433 2142 5490 Prov..
2172 5440 2314 5492 xvn,
2347 5432 2428 5480 22.
2468 5455 2530 5467 -
2560 5428 2599 5465 ¹⁸
2628 5430 2764 5487 Luc..
2795 5442 2908 5493 ιω,
2944 5434 3023 5484 11.
3054 5459 3118 5472 -
3158 5433 3197 5466 ¹·
3222 5434 3342 5501 Isca,

1809 5516 1924 5571 nx,
1959 5506 2035 5555 14.
2067 5528 2122 5540 —
2150 5503 2189 5534 ²·
2215 5506 2347 5563 ose„
2378 5511 2452 5569 w,
2480 5502 2554 5553 12.
2583 5524 2644 5541 -
2672 5501 2709 5543 ²⁸
2737 5500 2943 5570 Ephe-5„
2973 5514 3051 5572 vl,
3082 5504 3159 5560 16.
