<?xml version="1.0" encoding="UTF-8"?>
<!DOCTYPE html PUBLIC "-//W3C//DTD XHTML 1.0 Transitional//EN"
    "http://www.w3.org/TR/xhtml1/DTD/xhtml1-transitional.dtd">
<html xmlns="http://www.w3.org/1999/xhtml" xml:lang="en" lang="en">
 <head>
  <title>
</title>
<meta http-equiv="Content-Type" content="text/html;charset=utf-8" />
  <meta name='ocr-system' content='tesseract 3.04.00' />
  <meta name='ocr-capabilities' content='ocr_page ocr_carea ocr_par ocr_line ocrx_word'/>
</head>
<body>
  <div class='ocr_page' id='page_1' title='image "./srecardinalissb02peltgoog_0127.png"; bbox 0 0 4059 6317; ppageno 0'>
   <div class='ocr_carea' id='block_1_1' title="bbox 3 5685 8 5832">
    <p class='ocr_par' dir='ltr' id='par_1_1' title="bbox 3 5685 8 5832">
     <span class='ocr_line' id='line_1_1' title="bbox 3 5685 8 5832; baseline 0 0"><span class='ocrx_word' id='word_1_1' title='bbox 3 5685 8 5832; x_wconf 59' lang='lat' dir='ltr'><strong>l</strong></span> 
     </span>
    </p>
   </div>
   <div class='ocr_carea' id='block_1_2' title="bbox 872 482 3345 567">
    <p class='ocr_par' dir='ltr' id='par_1_2' title="bbox 872 482 3345 567">
     <span class='ocr_line' id='line_1_2' title="bbox 872 482 3345 567; baseline 0.006 -16"><span class='ocrx_word' id='word_1_2' title='bbox 872 482 1253 552; x_wconf 77' lang='lat' dir='ltr'><strong>DOMINIGA</strong></span> <span class='ocrx_word' id='word_1_3' title='bbox 1292 483 1376 553; x_wconf 80' lang='lat' dir='ltr'><strong>lv</strong></span> <span class='ocrx_word' id='word_1_4' title='bbox 1411 484 1609 554; x_wconf 89' lang='lat' dir='ltr'>POST</span> <span class='ocrx_word' id='word_1_5' title='bbox 1648 483 2176 553; x_wconf 75' lang='lat' dir='ltr'><strong>EPIPHANIAM.</strong></span> <span class='ocrx_word' id='word_1_6' title='bbox 2221 486 2484 559; x_wconf 77' lang='lat' dir='ltr'><strong>SERMo</strong></span> <span class='ocrx_word' id='word_1_7' title='bbox 2526 492 2630 559; x_wconf 82' lang='lat' dir='ltr'><strong>IV.</strong></span> <span class='ocrx_word' id='word_1_8' title='bbox 3228 505 3345 567; x_wconf 74' lang='lat'><strong>105</strong></span> 
     </span>
    </p>
   </div>
   <div class='ocr_carea' id='block_1_3' title="bbox 161 618 1713 5220">
    <p class='ocr_par' dir='ltr' id='par_1_3' title="bbox 161 618 1713 5220">
     <span class='ocr_line' id='line_1_3' title="bbox 161 618 1695 711; baseline -0.003 -21"><span class='ocrx_word' id='word_1_9' title='bbox 161 626 356 711; x_wconf 82' lang='lat' dir='ltr'><strong>primo</strong></span> <span class='ocrx_word' id='word_1_10' title='bbox 413 621 664 688; x_wconf 85' lang='lat' dir='ltr'><strong>ratione</strong></span> <span class='ocrx_word' id='word_1_11' title='bbox 711 618 1153 703; x_wconf 85' lang='lat' dir='ltr'><strong>inseparabilis</strong></span> <span class='ocrx_word' id='word_1_12' title='bbox 1220 620 1525 704; x_wconf 66' lang='lat' dir='ltr'><strong>potentiae</strong></span> <span class='ocrx_word' id='word_1_13' title='bbox 1546 669 1569 702; x_wconf 91' lang='lat'><em>,</em></span> <span class='ocrx_word' id='word_1_14' title='bbox 1624 621 1695 686; x_wconf 90' lang='lat' dir='ltr'><strong>in</strong></span> 
     </span>
     <span class='ocr_line' id='line_1_4' title="bbox 161 726 1692 816; baseline -0.003 -19"><span class='ocrx_word' id='word_1_15' title='bbox 161 730 591 816; x_wconf 67' lang='lat' dir='ltr'><strong>praevalend03</strong></span> <span class='ocrx_word' id='word_1_16' title='bbox 620 727 927 805; x_wconf 85' lang='lat' dir='ltr'><strong>secundo,</strong></span> <span class='ocrx_word' id='word_1_17' title='bbox 955 726 1200 792; x_wconf 88' lang='lat' dir='ltr'><strong>ratione</strong></span> <span class='ocrx_word' id='word_1_18' title='bbox 1220 727 1565 792; x_wconf 71' lang='lat' dir='ltr'><strong>infallibilis</strong></span> <span class='ocrx_word' id='word_1_19' title='bbox 1590 746 1692 793; x_wconf 91' lang='lat' dir='ltr'><strong>sa-</strong></span> 
     </span>
     <span class='ocr_line' id='line_1_5' title="bbox 162 834 1698 924; baseline -0.003 -19"><span class='ocrx_word' id='word_1_20' title='bbox 162 839 404 924; x_wconf 81' lang='lat' dir='ltr'><strong>pientiae</strong></span> <span class='ocrx_word' id='word_1_21' title='bbox 418 886 440 918; x_wconf 93' lang='lat'><em>‚</em></span> <span class='ocrx_word' id='word_1_22' title='bbox 497 837 567 901; x_wconf 90' lang='lat' dir='ltr'><strong>in</strong></span> <span class='ocrx_word' id='word_1_23' title='bbox 619 834 1109 916; x_wconf 81' lang='lat' dir='ltr'><strong>cognoscend03</strong></span> <span class='ocrx_word' id='word_1_24' title='bbox 1162 834 1352 900; x_wconf 86' lang='lat' dir='ltr'><strong>tertio</strong></span> <span class='ocrx_word' id='word_1_25' title='bbox 1369 883 1387 916; x_wconf 90' lang='lat'>‚</span> <span class='ocrx_word' id='word_1_26' title='bbox 1448 836 1698 901; x_wconf 89' lang='lat' dir='ltr'><strong>ratione</strong></span> 
     </span>
     <span class='ocr_line' id='line_1_6' title="bbox 163 939 1699 1026; baseline -0.004 -13"><span class='ocrx_word' id='word_1_27' title='bbox 163 945 595 1013; x_wconf 87' lang='lat' dir='ltr'><strong>inenarrabilis</strong></span> <span class='ocrx_word' id='word_1_28' title='bbox 618 940 1095 1019; x_wconf 66' lang='lat' dir='ltr'><strong>misericordiae,</strong></span> <span class='ocrx_word' id='word_1_29' title='bbox 1125 939 1192 1005; x_wconf 91' lang='lat' dir='ltr'><strong>in</strong></span> <span class='ocrx_word' id='word_1_30' title='bbox 1220 942 1560 1026; x_wconf 88' lang='lat' dir='ltr'><strong>parcendo.</strong></span> <span class='ocrx_word' id='word_1_31' title='bbox 1593 941 1699 1008; x_wconf 91' lang='lat' dir='ltr'><strong>Sic</strong></span> 
     </span>
     <span class='ocr_line' id='line_1_7' title="bbox 164 1049 1701 1139; baseline -0.005 -19"><span class='ocrx_word' id='word_1_32' title='bbox 164 1059 409 1139; x_wconf 85' lang='lat' dir='ltr'><strong>propter</strong></span> <span class='ocrx_word' id='word_1_33' title='bbox 458 1051 763 1137; x_wconf 83' lang='lat' dir='ltr'><strong>potentiae</strong></span> <span class='ocrx_word' id='word_1_34' title='bbox 805 1049 1355 1131; x_wconf 84' lang='lat' dir='ltr'><strong>magnificentiam</strong></span> <span class='ocrx_word' id='word_1_35' title='bbox 1409 1049 1701 1115; x_wconf 78' lang='lat' dir='ltr'><strong>redditur</strong></span> 
     </span>
     <span class='ocr_line' id='line_1_8' title="bbox 165 1155 1701 1241; baseline -0.005 -15"><span class='ocrx_word' id='word_1_36' title='bbox 165 1160 450 1226; x_wconf 83' lang='lat' dir='ltr'><strong>terribilis</strong></span> <span class='ocrx_word' id='word_1_37' title='bbox 495 1158 802 1237; x_wconf 86' lang='lat' dir='ltr'><strong>inimicis;</strong></span> <span class='ocrx_word' id='word_1_38' title='bbox 843 1160 1104 1241; x_wconf 84' lang='lat' dir='ltr'><strong>propter</strong></span> <span class='ocrx_word' id='word_1_39' title='bbox 1146 1155 1476 1241; x_wconf 66' lang='lat' dir='ltr'><strong>sapientiae</strong></span> <span class='ocrx_word' id='word_1_40' title='bbox 1522 1155 1701 1220; x_wconf 88' lang='lat' dir='ltr'><strong>lucu-</strong></span> 
     </span>
     <span class='ocr_line' id='line_1_9' title="bbox 167 1264 1704 1350; baseline -0.005 -14"><span class='ocrx_word' id='word_1_41' title='bbox 167 1271 436 1350; x_wconf 76' lang='lat' dir='ltr'><strong>lentiam,</strong></span> <span class='ocrx_word' id='word_1_42' title='bbox 457 1265 856 1333; x_wconf 88' lang='lat' dir='ltr'><strong>honorabilis</strong></span> <span class='ocrx_word' id='word_1_43' title='bbox 878 1265 946 1328; x_wconf 91' lang='lat' dir='ltr'><strong>in</strong></span> <span class='ocrx_word' id='word_1_44' title='bbox 969 1264 1355 1344; x_wconf 80' lang='lat' dir='ltr'><strong>domesticis3</strong></span> <span class='ocrx_word' id='word_1_45' title='bbox 1382 1264 1492 1329; x_wconf 88' lang='lat' dir='ltr'><strong>sed</strong></span> <span class='ocrx_word' id='word_1_46' title='bbox 1516 1281 1704 1349; x_wconf 87' lang='lat' dir='ltr'><strong>prop-</strong></span> 
     </span>
     <span class='ocr_line' id='line_1_10' title="bbox 169 1371 1705 1443; baseline -0.003 0"><span class='ocrx_word' id='word_1_47' title='bbox 169 1385 251 1443; x_wconf 81' lang='lat' dir='ltr'><strong>ter</strong></span> <span class='ocrx_word' id='word_1_48' title='bbox 276 1375 733 1442; x_wconf 68' lang='lat' dir='ltr'><strong>misericordiae</strong></span> <span class='ocrx_word' id='word_1_49' title='bbox 761 1373 1152 1439; x_wconf 82' lang='lat' dir='ltr'><strong>affluentiam</strong></span> <span class='ocrx_word' id='word_1_50' title='bbox 1184 1371 1475 1438; x_wconf 87' lang='lat' dir='ltr'><strong>amabilis</strong></span> <span class='ocrx_word' id='word_1_51' title='bbox 1513 1376 1577 1438; x_wconf 88' lang='lat' dir='ltr'><strong>et</strong></span> <span class='ocrx_word' id='word_1_52' title='bbox 1602 1372 1705 1438; x_wconf 92' lang='lat' dir='ltr'><strong>de-</strong></span> 
     </span>
     <span class='ocr_line' id='line_1_11' title="bbox 174 1479 1703 1565; baseline -0.005 -12"><span class='ocrx_word' id='word_1_53' title='bbox 174 1485 512 1553; x_wconf 85' lang='lat' dir='ltr'><strong>siderabilis</strong></span> <span class='ocrx_word' id='word_1_54' title='bbox 552 1482 808 1549; x_wconf 84' lang='lat' dir='ltr'><strong>miseris</strong></span> <span class='ocrx_word' id='word_1_55' title='bbox 845 1485 911 1547; x_wconf 90' lang='lat' dir='ltr'><strong>et</strong></span> <span class='ocrx_word' id='word_1_56' title='bbox 951 1481 1194 1565; x_wconf 80' lang='lat' dir='ltr'><strong>egenis.</strong></span> <span class='ocrx_word' id='word_1_57' title='bbox 1252 1479 1468 1546; x_wconf 90' lang='lat' dir='ltr'><strong>Primo</strong></span> <span class='ocrx_word' id='word_1_58' title='bbox 1511 1480 1703 1547; x_wconf 86' lang='lat' dir='ltr'><strong>habet</strong></span> 
     </span>
     <span class='ocr_line' id='line_1_12' title="bbox 174 1588 1702 1673; baseline -0.003 -13"><span class='ocrx_word' id='word_1_59' title='bbox 174 1595 468 1661; x_wconf 77' lang='lat' dir='ltr'><strong>Dominus</strong></span> <span class='ocrx_word' id='word_1_60' title='bbox 503 1591 970 1659; x_wconf 81' lang='lat' dir='ltr'><strong>virtuositatem</strong></span> <span class='ocrx_word' id='word_1_61' title='bbox 1000 1589 1300 1673; x_wconf 65' lang='lat' dir='ltr'><strong>potentiae</strong></span> <span class='ocrx_word' id='word_1_62' title='bbox 1342 1588 1411 1654; x_wconf 92' lang='lat' dir='ltr'><strong>in</strong></span> <span class='ocrx_word' id='word_1_63' title='bbox 1455 1607 1702 1673; x_wconf 81' lang='lat' dir='ltr'><strong>praeva-</strong></span> 
     </span>
     <span class='ocr_line' id='line_1_13' title="bbox 177 1696 1705 1776; baseline -0.003 -8"><span class='ocrx_word' id='word_1_64' title='bbox 177 1701 369 1767; x_wconf 84' lang='lat' dir='ltr'><strong>leudo.</strong></span> <span class='ocrx_word' id='word_1_65' title='bbox 396 1698 584 1766; x_wconf 83' lang='lat' dir='ltr'><strong>Unde</strong></span> <span class='ocrx_word' id='word_1_66' title='bbox 607 1699 677 1763; x_wconf 93' lang='lat' dir='ltr'><strong>in</strong></span> <span class='ocrx_word' id='word_1_67' title='bbox 700 1696 959 1764; x_wconf 79' lang='lat' dir='ltr'>Psalmo</span> <span class='ocrx_word' id='word_1_68' title='bbox 980 1698 998 1733; x_wconf 83' lang='lat'>¹</span> <span class='ocrx_word' id='word_1_69' title='bbox 1034 1720 1050 1761; x_wconf 72' lang='grc' dir='ltr'>ε</span> <span class='ocrx_word' id='word_1_70' title='bbox 1092 1719 1124 1759; x_wconf 75' lang='grc' dir='ltr'><strong>(ι</strong></span> <span class='ocrx_word' id='word_1_71' title='bbox 1159 1696 1472 1776; x_wconf 83' lang='lat' dir='ltr'><strong>Quoniam</strong></span> <span class='ocrx_word' id='word_1_72' title='bbox 1503 1698 1705 1763; x_wconf 84' lang='lat' dir='ltr'><strong>excel-</strong></span> 
     </span>
     <span class='ocr_line' id='line_1_14' title="bbox 181 1803 1704 1887; baseline -0.003 -13"><span class='ocrx_word' id='word_1_73' title='bbox 181 1827 278 1874; x_wconf 89' lang='lat' dir='ltr'><strong>sus</strong></span> <span class='ocrx_word' id='word_1_74' title='bbox 300 1806 633 1886; x_wconf 88' lang='lat' dir='ltr'><strong>Dominus,</strong></span> <span class='ocrx_word' id='word_1_75' title='bbox 663 1803 988 1885; x_wconf 68' lang='lat' dir='ltr'><strong>terribilia,</strong></span> <span class='ocrx_word' id='word_1_76' title='bbox 1031 1803 1168 1869; x_wconf 85' lang='lat' dir='ltr'><strong>Rex</strong></span> <span class='ocrx_word' id='word_1_77' title='bbox 1195 1820 1476 1886; x_wconf 90' lang='lat' dir='ltr'><strong>magnus</strong></span> <span class='ocrx_word' id='word_1_78' title='bbox 1512 1822 1704 1887; x_wconf 85' lang='lat' dir='ltr'><strong>super</strong></span> 
     </span>
     <span class='ocr_line' id='line_1_15' title="bbox 180 1909 1710 1995; baseline -0.002 -14"><span class='ocrx_word' id='word_1_79' title='bbox 180 1933 423 1981; x_wconf 87' lang='lat' dir='ltr'><strong>omnem</strong></span> <span class='ocrx_word' id='word_1_80' title='bbox 450 1918 738 1980; x_wconf 84' lang='lat' dir='ltr'><strong>terram:</strong></span> <span class='ocrx_word' id='word_1_81' title='bbox 777 1911 1048 1993; x_wconf 87' lang='lat' dir='ltr'><strong>subjecit</strong></span> <span class='ocrx_word' id='word_1_82' title='bbox 1079 1909 1350 1995; x_wconf 87' lang='lat' dir='ltr'><strong>populos</strong></span> <span class='ocrx_word' id='word_1_83' title='bbox 1389 1911 1575 1976; x_wconf 91' lang='lat' dir='ltr'><strong>nobis</strong></span> <span class='ocrx_word' id='word_1_84' title='bbox 1594 1960 1613 1993; x_wconf 89' lang='lat'>‚</span> <span class='ocrx_word' id='word_1_85' title='bbox 1642 1915 1710 1978; x_wconf 90' lang='lat' dir='ltr'><strong>et</strong></span> 
     </span>
     <span class='ocr_line' id='line_1_16' title="bbox 181 2016 1706 2105; baseline -0.003 -17"><span class='ocrx_word' id='word_1_86' title='bbox 181 2028 388 2105; x_wconf 83' lang='lat' dir='ltr'><strong>gentes</strong></span> <span class='ocrx_word' id='word_1_87' title='bbox 411 2023 540 2087; x_wconf 86' lang='lat' dir='ltr'><strong>snb</strong></span> <span class='ocrx_word' id='word_1_88' title='bbox 565 2021 837 2105; x_wconf 87' lang='lat' dir='ltr'><strong>pedibus</strong></span> <span class='ocrx_word' id='word_1_89' title='bbox 861 2019 1114 2084; x_wconf 87' lang='lat' dir='ltr'><strong>nostris.</strong></span> <span class='ocrx_word' id='word_1_90' title='bbox 1143 2039 1175 2078; x_wconf 73' lang='lat' dir='ltr'><strong>n</strong></span> <span class='ocrx_word' id='word_1_91' title='bbox 1208 2016 1388 2083; x_wconf 83' lang='lat' dir='ltr'><strong>Jesus</strong></span> <span class='ocrx_word' id='word_1_92' title='bbox 1419 2017 1706 2085; x_wconf 86' lang='lat' dir='ltr'><strong>Christus</strong></span> 
     </span>
     <span class='ocr_line' id='line_1_17' title="bbox 180 2127 1708 2210; baseline -0.003 -14"><span class='ocrx_word' id='word_1_93' title='bbox 180 2135 262 2196; x_wconf 83' lang='lat' dir='ltr'><strong>est</strong></span> <span class='ocrx_word' id='word_1_94' title='bbox 297 2130 585 2198; x_wconf 74' lang='lat' dir='ltr'><strong>excelsus</strong></span> <span class='ocrx_word' id='word_1_95' title='bbox 642 2129 958 2195; x_wconf 75' lang='lat' dir='ltr'><strong><em>Dominus</em></strong></span> <span class='ocrx_word' id='word_1_96' title='bbox 1010 2129 1267 2210; x_wconf 88' lang='lat' dir='ltr'><strong>propter</strong></span> <span class='ocrx_word' id='word_1_97' title='bbox 1310 2127 1708 2209; x_wconf 84' lang='lat' dir='ltr'><strong>majestatem</strong></span> 
     </span>
     <span class='ocr_line' id='line_1_18' title="bbox 179 2234 1710 2319; baseline -0.003 -15"><span class='ocrx_word' id='word_1_98' title='bbox 179 2240 459 2318; x_wconf 79' lang='lat' dir='ltr'><strong>dominii3</strong></span> <span class='ocrx_word' id='word_1_99' title='bbox 492 2237 833 2317; x_wconf 58' lang='lat' dir='ltr'><strong>terribilis,</strong></span> <span class='ocrx_word' id='word_1_100' title='bbox 869 2239 1126 2319; x_wconf 88' lang='lat' dir='ltr'><strong>propter</strong></span> <span class='ocrx_word' id='word_1_101' title='bbox 1170 2234 1571 2300; x_wconf 88' lang='lat' dir='ltr'><strong>severitatem</strong></span> <span class='ocrx_word' id='word_1_102' title='bbox 1608 2236 1710 2317; x_wconf 82' lang='lat' dir='ltr'><strong>ju·</strong></span> 
     </span>
     <span class='ocr_line' id='line_1_19' title="bbox 181 2346 1706 2429; baseline -0.001 -18"><span class='ocrx_word' id='word_1_103' title='bbox 181 2347 335 2427; x_wconf 78' lang='lat' dir='ltr'><strong>dicii3</strong></span> <span class='ocrx_word' id='word_1_104' title='bbox 364 2350 432 2412; x_wconf 86' lang='lat' dir='ltr'><strong>et</strong></span> <span class='ocrx_word' id='word_1_105' title='bbox 459 2363 584 2414; x_wconf 76' lang='lat' dir='ltr'><strong>rex</strong></span> <span class='ocrx_word' id='word_1_106' title='bbox 607 2359 884 2429; x_wconf 61' lang='lat' dir='ltr'><strong>magmas</strong></span> <span class='ocrx_word' id='word_1_107' title='bbox 922 2359 1114 2425; x_wconf 78' lang='lat' dir='ltr'><strong>super</strong></span> <span class='ocrx_word' id='word_1_108' title='bbox 1152 2357 1391 2410; x_wconf 79' lang='lat' dir='ltr'><strong>omnem</strong></span> <span class='ocrx_word' id='word_1_109' title='bbox 1419 2346 1706 2425; x_wconf 81' lang='lat' dir='ltr'><strong>terram,</strong></span> 
     </span>
     <span class='ocr_line' id='line_1_20' title="bbox 179 2450 1705 2537; baseline -0.003 -17"><span class='ocrx_word' id='word_1_110' title='bbox 179 2459 413 2537; x_wconf 74' lang='lat' dir='ltr'><strong>propter</strong></span> <span class='ocrx_word' id='word_1_111' title='bbox 435 2454 827 2536; x_wconf 82' lang='lat' dir='ltr'><strong>dignitatem</strong></span> <span class='ocrx_word' id='word_1_112' title='bbox 866 2450 1214 2535; x_wconf 87' lang='lat' dir='ltr'><strong>imperialis</strong></span> <span class='ocrx_word' id='word_1_113' title='bbox 1259 2450 1705 2533; x_wconf 62' lang='lat' dir='ltr'><strong>praesidentiae.</strong></span> 
     </span>
     <span class='ocr_line' id='line_1_21' title="bbox 181 2558 1710 2644; baseline -0.002 -15"><span class='ocrx_word' id='word_1_114' title='bbox 181 2561 731 2644; x_wconf 74' lang='lat' dir='ltr'><strong>Subjecitpoptdos</strong></span> <span class='ocrx_word' id='word_1_115' title='bbox 757 2560 961 2638; x_wconf 81' lang='lat' dir='ltr'><strong>nobis,</strong></span> <span class='ocrx_word' id='word_1_116' title='bbox 1007 2563 1068 2626; x_wconf 79' lang='lat' dir='ltr'><strong>et</strong></span> <span class='ocrx_word' id='word_1_117' title='bbox 1110 2563 1323 2642; x_wconf 67' lang='lat' dir='ltr'><strong>flentes</strong></span> <span class='ocrx_word' id='word_1_118' title='bbox 1367 2559 1482 2624; x_wconf 83' lang='lat' dir='ltr'><strong>sub</strong></span> <span class='ocrx_word' id='word_1_119' title='bbox 1517 2558 1710 2641; x_wconf 75' lang='lat' dir='ltr'><strong>pedi-</strong></span> 
     </span>
     <span class='ocr_line' id='line_1_22' title="bbox 183 2666 1710 2751; baseline -0.003 -16"><span class='ocrx_word' id='word_1_120' title='bbox 183 2668 276 2735; x_wconf 78' lang='lat' dir='ltr'><strong>bus</strong></span> <span class='ocrx_word' id='word_1_121' title='bbox 307 2671 554 2738; x_wconf 74' lang='lat' dir='ltr'><strong>nostris</strong></span> <span class='ocrx_word' id='word_1_122' title='bbox 573 2716 594 2748; x_wconf 91' lang='lat'>‚</span> <span class='ocrx_word' id='word_1_123' title='bbox 626 2671 890 2751; x_wconf 81' lang='lat' dir='ltr'><strong>propter</strong></span> <span class='ocrx_word' id='word_1_124' title='bbox 932 2666 1104 2731; x_wconf 83' lang='lat' dir='ltr'><strong>virtu</strong></span> <span class='ocrx_word' id='word_1_125' title='bbox 1115 2666 1406 2731; x_wconf 86' lang='lat' dir='ltr'><strong>ositatem</strong></span> <span class='ocrx_word' id='word_1_126' title='bbox 1442 2667 1710 2750; x_wconf 83' lang='lat' dir='ltr'><strong>inexpu-</strong></span> 
     </span>
     <span class='ocr_line' id='line_1_23' title="bbox 181 2772 1707 2860; baseline -0.003 -18"><span class='ocrx_word' id='word_1_127' title='bbox 181 2777 435 2858; x_wconf 81' lang='lat' dir='ltr'><strong>gnabilis</strong></span> <span class='ocrx_word' id='word_1_128' title='bbox 464 2774 926 2860; x_wconf 81' lang='lat' dir='ltr'><strong>praevalentiae.</strong></span> <span class='ocrx_word' id='word_1_129' title='bbox 957 2772 1222 2856; x_wconf 82' lang='lat' dir='ltr'><strong>Propter</strong></span> <span class='ocrx_word' id='word_1_130' title='bbox 1248 2773 1371 2839; x_wconf 90' lang='lat' dir='ltr'><strong>hoc</strong></span> <span class='ocrx_word' id='word_1_131' title='bbox 1397 2773 1627 2839; x_wconf 88' lang='lat' dir='ltr'><strong>dicitur</strong></span> <span class='ocrx_word' id='word_1_132' title='bbox 1642 2775 1707 2838; x_wconf 83' lang='lat'><strong>²:</strong></span> 
     </span>
     <span class='ocr_line' id='line_1_24' title="bbox 191 2880 1712 2964; baseline 0.002 -20"><span class='ocrx_word' id='word_1_133' title='bbox 191 2908 216 2944; x_wconf 82' lang='grc' dir='ltr'>ι</span> <span class='ocrx_word' id='word_1_134' title='bbox 245 2884 508 2949; x_wconf 86' lang='lat' dir='ltr'><strong>Domine</strong></span> <span class='ocrx_word' id='word_1_135' title='bbox 557 2883 697 2948; x_wconf 83' lang='lat' dir='ltr'><strong>Rex</strong></span> <span class='ocrx_word' id='word_1_136' title='bbox 746 2880 1180 2964; x_wconf 84' lang='lat' dir='ltr'><strong>omnipotens,</strong></span> <span class='ocrx_word' id='word_1_137' title='bbox 1221 2880 1289 2945; x_wconf 92' lang='lat' dir='ltr'><strong>in</strong></span> <span class='ocrx_word' id='word_1_138' title='bbox 1325 2880 1563 2946; x_wconf 82' lang='lat' dir='ltr'><strong>ditione</strong></span> <span class='ocrx_word' id='word_1_139' title='bbox 1599 2885 1712 2947; x_wconf 86' lang='lat' dir='ltr'><strong>tua</strong></span> 
     </span>
     <span class='ocr_line' id='line_1_25' title="bbox 183 2990 1711 3075; baseline -0.001 -17"><span class='ocrx_word' id='word_1_140' title='bbox 183 2999 382 3058; x_wconf 83' lang='lat' dir='ltr'><strong>cuncta</strong></span> <span class='ocrx_word' id='word_1_141' title='bbox 405 2995 572 3058; x_wconf 87' lang='lat' dir='ltr'><strong>sunt</strong></span> <span class='ocrx_word' id='word_1_142' title='bbox 593 2991 824 3075; x_wconf 82' lang='lat' dir='ltr'><strong>posita,</strong></span> <span class='ocrx_word' id='word_1_143' title='bbox 855 2994 919 3055; x_wconf 85' lang='lat' dir='ltr'><strong>et</strong></span> <span class='ocrx_word' id='word_1_144' title='bbox 944 3007 1079 3054; x_wconf 93' lang='lat' dir='ltr'><strong>non</strong></span> <span class='ocrx_word' id='word_1_145' title='bbox 1097 2994 1193 3054; x_wconf 83' lang='lat' dir='ltr'><strong>est</strong></span> <span class='ocrx_word' id='word_1_146' title='bbox 1220 2990 1335 3073; x_wconf 90' lang='lat' dir='ltr'><strong>qui</strong></span> <span class='ocrx_word' id='word_1_147' title='bbox 1358 2991 1554 3073; x_wconf 78' lang='lat' dir='ltr'><strong>possit</strong></span> <span class='ocrx_word' id='word_1_148' title='bbox 1579 2994 1711 3058; x_wconf 76' lang='lat' dir='ltr'><strong>tuae</strong></span> 
     </span>
     <span class='ocr_line' id='line_1_26' title="bbox 183 3094 1710 3165; baseline -0.003 0"><span class='ocrx_word' id='word_1_149' title='bbox 183 3100 448 3165; x_wconf 79' lang='lat' dir='ltr'><strong>resistere</strong></span> <span class='ocrx_word' id='word_1_150' title='bbox 474 3097 817 3165; x_wconf 85' lang='lat' dir='ltr'><strong>voluntati.</strong></span> <span class='ocrx_word' id='word_1_151' title='bbox 860 3117 891 3157; x_wconf 73' lang='lat' dir='ltr'><strong>n</strong></span> <span class='ocrx_word' id='word_1_152' title='bbox 927 3095 1221 3163; x_wconf 88' lang='lat' dir='ltr'><strong>Secundo</strong></span> <span class='ocrx_word' id='word_1_153' title='bbox 1267 3096 1462 3163; x_wconf 85' lang='lat' dir='ltr'><strong>babet</strong></span> <span class='ocrx_word' id='word_1_154' title='bbox 1487 3094 1710 3163; x_wconf 91' lang='lat' dir='ltr'><strong>Domi-</strong></span> 
     </span>
     <span class='ocr_line' id='line_1_27' title="bbox 182 3203 1712 3289; baseline 0 -18"><span class='ocrx_word' id='word_1_155' title='bbox 182 3224 285 3271; x_wconf 85' lang='lat' dir='ltr'><strong>nus</strong></span> <span class='ocrx_word' id='word_1_156' title='bbox 324 3205 734 3273; x_wconf 77' lang='lat' dir='ltr'><strong>infallibilem</strong></span> <span class='ocrx_word' id='word_1_157' title='bbox 778 3204 1110 3289; x_wconf 64' lang='lat' dir='ltr'><strong>sapientiae</strong></span> <span class='ocrx_word' id='word_1_158' title='bbox 1160 3203 1450 3268; x_wconf 86' lang='lat' dir='ltr'><strong>notitiam</strong></span> <span class='ocrx_word' id='word_1_159' title='bbox 1497 3204 1566 3268; x_wconf 89' lang='lat' dir='ltr'><strong>in</strong></span> <span class='ocrx_word' id='word_1_160' title='bbox 1614 3223 1712 3271; x_wconf 90' lang='lat' dir='ltr'><strong>co-</strong></span> 
     </span>
     <span class='ocr_line' id='line_1_28' title="bbox 181 3311 1713 3396; baseline -0.001 -15"><span class='ocrx_word' id='word_1_161' title='bbox 181 3314 562 3396; x_wconf 74' lang='lat' dir='ltr'><strong>gnosoendo;</strong></span> <span class='ocrx_word' id='word_1_162' title='bbox 594 3312 770 3378; x_wconf 90' lang='lat' dir='ltr'><strong>unde</strong></span> <span class='ocrx_word' id='word_1_163' title='bbox 812 3311 1043 3377; x_wconf 89' lang='lat' dir='ltr'><strong>dicitur</strong></span> <span class='ocrx_word' id='word_1_164' title='bbox 1067 3312 1091 3348; x_wconf 87' lang='lat'>⁸</span> <span class='ocrx_word' id='word_1_165' title='bbox 1121 3331 1137 3376; x_wconf 73' lang='grc' dir='ltr'>ε</span> <span class='ocrx_word' id='word_1_166' title='bbox 1180 3333 1211 3373; x_wconf 73' lang='grc' dir='ltr'><em>α</em></span> <span class='ocrx_word' id='word_1_167' title='bbox 1256 3311 1572 3378; x_wconf 89' lang='lat' dir='ltr'><strong>Recedant</strong></span> <span class='ocrx_word' id='word_1_168' title='bbox 1603 3332 1713 3379; x_wconf 85' lang='lat' dir='ltr'><strong>ve-</strong></span> 
     </span>
     <span class='ocr_line' id='line_1_29' title="bbox 179 3417 1711 3504; baseline -0.001 -16"><span class='ocrx_word' id='word_1_169' title='bbox 179 3425 298 3487; x_wconf 83' lang='lat' dir='ltr'><strong>tera</strong></span> <span class='ocrx_word' id='word_1_170' title='bbox 318 3423 396 3488; x_wconf 89' lang='lat' dir='ltr'><strong>de</strong></span> <span class='ocrx_word' id='word_1_171' title='bbox 414 3440 533 3488; x_wconf 83' lang='lat' dir='ltr'><strong>ore</strong></span> <span class='ocrx_word' id='word_1_172' title='bbox 546 3423 789 3499; x_wconf 73' lang='lat' dir='ltr'><strong>vesu-0,</strong></span> <span class='ocrx_word' id='word_1_173' title='bbox 812 3418 971 3504; x_wconf 88' lang='lat' dir='ltr'><strong>quia</strong></span> <span class='ocrx_word' id='word_1_174' title='bbox 986 3417 1152 3483; x_wconf 88' lang='lat' dir='ltr'><strong>Deus</strong></span> <span class='ocrx_word' id='word_1_175' title='bbox 1165 3419 1573 3485; x_wconf 78' lang='lat' dir='ltr'><strong>scientiarum</strong></span> <span class='ocrx_word' id='word_1_176' title='bbox 1595 3420 1711 3486; x_wconf 91' lang='lat' dir='ltr'><strong>Do-</strong></span> 
     </span>
     <span class='ocr_line' id='line_1_30' title="bbox 178 3527 1711 3611; baseline -0.001 -15"><span class='ocrx_word' id='word_1_177' title='bbox 178 3530 371 3596; x_wconf 88' lang='lat' dir='ltr'><strong>minus</strong></span> <span class='ocrx_word' id='word_1_178' title='bbox 428 3534 530 3596; x_wconf 84' lang='lat' dir='ltr'><strong>est</strong></span> <span class='ocrx_word' id='word_1_179' title='bbox 540 3577 566 3610; x_wconf 91' lang='lat'>‚</span> <span class='ocrx_word' id='word_1_180' title='bbox 612 3531 678 3593; x_wconf 88' lang='lat' dir='ltr'><strong>et</strong></span> <span class='ocrx_word' id='word_1_181' title='bbox 723 3527 847 3610; x_wconf 88' lang='lat' dir='ltr'><strong>ipsi</strong></span> <span class='ocrx_word' id='word_1_182' title='bbox 890 3530 1336 3611; x_wconf 73' lang='lat' dir='ltr'><strong>praeparantur</strong></span> <span class='ocrx_word' id='word_1_183' title='bbox 1380 3528 1711 3610; x_wconf 85' lang='lat' dir='ltr'><strong>cogitatio-</strong></span> 
     </span>
     <span class='ocr_line' id='line_1_31' title="bbox 177 3633 1706 3719; baseline -0.001 -17"><span class='ocrx_word' id='word_1_184' title='bbox 177 3656 292 3702; x_wconf 67' lang='lat' dir='ltr'><strong>nes.</strong></span> <span class='ocrx_word' id='word_1_185' title='bbox 317 3660 352 3698; x_wconf 68' lang='grc' dir='ltr'>ι</span> <span class='ocrx_word' id='word_1_186' title='bbox 394 3638 627 3706; x_wconf 72' lang='lat' dir='ltr'><strong>Vetera</strong></span> <span class='ocrx_word' id='word_1_187' title='bbox 653 3634 1017 3718; x_wconf 67' lang='lat' dir='ltr'><strong>sophistices</strong></span> <span class='ocrx_word' id='word_1_188' title='bbox 1052 3633 1349 3714; x_wconf 87' lang='lat' dir='ltr'><strong>rationis,</strong></span> <span class='ocrx_word' id='word_1_189' title='bbox 1393 3638 1456 3699; x_wconf 90' lang='lat' dir='ltr'><strong>et</strong></span> <span class='ocrx_word' id='word_1_190' title='bbox 1495 3636 1706 3719; x_wconf 84' lang='lat' dir='ltr'><strong>philo-</strong></span> 
     </span>
     <span class='ocr_line' id='line_1_32' title="bbox 173 3740 1711 3829; baseline -0.002 -17"><span class='ocrx_word' id='word_1_191' title='bbox 173 3745 430 3829; x_wconf 78' lang='lat' dir='ltr'><strong>sophicae</strong></span> <span class='ocrx_word' id='word_1_192' title='bbox 511 3740 1102 3826; x_wconf 77' lang='lat' dir='ltr'><strong>argumentationis</strong></span> <span class='ocrx_word' id='word_1_193' title='bbox 1121 3788 1143 3820; x_wconf 92' lang='lat'>‚</span> <span class='ocrx_word' id='word_1_194' title='bbox 1214 3741 1398 3824; x_wconf 90' lang='lat' dir='ltr'><strong>quasi</strong></span> <span class='ocrx_word' id='word_1_195' title='bbox 1469 3743 1711 3809; x_wconf 87' lang='lat' dir='ltr'><strong>nullius</strong></span> 
     </span>
     <span class='ocr_line' id='line_1_33' title="bbox 174 3848 1711 3935; baseline 0 -17"><span class='ocrx_word' id='word_1_196' title='bbox 174 3852 407 3931; x_wconf 80' lang='lat' dir='ltr'><strong>valoris,</strong></span> <span class='ocrx_word' id='word_1_197' title='bbox 435 3849 752 3919; x_wconf 70' lang='lat' dir='ltr'><strong>recedant</strong></span> <span class='ocrx_word' id='word_1_198' title='bbox 793 3848 871 3916; x_wconf 79' lang='lat' dir='ltr'><strong>de</strong></span> <span class='ocrx_word' id='word_1_199' title='bbox 906 3864 1012 3916; x_wconf 81' lang='lat' dir='ltr'><strong>ore</strong></span> <span class='ocrx_word' id='word_1_200' title='bbox 1057 3852 1263 3916; x_wconf 79' lang='lat' dir='ltr'><strong>vestro</strong></span> <span class='ocrx_word' id='word_1_201' title='bbox 1289 3868 1316 3912; x_wconf 93' lang='lat'><strong>.·</strong></span> <span class='ocrx_word' id='word_1_202' title='bbox 1358 3867 1489 3915; x_wconf 90' lang='lat' dir='ltr'><strong>non</strong></span> <span class='ocrx_word' id='word_1_203' title='bbox 1536 3853 1711 3935; x_wconf 89' lang='lat' dir='ltr'><strong>quod</strong></span> 
     </span>
     <span class='ocr_line' id='line_1_34' title="bbox 171 3955 1711 4043; baseline 0.001 -19"><span class='ocrx_word' id='word_1_204' title='bbox 171 3978 282 4024; x_wconf 89' lang='lat' dir='ltr'><strong>non</strong></span> <span class='ocrx_word' id='word_1_205' title='bbox 308 3958 602 4026; x_wconf 86' lang='lat' dir='ltr'><strong>debeatis</strong></span> <span class='ocrx_word' id='word_1_206' title='bbox 628 3958 707 4024; x_wconf 86' lang='lat' dir='ltr'><strong>de</strong></span> <span class='ocrx_word' id='word_1_207' title='bbox 735 3955 1140 4040; x_wconf 84' lang='lat' dir='ltr'><strong>philosophia</strong></span> <span class='ocrx_word' id='word_1_208' title='bbox 1164 3956 1365 4041; x_wconf 90' lang='lat' dir='ltr'><strong>loqui,</strong></span> <span class='ocrx_word' id='word_1_209' title='bbox 1403 3958 1512 4023; x_wconf 87' lang='lat' dir='ltr'><strong>sed</strong></span> <span class='ocrx_word' id='word_1_210' title='bbox 1537 3961 1711 4043; x_wconf 89' lang='lat' dir='ltr'><strong>quod</strong></span> 
     </span>
     <span class='ocr_line' id='line_1_35' title="bbox 172 4063 1712 4148; baseline 0.001 -17"><span class='ocrx_word' id='word_1_211' title='bbox 172 4085 284 4132; x_wconf 88' lang='lat' dir='ltr'><strong>non</strong></span> <span class='ocrx_word' id='word_1_212' title='bbox 305 4066 600 4134; x_wconf 83' lang='lat' dir='ltr'><strong>debeatis</strong></span> <span class='ocrx_word' id='word_1_213' title='bbox 624 4066 686 4131; x_wconf 88' lang='lat' dir='ltr'><strong>ei</strong></span> <span class='ocrx_word' id='word_1_214' title='bbox 731 4063 948 4145; x_wconf 80' lang='lat' dir='ltr'><strong>inniti,</strong></span> <span class='ocrx_word' id='word_1_215' title='bbox 992 4064 1145 4148; x_wconf 90' lang='lat' dir='ltr'><strong>quia</strong></span> <span class='ocrx_word' id='word_1_216' title='bbox 1184 4063 1493 4130; x_wconf 89' lang='lat' dir='ltr'><strong>Dominus</strong></span> <span class='ocrx_word' id='word_1_217' title='bbox 1530 4064 1712 4133; x_wconf 84' lang='lat' dir='ltr'><strong>Jesus</strong></span> 
     </span>
     <span class='ocr_line' id='line_1_36' title="bbox 173 4172 1705 4258; baseline 0.001 -19"><span class='ocrx_word' id='word_1_218' title='bbox 173 4173 460 4257; x_wconf 86' lang='lat' dir='ltr'><strong>Christus,</strong></span> <span class='ocrx_word' id='word_1_219' title='bbox 507 4198 542 4236; x_wconf 72' lang='grc' dir='ltr'>α</span> <span class='ocrx_word' id='word_1_220' title='bbox 569 4174 641 4239; x_wconf 89' lang='lat' dir='ltr'><strong>in</strong></span> <span class='ocrx_word' id='word_1_221' title='bbox 668 4193 798 4258; x_wconf 89' lang='lat' dir='ltr'><strong>qno</strong></span> <span class='ocrx_word' id='word_1_222' title='bbox 820 4173 844 4209; x_wconf 75' lang='lat'><strong>⁴</strong></span> <span class='ocrx_word' id='word_1_223' title='bbox 867 4177 1022 4239; x_wconf 87' lang='lat' dir='ltr'><strong>sunt</strong></span> <span class='ocrx_word' id='word_1_224' title='bbox 1043 4190 1265 4238; x_wconf 83' lang='lat' dir='ltr'><strong>omnes</strong></span> <span class='ocrx_word' id='word_1_225' title='bbox 1291 4172 1577 4239; x_wconf 79' lang='lat' dir='ltr'><strong>thesauri</strong></span> <span class='ocrx_word' id='word_1_226' title='bbox 1603 4194 1705 4241; x_wconf 92' lang='lat' dir='ltr'><strong>sa-</strong></span> 
     </span>
     <span class='ocr_line' id='line_1_37' title="bbox 174 4281 1706 4366; baseline 0 -15"><span class='ocrx_word' id='word_1_227' title='bbox 174 4282 408 4363; x_wconf 73' lang='lat' dir='ltr'><strong>pimtiae</strong></span> <span class='ocrx_word' id='word_1_228' title='bbox 442 4287 516 4350; x_wconf 85' lang='lat' dir='ltr'><strong>et</strong></span> <span class='ocrx_word' id='word_1_229' title='bbox 541 4282 851 4361; x_wconf 65' lang='lat' dir='ltr'><strong>scientiae,</strong></span> <span class='ocrx_word' id='word_1_230' title='bbox 880 4303 912 4342; x_wconf 73' lang='lat' dir='ltr'><strong>n</strong></span> <span class='ocrx_word' id='word_1_231' title='bbox 944 4284 1039 4345; x_wconf 89' lang='lat' dir='ltr'><strong>est</strong></span> <span class='ocrx_word' id='word_1_232' title='bbox 1073 4281 1241 4347; x_wconf 79' lang='lat' dir='ltr'><strong>Deus</strong></span> <span class='ocrx_word' id='word_1_233' title='bbox 1267 4283 1706 4366; x_wconf 75' lang='lat' dir='ltr'><strong>scientiarum,</strong></span> 
     </span>
     <span class='ocr_line' id='line_1_38' title="bbox 176 4386 1711 4473; baseline 0.003 -18"><span class='ocrx_word' id='word_1_234' title='bbox 176 4407 556 4472; x_wconf 75' lang='lat' dir='ltr'><strong>cognoscens</strong></span> <span class='ocrx_word' id='word_1_235' title='bbox 581 4388 803 4455; x_wconf 88' lang='lat' dir='ltr'><strong>omnia</strong></span> <span class='ocrx_word' id='word_1_236' title='bbox 831 4386 1181 4452; x_wconf 86' lang='lat' dir='ltr'><strong>novissima</strong></span> <span class='ocrx_word' id='word_1_237' title='bbox 1217 4390 1282 4452; x_wconf 87' lang='lat' dir='ltr'><strong>et</strong></span> <span class='ocrx_word' id='word_1_238' title='bbox 1309 4389 1593 4473; x_wconf 88' lang='lat' dir='ltr'><strong>antiqua.</strong></span> <span class='ocrx_word' id='word_1_239' title='bbox 1621 4394 1711 4460; x_wconf 80' lang='lat' dir='ltr'><strong>Et</strong></span> 
     </span>
     <span class='ocr_line' id='line_1_39' title="bbox 177 4495 1711 4582; baseline 0.001 -18"><span class='ocrx_word' id='word_1_240' title='bbox 177 4497 287 4578; x_wconf 67' lang='lat' dir='ltr'><strong>ipsi</strong></span> <span class='ocrx_word' id='word_1_241' title='bbox 302 4501 768 4582; x_wconf 75' lang='lat' dir='ltr'><strong>proeparmtur</strong></span> <span class='ocrx_word' id='word_1_242' title='bbox 792 4495 1229 4578; x_wconf 71' lang='lat' dir='ltr'><strong>coqitationes,</strong></span> <span class='ocrx_word' id='word_1_243' title='bbox 1249 4497 1326 4560; x_wconf 89' lang='lat' dir='ltr'><strong>ut</strong></span> <span class='ocrx_word' id='word_1_244' title='bbox 1344 4495 1711 4578; x_wconf 84' lang='lat' dir='ltr'><strong>dirigantur</strong></span> 
     </span>
     <span class='ocr_line' id='line_1_40' title="bbox 175 4602 1707 4687; baseline 0.003 -20"><span class='ocrx_word' id='word_1_245' title='bbox 175 4602 231 4667; x_wconf 88' lang='lat' dir='ltr'><strong>in</strong></span> <span class='ocrx_word' id='word_1_246' title='bbox 252 4606 354 4670; x_wconf 79' lang='lat' dir='ltr'><strong>via</strong></span> <span class='ocrx_word' id='word_1_247' title='bbox 378 4603 686 4671; x_wconf 72' lang='lat' dir='ltr'><strong>verItatis</strong></span> <span class='ocrx_word' id='word_1_248' title='bbox 708 4606 773 4668; x_wconf 88' lang='lat' dir='ltr'><strong>et</strong></span> <span class='ocrx_word' id='word_1_249' title='bbox 791 4602 1093 4687; x_wconf 75' lang='lat' dir='ltr'><strong>justitiae,</strong></span> <span class='ocrx_word' id='word_1_250' title='bbox 1121 4602 1475 4669; x_wconf 86' lang='lat' dir='ltr'><strong>secundum</strong></span> <span class='ocrx_word' id='word_1_251' title='bbox 1500 4606 1707 4672; x_wconf 88' lang='lat' dir='ltr'><strong>dicta-</strong></span> 
     </span>
     <span class='ocr_line' id='line_1_41' title="bbox 177 4709 1710 4792; baseline 0.002 -14"><span class='ocrx_word' id='word_1_252' title='bbox 177 4729 304 4778; x_wconf 84' lang='lat' dir='ltr'><strong>men</strong></span> <span class='ocrx_word' id='word_1_253' title='bbox 325 4717 528 4780; x_wconf 79' lang='lat' dir='ltr'><strong>rectae</strong></span> <span class='ocrx_word' id='word_1_254' title='bbox 564 4711 869 4789; x_wconf 81' lang='lat' dir='ltr'><strong>rationis,</strong></span> <span class='ocrx_word' id='word_1_255' title='bbox 907 4726 1040 4775; x_wconf 93' lang='lat' dir='ltr'><strong>non</strong></span> <span class='ocrx_word' id='word_1_256' title='bbox 1077 4709 1458 4792; x_wconf 81' lang='lat' dir='ltr'><strong>sophisticae.</strong></span> <span class='ocrx_word' id='word_1_257' title='bbox 1499 4712 1710 4781; x_wconf 88' lang='lat' dir='ltr'><strong>Tertio</strong></span> 
     </span>
     <span class='ocr_line' id='line_1_42' title="bbox 178 4819 1709 4903; baseline 0.004 -18"><span class='ocrx_word' id='word_1_258' title='bbox 178 4819 343 4887; x_wconf 81' lang='lat' dir='ltr'><strong>habet</strong></span> <span class='ocrx_word' id='word_1_259' title='bbox 393 4821 721 4889; x_wconf 87' lang='lat' dir='ltr'><strong>Dominus</strong></span> <span class='ocrx_word' id='word_1_260' title='bbox 775 4819 1074 4903; x_wconf 84' lang='lat' dir='ltr'><strong>pietatem</strong></span> <span class='ocrx_word' id='word_1_261' title='bbox 1138 4819 1588 4889; x_wconf 74' lang='lat' dir='ltr'><strong>misericordiae</strong></span> <span class='ocrx_word' id='word_1_262' title='bbox 1638 4826 1709 4891; x_wconf 92' lang='lat' dir='ltr'><strong>in</strong></span> 
     </span>
     <span class='ocr_line' id='line_1_43' title="bbox 176 4926 1710 5014; baseline 0.001 -18"><span class='ocrx_word' id='word_1_263' title='bbox 176 4931 512 5010; x_wconf 76' lang='lat' dir='ltr'><strong>parcend03</strong></span> <span class='ocrx_word' id='word_1_264' title='bbox 567 4927 744 4993; x_wconf 85' lang='lat' dir='ltr'><strong>unde</strong></span> <span class='ocrx_word' id='word_1_265' title='bbox 786 4928 812 4964; x_wconf 86' lang='lat'>⁸</span> <span class='ocrx_word' id='word_1_266' title='bbox 864 4949 882 4990; x_wconf 90' lang='lat'>:</span> <span class='ocrx_word' id='word_1_267' title='bbox 933 4948 965 4988; x_wconf 76' lang='grc' dir='ltr'>α</span> <span class='ocrx_word' id='word_1_268' title='bbox 1015 4926 1416 5011; x_wconf 86' lang='lat' dir='ltr'><strong>Derelinquat</strong></span> <span class='ocrx_word' id='word_1_269' title='bbox 1470 4930 1710 5014; x_wconf 87' lang='lat' dir='ltr'><strong>impius</strong></span> 
     </span>
     <span class='ocr_line' id='line_1_44' title="bbox 180 5032 1705 5120; baseline 0.002 -20"><span class='ocrx_word' id='word_1_270' title='bbox 180 5033 326 5100; x_wconf 79' lang='lat' dir='ltr'><strong>viam</strong></span> <span class='ocrx_word' id='word_1_271' title='bbox 348 5054 569 5116; x_wconf 85' lang='lat' dir='ltr'><strong>suam,</strong></span> <span class='ocrx_word' id='word_1_272' title='bbox 593 5038 662 5100; x_wconf 87' lang='lat' dir='ltr'><strong>et</strong></span> <span class='ocrx_word' id='word_1_273' title='bbox 687 5034 795 5098; x_wconf 83' lang='lat' dir='ltr'><strong>vir</strong></span> <span class='ocrx_word' id='word_1_274' title='bbox 813 5032 1079 5116; x_wconf 88' lang='lat' dir='ltr'><strong>iniquus</strong></span> <span class='ocrx_word' id='word_1_275' title='bbox 1094 5034 1506 5115; x_wconf 87' lang='lat' dir='ltr'><strong>cogitationes</strong></span> <span class='ocrx_word' id='word_1_276' title='bbox 1531 5055 1705 5120; x_wconf 87' lang='lat' dir='ltr'><strong>suas,</strong></span> 
     </span>
     <span class='ocr_line' id='line_1_45' title="bbox 179 5139 1708 5220; baseline 0.005 -16"><span class='ocrx_word' id='word_1_277' title='bbox 179 5146 232 5204; x_wconf 83' lang='lat' dir='ltr'><strong>ct</strong></span> <span class='ocrx_word' id='word_1_278' title='bbox 256 5147 622 5209; x_wconf 82' lang='lat' dir='ltr'><strong>revertatm·</strong></span> <span class='ocrx_word' id='word_1_279' title='bbox 652 5141 738 5206; x_wconf 89' lang='lat' dir='ltr'><strong>ad</strong></span> <span class='ocrx_word' id='word_1_280' title='bbox 782 5139 1156 5220; x_wconf 88' lang='lat' dir='ltr'><strong>Dominum,</strong></span> <span class='ocrx_word' id='word_1_281' title='bbox 1203 5144 1268 5206; x_wconf 88' lang='lat' dir='ltr'><strong>et</strong></span> <span class='ocrx_word' id='word_1_282' title='bbox 1305 5141 1708 5212; x_wconf 82' lang='lat' dir='ltr'><strong>miserebitur</strong></span> 
     </span>
    </p>
   </div>
   <div class='ocr_carea' id='block_1_4' title="bbox 187 5334 1708 5544">
    <p class='ocr_par' dir='ltr' id='par_1_4' title="bbox 187 5334 1708 5544">
     <span class='ocr_line' id='line_1_46' title="bbox 233 5334 1708 5408; baseline -0.001 -18"><span class='ocrx_word' id='word_1_283' title='bbox 233 5340 250 5375; x_wconf 88' lang='lat'>¹</span> <span class='ocrx_word' id='word_1_284' title='bbox 277 5338 405 5390; x_wconf 64' lang='lat' dir='ltr'><strong>Paul.</strong></span> <span class='ocrx_word' id='word_1_285' title='bbox 437 5349 607 5401; x_wconf 71' lang='lat' dir='ltr'><strong>xnvr,</strong></span> <span class='ocrx_word' id='word_1_286' title='bbox 649 5338 764 5387; x_wconf 81' lang='lat'><strong>2-3.</strong></span> <span class='ocrx_word' id='word_1_287' title='bbox 801 5360 867 5373; x_wconf 90' lang='lat'><em>—</em></span> <span class='ocrx_word' id='word_1_288' title='bbox 893 5335 917 5369; x_wconf 78' lang='lat'><strong>¹</strong></span> <span class='ocrx_word' id='word_1_289' title='bbox 946 5334 1113 5400; x_wconf 67' lang='lat' dir='ltr'><strong>Beth„</strong></span> <span class='ocrx_word' id='word_1_290' title='bbox 1148 5346 1276 5401; x_wconf 84' lang='lat' dir='ltr'><strong>xm,</strong></span> <span class='ocrx_word' id='word_1_291' title='bbox 1304 5339 1353 5390; x_wconf 82' lang='grc'><strong>9.</strong></span> <span class='ocrx_word' id='word_1_292' title='bbox 1380 5362 1442 5376; x_wconf 92' lang='grc'><strong>-</strong></span> <span class='ocrx_word' id='word_1_293' title='bbox 1471 5338 1492 5370; x_wconf 80' lang='lat'>⁸</span> <span class='ocrx_word' id='word_1_294' title='bbox 1522 5341 1540 5389; x_wconf 88' lang='grc' dir='ltr'>Ι</span> <span class='ocrx_word' id='word_1_295' title='bbox 1569 5341 1708 5408; x_wconf 69' lang='lat' dir='ltr'><strong>neq„</strong></span> 
     </span>
     <span class='ocr_line' id='line_1_47' title="bbox 187 5407 1708 5481; baseline 0.004 -21"><span class='ocrx_word' id='word_1_296' title='bbox 187 5419 242 5472; x_wconf 77' lang='grc' dir='ltr'>ιι,</span> <span class='ocrx_word' id='word_1_297' title='bbox 264 5412 308 5461; x_wconf 78' lang='grc'><strong>3.</strong></span> <span class='ocrx_word' id='word_1_298' title='bbox 335 5436 396 5450; x_wconf 88' lang='grc'><strong>-</strong></span> <span class='ocrx_word' id='word_1_299' title='bbox 425 5410 449 5448; x_wconf 75' lang='lat'>⁸</span> <span class='ocrx_word' id='word_1_300' title='bbox 475 5408 704 5472; x_wconf 59' lang='lat' dir='ltr'><strong>colom,</strong></span> <span class='ocrx_word' id='word_1_301' title='bbox 729 5419 802 5470; x_wconf 87' lang='lat'><strong>11,</strong></span> <span class='ocrx_word' id='word_1_302' title='bbox 831 5408 882 5458; x_wconf 85' lang='grc'><strong>3.</strong></span> <span class='ocrx_word' id='word_1_303' title='bbox 904 5408 1005 5445; x_wconf 79' lang='lat'>&#39;—·‘</span> <span class='ocrx_word' id='word_1_304' title='bbox 1029 5407 1147 5468; x_wconf 69' lang='lat' dir='ltr'><strong>lm„</strong></span> <span class='ocrx_word' id='word_1_305' title='bbox 1175 5419 1259 5473; x_wconf 75' lang='lat' dir='ltr'><strong>nv,</strong></span> <span class='ocrx_word' id='word_1_306' title='bbox 1288 5409 1337 5461; x_wconf 84' lang='grc'><strong>7.</strong></span> <span class='ocrx_word' id='word_1_307' title='bbox 1366 5435 1427 5448; x_wconf 93' lang='grc'><strong>-</strong></span> <span class='ocrx_word' id='word_1_308' title='bbox 1459 5410 1481 5441; x_wconf 81' lang='lat'>⁸</span> <span class='ocrx_word' id='word_1_309' title='bbox 1503 5411 1708 5481; x_wconf 64' lang='lat' dir='ltr'><strong>aerem„</strong></span> 
     </span>
     <span class='ocr_line' id='line_1_48' title="bbox 187 5478 850 5544; baseline -0.005 -15"><span class='ocrx_word' id='word_1_310' title='bbox 187 5489 259 5544; x_wconf 87' lang='lat' dir='ltr'><strong>m,</strong></span> <span class='ocrx_word' id='word_1_311' title='bbox 281 5484 403 5533; x_wconf 76' lang='grc'><strong>1.-</strong></span> <span class='ocrx_word' id='word_1_312' title='bbox 427 5483 452 5520; x_wconf 76' lang='lat'><strong>&#39;1</strong></span> <span class='ocrx_word' id='word_1_313' title='bbox 476 5478 688 5534; x_wconf 62' lang='lat' dir='ltr'><strong>End..</strong></span> <span class='ocrx_word' id='word_1_314' title='bbox 711 5490 772 5544; x_wconf 83' lang='lat' dir='ltr'><strong>x,</strong></span> <span class='ocrx_word' id='word_1_315' title='bbox 798 5479 850 5528; x_wconf 80' lang='lat'><strong>7.</strong></span> 
     </span>
    </p>
   </div>
   <div class='ocr_carea' id='block_1_5' title="bbox 1803 622 3359 5560">
    <p class='ocr_par' dir='ltr' id='par_1_5' title="bbox 1803 622 3356 3380">
     <span class='ocr_line' id='line_1_49' title="bbox 1803 622 3334 713; baseline 0.008 -27"><span class='ocrx_word' id='word_1_316' title='bbox 1803 622 1967 704; x_wconf 74' lang='lat' dir='ltr'><strong>eJus,</strong></span> <span class='ocrx_word' id='word_1_317' title='bbox 1989 624 2294 706; x_wconf 90' lang='lat' dir='ltr'><strong>quoniam</strong></span> <span class='ocrx_word' id='word_1_318' title='bbox 2321 626 2564 693; x_wconf 89' lang='lat' dir='ltr'><strong>multus</strong></span> <span class='ocrx_word' id='word_1_319' title='bbox 2589 629 2781 695; x_wconf 89' lang='lat' dir='ltr'><strong>estad</strong></span> <span class='ocrx_word' id='word_1_320' title='bbox 2797 630 3285 713; x_wconf 87' lang='lat' dir='ltr'><strong>ignoscendum.</strong></span> <span class='ocrx_word' id='word_1_321' title='bbox 3301 657 3334 698; x_wconf 72' lang='grc' dir='ltr'>ι</span> 
     </span>
     <span class='ocr_line' id='line_1_50' title="bbox 1805 728 3340 826; baseline 0.006 -31"><span class='ocrx_word' id='word_1_322' title='bbox 1805 728 2219 814; x_wconf 76' lang='lat' dir='ltr'><strong>Derelinquat</strong></span> <span class='ocrx_word' id='word_1_323' title='bbox 2245 734 2490 816; x_wconf 78' lang='lat' dir='ltr'><strong>impius</strong></span> <span class='ocrx_word' id='word_1_324' title='bbox 2516 737 2695 803; x_wconf 81' lang='lat' dir='ltr'><strong>viam</strong></span> <span class='ocrx_word' id='word_1_325' title='bbox 2718 752 2927 819; x_wconf 84' lang='lat' dir='ltr'><strong>suam,</strong></span> <span class='ocrx_word' id='word_1_326' title='bbox 2952 738 3018 805; x_wconf 92' lang='lat' dir='ltr'><strong>id</strong></span> <span class='ocrx_word' id='word_1_327' title='bbox 3045 741 3162 822; x_wconf 85' lang='lat' dir='ltr'><strong>est,</strong></span> <span class='ocrx_word' id='word_1_328' title='bbox 3194 760 3340 826; x_wconf 80' lang='lat' dir='ltr'><strong>pec-</strong></span> 
     </span>
     <span class='ocr_line' id='line_1_51' title="bbox 1805 837 3343 930; baseline 0.013 -31"><span class='ocrx_word' id='word_1_329' title='bbox 1805 839 2020 901; x_wconf 86' lang='lat' dir='ltr'><strong>catum</strong></span> <span class='ocrx_word' id='word_1_330' title='bbox 2064 837 2311 920; x_wconf 89' lang='lat' dir='ltr'><strong>operis;</strong></span> <span class='ocrx_word' id='word_1_331' title='bbox 2355 845 2417 909; x_wconf 85' lang='lat' dir='ltr'><strong>et</strong></span> <span class='ocrx_word' id='word_1_332' title='bbox 2460 842 2568 908; x_wconf 79' lang='lat' dir='ltr'><strong>vir</strong></span> <span class='ocrx_word' id='word_1_333' title='bbox 2610 844 2879 927; x_wconf 76' lang='lat' dir='ltr'><strong>iniquus</strong></span> <span class='ocrx_word' id='word_1_334' title='bbox 2924 848 3343 930; x_wconf 65' lang='lat' dir='ltr'><strong>cogitationes</strong></span> 
     </span>
     <span class='ocr_line' id='line_1_52' title="bbox 1805 945 3346 1033; baseline 0.011 -23"><span class='ocrx_word' id='word_1_335' title='bbox 1805 959 1983 1023; x_wconf 83' lang='lat' dir='ltr'><strong>suas,</strong></span> <span class='ocrx_word' id='word_1_336' title='bbox 2012 945 2079 1012; x_wconf 90' lang='lat' dir='ltr'><strong>id</strong></span> <span class='ocrx_word' id='word_1_337' title='bbox 2105 951 2222 1026; x_wconf 89' lang='lat' dir='ltr'><strong>est,</strong></span> <span class='ocrx_word' id='word_1_338' title='bbox 2265 955 2597 1031; x_wconf 85' lang='lat' dir='ltr'><strong>peccatum</strong></span> <span class='ocrx_word' id='word_1_339' title='bbox 2626 951 2833 1016; x_wconf 85' lang='lat' dir='ltr'><strong>cordis</strong></span> <span class='ocrx_word' id='word_1_340' title='bbox 2846 1000 2868 1033; x_wconf 89' lang='lat'>‚</span> <span class='ocrx_word' id='word_1_341' title='bbox 2898 961 2956 1021; x_wconf 76' lang='lat' dir='ltr'><strong>et</strong></span> <span class='ocrx_word' id='word_1_342' title='bbox 2992 961 3346 1026; x_wconf 77' lang='lat' dir='ltr'><strong>revereatur</strong></span> 
     </span>
     <span class='ocr_line' id='line_1_53' title="bbox 1807 1049 3346 1146; baseline 0.011 -29"><span class='ocrx_word' id='word_1_343' title='bbox 1807 1049 1900 1118; x_wconf 82' lang='lat' dir='ltr'><strong>ad</strong></span> <span class='ocrx_word' id='word_1_344' title='bbox 1936 1052 2134 1119; x_wconf 78' lang='lat' dir='ltr'><strong>Deum</strong></span> <span class='ocrx_word' id='word_1_345' title='bbox 2166 1072 2315 1120; x_wconf 88' lang='lat' dir='ltr'><strong>cum</strong></span> <span class='ocrx_word' id='word_1_346' title='bbox 2362 1073 2616 1135; x_wconf 89' lang='lat' dir='ltr'><strong>amore,</strong></span> <span class='ocrx_word' id='word_1_347' title='bbox 2659 1062 2722 1126; x_wconf 82' lang='lat' dir='ltr'><strong>et</strong></span> <span class='ocrx_word' id='word_1_348' title='bbox 2768 1060 3164 1129; x_wconf 76' lang='lat' dir='ltr'><strong>miserebitur</strong></span> <span class='ocrx_word' id='word_1_349' title='bbox 3205 1063 3346 1146; x_wconf 73' lang='lat' dir='ltr'><strong>ejus</strong></span> 
     </span>
     <span class='ocr_line' id='line_1_54' title="bbox 1808 1160 3340 1244; baseline 0.01 -22"><span class='ocrx_word' id='word_1_350' title='bbox 1808 1177 1922 1244; x_wconf 85' lang='lat' dir='ltr'><strong>per</strong></span> <span class='ocrx_word' id='word_1_351' title='bbox 1994 1160 2520 1227; x_wconf 87' lang='lat' dir='ltr'><strong>condonationem</strong></span> <span class='ocrx_word' id='word_1_352' title='bbox 2586 1166 2877 1231; x_wconf 89' lang='lat' dir='ltr'><strong>omnium</strong></span> <span class='ocrx_word' id='word_1_353' title='bbox 2944 1168 3340 1238; x_wconf 83' lang='lat' dir='ltr'><strong>delictorum.</strong></span> 
     </span>
     <span class='ocr_line' id='line_1_55' title="bbox 1812 1267 3348 1360; baseline 0.007 -27"><span class='ocrx_word' id='word_1_354' title='bbox 1812 1267 1982 1342; x_wconf 77' lang='lat' dir='ltr'><strong>Quia</strong></span> <span class='ocrx_word' id='word_1_355' title='bbox 2005 1267 2249 1336; x_wconf 78' lang='lat' dir='ltr'><strong>multus</strong></span> <span class='ocrx_word' id='word_1_356' title='bbox 2274 1275 2365 1337; x_wconf 83' lang='lat' dir='ltr'><strong>est</strong></span> <span class='ocrx_word' id='word_1_357' title='bbox 2393 1270 2482 1337; x_wconf 81' lang='lat' dir='ltr'><strong>ad</strong></span> <span class='ocrx_word' id='word_1_358' title='bbox 2507 1272 2974 1355; x_wconf 70' lang='lat' dir='ltr'><strong>ionoscendum,</strong></span> <span class='ocrx_word' id='word_1_359' title='bbox 2993 1276 3149 1360; x_wconf 87' lang='lat' dir='ltr'><strong>quia</strong></span> <span class='ocrx_word' id='word_1_360' title='bbox 3171 1281 3348 1344; x_wconf 86' lang='lat' dir='ltr'><strong>tanta</strong></span> 
     </span>
     <span class='ocr_line' id='line_1_56' title="bbox 1809 1375 3345 1464; baseline 0.008 -25"><span class='ocrx_word' id='word_1_361' title='bbox 1809 1377 1905 1439; x_wconf 86' lang='lat' dir='ltr'><strong>est</strong></span> <span class='ocrx_word' id='word_1_362' title='bbox 1931 1375 2192 1457; x_wconf 82' lang='lat' dir='ltr'><strong>offensa,</strong></span> <span class='ocrx_word' id='word_1_363' title='bbox 2224 1384 2503 1460; x_wconf 89' lang='lat' dir='ltr'><strong>quantus</strong></span> <span class='ocrx_word' id='word_1_364' title='bbox 2542 1383 2635 1443; x_wconf 89' lang='lat' dir='ltr'><strong>est</strong></span> <span class='ocrx_word' id='word_1_365' title='bbox 2667 1379 2773 1445; x_wconf 93' lang='lat' dir='ltr'><strong>ille</strong></span> <span class='ocrx_word' id='word_1_366' title='bbox 2816 1381 2929 1464; x_wconf 90' lang='lat' dir='ltr'><strong>qui</strong></span> <span class='ocrx_word' id='word_1_367' title='bbox 2978 1382 3345 1451; x_wconf 84' lang='lat' dir='ltr'><strong>offenditur.</strong></span> 
     </span>
     <span class='ocr_line' id='line_1_57' title="bbox 1811 1478 3345 1574; baseline 0.008 -29"><span class='ocrx_word' id='word_1_368' title='bbox 1811 1478 1989 1546; x_wconf 88' lang='lat' dir='ltr'><strong>Certe</strong></span> <span class='ocrx_word' id='word_1_369' title='bbox 2014 1483 2310 1567; x_wconf 83' lang='lat' dir='ltr'><strong>exemplo</strong></span> <span class='ocrx_word' id='word_1_370' title='bbox 2347 1503 2602 1568; x_wconf 81' lang='lat' dir='ltr'><strong>grosse,</strong></span> <span class='ocrx_word' id='word_1_371' title='bbox 2643 1488 3079 1571; x_wconf 84' lang='lat' dir='ltr'><strong>experimento</strong></span> <span class='ocrx_word' id='word_1_372' title='bbox 3115 1509 3345 1574; x_wconf 87' lang='lat' dir='ltr'><strong>appro-</strong></span> 
     </span>
     <span class='ocr_line' id='line_1_58' title="bbox 1810 1589 3351 1676; baseline 0.008 -24"><span class='ocrx_word' id='word_1_373' title='bbox 1810 1589 1959 1653; x_wconf 89' lang='lat' dir='ltr'><strong>bato</strong></span> <span class='ocrx_word' id='word_1_374' title='bbox 1985 1607 2325 1672; x_wconf 86' lang='lat' dir='ltr'><strong>possumus</strong></span> <span class='ocrx_word' id='word_1_375' title='bbox 2350 1591 2587 1671; x_wconf 86' lang='lat' dir='ltr'><strong>videre,</strong></span> <span class='ocrx_word' id='word_1_376' title='bbox 2630 1594 2803 1676; x_wconf 88' lang='lat' dir='ltr'><strong>quod</strong></span> <span class='ocrx_word' id='word_1_377' title='bbox 2846 1595 3092 1661; x_wconf 88' lang='lat' dir='ltr'><strong>multus</strong></span> <span class='ocrx_word' id='word_1_378' title='bbox 3129 1600 3226 1663; x_wconf 92' lang='lat' dir='ltr'><strong>est</strong></span> <span class='ocrx_word' id='word_1_379' title='bbox 3269 1598 3351 1664; x_wconf 89' lang='lat' dir='ltr'><strong>ad</strong></span> 
     </span>
     <span class='ocr_line' id='line_1_59' title="bbox 1812 1697 3352 1787; baseline 0.006 -26"><span class='ocrx_word' id='word_1_380' title='bbox 1812 1698 2349 1780; x_wconf 88' lang='lat' dir='ltr'><strong>cognoscendum.</strong></span> <span class='ocrx_word' id='word_1_381' title='bbox 2404 1697 2566 1764; x_wconf 88' lang='lat' dir='ltr'><strong>Nam</strong></span> <span class='ocrx_word' id='word_1_382' title='bbox 2618 1700 2822 1781; x_wconf 88' lang='lat' dir='ltr'><strong>vulgo</strong></span> <span class='ocrx_word' id='word_1_383' title='bbox 2885 1701 3117 1766; x_wconf 84' lang='lat' dir='ltr'><strong>dicitur</strong></span> <span class='ocrx_word' id='word_1_384' title='bbox 3178 1704 3352 1787; x_wconf 91' lang='lat' dir='ltr'><strong>quod</strong></span> 
     </span>
     <span class='ocr_line' id='line_1_60' title="bbox 1814 1803 3352 1890; baseline 0.006 -22"><span class='ocrx_word' id='word_1_385' title='bbox 1814 1803 2050 1869; x_wconf 89' lang='lat' dir='ltr'><strong>mulier</strong></span> <span class='ocrx_word' id='word_1_386' title='bbox 2071 1805 2358 1871; x_wconf 83' lang='lat' dir='ltr'><strong>adultera</strong></span> <span class='ocrx_word' id='word_1_387' title='bbox 2382 1810 2446 1873; x_wconf 87' lang='lat' dir='ltr'><strong>et</strong></span> <span class='ocrx_word' id='word_1_388' title='bbox 2470 1807 2831 1890; x_wconf 85' lang='lat' dir='ltr'><strong>repudiata,</strong></span> <span class='ocrx_word' id='word_1_389' title='bbox 2861 1811 2925 1873; x_wconf 89' lang='lat' dir='ltr'><strong>et</strong></span> <span class='ocrx_word' id='word_1_390' title='bbox 2950 1827 2990 1873; x_wconf 90' lang='lat' dir='ltr'><strong>a</strong></span> <span class='ocrx_word' id='word_1_391' title='bbox 3034 1811 3352 1877; x_wconf 89' lang='lat' dir='ltr'><strong>consortio</strong></span> 
     </span>
     <span class='ocr_line' id='line_1_61' title="bbox 1811 1911 3355 2001; baseline 0.003 -23"><span class='ocrx_word' id='word_1_392' title='bbox 1811 1911 1940 1978; x_wconf 83' lang='lat' dir='ltr'><strong>viri</strong></span> <span class='ocrx_word' id='word_1_393' title='bbox 1965 1912 2186 1993; x_wconf 84' lang='lat' dir='ltr'><strong>ejecta,</strong></span> <span class='ocrx_word' id='word_1_394' title='bbox 2216 1931 2623 1998; x_wconf 87' lang='lat' dir='ltr'><strong>nequaquam</strong></span> <span class='ocrx_word' id='word_1_395' title='bbox 2647 1932 2688 1977; x_wconf 90' lang='lat' dir='ltr'><strong>a</strong></span> <span class='ocrx_word' id='word_1_396' title='bbox 2713 1914 2856 1980; x_wconf 85' lang='lat' dir='ltr'><strong>viro</strong></span> <span class='ocrx_word' id='word_1_397' title='bbox 2882 1917 3247 2001; x_wconf 84' lang='lat' dir='ltr'><strong>suscipitur,</strong></span> <span class='ocrx_word' id='word_1_398' title='bbox 3276 1922 3355 1983; x_wconf 89' lang='lat' dir='ltr'><strong>ut</strong></span> 
     </span>
     <span class='ocr_line' id='line_1_62' title="bbox 1812 2018 3351 2105; baseline 0.005 -22"><span class='ocrx_word' id='word_1_399' title='bbox 1812 2018 1874 2083; x_wconf 91' lang='lat' dir='ltr'><strong>ei</strong></span> <span class='ocrx_word' id='word_1_400' title='bbox 1915 2019 2357 2086; x_wconf 78' lang='lat' dir='ltr'><strong>reconcilietur</strong></span> <span class='ocrx_word' id='word_1_401' title='bbox 2370 2068 2392 2101; x_wconf 89' lang='lat'>‚</span> <span class='ocrx_word' id='word_1_402' title='bbox 2435 2024 2693 2105; x_wconf 87' lang='lat' dir='ltr'><strong>propter</strong></span> <span class='ocrx_word' id='word_1_403' title='bbox 2726 2022 3060 2088; x_wconf 85' lang='lat' dir='ltr'><strong>horrorem</strong></span> <span class='ocrx_word' id='word_1_404' title='bbox 3107 2025 3351 2090; x_wconf 81' lang='lat' dir='ltr'><strong>foedita-</strong></span> 
     </span>
     <span class='ocr_line' id='line_1_63' title="bbox 1815 2128 3356 2216; baseline 0.003 -25"><span class='ocrx_word' id='word_1_405' title='bbox 1815 2130 1956 2192; x_wconf 88' lang='lat' dir='ltr'><strong>tum</strong></span> <span class='ocrx_word' id='word_1_406' title='bbox 2001 2128 2495 2212; x_wconf 66' lang='lat' dir='ltr'><strong>praeteritarum.</strong></span> <span class='ocrx_word' id='word_1_407' title='bbox 2545 2129 2779 2194; x_wconf 83' lang='lat' dir='ltr'><strong>Anima</strong></span> <span class='ocrx_word' id='word_1_408' title='bbox 2819 2134 3037 2196; x_wconf 90' lang='lat' dir='ltr'><strong>tamen</strong></span> <span class='ocrx_word' id='word_1_409' title='bbox 3056 2178 3074 2210; x_wconf 83' lang='lat'>‚</span> <span class='ocrx_word' id='word_1_410' title='bbox 3128 2132 3185 2196; x_wconf 90' lang='lat' dir='ltr'><strong>si</strong></span> <span class='ocrx_word' id='word_1_411' title='bbox 3240 2151 3356 2216; x_wconf 86' lang='lat' dir='ltr'><strong>per</strong></span> 
     </span>
     <span class='ocr_line' id='line_1_64' title="bbox 1814 2234 3355 2323; baseline 0.004 -24"><span class='ocrx_word' id='word_1_412' title='bbox 1814 2234 2214 2301; x_wconf 85' lang='lat' dir='ltr'><strong>aversionem</strong></span> <span class='ocrx_word' id='word_1_413' title='bbox 2244 2254 2284 2300; x_wconf 90' lang='lat' dir='ltr'><strong>a</strong></span> <span class='ocrx_word' id='word_1_414' title='bbox 2311 2236 2438 2302; x_wconf 90' lang='lat' dir='ltr'><strong>Deo</strong></span> <span class='ocrx_word' id='word_1_415' title='bbox 2464 2236 2656 2301; x_wconf 83' lang='lat' dir='ltr'><strong>fuerit</strong></span> <span class='ocrx_word' id='word_1_416' title='bbox 2684 2237 2992 2302; x_wconf 75' lang='lat' dir='ltr'><strong>fornicata</strong></span> <span class='ocrx_word' id='word_1_417' title='bbox 3029 2238 3099 2302; x_wconf 91' lang='lat' dir='ltr'><strong>in</strong></span> <span class='ocrx_word' id='word_1_418' title='bbox 3134 2257 3355 2323; x_wconf 87' lang='lat' dir='ltr'><strong>pecca-</strong></span> 
     </span>
     <span class='ocr_line' id='line_1_65' title="bbox 1814 2341 3355 2423; baseline 0.003 -15"><span class='ocrx_word' id='word_1_419' title='bbox 1814 2342 1898 2408; x_wconf 88' lang='lat' dir='ltr'><strong>tis</strong></span> <span class='ocrx_word' id='word_1_420' title='bbox 1932 2341 2179 2422; x_wconf 86' lang='lat' dir='ltr'><strong>multis,</strong></span> <span class='ocrx_word' id='word_1_421' title='bbox 2218 2343 2273 2407; x_wconf 87' lang='lat' dir='ltr'><strong>si</strong></span> <span class='ocrx_word' id='word_1_422' title='bbox 2316 2344 2601 2409; x_wconf 85' lang='lat' dir='ltr'><strong>converti</strong></span> <span class='ocrx_word' id='word_1_423' title='bbox 2646 2343 2959 2423; x_wconf 82' lang='lat' dir='ltr'><strong>voluerit,</strong></span> <span class='ocrx_word' id='word_1_424' title='bbox 3011 2345 3355 2413; x_wconf 88' lang='lat' dir='ltr'><strong>clementer</strong></span> 
     </span>
     <span class='ocr_line' id='line_1_66' title="bbox 1817 2449 3354 2535; baseline 0.003 -22"><span class='ocrx_word' id='word_1_425' title='bbox 1817 2449 2159 2533; x_wconf 84' lang='lat' dir='ltr'><strong>suscipitur</strong></span> <span class='ocrx_word' id='word_1_426' title='bbox 2187 2469 2227 2515; x_wconf 89' lang='lat' dir='ltr'><strong>a</strong></span> <span class='ocrx_word' id='word_1_427' title='bbox 2252 2450 2500 2515; x_wconf 83' lang='lat' dir='ltr'><strong>Christo</strong></span> <span class='ocrx_word' id='word_1_428' title='bbox 2528 2468 2546 2515; x_wconf 75' lang='lat' dir='ltr'><strong><em>z</em></strong></span> <span class='ocrx_word' id='word_1_429' title='bbox 2578 2468 2712 2516; x_wconf 92' lang='lat' dir='ltr'><strong>non</strong></span> <span class='ocrx_word' id='word_1_430' title='bbox 2740 2456 2998 2535; x_wconf 83' lang='lat' dir='ltr'><strong>propter</strong></span> <span class='ocrx_word' id='word_1_431' title='bbox 3018 2452 3354 2520; x_wconf 87' lang='lat' dir='ltr'><strong>horrorem</strong></span> 
     </span>
     <span class='ocr_line' id='line_1_67' title="bbox 1817 2557 3352 2641; baseline 0.005 -22"><span class='ocrx_word' id='word_1_432' title='bbox 1817 2558 2286 2639; x_wconf 75' lang='lat' dir='ltr'><strong>praeteritarum</strong></span> <span class='ocrx_word' id='word_1_433' title='bbox 2325 2557 2682 2622; x_wconf 78' lang='lat' dir='ltr'><strong>foeditatum</strong></span> <span class='ocrx_word' id='word_1_434' title='bbox 2727 2558 2968 2624; x_wconf 85' lang='lat' dir='ltr'><strong>devitat</strong></span> <span class='ocrx_word' id='word_1_435' title='bbox 3011 2560 3152 2641; x_wconf 85' lang='lat' dir='ltr'><strong>ejus</strong></span> <span class='ocrx_word' id='word_1_436' title='bbox 3194 2579 3352 2625; x_wconf 89' lang='lat' dir='ltr'><strong>con-</strong></span> 
     </span>
     <span class='ocr_line' id='line_1_68' title="bbox 1817 2663 3352 2750; baseline 0.003 -22"><span class='ocrx_word' id='word_1_437' title='bbox 1817 2665 2112 2729; x_wconf 83' lang='lat' dir='ltr'><strong>sortium.</strong></span> <span class='ocrx_word' id='word_1_438' title='bbox 2143 2664 2221 2730; x_wconf 82' lang='lat' dir='ltr'><strong>Et</strong></span> <span class='ocrx_word' id='word_1_439' title='bbox 2259 2668 2516 2748; x_wconf 84' lang='lat' dir='ltr'><strong>propter</strong></span> <span class='ocrx_word' id='word_1_440' title='bbox 2545 2663 2668 2728; x_wconf 87' lang='lat' dir='ltr'><strong>hoc</strong></span> <span class='ocrx_word' id='word_1_441' title='bbox 2704 2663 2855 2730; x_wconf 87' lang='lat' dir='ltr'><strong>dicit</strong></span> <span class='ocrx_word' id='word_1_442' title='bbox 2890 2664 3352 2750; x_wconf 72' lang='lat' dir='ltr'><strong>HieronymuS‚</strong></span> 
     </span>
     <span class='ocr_line' id='line_1_69' title="bbox 1816 2771 3348 2854; baseline 0.003 -17"><span class='ocrx_word' id='word_1_443' title='bbox 1816 2771 2036 2837; x_wconf 90' lang='lat' dir='ltr'><strong>doctor</strong></span> <span class='ocrx_word' id='word_1_444' title='bbox 2060 2771 2488 2852; x_wconf 80' lang='lat' dir='ltr'><strong>fidelissimus,</strong></span> <span class='ocrx_word' id='word_1_445' title='bbox 2519 2789 2714 2854; x_wconf 88' lang='lat' dir='ltr'><strong>super</strong></span> <span class='ocrx_word' id='word_1_446' title='bbox 2739 2772 2896 2839; x_wconf 88' lang='lat' dir='ltr'><strong>illud</strong></span> <span class='ocrx_word' id='word_1_447' title='bbox 2923 2773 3258 2841; x_wconf 61' lang='lat' dir='ltr'><strong>Hieremiae</strong></span> <span class='ocrx_word' id='word_1_448' title='bbox 3275 2782 3298 2818; x_wconf 83' lang='lat'>⁸</span> <span class='ocrx_word' id='word_1_449' title='bbox 3333 2799 3348 2841; x_wconf 76' lang='grc' dir='ltr'>ε</span> 
     </span>
     <span class='ocr_line' id='line_1_70' title="bbox 1826 2879 3354 2967; baseline 0.005 -25"><span class='ocrx_word' id='word_1_450' title='bbox 1826 2902 1858 2942; x_wconf 74' lang='lat' dir='ltr'><strong>c</strong></span> <span class='ocrx_word' id='word_1_451' title='bbox 1881 2879 2023 2945; x_wconf 81' lang='lat' dir='ltr'><strong>Dixi</strong></span> <span class='ocrx_word' id='word_1_452' title='bbox 2046 2881 2131 2964; x_wconf 85' lang='lat' dir='ltr'><strong>(a)</strong></span> <span class='ocrx_word' id='word_1_453' title='bbox 2150 2901 2165 2943; x_wconf 73' lang='grc' dir='ltr'>ε</span> <span class='ocrx_word' id='word_1_454' title='bbox 2187 2880 2548 2959; x_wconf 82' lang='lat' dir='ltr'><strong>Revertere,</strong></span> <span class='ocrx_word' id='word_1_455' title='bbox 2569 2885 2887 2946; x_wconf 86' lang='lat' dir='ltr'><strong>revertere</strong></span> <span class='ocrx_word' id='word_1_456' title='bbox 2904 2902 2921 2960; x_wconf 93' lang='lat'>;</span> <span class='ocrx_word' id='word_1_457' title='bbox 2941 2885 3005 2946; x_wconf 89' lang='lat' dir='ltr'><strong>et</strong></span> <span class='ocrx_word' id='word_1_458' title='bbox 3017 2901 3149 2948; x_wconf 91' lang='lat' dir='ltr'><strong>non</strong></span> <span class='ocrx_word' id='word_1_459' title='bbox 3162 2888 3257 2948; x_wconf 92' lang='lat' dir='ltr'><strong>est</strong></span> <span class='ocrx_word' id='word_1_460' title='bbox 3274 2883 3354 2967; x_wconf 81' lang='lat' dir='ltr'><strong>(b)</strong></span> 
     </span>
     <span class='ocr_line' id='line_1_71' title="bbox 1816 2987 3352 3073; baseline 0.003 -19"><span class='ocrx_word' id='word_1_461' title='bbox 1816 3007 2092 3056; x_wconf 86' lang='lat' dir='ltr'><strong>reversa.</strong></span> <span class='ocrx_word' id='word_1_462' title='bbox 2139 3010 2171 3049; x_wconf 70' lang='grc' dir='ltr'><strong>υ</strong></span> <span class='ocrx_word' id='word_1_463' title='bbox 2217 2987 2266 3054; x_wconf 89' lang='grc' dir='ltr'>Ο</span> <span class='ocrx_word' id='word_1_464' title='bbox 2308 2988 2645 3054; x_wconf 89' lang='lat' dir='ltr'><strong>clementia</strong></span> <span class='ocrx_word' id='word_1_465' title='bbox 2689 2990 2769 3054; x_wconf 89' lang='lat' dir='ltr'><strong>de</strong></span> <span class='ocrx_word' id='word_1_466' title='bbox 2814 2992 3037 3054; x_wconf 88' lang='lat' dir='ltr'><strong>nostra</strong></span> <span class='ocrx_word' id='word_1_467' title='bbox 3083 2991 3352 3073; x_wconf 85' lang='lat' dir='ltr'><strong>duritia,</strong></span> 
     </span>
     <span class='ocr_line' id='line_1_72' title="bbox 1817 3095 3352 3180; baseline 0.002 -18"><span class='ocrx_word' id='word_1_468' title='bbox 1817 3096 1973 3162; x_wconf 92' lang='lat' dir='ltr'><strong>dum</strong></span> <span class='ocrx_word' id='word_1_469' title='bbox 2001 3099 2145 3180; x_wconf 88' lang='lat' dir='ltr'><strong>post</strong></span> <span class='ocrx_word' id='word_1_470' title='bbox 2166 3099 2347 3161; x_wconf 86' lang='lat' dir='ltr'><strong>tanta</strong></span> <span class='ocrx_word' id='word_1_471' title='bbox 2377 3095 2614 3161; x_wconf 87' lang='lat' dir='ltr'><strong>scelera</strong></span> <span class='ocrx_word' id='word_1_472' title='bbox 2651 3113 2769 3161; x_wconf 91' lang='lat' dir='ltr'><strong>nos</strong></span> <span class='ocrx_word' id='word_1_473' title='bbox 2812 3103 3115 3180; x_wconf 87' lang='lat' dir='ltr'><strong>provocat</strong></span> <span class='ocrx_word' id='word_1_474' title='bbox 3139 3099 3220 3164; x_wconf 87' lang='lat' dir='ltr'><strong>ad</strong></span> <span class='ocrx_word' id='word_1_475' title='bbox 3250 3118 3352 3165; x_wconf 88' lang='lat' dir='ltr'><strong>sa-</strong></span> 
     </span>
     <span class='ocr_line' id='line_1_73' title="bbox 1816 3203 3356 3288; baseline 0.002 -17"><span class='ocrx_word' id='word_1_476' title='bbox 1816 3206 2018 3271; x_wconf 81' lang='lat' dir='ltr'><strong>lutem</strong></span> <span class='ocrx_word' id='word_1_477' title='bbox 2030 3252 2055 3285; x_wconf 89' lang='lat'><em>,</em></span> <span class='ocrx_word' id='word_1_478' title='bbox 2110 3223 2229 3270; x_wconf 87' lang='lat' dir='ltr'><strong>nec</strong></span> <span class='ocrx_word' id='word_1_479' title='bbox 2271 3204 2586 3288; x_wconf 87' lang='lat' dir='ltr'><strong>siquidem</strong></span> <span class='ocrx_word' id='word_1_480' title='bbox 2626 3203 2927 3270; x_wconf 89' lang='lat' dir='ltr'><strong>volumus</strong></span> <span class='ocrx_word' id='word_1_481' title='bbox 2967 3205 3048 3270; x_wconf 88' lang='lat' dir='ltr'><strong>ad</strong></span> <span class='ocrx_word' id='word_1_482' title='bbox 3090 3207 3356 3274; x_wconf 81' lang='lat' dir='ltr'><strong>meliora</strong></span> 
     </span>
     <span class='ocr_line' id='line_1_74' title="bbox 1818 3313 2137 3380; baseline -0.013 0"><span class='ocrx_word' id='word_1_483' title='bbox 1818 3313 2137 3380; x_wconf 78' lang='lat' dir='ltr'><strong>converti!</strong></span> 
     </span>
    </p>

    <p class='ocr_par' dir='ltr' id='par_1_6' title="bbox 1815 3419 3359 5446">
     <span class='ocr_line' id='line_1_75' title="bbox 1898 3419 3353 3505; baseline 0.001 -18"><span class='ocrx_word' id='word_1_484' title='bbox 1898 3421 2200 3505; x_wconf 87' lang='lat' dir='ltr'><strong>Sequitur</strong></span> <span class='ocrx_word' id='word_1_485' title='bbox 2229 3443 2246 3486; x_wconf 91' lang='lat'>:</span> <span class='ocrx_word' id='word_1_486' title='bbox 2276 3421 2591 3500; x_wconf 65' lang='lat' dir='ltr'><strong>Peritum,</strong></span> <span class='ocrx_word' id='word_1_487' title='bbox 2622 3419 2735 3485; x_wconf 87' lang='lat' dir='ltr'><strong>ubi</strong></span> <span class='ocrx_word' id='word_1_488' title='bbox 2769 3419 3112 3487; x_wconf 86' lang='lat' dir='ltr'><strong>ostendunt</strong></span> <span class='ocrx_word' id='word_1_489' title='bbox 3136 3439 3353 3488; x_wconf 84' lang='lat' dir='ltr'><strong>neces-</strong></span> 
     </span>
     <span class='ocr_line' id='line_1_76' title="bbox 1816 3526 3353 3612; baseline -0.002 -14"><span class='ocrx_word' id='word_1_490' title='bbox 1816 3531 2018 3598; x_wconf 82' lang='lat' dir='ltr'><strong>sitatis</strong></span> <span class='ocrx_word' id='word_1_491' title='bbox 2044 3529 2484 3612; x_wconf 82' lang='lat' dir='ltr'><strong>indigentiam.</strong></span> <span class='ocrx_word' id='word_1_492' title='bbox 2533 3526 2840 3611; x_wconf 85' lang='lat' dir='ltr'><strong>Exemplo</strong></span> <span class='ocrx_word' id='word_1_493' title='bbox 2865 3527 3041 3592; x_wconf 90' lang='lat' dir='ltr'><strong>enim</strong></span> <span class='ocrx_word' id='word_1_494' title='bbox 3082 3531 3353 3595; x_wconf 89' lang='lat' dir='ltr'><strong>istorum</strong></span> 
     </span>
     <span class='ocr_line' id='line_1_77' title="bbox 1817 3634 3352 3724; baseline -0.002 -19"><span class='ocrx_word' id='word_1_495' title='bbox 1817 3638 2271 3724; x_wconf 86' lang='lat' dir='ltr'><strong>apostolorum,</strong></span> <span class='ocrx_word' id='word_1_496' title='bbox 2302 3635 2566 3720; x_wconf 85' lang='lat' dir='ltr'><strong>quilibet</strong></span> <span class='ocrx_word' id='word_1_497' title='bbox 2602 3634 2766 3700; x_wconf 87' lang='lat' dir='ltr'><strong>alius</strong></span> <span class='ocrx_word' id='word_1_498' title='bbox 2795 3635 2981 3700; x_wconf 86' lang='lat' dir='ltr'><strong>debet</strong></span> <span class='ocrx_word' id='word_1_499' title='bbox 3020 3637 3352 3702; x_wconf 85' lang='lat' dir='ltr'><strong>ostendere</strong></span> 
     </span>
     <span class='ocr_line' id='line_1_78' title="bbox 1818 3743 3350 3826; baseline -0.004 -12"><span class='ocrx_word' id='word_1_500' title='bbox 1818 3747 2064 3814; x_wconf 85' lang='lat' dir='ltr'><strong>Christo</strong></span> <span class='ocrx_word' id='word_1_501' title='bbox 2090 3763 2274 3810; x_wconf 88' lang='lat' dir='ltr'><strong>suam</strong></span> <span class='ocrx_word' id='word_1_502' title='bbox 2311 3743 2734 3826; x_wconf 79' lang='lat' dir='ltr'><strong>indigentiam</strong></span> <span class='ocrx_word' id='word_1_503' title='bbox 2777 3748 2840 3808; x_wconf 90' lang='lat' dir='ltr'><strong>et</strong></span> <span class='ocrx_word' id='word_1_504' title='bbox 2882 3743 3317 3810; x_wconf 84' lang='lat' dir='ltr'><strong>necessitatem</strong></span> <span class='ocrx_word' id='word_1_505' title='bbox 3330 3793 3350 3826; x_wconf 90' lang='lat'>‚</span> 
     </span>
     <span class='ocr_line' id='line_1_79' title="bbox 1817 3851 3353 3937; baseline -0.004 -16"><span class='ocrx_word' id='word_1_506' title='bbox 1817 3873 1966 3920; x_wconf 90' lang='lat' dir='ltr'><strong>cum</strong></span> <span class='ocrx_word' id='word_1_507' title='bbox 1992 3854 2167 3919; x_wconf 84' lang='lat' dir='ltr'><strong>videt</strong></span> <span class='ocrx_word' id='word_1_508' title='bbox 2191 3871 2261 3918; x_wconf 90' lang='lat' dir='ltr'><strong>se</strong></span> <span class='ocrx_word' id='word_1_509' title='bbox 2286 3854 2495 3937; x_wconf 87' lang='lat' dir='ltr'><strong>perire</strong></span> <span class='ocrx_word' id='word_1_510' title='bbox 2524 3873 2541 3916; x_wconf 77' lang='lat' dir='ltr'><strong><em>z</em></strong></span> <span class='ocrx_word' id='word_1_511' title='bbox 2574 3851 2807 3934; x_wconf 86' lang='lat' dir='ltr'><strong>primo,</strong></span> <span class='ocrx_word' id='word_1_512' title='bbox 2837 3855 3094 3935; x_wconf 86' lang='lat' dir='ltr'><strong>propter</strong></span> <span class='ocrx_word' id='word_1_513' title='bbox 3126 3851 3353 3918; x_wconf 90' lang='lat' dir='ltr'><strong>debili-</strong></span> 
     </span>
     <span class='ocr_line' id='line_1_80' title="bbox 1815 3957 3354 4045; baseline -0.003 -16"><span class='ocrx_word' id='word_1_514' title='bbox 1815 3967 2014 4029; x_wconf 86' lang='lat' dir='ltr'><strong>tatem</strong></span> <span class='ocrx_word' id='word_1_515' title='bbox 2052 3960 2446 4045; x_wconf 82' lang='lat' dir='ltr'><strong>impotentiae</strong></span> <span class='ocrx_word' id='word_1_516' title='bbox 2486 3957 2985 4034; x_wconf 80' lang='lat' dir='ltr'><strong>succumbentis3</strong></span> <span class='ocrx_word' id='word_1_517' title='bbox 3040 3959 3317 4024; x_wconf 87' lang='lat' dir='ltr'><strong>secundo</strong></span> <span class='ocrx_word' id='word_1_518' title='bbox 3329 4005 3354 4039; x_wconf 90' lang='lat'>‚</span> 
     </span>
     <span class='ocr_line' id='line_1_81' title="bbox 1819 4066 3357 4157; baseline -0.005 -19"><span class='ocrx_word' id='word_1_519' title='bbox 1819 4075 2078 4157; x_wconf 88' lang='lat' dir='ltr'><strong>propter</strong></span> <span class='ocrx_word' id='word_1_520' title='bbox 2095 4072 2444 4137; x_wconf 63' lang='lat' dir='ltr'><strong>caecitatem</strong></span> <span class='ocrx_word' id='word_1_521' title='bbox 2465 4066 2848 4150; x_wconf 65' lang='lat' dir='ltr'><strong>ignorantiae</strong></span> <span class='ocrx_word' id='word_1_522' title='bbox 2868 4066 3207 4145; x_wconf 89' lang='lat' dir='ltr'><strong>deviantis;</strong></span> <span class='ocrx_word' id='word_1_523' title='bbox 3234 4071 3357 4132; x_wconf 88' lang='lat' dir='ltr'><strong>ter-</strong></span> 
     </span>
     <span class='ocr_line' id='line_1_82' title="bbox 1819 4174 3358 4264; baseline -0.006 -17"><span class='ocrx_word' id='word_1_524' title='bbox 1819 4183 1929 4262; x_wconf 85' lang='lat' dir='ltr'><strong>tio,</strong></span> <span class='ocrx_word' id='word_1_525' title='bbox 1958 4184 2217 4264; x_wconf 86' lang='lat' dir='ltr'><strong>propter</strong></span> <span class='ocrx_word' id='word_1_526' title='bbox 2236 4176 2670 4262; x_wconf 68' lang='lat' dir='ltr'><strong>poenalitatem</strong></span> <span class='ocrx_word' id='word_1_527' title='bbox 2696 4174 2971 4239; x_wconf 80' lang='lat' dir='ltr'><strong>miseriae</strong></span> <span class='ocrx_word' id='word_1_528' title='bbox 2997 4174 3358 4258; x_wconf 84' lang='lat' dir='ltr'><strong>opprimen-</strong></span> 
     </span>
     <span class='ocr_line' id='line_1_83' title="bbox 1817 4281 3355 4371; baseline -0.007 -15"><span class='ocrx_word' id='word_1_529' title='bbox 1817 4290 1919 4356; x_wconf 87' lang='lat' dir='ltr'><strong>tis.</strong></span> <span class='ocrx_word' id='word_1_530' title='bbox 1951 4289 2171 4355; x_wconf 87' lang='lat' dir='ltr'><strong>Primo</strong></span> <span class='ocrx_word' id='word_1_531' title='bbox 2208 4286 2372 4371; x_wconf 87' lang='lat' dir='ltr'><strong>perit</strong></span> <span class='ocrx_word' id='word_1_532' title='bbox 2398 4284 2629 4368; x_wconf 85' lang='lat' dir='ltr'><strong>aliquis</strong></span> <span class='ocrx_word' id='word_1_533' title='bbox 2676 4286 2930 4366; x_wconf 84' lang='lat' dir='ltr'><strong>propter</strong></span> <span class='ocrx_word' id='word_1_534' title='bbox 2968 4281 3355 4348; x_wconf 87' lang='lat' dir='ltr'><strong>debilitatem</strong></span> 
     </span>
     <span class='ocr_line' id='line_1_84' title="bbox 1819 4387 3351 4481; baseline -0.007 -18"><span class='ocrx_word' id='word_1_535' title='bbox 1819 4396 2210 4481; x_wconf 81' lang='lat' dir='ltr'><strong>impotentiae</strong></span> <span class='ocrx_word' id='word_1_536' title='bbox 2245 4412 2437 4459; x_wconf 87' lang='lat' dir='ltr'><strong>succu</strong></span> <span class='ocrx_word' id='word_1_537' title='bbox 2445 4390 2748 4469; x_wconf 82' lang='lat' dir='ltr'><strong>mbentis3</strong></span> <span class='ocrx_word' id='word_1_538' title='bbox 2798 4388 2972 4454; x_wconf 91' lang='lat' dir='ltr'><strong>unde</strong></span> <span class='ocrx_word' id='word_1_539' title='bbox 3018 4388 3248 4454; x_wconf 84' lang='lat' dir='ltr'><strong>dicitur</strong></span> <span class='ocrx_word' id='word_1_540' title='bbox 3272 4387 3296 4424; x_wconf 82' lang='lat'>⁷</span> <span class='ocrx_word' id='word_1_541' title='bbox 3335 4409 3351 4453; x_wconf 72' lang='grc' dir='ltr'><strong><em>ε</em></strong></span> 
     </span>
     <span class='ocr_line' id='line_1_85' title="bbox 1828 4495 3348 4582; baseline -0.008 -13"><span class='ocrx_word' id='word_1_542' title='bbox 1828 4529 1860 4569; x_wconf 75' lang='lat' dir='ltr'>e</span> <span class='ocrx_word' id='word_1_543' title='bbox 1884 4504 2109 4572; x_wconf 87' lang='lat' dir='ltr'><strong>Nonne</strong></span> <span class='ocrx_word' id='word_1_544' title='bbox 2145 4501 2391 4580; x_wconf 83' lang='lat' dir='ltr'><strong>videtis,</strong></span> <span class='ocrx_word' id='word_1_545' title='bbox 2421 4499 2593 4582; x_wconf 90' lang='lat' dir='ltr'><strong>quod</strong></span> <span class='ocrx_word' id='word_1_546' title='bbox 2626 4498 2883 4581; x_wconf 89' lang='lat' dir='ltr'><strong>perierit</strong></span> <span class='ocrx_word' id='word_1_547' title='bbox 2924 4495 3285 4581; x_wconf 75' lang='lat' dir='ltr'><strong>AEgyptusi</strong></span> <span class='ocrx_word' id='word_1_548' title='bbox 3317 4517 3348 4557; x_wconf 70' lang='lat' dir='ltr'><strong>n</strong></span> 
     </span>
     <span class='ocr_line' id='line_1_86' title="bbox 1819 4603 3359 4695; baseline -0.006 -16"><span class='ocrx_word' id='word_1_549' title='bbox 1819 4613 2139 4695; x_wconf 82' lang='lat' dir='ltr'><strong>AEgyptus</strong></span> <span class='ocrx_word' id='word_1_550' title='bbox 2162 4606 2599 4674; x_wconf 87' lang='lat' dir='ltr'><strong>contradicens</strong></span> <span class='ocrx_word' id='word_1_551' title='bbox 2629 4604 2869 4670; x_wconf 65' lang='lat' dir='ltr'><strong>divinae</strong></span> <span class='ocrx_word' id='word_1_552' title='bbox 2894 4603 3228 4682; x_wconf 83' lang='lat' dir='ltr'><strong>voluntati,</strong></span> <span class='ocrx_word' id='word_1_553' title='bbox 3257 4621 3359 4669; x_wconf 91' lang='lat' dir='ltr'><strong>co-</strong></span> 
     </span>
     <span class='ocr_line' id='line_1_87' title="bbox 1821 4710 3358 4805; baseline -0.007 -19"><span class='ocrx_word' id='word_1_554' title='bbox 1821 4736 2140 4805; x_wconf 89' lang='lat' dir='ltr'><strong>gnoscens</strong></span> <span class='ocrx_word' id='word_1_555' title='bbox 2160 4712 2739 4801; x_wconf 80' lang='lat' dir='ltr'><strong>experimentaliter</strong></span> <span class='ocrx_word' id='word_1_556' title='bbox 2754 4730 2823 4777; x_wconf 89' lang='lat' dir='ltr'><strong>se</strong></span> <span class='ocrx_word' id='word_1_557' title='bbox 2847 4711 3085 4795; x_wconf 86' lang='lat' dir='ltr'><strong>perisse</strong></span> <span class='ocrx_word' id='word_1_558' title='bbox 3110 4710 3358 4776; x_wconf 90' lang='lat' dir='ltr'><strong>ratione</strong></span> 
     </span>
     <span class='ocr_line' id='line_1_88' title="bbox 1818 4816 3357 4906; baseline -0.008 -14"><span class='ocrx_word' id='word_1_559' title='bbox 1818 4825 2156 4895; x_wconf 86' lang='lat' dir='ltr'><strong>debilitatis</strong></span> <span class='ocrx_word' id='word_1_560' title='bbox 2201 4820 2593 4906; x_wconf 63' lang='lat' dir='ltr'><strong>impotentiae</strong></span> <span class='ocrx_word' id='word_1_561' title='bbox 2635 4819 2703 4884; x_wconf 89' lang='lat' dir='ltr'><strong>iu</strong></span> <span class='ocrx_word' id='word_1_562' title='bbox 2744 4817 3097 4884; x_wconf 86' lang='lat' dir='ltr'><strong>resistendo</strong></span> <span class='ocrx_word' id='word_1_563' title='bbox 3148 4816 3357 4900; x_wconf 83' lang='lat' dir='ltr'><strong>poenis</strong></span> 
     </span>
     <span class='ocr_line' id='line_1_89' title="bbox 1816 4923 3358 5015; baseline -0.009 -13"><span class='ocrx_word' id='word_1_564' title='bbox 1816 4936 2005 5002; x_wconf 87' lang='lat' dir='ltr'><strong>illatis</strong></span> <span class='ocrx_word' id='word_1_565' title='bbox 2028 4933 2173 5015; x_wconf 87' lang='lat' dir='ltr'><strong>sibi,</strong></span> <span class='ocrx_word' id='word_1_566' title='bbox 2204 4932 2419 5014; x_wconf 88' lang='lat' dir='ltr'><strong>signat</strong></span> <span class='ocrx_word' id='word_1_567' title='bbox 2443 4927 2791 5013; x_wconf 88' lang='lat' dir='ltr'><strong>quemlibet</strong></span> <span class='ocrx_word' id='word_1_568' title='bbox 2822 4923 3204 4990; x_wconf 86' lang='lat' dir='ltr'><strong>imbecillem</strong></span> <span class='ocrx_word' id='word_1_569' title='bbox 3247 4941 3358 5007; x_wconf 89' lang='lat' dir='ltr'><strong>po-</strong></span> 
     </span>
     <span class='ocr_line' id='line_1_90' title="bbox 1818 5030 3353 5117; baseline -0.011 -7"><span class='ocrx_word' id='word_1_570' title='bbox 1818 5046 2014 5110; x_wconf 89' lang='lat' dir='ltr'><strong>situm</strong></span> <span class='ocrx_word' id='word_1_571' title='bbox 2036 5044 2107 5107; x_wconf 91' lang='lat' dir='ltr'><strong>in</strong></span> <span class='ocrx_word' id='word_1_572' title='bbox 2142 5039 2549 5107; x_wconf 82' lang='lat' dir='ltr'><strong>tribulatione</strong></span> <span class='ocrx_word' id='word_1_573' title='bbox 2589 5039 2653 5100; x_wconf 91' lang='lat' dir='ltr'><strong>et</strong></span> <span class='ocrx_word' id='word_1_574' title='bbox 2690 5033 3012 5117; x_wconf 86' lang='lat' dir='ltr'><strong>angustia,</strong></span> <span class='ocrx_word' id='word_1_575' title='bbox 3045 5031 3160 5115; x_wconf 88' lang='lat' dir='ltr'><strong>qui</strong></span> <span class='ocrx_word' id='word_1_576' title='bbox 3186 5030 3353 5096; x_wconf 83' lang='lat' dir='ltr'><strong>diffl-</strong></span> 
     </span>
     <span class='ocr_line' id='line_1_91' title="bbox 1816 5138 3352 5225; baseline -0.01 -7"><span class='ocrx_word' id='word_1_577' title='bbox 1816 5153 1974 5218; x_wconf 89' lang='lat' dir='ltr'><strong>dens</strong></span> <span class='ocrx_word' id='word_1_578' title='bbox 1996 5151 2077 5217; x_wconf 92' lang='lat' dir='ltr'><strong>de</strong></span> <span class='ocrx_word' id='word_1_579' title='bbox 2101 5149 2320 5217; x_wconf 83' lang='lat' dir='ltr'><strong>divino</strong></span> <span class='ocrx_word' id='word_1_580' title='bbox 2341 5145 2613 5225; x_wconf 76' lang='lat' dir='ltr'><strong>auxilio,</strong></span> <span class='ocrx_word' id='word_1_581' title='bbox 2655 5147 2720 5209; x_wconf 90' lang='lat' dir='ltr'><strong>et</strong></span> <span class='ocrx_word' id='word_1_582' title='bbox 2751 5141 3003 5209; x_wconf 87' lang='lat' dir='ltr'><strong>rebellis</strong></span> <span class='ocrx_word' id='word_1_583' title='bbox 3046 5138 3311 5206; x_wconf 80' lang='lat' dir='ltr'><strong>effectus</strong></span> <span class='ocrx_word' id='word_1_584' title='bbox 3329 5186 3352 5219; x_wconf 87' lang='lat'>‚</span> 
     </span>
     <span class='ocr_line' id='line_1_92' title="bbox 1817 5246 3353 5341; baseline -0.011 -13"><span class='ocrx_word' id='word_1_585' title='bbox 1817 5260 2054 5327; x_wconf 90' lang='lat' dir='ltr'><strong>intuitu</strong></span> <span class='ocrx_word' id='word_1_586' title='bbox 2091 5254 2452 5341; x_wconf 70' lang='lat' dir='ltr'><strong>fragilitatis</strong></span> <span class='ocrx_word' id='word_1_587' title='bbox 2492 5269 2633 5318; x_wconf 82' lang='lat' dir='ltr'><strong>suae</strong></span> <span class='ocrx_word' id='word_1_588' title='bbox 2668 5251 2832 5336; x_wconf 83' lang='lat' dir='ltr'><strong>perit</strong></span> <span class='ocrx_word' id='word_1_589' title='bbox 2869 5246 3150 5333; x_wconf 88' lang='lat' dir='ltr'><strong>periculo</strong></span> <span class='ocrx_word' id='word_1_590' title='bbox 3188 5246 3353 5312; x_wconf 87' lang='lat' dir='ltr'><strong>inte-</strong></span> 
     </span>
     <span class='ocr_line' id='line_1_93' title="bbox 1817 5352 3354 5446; baseline -0.011 -12"><span class='ocrx_word' id='word_1_591' title='bbox 1817 5368 2005 5433; x_wconf 88' lang='lat' dir='ltr'><strong>rioris</strong></span> <span class='ocrx_word' id='word_1_592' title='bbox 2045 5361 2523 5446; x_wconf 79' lang='lat' dir='ltr'><strong>indignationis.</strong></span> <span class='ocrx_word' id='word_1_593' title='bbox 2568 5358 2862 5428; x_wconf 81' lang='lat' dir='ltr'><strong>Secundo</strong></span> <span class='ocrx_word' id='word_1_594' title='bbox 2903 5354 3070 5440; x_wconf 84' lang='lat' dir='ltr'><strong>perit</strong></span> <span class='ocrx_word' id='word_1_595' title='bbox 3118 5352 3354 5438; x_wconf 87' lang='lat' dir='ltr'><strong>aliquis</strong></span> 
     </span>
    </p>

    <p class='ocr_par' dir='ltr' id='par_1_7' title="bbox 1882 5480 3227 5560">
     <span class='ocr_line' id='line_1_94' title="bbox 1882 5480 3227 5560; baseline -0.006 -16"><span class='ocrx_word' id='word_1_596' title='bbox 1882 5491 1955 5560; x_wconf 70' lang='lat' dir='ltr'><strong>(a)</strong></span> <span class='ocrx_word' id='word_1_597' title='bbox 1984 5490 2110 5543; x_wconf 70' lang='grc' dir='ltr'><strong>σαι.</strong></span> <span class='ocrx_word' id='word_1_598' title='bbox 2135 5488 2259 5542; x_wconf 76' lang='lat' dir='ltr'><strong>edit.</strong></span> <span class='ocrx_word' id='word_1_599' title='bbox 2286 5486 2434 5544; x_wconf 76' lang='lat' dir='ltr'><strong>dixit.</strong></span> <span class='ocrx_word' id='word_1_600' title='bbox 2459 5511 2521 5526; x_wconf 91' lang='lat'>—</span> <span class='ocrx_word' id='word_1_601' title='bbox 2554 5482 2628 5551; x_wconf 69' lang='grc' dir='ltr'><strong>(ὁ)</strong></span> <span class='ocrx_word' id='word_1_602' title='bbox 2652 5483 2776 5539; x_wconf 72' lang='lat' dir='ltr'><strong>cac.</strong></span> <span class='ocrx_word' id='word_1_603' title='bbox 2807 5480 2930 5536; x_wconf 62' lang='lat' dir='ltr'><strong>m.</strong></span> <span class='ocrx_word' id='word_1_604' title='bbox 2958 5480 3102 5536; x_wconf 70' lang='lat' dir='ltr'><strong>omis.</strong></span> <span class='ocrx_word' id='word_1_605' title='bbox 3130 5482 3227 5536; x_wconf 70' lang='lat' dir='ltr'><strong>est.</strong></span> 
     </span>
    </p>
   </div>
  </div>
 </body>
</html>
