<?xml version="1.0" encoding="UTF-8"?>
<!DOCTYPE html PUBLIC "-//W3C//DTD XHTML 1.0 Transitional//EN"
    "http://www.w3.org/TR/xhtml1/DTD/xhtml1-transitional.dtd">
<html xmlns="http://www.w3.org/1999/xhtml" xml:lang="en" lang="en">
 <head>
  <title>
</title>
<meta http-equiv="Content-Type" content="text/html;charset=utf-8" />
  <meta name='ocr-system' content='tesseract 3.04.00' />
  <meta name='ocr-capabilities' content='ocr_page ocr_carea ocr_par ocr_line ocrx_word'/>
</head>
<body>
  <div class='ocr_page' id='page_1' title='image "./srecardinalissb02peltgoog_0313.png"; bbox 0 0 4059 6317; ppageno 0'>
   <div class='ocr_carea' id='block_1_1' title="bbox 1088 443 2562 530">
    <p class='ocr_par' dir='ltr' id='par_1_1' title="bbox 1088 443 2562 530">
     <span class='ocr_line' id='line_1_1' title="bbox 1088 443 2562 530; baseline 0.008 -12"><span class='ocrx_word' id='word_1_1' title='bbox 1088 445 1173 518; x_wconf 86' lang='lat' dir='ltr'><strong>IN</strong></span> <span class='ocrx_word' id='word_1_2' title='bbox 1213 443 1496 522; x_wconf 83' lang='lat' dir='ltr'><strong>DIEBUS</strong></span> <span class='ocrx_word' id='word_1_3' title='bbox 1538 443 2083 523; x_wconf 72' lang='lat' dir='ltr'><strong>ROGATJONUM.</strong></span> <span class='ocrx_word' id='word_1_4' title='bbox 2124 455 2389 527; x_wconf 75' lang='lat' dir='ltr'><strong>SERMO</strong></span> <span class='ocrx_word' id='word_1_5' title='bbox 2428 453 2562 530; x_wconf 81' lang='lat' dir='ltr'><strong>vn.</strong></span> 
     </span>
    </p>
   </div>
   <div class='ocr_carea' id='block_1_2' title="bbox 180 586 1770 4988">
    <p class='ocr_par' dir='ltr' id='par_1_2' title="bbox 180 586 1767 1192">
     <span class='ocr_line' id='line_1_2' title="bbox 185 586 1767 672; baseline 0.001 -18"><span class='ocrx_word' id='word_1_6' title='bbox 185 589 311 654; x_wconf 76' lang='lat' dir='ltr'><strong>est</strong></span> <span class='ocrx_word' id='word_1_7' title='bbox 332 588 657 668; x_wconf 82' lang='lat' dir='ltr'><strong>sacerdos,</strong></span> <span class='ocrx_word' id='word_1_8' title='bbox 675 587 799 656; x_wconf 83' lang='lat' dir='ltr'><strong>nisi</strong></span> <span class='ocrx_word' id='word_1_9' title='bbox 818 588 890 652; x_wconf 90' lang='lat' dir='ltr'><strong>in</strong></span> <span class='ocrx_word' id='word_1_10' title='bbox 904 586 1253 672; x_wconf 76' lang='lat' dir='ltr'><strong>templo?¹«</strong></span> <span class='ocrx_word' id='word_1_11' title='bbox 1274 588 1569 656; x_wconf 88' lang='lat' dir='ltr'><strong>Dolentes</strong></span> <span class='ocrx_word' id='word_1_12' title='bbox 1595 605 1767 672; x_wconf 80' lang='lat' dir='ltr'><strong>quae-</strong></span> 
     </span>
     <span class='ocr_line' id='line_1_3' title="bbox 180 694 1761 782; baseline -0.001 -20"><span class='ocrx_word' id='word_1_13' title='bbox 180 698 532 763; x_wconf 80' lang='lat' dir='ltr'><strong>rebamus</strong></span> <span class='ocrx_word' id='word_1_14' title='bbox 556 700 644 762; x_wconf 90' lang='lat' dir='ltr'><strong>te.</strong></span> <span class='ocrx_word' id='word_1_15' title='bbox 679 717 717 759; x_wconf 67' lang='grc' dir='ltr'><strong>ι</strong></span> <span class='ocrx_word' id='word_1_16' title='bbox 743 694 1077 782; x_wconf 79' lang='lat' dir='ltr'><strong>In.templo</strong></span> <span class='ocrx_word' id='word_1_17' title='bbox 1102 698 1320 762; x_wconf 83' lang='lat' dir='ltr'><strong>autem</strong></span> <span class='ocrx_word' id='word_1_18' title='bbox 1354 696 1761 764; x_wconf 82' lang='lat' dir='ltr'><strong>invenerunt.</strong></span> 
     </span>
     <span class='ocr_line' id='line_1_4' title="bbox 187 803 1767 886; baseline -0.001 -16"><span class='ocrx_word' id='word_1_19' title='bbox 187 804 347 870; x_wconf 86' lang='lat' dir='ltr'><strong>Cor</strong></span> <span class='ocrx_word' id='word_1_20' title='bbox 370 809 593 871; x_wconf 87' lang='lat' dir='ltr'><strong>autem</strong></span> <span class='ocrx_word' id='word_1_21' title='bbox 609 806 903 871; x_wconf 86' lang='lat' dir='ltr'><strong>nostrum</strong></span> <span class='ocrx_word' id='word_1_22' title='bbox 927 803 1154 869; x_wconf 90' lang='lat' dir='ltr'><strong>hortus</strong></span> <span class='ocrx_word' id='word_1_23' title='bbox 1176 807 1272 868; x_wconf 88' lang='lat' dir='ltr'><strong>est</strong></span> <span class='ocrx_word' id='word_1_24' title='bbox 1286 803 1602 870; x_wconf 88' lang='lat' dir='ltr'><strong>bonorum</strong></span> <span class='ocrx_word' id='word_1_25' title='bbox 1622 821 1767 886; x_wconf 87' lang='lat' dir='ltr'><strong>ope·</strong></span> 
     </span>
     <span class='ocr_line' id='line_1_5' title="bbox 182 910 1764 990; baseline -0.001 -13"><span class='ocrx_word' id='word_1_26' title='bbox 182 929 375 980; x_wconf 85' lang='lat' dir='ltr'><strong>rum</strong></span> <span class='ocrx_word' id='word_1_27' title='bbox 398 913 470 977; x_wconf 90' lang='lat' dir='ltr'><strong>in</strong></span> <span class='ocrx_word' id='word_1_28' title='bbox 495 911 994 990; x_wconf 76' lang='lat' dir='ltr'><strong>fructificatione,</strong></span> <span class='ocrx_word' id='word_1_29' title='bbox 1023 911 1344 980; x_wconf 76' lang='lat' dir='ltr'><strong>thalamus</strong></span> <span class='ocrx_word' id='word_1_30' title='bbox 1368 911 1445 975; x_wconf 87' lang='lat' dir='ltr'><strong>-in</strong></span> <span class='ocrx_word' id='word_1_31' title='bbox 1485 910 1764 976; x_wconf 86' lang='lat' dir='ltr'><strong>dilectio-</strong></span> 
     </span>
     <span class='ocr_line' id='line_1_6' title="bbox 189 1017 1767 1103; baseline 0 -20"><span class='ocrx_word' id='word_1_32' title='bbox 189 1037 330 1096; x_wconf 85' lang='lat' dir='ltr'><strong>ne,</strong></span> <span class='ocrx_word' id='word_1_33' title='bbox 370 1019 689 1103; x_wconf 88' lang='lat' dir='ltr'><strong>templum</strong></span> <span class='ocrx_word' id='word_1_34' title='bbox 727 1019 798 1084; x_wconf 92' lang='lat' dir='ltr'><strong>in</strong></span> <span class='ocrx_word' id='word_1_35' title='bbox 842 1018 1147 1086; x_wconf 86' lang='lat' dir='ltr'><strong>oratione.</strong></span> <span class='ocrx_word' id='word_1_36' title='bbox 1197 1018 1269 1085; x_wconf 92' lang='lat' dir='ltr'><strong>In</strong></span> <span class='ocrx_word' id='word_1_37' title='bbox 1312 1017 1551 1101; x_wconf 89' lang='lat' dir='ltr'><strong>templo</strong></span> <span class='ocrx_word' id='word_1_38' title='bbox 1592 1018 1767 1083; x_wconf 87' lang='lat' dir='ltr'><strong>enim</strong></span> 
     </span>
     <span class='ocr_line' id='line_1_7' title="bbox 190 1127 683 1192; baseline -0.002 0"><span class='ocrx_word' id='word_1_39' title='bbox 190 1127 546 1192; x_wconf 82' lang='lat' dir='ltr'><strong>orandum</strong></span> <span class='ocrx_word' id='word_1_40' title='bbox 566 1130 683 1192; x_wconf 86' lang='lat' dir='ltr'><strong>est.</strong></span> 
     </span>
    </p>

    <p class='ocr_par' dir='ltr' id='par_1_3' title="bbox 195 1231 1770 3887">
     <span class='ocr_line' id='line_1_8' title="bbox 295 1231 1764 1318; baseline -0.001 -21"><span class='ocrx_word' id='word_1_41' title='bbox 295 1235 400 1299; x_wconf 90' lang='lat' dir='ltr'><strong>De</strong></span> <span class='ocrx_word' id='word_1_42' title='bbox 437 1235 626 1300; x_wconf 84' lang='lat' dir='ltr'><strong>tertio</strong></span> <span class='ocrx_word' id='word_1_43' title='bbox 649 1241 674 1276; x_wconf 80' lang='lat'>⁸</span> <span class='ocrx_word' id='word_1_44' title='bbox 706 1256 721 1296; x_wconf 71' lang='grc' dir='ltr'><strong><em>ε</em></strong></span> <span class='ocrx_word' id='word_1_45' title='bbox 762 1255 795 1295; x_wconf 72' lang='grc' dir='ltr'><strong>α</strong></span> <span class='ocrx_word' id='word_1_46' title='bbox 816 1232 1053 1310; x_wconf 68' lang='lat' dir='ltr'><strong>,Simile</strong></span> <span class='ocrx_word' id='word_1_47' title='bbox 1098 1236 1193 1299; x_wconf 86' lang='lat' dir='ltr'><strong>est</strong></span> <span class='ocrx_word' id='word_1_48' title='bbox 1241 1250 1526 1318; x_wconf 85' lang='lat' dir='ltr'><strong>regnum</strong></span> <span class='ocrx_word' id='word_1_49' title='bbox 1575 1231 1764 1298; x_wconf 87' lang='lat' dir='ltr'><strong>coelo-</strong></span> 
     </span>
     <span class='ocr_line' id='line_1_9' title="bbox 195 1344 1767 1429; baseline -0.001 -18"><span class='ocrx_word' id='word_1_50' title='bbox 195 1363 378 1411; x_wconf 83' lang='lat' dir='ltr'><strong>rum</strong></span> <span class='ocrx_word' id='word_1_51' title='bbox 412 1345 661 1411; x_wconf 88' lang='lat' dir='ltr'><strong>homini</strong></span> <span class='ocrx_word' id='word_1_52' title='bbox 705 1345 1042 1429; x_wconf 73' lang='lat' dir='ltr'><strong>quaerenti,</strong></span> <span class='ocrx_word' id='word_1_53' title='bbox 1071 1366 1104 1406; x_wconf 74' lang='grc' dir='ltr'><strong>ιι</strong></span> <span class='ocrx_word' id='word_1_54' title='bbox 1137 1349 1256 1411; x_wconf 89' lang='lat' dir='ltr'><strong>etc.</strong></span> <span class='ocrx_word' id='word_1_55' title='bbox 1288 1344 1571 1411; x_wconf 76' lang='lat' dir='ltr'><strong>Pretiosa</strong></span> <span class='ocrx_word' id='word_1_56' title='bbox 1599 1361 1767 1409; x_wconf 89' lang='lat' dir='ltr'><strong>mar-</strong></span> 
     </span>
     <span class='ocr_line' id='line_1_10' title="bbox 200 1444 1766 1538; baseline -0.001 -20"><span class='ocrx_word' id='word_1_57' title='bbox 200 1453 446 1538; x_wconf 79' lang='lat' dir='ltr'><strong>garita</strong></span> <span class='ocrx_word' id='word_1_58' title='bbox 466 1456 562 1518; x_wconf 87' lang='lat' dir='ltr'><strong>est</strong></span> <span class='ocrx_word' id='word_1_59' title='bbox 587 1444 904 1532; x_wconf 79' lang='lat' dir='ltr'><strong>Christus,</strong></span> <span class='ocrx_word' id='word_1_60' title='bbox 934 1453 1047 1538; x_wconf 86' lang='lat' dir='ltr'><strong>qui</strong></span> <span class='ocrx_word' id='word_1_61' title='bbox 1068 1457 1245 1519; x_wconf 77' lang='lat' dir='ltr'><strong>tanto</strong></span> <span class='ocrx_word' id='word_1_62' title='bbox 1268 1452 1600 1537; x_wconf 82' lang='lat' dir='ltr'>pretiosior</span> <span class='ocrx_word' id='word_1_63' title='bbox 1625 1469 1766 1517; x_wconf 88' lang='lat' dir='ltr'><strong>esse</strong></span> 
     </span>
     <span class='ocr_line' id='line_1_11' title="bbox 201 1561 1764 1644; baseline -0.003 -17"><span class='ocrx_word' id='word_1_64' title='bbox 201 1561 633 1644; x_wconf 80' lang='lat' dir='ltr'>cognoscitur</span> <span class='ocrx_word' id='word_1_65' title='bbox 659 1610 678 1642; x_wconf 89' lang='lat'><strong>‚</strong></span> <span class='ocrx_word' id='word_1_66' title='bbox 738 1566 976 1644; x_wconf 85' lang='lat' dir='ltr'><strong>quanto</strong></span> <span class='ocrx_word' id='word_1_67' title='bbox 1040 1561 1336 1626; x_wconf 85' lang='lat' dir='ltr'><strong>veracius</strong></span> <span class='ocrx_word' id='word_1_68' title='bbox 1414 1563 1764 1643; x_wconf 67' lang='lat' dir='ltr'><strong>quaeratur.</strong></span> 
     </span>
     <span class='ocr_line' id='line_1_12' title="bbox 204 1667 1767 1751; baseline -0.001 -20"><span class='ocrx_word' id='word_1_69' title='bbox 204 1667 579 1751; x_wconf 78' lang='lat' dir='ltr'>Gregorius</span> <span class='ocrx_word' id='word_1_70' title='bbox 612 1670 636 1705; x_wconf 80' lang='lat'>⁸</span> <span class='ocrx_word' id='word_1_71' title='bbox 674 1690 691 1733; x_wconf 73' lang='grc' dir='ltr'>ε</span> <span class='ocrx_word' id='word_1_72' title='bbox 735 1692 767 1731; x_wconf 75' lang='grc' dir='ltr'><strong>α</strong></span> <span class='ocrx_word' id='word_1_73' title='bbox 793 1668 1009 1735; x_wconf 79' lang='lat' dir='ltr'><strong>Sancti</strong></span> <span class='ocrx_word' id='word_1_74' title='bbox 1044 1668 1173 1736; x_wconf 83' lang='lat' dir='ltr'><strong>viri</strong></span> <span class='ocrx_word' id='word_1_75' title='bbox 1199 1668 1410 1735; x_wconf 90' lang='lat' dir='ltr'><strong>omnis</strong></span> <span class='ocrx_word' id='word_1_76' title='bbox 1436 1667 1767 1751; x_wconf 82' lang='lat' dir='ltr'><strong>praesentis</strong></span> 
     </span>
     <span class='ocr_line' id='line_1_13' title="bbox 207 1773 1767 1861; baseline -0.002 -20"><span class='ocrx_word' id='word_1_77' title='bbox 207 1776 383 1841; x_wconf 80' lang='lat' dir='ltr'><strong>vitae</strong></span> <span class='ocrx_word' id='word_1_78' title='bbox 417 1777 665 1860; x_wconf 89' lang='lat' dir='ltr'><strong>copiam</strong></span> <span class='ocrx_word' id='word_1_79' title='bbox 705 1779 1003 1860; x_wconf 89' lang='lat' dir='ltr'><strong>reputant</strong></span> <span class='ocrx_word' id='word_1_80' title='bbox 1049 1776 1331 1861; x_wconf 88' lang='lat' dir='ltr'><strong>inopiam</strong></span> <span class='ocrx_word' id='word_1_81' title='bbox 1345 1825 1365 1858; x_wconf 88' lang='lat'><strong>,</strong></span> <span class='ocrx_word' id='word_1_82' title='bbox 1407 1775 1560 1860; x_wconf 86' lang='lat' dir='ltr'><strong>quia</strong></span> <span class='ocrx_word' id='word_1_83' title='bbox 1602 1773 1767 1839; x_wconf 82' lang='lat' dir='ltr'>nihil</span> 
     </span>
     <span class='ocr_line' id='line_1_14' title="bbox 211 1883 1767 1968; baseline -0.001 -20"><span class='ocrx_word' id='word_1_84' title='bbox 211 1888 411 1948; x_wconf 81' lang='lat' dir='ltr'><strong>extra</strong></span> <span class='ocrx_word' id='word_1_85' title='bbox 456 1884 657 1949; x_wconf 88' lang='lat' dir='ltr'><strong>Deum</strong></span> <span class='ocrx_word' id='word_1_86' title='bbox 710 1884 911 1950; x_wconf 90' lang='lat' dir='ltr'><strong>menti</strong></span> <span class='ocrx_word' id='word_1_87' title='bbox 959 1883 1189 1949; x_wconf 76' lang='lat' dir='ltr'><strong>sufficit</strong></span> <span class='ocrx_word' id='word_1_88' title='bbox 1214 1931 1237 1964; x_wconf 92' lang='lat'><strong>,</strong></span> <span class='ocrx_word' id='word_1_89' title='bbox 1293 1883 1407 1968; x_wconf 85' lang='lat' dir='ltr'><strong>qui</strong></span> <span class='ocrx_word' id='word_1_90' title='bbox 1454 1883 1767 1949; x_wconf 88' lang='lat' dir='ltr'><strong>veraciter</strong></span> 
     </span>
     <span class='ocr_line' id='line_1_15' title="bbox 212 1990 1767 2074; baseline 0.001 -18"><span class='ocrx_word' id='word_1_91' title='bbox 212 1990 436 2056; x_wconf 89' lang='lat' dir='ltr'><strong>Deum</strong></span> <span class='ocrx_word' id='word_1_92' title='bbox 471 1991 723 2074; x_wconf 82' lang='lat' dir='ltr'><strong>quaerit.</strong></span> <span class='ocrx_word' id='word_1_93' title='bbox 748 2012 782 2052; x_wconf 70' lang='lat' dir='ltr'><strong>n</strong></span> <span class='ocrx_word' id='word_1_94' title='bbox 813 1990 1111 2057; x_wconf 79' lang='lat' dir='ltr'><strong>Libenter</strong></span> <span class='ocrx_word' id='word_1_95' title='bbox 1136 1994 1201 2056; x_wconf 87' lang='lat' dir='ltr'><strong>et</strong></span> <span class='ocrx_word' id='word_1_96' title='bbox 1225 1990 1562 2074; x_wconf 68' lang='lat' dir='ltr'><strong>diligenter</strong></span> <span class='ocrx_word' id='word_1_97' title='bbox 1593 2007 1767 2074; x_wconf 86' lang='lat' dir='ltr'><strong>quae-</strong></span> 
     </span>
     <span class='ocr_line' id='line_1_16' title="bbox 212 2097 1765 2181; baseline -0.001 -18"><span class='ocrx_word' id='word_1_98' title='bbox 212 2101 397 2163; x_wconf 87' lang='lat' dir='ltr'><strong>reret</strong></span> <span class='ocrx_word' id='word_1_99' title='bbox 436 2097 632 2164; x_wconf 91' lang='lat' dir='ltr'><strong>homo</strong></span> <span class='ocrx_word' id='word_1_100' title='bbox 676 2114 1004 2181; x_wconf 88' lang='lat' dir='ltr'><strong>gemmam</strong></span> <span class='ocrx_word' id='word_1_101' title='bbox 1036 2097 1357 2165; x_wconf 86' lang='lat' dir='ltr'><strong>valentem</strong></span> <span class='ocrx_word' id='word_1_102' title='bbox 1384 2097 1563 2162; x_wconf 90' lang='lat' dir='ltr'><strong>mille</strong></span> <span class='ocrx_word' id='word_1_103' title='bbox 1587 2116 1765 2162; x_wconf 89' lang='lat' dir='ltr'><strong>mar-</strong></span> 
     </span>
     <span class='ocr_line' id='line_1_17' title="bbox 214 2206 1770 2291; baseline -0.001 -19"><span class='ocrx_word' id='word_1_104' title='bbox 214 2207 411 2287; x_wconf 87' lang='lat' dir='ltr'><strong>chas;</strong></span> <span class='ocrx_word' id='word_1_105' title='bbox 465 2210 704 2291; x_wconf 78' lang='lat' dir='ltr'><strong>quanto</strong></span> <span class='ocrx_word' id='word_1_106' title='bbox 758 2207 970 2290; x_wconf 85' lang='lat' dir='ltr'><strong>magis</strong></span> <span class='ocrx_word' id='word_1_107' title='bbox 1034 2224 1322 2291; x_wconf 85' lang='lat' dir='ltr'><strong>quaerere</strong></span> <span class='ocrx_word' id='word_1_108' title='bbox 1375 2206 1552 2272; x_wconf 88' lang='lat' dir='ltr'><strong>decet</strong></span> <span class='ocrx_word' id='word_1_109' title='bbox 1601 2206 1770 2272; x_wconf 90' lang='lat' dir='ltr'><strong>hanc</strong></span> 
     </span>
     <span class='ocr_line' id='line_1_18' title="bbox 218 2313 1767 2399; baseline -0.002 -19"><span class='ocrx_word' id='word_1_110' title='bbox 218 2315 647 2398; x_wconf 78' lang='lat' dir='ltr'><strong>margaritam</strong></span> <span class='ocrx_word' id='word_1_111' title='bbox 667 2362 686 2394; x_wconf 86' lang='lat'><strong>,</strong></span> <span class='ocrx_word' id='word_1_112' title='bbox 716 2333 865 2399; x_wconf 65' lang='lat' dir='ltr'><strong>qnae</strong></span> <span class='ocrx_word' id='word_1_113' title='bbox 904 2314 1132 2380; x_wconf 89' lang='lat' dir='ltr'><strong>melior</strong></span> <span class='ocrx_word' id='word_1_114' title='bbox 1171 2318 1266 2380; x_wconf 91' lang='lat' dir='ltr'><strong>est</strong></span> <span class='ocrx_word' id='word_1_115' title='bbox 1298 2318 1432 2379; x_wconf 80' lang='lat' dir='ltr'><strong>toto</strong></span> <span class='ocrx_word' id='word_1_116' title='bbox 1475 2314 1717 2379; x_wconf 91' lang='lat' dir='ltr'><strong>mundo</strong></span> <span class='ocrx_word' id='word_1_117' title='bbox 1734 2313 1767 2376; x_wconf 69' lang='grc' dir='ltr'><strong><em>Ἰ</em></strong></span> 
     </span>
     <span class='ocr_line' id='line_1_19' title="bbox 225 2418 1766 2504; baseline 0.002 -17"><span class='ocrx_word' id='word_1_118' title='bbox 225 2418 399 2487; x_wconf 84' lang='lat' dir='ltr'><strong>Bene</strong></span> <span class='ocrx_word' id='word_1_119' title='bbox 415 2422 563 2488; x_wconf 85' lang='lat' dir='ltr'><strong>dicit</strong></span> <span class='ocrx_word' id='word_1_120' title='bbox 591 2423 699 2487; x_wconf 84' lang='lat' dir='ltr'><strong>hic</strong></span> <span class='ocrx_word' id='word_1_121' title='bbox 719 2422 772 2487; x_wconf 74' lang='lat'><strong>⁸:</strong></span> <span class='ocrx_word' id='word_1_122' title='bbox 806 2422 940 2489; x_wconf 83' lang='lat' dir='ltr'><strong>Sua</strong></span> <span class='ocrx_word' id='word_1_123' title='bbox 965 2422 1147 2490; x_wconf 74' lang='lat' dir='ltr'><strong>dedit</strong></span> <span class='ocrx_word' id='word_1_124' title='bbox 1169 2423 1410 2504; x_wconf 79' lang='lat' dir='ltr'><strong>omnia,</strong></span> <span class='ocrx_word' id='word_1_125' title='bbox 1441 2425 1503 2488; x_wconf 81' lang='lat' dir='ltr'><strong>et</strong></span> <span class='ocrx_word' id='word_1_126' title='bbox 1522 2436 1766 2503; x_wconf 76' lang='lat' dir='ltr'><strong>compa·</strong></span> 
     </span>
     <span class='ocr_line' id='line_1_20' title="bbox 228 2527 1769 2598; baseline 0 -6"><span class='ocrx_word' id='word_1_127' title='bbox 228 2529 405 2597; x_wconf 85' lang='lat' dir='ltr'><strong>ravit</strong></span> <span class='ocrx_word' id='word_1_128' title='bbox 448 2547 612 2598; x_wconf 85' lang='lat' dir='ltr'><strong>eam.</strong></span> <span class='ocrx_word' id='word_1_129' title='bbox 675 2530 798 2596; x_wconf 90' lang='lat' dir='ltr'><strong>Pro</strong></span> <span class='ocrx_word' id='word_1_130' title='bbox 851 2531 1182 2596; x_wconf 82' lang='lat' dir='ltr'><strong>dilectione</strong></span> <span class='ocrx_word' id='word_1_131' title='bbox 1229 2529 1403 2595; x_wconf 89' lang='lat' dir='ltr'><strong>enim</strong></span> <span class='ocrx_word' id='word_1_132' title='bbox 1437 2527 1554 2594; x_wconf 88' lang='lat' dir='ltr'><strong>Dei</strong></span> <span class='ocrx_word' id='word_1_133' title='bbox 1594 2531 1769 2593; x_wconf 88' lang='lat' dir='ltr'><strong>totus</strong></span> 
     </span>
     <span class='ocr_line' id='line_1_21' title="bbox 223 2634 1767 2708; baseline 0.001 -8"><span class='ocrx_word' id='word_1_134' title='bbox 223 2636 506 2702; x_wconf 87' lang='lat' dir='ltr'><strong>mundus</strong></span> <span class='ocrx_word' id='word_1_135' title='bbox 547 2637 976 2708; x_wconf 78' lang='lat' dir='ltr'><strong>contemnitur</strong></span> <span class='ocrx_word' id='word_1_136' title='bbox 999 2636 1023 2672; x_wconf 84' lang='lat'>⁸</span> <span class='ocrx_word' id='word_1_137' title='bbox 1052 2658 1068 2701; x_wconf 90' lang='lat'>:</span> <span class='ocrx_word' id='word_1_138' title='bbox 1114 2658 1146 2698; x_wconf 75' lang='lat' dir='ltr'><strong>c</strong></span> <span class='ocrx_word' id='word_1_139' title='bbox 1184 2635 1251 2701; x_wconf 91' lang='lat' dir='ltr'><strong>Si</strong></span> <span class='ocrx_word' id='word_1_140' title='bbox 1293 2634 1533 2702; x_wconf 87' lang='lat' dir='ltr'><strong>dederit</strong></span> <span class='ocrx_word' id='word_1_141' title='bbox 1568 2635 1767 2701; x_wconf 91' lang='lat' dir='ltr'><strong>homo</strong></span> 
     </span>
     <span class='ocr_line' id='line_1_22' title="bbox 224 2729 1769 2826; baseline 0 -17"><span class='ocrx_word' id='word_1_142' title='bbox 224 2729 484 2809; x_wconf 82' lang='lat' dir='ltr'><strong>omnem</strong></span> <span class='ocrx_word' id='word_1_143' title='bbox 525 2745 944 2809; x_wconf 81' lang='lat' dir='ltr'><strong>substantiam</strong></span> <span class='ocrx_word' id='word_1_144' title='bbox 982 2744 1212 2810; x_wconf 90' lang='lat' dir='ltr'><strong>domus</strong></span> <span class='ocrx_word' id='word_1_145' title='bbox 1251 2761 1390 2809; x_wconf 84' lang='lat' dir='ltr'><strong>suae</strong></span> <span class='ocrx_word' id='word_1_146' title='bbox 1428 2760 1545 2826; x_wconf 90' lang='lat' dir='ltr'><strong>pro</strong></span> <span class='ocrx_word' id='word_1_147' title='bbox 1576 2742 1769 2809; x_wconf 90' lang='lat' dir='ltr'><strong>dilec-</strong></span> 
     </span>
     <span class='ocr_line' id='line_1_23' title="bbox 230 2849 1768 2935; baseline 0.001 -21"><span class='ocrx_word' id='word_1_148' title='bbox 230 2850 421 2932; x_wconf 82' lang='lat' dir='ltr'><strong>tione,</strong></span> <span class='ocrx_word' id='word_1_149' title='bbox 451 2852 637 2933; x_wconf 84' lang='lat' dir='ltr'><strong>quasi</strong></span> <span class='ocrx_word' id='word_1_150' title='bbox 664 2850 831 2917; x_wconf 89' lang='lat' dir='ltr'><strong>nihil</strong></span> <span class='ocrx_word' id='word_1_151' title='bbox 854 2851 1158 2935; x_wconf 87' lang='lat' dir='ltr'><strong>despiciet</strong></span> <span class='ocrx_word' id='word_1_152' title='bbox 1182 2868 1349 2916; x_wconf 91' lang='lat' dir='ltr'><strong>eam.</strong></span> <span class='ocrx_word' id='word_1_153' title='bbox 1380 2871 1413 2911; x_wconf 69' lang='grc' dir='ltr'><strong>ι»</strong></span> <span class='ocrx_word' id='word_1_154' title='bbox 1446 2849 1624 2916; x_wconf 87' lang='lat' dir='ltr'><strong>Sicut</strong></span> <span class='ocrx_word' id='word_1_155' title='bbox 1650 2869 1768 2916; x_wconf 90' lang='lat' dir='ltr'><strong>au·</strong></span> 
     </span>
     <span class='ocr_line' id='line_1_24' title="bbox 230 2959 1767 3044; baseline -0.001 -20"><span class='ocrx_word' id='word_1_156' title='bbox 230 2961 353 3024; x_wconf 88' lang='lat' dir='ltr'><strong>tem</strong></span> <span class='ocrx_word' id='word_1_157' title='bbox 378 2961 452 3025; x_wconf 91' lang='lat' dir='ltr'><strong>in</strong></span> <span class='ocrx_word' id='word_1_158' title='bbox 479 2959 825 3025; x_wconf 85' lang='lat' dir='ltr'><strong>mobilibus</strong></span> <span class='ocrx_word' id='word_1_159' title='bbox 853 2960 934 3043; x_wconf 87' lang='lat' dir='ltr'><strong>(a)</strong></span> <span class='ocrx_word' id='word_1_160' title='bbox 957 2959 1120 3025; x_wconf 90' lang='lat' dir='ltr'><strong>nihil</strong></span> <span class='ocrx_word' id='word_1_161' title='bbox 1131 2960 1470 3044; x_wconf 85' lang='lat' dir='ltr'><strong>pretiosius</strong></span> <span class='ocrx_word' id='word_1_162' title='bbox 1493 2959 1650 3040; x_wconf 89' lang='lat' dir='ltr'><strong>vita,</strong></span> <span class='ocrx_word' id='word_1_163' title='bbox 1678 2960 1767 3024; x_wconf 89' lang='lat' dir='ltr'><strong>ita</strong></span> 
     </span>
     <span class='ocr_line' id='line_1_25' title="bbox 227 3065 1764 3153; baseline 0.003 -23"><span class='ocrx_word' id='word_1_164' title='bbox 227 3065 383 3130; x_wconf 88' lang='lat' dir='ltr'><strong>nihil</strong></span> <span class='ocrx_word' id='word_1_165' title='bbox 409 3066 753 3150; x_wconf 86' lang='lat' dir='ltr'><strong>pretiosius</strong></span> <span class='ocrx_word' id='word_1_166' title='bbox 787 3086 1076 3152; x_wconf 81' lang='lat' dir='ltr'><strong>quaerere</strong></span> <span class='ocrx_word' id='word_1_167' title='bbox 1112 3086 1454 3153; x_wconf 86' lang='lat' dir='ltr'><strong>possumus</strong></span> <span class='ocrx_word' id='word_1_168' title='bbox 1485 3069 1764 3151; x_wconf 89' lang='lat' dir='ltr'><strong>gemmis</strong></span> 
     </span>
     <span class='ocr_line' id='line_1_26' title="bbox 228 3173 1762 3260; baseline 0.004 -22"><span class='ocrx_word' id='word_1_169' title='bbox 228 3173 566 3255; x_wconf 81' lang='lat' dir='ltr'><strong>virtutum,</strong></span> <span class='ocrx_word' id='word_1_170' title='bbox 608 3176 687 3242; x_wconf 91' lang='lat' dir='ltr'><strong>de</strong></span> <span class='ocrx_word' id='word_1_171' title='bbox 727 3177 964 3260; x_wconf 85' lang='lat' dir='ltr'><strong>quibus</strong></span> <span class='ocrx_word' id='word_1_172' title='bbox 1009 3178 1116 3243; x_wconf 90' lang='lat' dir='ltr'><strong>hic</strong></span> <span class='ocrx_word' id='word_1_173' title='bbox 1159 3177 1390 3242; x_wconf 88' lang='lat' dir='ltr'><strong>dicitur</strong></span> <span class='ocrx_word' id='word_1_174' title='bbox 1443 3199 1460 3243; x_wconf 76' lang='lat' dir='ltr'><em>z</em></span> <span class='ocrx_word' id='word_1_175' title='bbox 1516 3201 1548 3239; x_wconf 74' lang='grc' dir='ltr'>α</span> <span class='ocrx_word' id='word_1_176' title='bbox 1574 3176 1762 3256; x_wconf 85' lang='lat' dir='ltr'><strong>Quae-</strong></span> 
     </span>
     <span class='ocr_line' id='line_1_27' title="bbox 224 3281 1765 3368; baseline 0.003 -22"><span class='ocrx_word' id='word_1_177' title='bbox 224 3282 388 3346; x_wconf 88' lang='lat' dir='ltr'><strong>renti</strong></span> <span class='ocrx_word' id='word_1_178' title='bbox 413 3281 615 3348; x_wconf 87' lang='lat' dir='ltr'><strong>bonas</strong></span> <span class='ocrx_word' id='word_1_179' title='bbox 640 3284 1043 3368; x_wconf 81' lang='lat' dir='ltr'><strong>margaritas.</strong></span> <span class='ocrx_word' id='word_1_180' title='bbox 1076 3305 1107 3343; x_wconf 77' lang='grc' dir='ltr'><strong>ι)</strong></span> <span class='ocrx_word' id='word_1_181' title='bbox 1142 3283 1302 3349; x_wconf 87' lang='lat' dir='ltr'><strong>Item</strong></span> <span class='ocrx_word' id='word_1_182' title='bbox 1328 3302 1608 3367; x_wconf 91' lang='lat' dir='ltr'><strong>regnum</strong></span> <span class='ocrx_word' id='word_1_183' title='bbox 1628 3284 1765 3368; x_wconf 88' lang='lat' dir='ltr'><strong>glo-</strong></span> 
     </span>
     <span class='ocr_line' id='line_1_28' title="bbox 223 3388 1754 3475; baseline 0.001 -23"><span class='ocrx_word' id='word_1_184' title='bbox 223 3388 337 3454; x_wconf 84' lang='lat' dir='ltr'><strong>riae</strong></span> <span class='ocrx_word' id='word_1_185' title='bbox 375 3390 401 3424; x_wconf 80' lang='lat'>⁸</span> <span class='ocrx_word' id='word_1_186' title='bbox 445 3412 461 3454; x_wconf 72' lang='grc' dir='ltr'><strong><em>ε</em></strong></span> <span class='ocrx_word' id='word_1_187' title='bbox 523 3413 554 3452; x_wconf 77' lang='grc' dir='ltr'><strong>α</strong></span> <span class='ocrx_word' id='word_1_188' title='bbox 594 3389 882 3457; x_wconf 89' lang='lat' dir='ltr'><strong>Primum</strong></span> <span class='ocrx_word' id='word_1_189' title='bbox 931 3390 1199 3475; x_wconf 69' lang='lat' dir='ltr'><strong>quaerite</strong></span> <span class='ocrx_word' id='word_1_190' title='bbox 1247 3408 1524 3473; x_wconf 89' lang='lat' dir='ltr'><strong>regnum</strong></span> <span class='ocrx_word' id='word_1_191' title='bbox 1559 3392 1692 3457; x_wconf 92' lang='lat' dir='ltr'><strong>Dei.</strong></span> <span class='ocrx_word' id='word_1_192' title='bbox 1721 3413 1754 3453; x_wconf 64' lang='lat' dir='ltr'><strong>n</strong></span> 
     </span>
     <span class='ocr_line' id='line_1_29' title="bbox 202 3493 1763 3582; baseline 0.004 -22"><span class='ocrx_word' id='word_1_193' title='bbox 202 3493 383 3575; x_wconf 68' lang='lat' dir='ltr'><strong>⁸Item</strong></span> <span class='ocrx_word' id='word_1_194' title='bbox 423 3497 624 3564; x_wconf 80' lang='lat' dir='ltr'><strong>vitam</strong></span> <span class='ocrx_word' id='word_1_195' title='bbox 658 3498 916 3578; x_wconf 62' lang='lat' dir='ltr'><strong>animae,</strong></span> <span class='ocrx_word' id='word_1_196' title='bbox 943 3516 1093 3582; x_wconf 80' lang='lat' dir='ltr'><strong>quae</strong></span> <span class='ocrx_word' id='word_1_197' title='bbox 1120 3501 1218 3564; x_wconf 86' lang='lat' dir='ltr'><strong>est</strong></span> <span class='ocrx_word' id='word_1_198' title='bbox 1246 3496 1553 3565; x_wconf 89' lang='lat' dir='ltr'><strong>Christus.</strong></span> <span class='ocrx_word' id='word_1_199' title='bbox 1585 3498 1763 3566; x_wconf 87' lang='lat' dir='ltr'><strong>Psal-</strong></span> 
     </span>
     <span class='ocr_line' id='line_1_30' title="bbox 220 3604 1763 3687; baseline 0.003 -20"><span class='ocrx_word' id='word_1_200' title='bbox 220 3619 366 3668; x_wconf 91' lang='lat' dir='ltr'><strong>mus</strong></span> <span class='ocrx_word' id='word_1_201' title='bbox 390 3604 413 3639; x_wconf 85' lang='lat'><strong>&#39;¹</strong></span> <span class='ocrx_word' id='word_1_202' title='bbox 444 3627 462 3669; x_wconf 72' lang='grc' dir='ltr'><strong>ι</strong></span> <span class='ocrx_word' id='word_1_203' title='bbox 492 3627 524 3667; x_wconf 74' lang='grc' dir='ltr'><em>α</em></span> <span class='ocrx_word' id='word_1_204' title='bbox 549 3605 824 3684; x_wconf 82' lang='lat' dir='ltr'><strong>Quaerite</strong></span> <span class='ocrx_word' id='word_1_205' title='bbox 850 3604 1216 3687; x_wconf 83' lang='lat' dir='ltr'><strong>Dominum,</strong></span> <span class='ocrx_word' id='word_1_206' title='bbox 1248 3607 1313 3670; x_wconf 88' lang='lat' dir='ltr'><strong>et</strong></span> <span class='ocrx_word' id='word_1_207' title='bbox 1342 3604 1519 3674; x_wconf 85' lang='lat' dir='ltr'><strong>vivet</strong></span> <span class='ocrx_word' id='word_1_208' title='bbox 1546 3606 1763 3671; x_wconf 91' lang='lat' dir='ltr'><strong>anima</strong></span> 
     </span>
     <span class='ocr_line' id='line_1_31' title="bbox 220 3710 1764 3794; baseline 0.001 -18"><span class='ocrx_word' id='word_1_209' title='bbox 220 3712 455 3792; x_wconf 82' lang='lat' dir='ltr'><strong>vestra,</strong></span> <span class='ocrx_word' id='word_1_210' title='bbox 491 3732 523 3772; x_wconf 76' lang='lat' dir='ltr'><strong>n</strong></span> <span class='ocrx_word' id='word_1_211' title='bbox 560 3710 625 3776; x_wconf 91' lang='lat' dir='ltr'><strong>id</strong></span> <span class='ocrx_word' id='word_1_212' title='bbox 652 3715 749 3777; x_wconf 89' lang='lat' dir='ltr'><strong>est</strong></span> <span class='ocrx_word' id='word_1_213' title='bbox 766 3760 787 3793; x_wconf 84' lang='lat'>‚</span> <span class='ocrx_word' id='word_1_214' title='bbox 829 3711 1100 3794; x_wconf 67' lang='lat' dir='ltr'><strong>quaerite</strong></span> <span class='ocrx_word' id='word_1_215' title='bbox 1155 3728 1426 3794; x_wconf 90' lang='lat' dir='ltr'><strong>panem,</strong></span> <span class='ocrx_word' id='word_1_216' title='bbox 1467 3715 1541 3777; x_wconf 87' lang='lat' dir='ltr'><strong>ut</strong></span> <span class='ocrx_word' id='word_1_217' title='bbox 1584 3712 1764 3780; x_wconf 86' lang='lat' dir='ltr'><strong>vivat</strong></span> 
     </span>
     <span class='ocr_line' id='line_1_32' title="bbox 221 3816 702 3887; baseline 0.006 -5"><span class='ocrx_word' id='word_1_218' title='bbox 221 3816 439 3883; x_wconf 89' lang='lat' dir='ltr'><strong>anima</strong></span> <span class='ocrx_word' id='word_1_219' title='bbox 468 3823 702 3887; x_wconf 84' lang='lat' dir='ltr'><strong>vestra.</strong></span> 
     </span>
    </p>

    <p class='ocr_par' dir='ltr' id='par_1_4' title="bbox 206 3925 1764 4988">
     <span class='ocr_line' id='line_1_33' title="bbox 300 3925 1764 4012; baseline 0.001 -16"><span class='ocrx_word' id='word_1_220' title='bbox 300 3925 389 3996; x_wconf 81' lang='lat' dir='ltr'><strong>ne</strong></span> <span class='ocrx_word' id='word_1_221' title='bbox 441 3932 672 4010; x_wconf 82' lang='lat' dir='ltr'><strong>quarto</strong></span> <span class='ocrx_word' id='word_1_222' title='bbox 708 3929 940 3998; x_wconf 83' lang='lat' dir='ltr'><strong>dicitur</strong></span> <span class='ocrx_word' id='word_1_223' title='bbox 981 3929 1134 3996; x_wconf 87' lang='lat' dir='ltr'><strong>hic:</strong></span> <span class='ocrx_word' id='word_1_224' title='bbox 1171 3929 1465 4012; x_wconf 68' lang='grc' dir='ltr'><strong>Οιιιειὶτθ,</strong></span> <span class='ocrx_word' id='word_1_225' title='bbox 1492 3934 1555 4002; x_wconf 80' lang='lat' dir='ltr'><strong>et</strong></span> <span class='ocrx_word' id='word_1_226' title='bbox 1588 3931 1764 4000; x_wconf 72' lang='lat' dir='ltr'><strong>inve·</strong></span> 
     </span>
     <span class='ocr_line' id='line_1_34' title="bbox 218 4033 1761 4120; baseline 0.001 -20"><span class='ocrx_word' id='word_1_227' title='bbox 218 4033 444 4102; x_wconf 69' lang='lat' dir='ltr'><strong>niem.</strong></span> <span class='ocrx_word' id='word_1_228' title='bbox 473 4035 726 4102; x_wconf 81' lang='lat' dir='ltr'><strong>Aurum</strong></span> <span class='ocrx_word' id='word_1_229' title='bbox 761 4035 1076 4120; x_wconf 65' lang='lat' dir='ltr'><strong>quaeritur</strong></span> <span class='ocrx_word' id='word_1_230' title='bbox 1099 4036 1391 4117; x_wconf 87' lang='lat' dir='ltr'><strong>libenter,</strong></span> <span class='ocrx_word' id='word_1_231' title='bbox 1422 4035 1538 4101; x_wconf 93' lang='lat' dir='ltr'><strong>ubi</strong></span> <span class='ocrx_word' id='word_1_232' title='bbox 1572 4035 1761 4102; x_wconf 86' lang='lat' dir='ltr'><strong>citius</strong></span> 
     </span>
     <span class='ocr_line' id='line_1_35' title="bbox 217 4139 1759 4225; baseline 0.003 -20"><span class='ocrx_word' id='word_1_233' title='bbox 217 4139 569 4208; x_wconf 82' lang='lat' dir='ltr'><strong>invenitur.</strong></span> <span class='ocrx_word' id='word_1_234' title='bbox 621 4141 703 4209; x_wconf 86' lang='lat' dir='ltr'><strong>Et</strong></span> <span class='ocrx_word' id='word_1_235' title='bbox 745 4160 889 4209; x_wconf 90' lang='lat' dir='ltr'><strong>ecce</strong></span> <span class='ocrx_word' id='word_1_236' title='bbox 933 4142 1145 4225; x_wconf 88' lang='lat' dir='ltr'><strong>gratia</strong></span> <span class='ocrx_word' id='word_1_237' title='bbox 1195 4142 1354 4224; x_wconf 89' lang='lat' dir='ltr'><strong>Dei,</strong></span> <span class='ocrx_word' id='word_1_238' title='bbox 1409 4142 1543 4207; x_wconf 91' lang='lat' dir='ltr'><strong>imo</strong></span> <span class='ocrx_word' id='word_1_239' title='bbox 1591 4142 1759 4209; x_wconf 89' lang='lat' dir='ltr'><strong>Deus</strong></span> 
     </span>
     <span class='ocr_line' id='line_1_36' title="bbox 215 4248 1754 4332; baseline 0.003 -20"><span class='ocrx_word' id='word_1_240' title='bbox 215 4248 396 4313; x_wconf 90' lang='lat' dir='ltr'><strong>omni</strong></span> <span class='ocrx_word' id='word_1_241' title='bbox 434 4266 596 4314; x_wconf 90' lang='lat' dir='ltr'><strong>auro</strong></span> <span class='ocrx_word' id='word_1_242' title='bbox 616 4249 954 4332; x_wconf 87' lang='lat' dir='ltr'><strong>pretiosior</strong></span> <span class='ocrx_word' id='word_1_243' title='bbox 970 4296 988 4329; x_wconf 90' lang='lat'><strong>,</strong></span> <span class='ocrx_word' id='word_1_244' title='bbox 1025 4248 1371 4314; x_wconf 82' lang='lat' dir='ltr'><strong>certissime</strong></span> <span class='ocrx_word' id='word_1_245' title='bbox 1399 4249 1754 4332; x_wconf 83' lang='lat' dir='ltr'><strong>invenitur,</strong></span> 
     </span>
     <span class='ocr_line' id='line_1_37' title="bbox 211 4355 1751 4440; baseline 0.002 -22"><span class='ocrx_word' id='word_1_246' title='bbox 211 4356 274 4419; x_wconf 84' lang='lat' dir='ltr'><strong>si</strong></span> <span class='ocrx_word' id='word_1_247' title='bbox 324 4373 484 4439; x_wconf 89' lang='lat' dir='ltr'><strong>pure</strong></span> <span class='ocrx_word' id='word_1_248' title='bbox 499 4403 522 4436; x_wconf 91' lang='lat'><strong>,</strong></span> <span class='ocrx_word' id='word_1_249' title='bbox 565 4355 624 4422; x_wconf 89' lang='lat' dir='ltr'><strong>si</strong></span> <span class='ocrx_word' id='word_1_250' title='bbox 661 4356 942 4439; x_wconf 78' lang='lat' dir='ltr'><strong>integre,</strong></span> <span class='ocrx_word' id='word_1_251' title='bbox 981 4357 1035 4422; x_wconf 91' lang='lat' dir='ltr'><strong>si</strong></span> <span class='ocrx_word' id='word_1_252' title='bbox 1072 4375 1359 4439; x_wconf 90' lang='lat' dir='ltr'><strong>congrue</strong></span> <span class='ocrx_word' id='word_1_253' title='bbox 1410 4357 1751 4440; x_wconf 65' lang='lat' dir='ltr'><strong>quaeritur.</strong></span> 
     </span>
     <span class='ocr_line' id='line_1_38' title="bbox 211 4455 1759 4548; baseline 0 -19"><span class='ocrx_word' id='word_1_254' title='bbox 211 4462 410 4542; x_wconf 86' lang='lat' dir='ltr'><strong>Pure,</strong></span> <span class='ocrx_word' id='word_1_255' title='bbox 439 4463 579 4529; x_wconf 89' lang='lat' dir='ltr'><strong>sine</strong></span> <span class='ocrx_word' id='word_1_256' title='bbox 603 4463 858 4530; x_wconf 84' lang='lat' dir='ltr'><strong>fictione</strong></span> <span class='ocrx_word' id='word_1_257' title='bbox 878 4463 903 4499; x_wconf 81' lang='lat'>⁸</span> <span class='ocrx_word' id='word_1_258' title='bbox 933 4485 995 4530; x_wconf 72' lang='lat' dir='ltr'><strong>:c</strong></span> <span class='ocrx_word' id='word_1_259' title='bbox 1020 4464 1096 4530; x_wconf 90' lang='lat' dir='ltr'><strong>ln</strong></span> <span class='ocrx_word' id='word_1_260' title='bbox 1119 4463 1515 4548; x_wconf 83' lang='lat' dir='ltr'><strong>simplicitate</strong></span> <span class='ocrx_word' id='word_1_261' title='bbox 1552 4455 1759 4530; x_wconf 76' lang='lat' dir='ltr'><strong>cordis</strong></span> 
     </span>
     <span class='ocr_line' id='line_1_39' title="bbox 210 4570 1755 4656; baseline 0.001 -20"><span class='ocrx_word' id='word_1_262' title='bbox 210 4571 484 4654; x_wconf 79' lang='lat' dir='ltr'><strong>quaerite</strong></span> <span class='ocrx_word' id='word_1_263' title='bbox 520 4571 736 4653; x_wconf 90' lang='lat' dir='ltr'><strong>illum,</strong></span> <span class='ocrx_word' id='word_1_264' title='bbox 783 4573 1088 4656; x_wconf 81' lang='lat' dir='ltr'><strong>quoniam</strong></span> <span class='ocrx_word' id='word_1_265' title='bbox 1122 4570 1505 4638; x_wconf 87' lang='lat' dir='ltr'><strong>invenietur.</strong></span> <span class='ocrx_word' id='word_1_266' title='bbox 1537 4592 1570 4632; x_wconf 74' lang='grc' dir='ltr'><strong>ιι</strong></span> <span class='ocrx_word' id='word_1_267' title='bbox 1598 4570 1755 4637; x_wconf 81' lang='lat' dir='ltr'><strong>Item</strong></span> 
     </span>
     <span class='ocr_line' id='line_1_40' title="bbox 207 4679 1754 4776; baseline 0.001 -32"><span class='ocrx_word' id='word_1_268' title='bbox 207 4679 501 4764; x_wconf 76' lang='lat' dir='ltr'><strong>integre,</strong></span> <span class='ocrx_word' id='word_1_269' title='bbox 530 4681 671 4747; x_wconf 88' lang='lat' dir='ltr'><strong>sine</strong></span> <span class='ocrx_word' id='word_1_270' title='bbox 711 4682 1181 4764; x_wconf 88' lang='lat' dir='ltr'><strong>dimidiatione,</strong></span> <span class='ocrx_word' id='word_1_271' title='bbox 1226 4686 1302 4748; x_wconf 90' lang='lat' dir='ltr'><strong>ut</strong></span> <span class='ocrx_word' id='word_1_272' title='bbox 1345 4699 1478 4776; x_wconf 85' lang='lat' dir='ltr'><strong>non</strong></span> <span class='ocrx_word' id='word_1_273' title='bbox 1521 4682 1754 4765; x_wconf 82' lang='lat' dir='ltr'><strong>partim</strong></span> 
     </span>
     <span class='ocr_line' id='line_1_41' title="bbox 207 4786 1753 4873; baseline 0 -20"><span class='ocrx_word' id='word_1_274' title='bbox 207 4786 365 4869; x_wconf 90' lang='lat' dir='ltr'><strong>Deo,</strong></span> <span class='ocrx_word' id='word_1_275' title='bbox 417 4790 656 4871; x_wconf 88' lang='lat' dir='ltr'><strong>partim</strong></span> <span class='ocrx_word' id='word_1_276' title='bbox 711 4790 985 4873; x_wconf 86' lang='lat' dir='ltr'><strong>mundo,</strong></span> <span class='ocrx_word' id='word_1_277' title='bbox 1038 4789 1143 4858; x_wconf 85' lang='lat' dir='ltr'><strong>vel</strong></span> <span class='ocrx_word' id='word_1_278' title='bbox 1181 4789 1361 4855; x_wconf 89' lang='lat' dir='ltr'><strong>carni</strong></span> <span class='ocrx_word' id='word_1_279' title='bbox 1379 4837 1398 4870; x_wconf 90' lang='lat'><strong>,</strong></span> <span class='ocrx_word' id='word_1_280' title='bbox 1460 4788 1565 4854; x_wconf 84' lang='lat' dir='ltr'><strong>vel</strong></span> <span class='ocrx_word' id='word_1_281' title='bbox 1615 4787 1753 4853; x_wconf 89' lang='lat' dir='ltr'><strong>dia·-</strong></span> 
     </span>
     <span class='ocr_line' id='line_1_42' title="bbox 206 4893 1757 4988; baseline 0.002 -28"><span class='ocrx_word' id='word_1_282' title='bbox 206 4894 361 4961; x_wconf 87' lang='lat' dir='ltr'><strong>holo</strong></span> <span class='ocrx_word' id='word_1_283' title='bbox 403 4895 749 4988; x_wconf 77' lang='lat' dir='ltr'><strong>serviatur,</strong></span> <span class='ocrx_word' id='word_1_284' title='bbox 786 4899 895 4964; x_wconf 87' lang='lat' dir='ltr'><strong>sed</strong></span> <span class='ocrx_word' id='word_1_285' title='bbox 937 4898 1212 4964; x_wconf 87' lang='lat' dir='ltr'><strong>totaliter</strong></span> <span class='ocrx_word' id='word_1_286' title='bbox 1262 4897 1392 4962; x_wconf 92' lang='lat' dir='ltr'><strong>Deo</strong></span> <span class='ocrx_word' id='word_1_287' title='bbox 1420 4896 1443 4932; x_wconf 78' lang='lat'><strong>⁹</strong></span> <span class='ocrx_word' id='word_1_288' title='bbox 1470 4915 1491 4960; x_wconf 72' lang='grc' dir='ltr'><strong>ι</strong></span> <span class='ocrx_word' id='word_1_289' title='bbox 1516 4893 1757 4973; x_wconf 74' lang='lat' dir='ltr'><strong>«Quae-</strong></span> 
     </span>
    </p>
   </div>
   <div class='ocr_carea' id='block_1_3' title="bbox 208 5003 1757 5518">
    <p class='ocr_par' dir='ltr' id='par_1_5' title="bbox 208 5003 1757 5517">
     <span class='ocr_line' id='line_1_43' title="bbox 208 5003 1757 5088; baseline 0 -21"><span class='ocrx_word' id='word_1_290' title='bbox 208 5003 366 5069; x_wconf 81' lang='lat' dir='ltr'><strong>retis</strong></span> <span class='ocrx_word' id='word_1_291' title='bbox 401 5022 541 5086; x_wconf 91' lang='lat' dir='ltr'><strong>me,</strong></span> <span class='ocrx_word' id='word_1_292' title='bbox 570 5008 636 5069; x_wconf 89' lang='lat' dir='ltr'><strong>et</strong></span> <span class='ocrx_word' id='word_1_293' title='bbox 659 5004 996 5073; x_wconf 87' lang='lat' dir='ltr'><strong>invenietis</strong></span> <span class='ocrx_word' id='word_1_294' title='bbox 1006 5054 1030 5087; x_wconf 95' lang='lat'><strong>,</strong></span> <span class='ocrx_word' id='word_1_295' title='bbox 1060 5023 1212 5071; x_wconf 91' lang='lat' dir='ltr'><strong>cum</strong></span> <span class='ocrx_word' id='word_1_296' title='bbox 1246 5003 1625 5088; x_wconf 54' lang='lat' dir='ltr'><strong>quaesieritis</strong></span> <span class='ocrx_word' id='word_1_297' title='bbox 1652 5021 1757 5068; x_wconf 90' lang='lat' dir='ltr'><strong>me</strong></span> 
     </span>
     <span class='ocr_line' id='line_1_44' title="bbox 278 5164 1755 5231; baseline 0 -15"><span class='ocrx_word' id='word_1_298' title='bbox 278 5167 292 5195; x_wconf 85' lang='lat'>¹</span> <span class='ocrx_word' id='word_1_299' title='bbox 322 5164 457 5227; x_wconf 78' lang='lat' dir='ltr'><strong>Luc..</strong></span> <span class='ocrx_word' id='word_1_300' title='bbox 493 5175 568 5231; x_wconf 87' lang='lat'><strong>11,</strong></span> <span class='ocrx_word' id='word_1_301' title='bbox 597 5167 677 5216; x_wconf 86' lang='grc'><strong>48.</strong></span> <span class='ocrx_word' id='word_1_302' title='bbox 706 5192 763 5204; x_wconf 89' lang='grc'>-</span> <span class='ocrx_word' id='word_1_303' title='bbox 801 5167 820 5197; x_wconf 84' lang='lat'>²</span> <span class='ocrx_word' id='word_1_304' title='bbox 843 5167 1053 5230; x_wconf 71' lang='lat' dir='ltr'><strong>uattk„</strong></span> <span class='ocrx_word' id='word_1_305' title='bbox 1086 5179 1219 5230; x_wconf 76' lang='lat'><strong>1111,</strong></span> <span class='ocrx_word' id='word_1_306' title='bbox 1257 5168 1334 5219; x_wconf 78' lang='grc'><strong>45.</strong></span> <span class='ocrx_word' id='word_1_307' title='bbox 1371 5191 1435 5204; x_wconf 95' lang='grc'><strong>-</strong></span> <span class='ocrx_word' id='word_1_308' title='bbox 1469 5164 1492 5200; x_wconf 87' lang='lat'>⁸</span> <span class='ocrx_word' id='word_1_309' title='bbox 1520 5167 1755 5231; x_wconf 69' lang='lat' dir='ltr'><strong>Gregor„</strong></span> 
     </span>
     <span class='ocr_line' id='line_1_45' title="bbox 213 5234 1754 5302; baseline 0.001 -17"><span class='ocrx_word' id='word_1_310' title='bbox 213 5234 425 5298; x_wconf 66' lang='lat' dir='ltr'><strong>Mor-al..</strong></span> <span class='ocrx_word' id='word_1_311' title='bbox 454 5236 551 5290; x_wconf 87' lang='lat' dir='ltr'><strong>lib.</strong></span> <span class='ocrx_word' id='word_1_312' title='bbox 581 5237 749 5301; x_wconf 78' lang='lat' dir='ltr'><strong>xxn,</strong></span> <span class='ocrx_word' id='word_1_313' title='bbox 783 5252 830 5289; x_wconf 92' lang='lat' dir='ltr'><strong>c.</strong></span> <span class='ocrx_word' id='word_1_314' title='bbox 863 5250 962 5302; x_wconf 83' lang='lat'><strong>111,</strong></span> <span class='ocrx_word' id='word_1_315' title='bbox 987 5252 1040 5291; x_wconf 91' lang='lat' dir='ltr'><strong>n.</strong></span> <span class='ocrx_word' id='word_1_316' title='bbox 1070 5241 1122 5290; x_wconf 81' lang='lat'><strong>5.</strong></span> <span class='ocrx_word' id='word_1_317' title='bbox 1143 5264 1205 5276; x_wconf 95' lang='lat'>—</span> <span class='ocrx_word' id='word_1_318' title='bbox 1228 5238 1252 5274; x_wconf 55' lang='grc' dir='ltr'><em>ὃ</em></span> <span class='ocrx_word' id='word_1_319' title='bbox 1274 5236 1483 5299; x_wconf 67' lang='lat' dir='ltr'><strong>natm„</strong></span> <span class='ocrx_word' id='word_1_320' title='bbox 1515 5248 1648 5299; x_wconf 77' lang='lat'>1111,</span> <span class='ocrx_word' id='word_1_321' title='bbox 1674 5240 1754 5290; x_wconf 74' lang='lat'><strong>46.</strong></span> 
     </span>
     <span class='ocr_line' id='line_1_46' title="bbox 212 5308 1755 5373; baseline -0.001 -13"><span class='ocrx_word' id='word_1_322' title='bbox 212 5331 271 5345; x_wconf 92' lang='lat'><em>-</em></span> <span class='ocrx_word' id='word_1_323' title='bbox 312 5308 335 5344; x_wconf 78' lang='lat'>⁸</span> <span class='ocrx_word' id='word_1_324' title='bbox 370 5309 544 5372; x_wconf 68' lang='lat' dir='ltr'><strong>Cant„</strong></span> <span class='ocrx_word' id='word_1_325' title='bbox 585 5319 715 5373; x_wconf 80' lang='lat' dir='ltr'><strong>vm,</strong></span> <span class='ocrx_word' id='word_1_326' title='bbox 752 5310 799 5360; x_wconf 86' lang='grc'><strong>7.</strong></span> <span class='ocrx_word' id='word_1_327' title='bbox 839 5334 902 5349; x_wconf 93' lang='lat'><em>-</em></span> <span class='ocrx_word' id='word_1_328' title='bbox 940 5311 963 5345; x_wconf 81' lang='lat'>⁸</span> <span class='ocrx_word' id='word_1_329' title='bbox 996 5309 1199 5371; x_wconf 63' lang='lat' dir='ltr'><strong>naeth„</strong></span> <span class='ocrx_word' id='word_1_330' title='bbox 1235 5320 1320 5373; x_wconf 80' lang='grc' dir='ltr'><strong>ιιι,</strong></span> <span class='ocrx_word' id='word_1_331' title='bbox 1362 5311 1442 5359; x_wconf 89' lang='grc'><strong>33.</strong></span> <span class='ocrx_word' id='word_1_332' title='bbox 1469 5334 1535 5346; x_wconf 89' lang='grc'>-</span> <span class='ocrx_word' id='word_1_333' title='bbox 1570 5309 1586 5339; x_wconf 79' lang='lat'>²</span> <span class='ocrx_word' id='word_1_334' title='bbox 1614 5309 1755 5360; x_wconf 75' lang='lat' dir='ltr'><strong>Peal.</strong></span> 
     </span>
     <span class='ocr_line' id='line_1_47' title="bbox 210 5379 1756 5446; baseline 0.003 -18"><span class='ocrx_word' id='word_1_335' title='bbox 210 5387 408 5442; x_wconf 77' lang='lat' dir='ltr'><strong>uvm,</strong></span> <span class='ocrx_word' id='word_1_336' title='bbox 435 5381 518 5433; x_wconf 80' lang='lat'><strong>³3.</strong></span> <span class='ocrx_word' id='word_1_337' title='bbox 551 5405 618 5417; x_wconf 88' lang='lat'>—</span> <span class='ocrx_word' id='word_1_338' title='bbox 654 5379 673 5410; x_wconf 87' lang='lat'>⁸</span> <span class='ocrx_word' id='word_1_339' title='bbox 708 5380 851 5446; x_wconf 70' lang='lat' dir='ltr'><strong>Sap„</strong></span> <span class='ocrx_word' id='word_1_340' title='bbox 888 5392 937 5444; x_wconf 89' lang='lat'><strong>1,</strong></span> <span class='ocrx_word' id='word_1_341' title='bbox 975 5384 1021 5430; x_wconf 87' lang='grc'><strong>1.</strong></span> <span class='ocrx_word' id='word_1_342' title='bbox 1048 5406 1111 5419; x_wconf 93' lang='grc'>-</span> <span class='ocrx_word' id='word_1_343' title='bbox 1145 5381 1165 5411; x_wconf 76' lang='grc'><strong>’</strong></span> <span class='ocrx_word' id='word_1_344' title='bbox 1191 5380 1396 5446; x_wconf 63' lang='lat' dir='ltr'><strong>lev-em„</strong></span> <span class='ocrx_word' id='word_1_345' title='bbox 1431 5390 1540 5444; x_wconf 71' lang='lat' dir='ltr'><strong>xlv,</strong></span> <span class='ocrx_word' id='word_1_346' title='bbox 1581 5381 1660 5432; x_wconf 87' lang='grc'><strong>13.</strong></span> <span class='ocrx_word' id='word_1_347' title='bbox 1690 5405 1756 5420; x_wconf 85' lang='lat'><strong>--</strong></span> 
     </span>
     <span class='ocr_line' id='line_1_48' title="bbox 210 5447 1751 5518; baseline 0.001 -16"><span class='ocrx_word' id='word_1_348' title='bbox 210 5447 252 5484; x_wconf 83' lang='lat'><strong>¹·</strong></span> <span class='ocrx_word' id='word_1_349' title='bbox 276 5449 421 5516; x_wconf 65' lang='lat' dir='ltr'><strong>Sap„</strong></span> <span class='ocrx_word' id='word_1_350' title='bbox 447 5461 537 5515; x_wconf 77' lang='lat' dir='ltr'><strong>vx,</strong></span> <span class='ocrx_word' id='word_1_351' title='bbox 570 5453 651 5506; x_wconf 81' lang='grc'><strong>13.</strong></span> <span class='ocrx_word' id='word_1_352' title='bbox 678 5478 742 5491; x_wconf 90' lang='grc'>-</span> <span class='ocrx_word' id='word_1_353' title='bbox 768 5452 816 5489; x_wconf 82' lang='lat'><strong>¹¹</strong></span> <span class='ocrx_word' id='word_1_354' title='bbox 849 5452 891 5503; x_wconf 84' lang='grc' dir='ltr'><strong>ΙΙ</strong></span> <span class='ocrx_word' id='word_1_355' title='bbox 924 5451 1122 5517; x_wconf 68' lang='lat' dir='ltr'><strong>Perat..</strong></span> <span class='ocrx_word' id='word_1_356' title='bbox 1145 5462 1236 5517; x_wconf 81' lang='lat' dir='ltr'><strong>xv,</strong></span> <span class='ocrx_word' id='word_1_357' title='bbox 1261 5455 1312 5504; x_wconf 78' lang='lat'><strong>2.</strong></span> <span class='ocrx_word' id='word_1_358' title='bbox 1337 5473 1403 5491; x_wconf 89' lang='lat'>—</span> <span class='ocrx_word' id='word_1_359' title='bbox 1430 5451 1474 5489; x_wconf 80' lang='lat'><strong>¹²</strong></span> <span class='ocrx_word' id='word_1_360' title='bbox 1504 5451 1647 5514; x_wconf 66' lang='lat' dir='ltr'><strong>Luc„</strong></span> <span class='ocrx_word' id='word_1_361' title='bbox 1672 5463 1751 5518; x_wconf 78' lang='lat' dir='ltr'><strong>xl,</strong></span> 
     </span>
    </p>
   </div>
   <div class='ocr_carea' id='block_1_4' title="bbox 3297 473 3416 548">
    <p class='ocr_par' dir='ltr' id='par_1_6' title="bbox 3297 473 3416 548">
     <span class='ocr_line' id='line_1_49' title="bbox 3297 473 3416 548; baseline 0.017 -2"><span class='ocrx_word' id='word_1_362' title='bbox 3297 473 3416 548; x_wconf 68' lang='lat'><strong>273</strong></span> 
     </span>
    </p>
   </div>
   <div class='ocr_carea' id='block_1_5' title="bbox 1874 591 3420 1109">
    <p class='ocr_par' dir='ltr' id='par_1_7' title="bbox 1874 591 3420 1109">
     <span class='ocr_line' id='line_1_50' title="bbox 1876 591 3418 691; baseline 0.018 -37"><span class='ocrx_word' id='word_1_363' title='bbox 1876 591 1944 655; x_wconf 90' lang='lat' dir='ltr'><strong>in</strong></span> <span class='ocrx_word' id='word_1_364' title='bbox 1986 597 2119 658; x_wconf 87' lang='lat' dir='ltr'><strong>toto</strong></span> <span class='ocrx_word' id='word_1_365' title='bbox 2157 596 2344 662; x_wconf 90' lang='lat' dir='ltr'><strong>corde</strong></span> <span class='ocrx_word' id='word_1_366' title='bbox 2387 601 2638 665; x_wconf 83' lang='lat' dir='ltr'><strong>vestro.-</strong></span> <span class='ocrx_word' id='word_1_367' title='bbox 2651 620 2683 661; x_wconf 70' lang='lat' dir='ltr'>n</span> <span class='ocrx_word' id='word_1_368' title='bbox 2718 600 2877 670; x_wconf 85' lang='lat' dir='ltr'><strong>Item</strong></span> <span class='ocrx_word' id='word_1_369' title='bbox 2915 607 3235 691; x_wconf 84' lang='lat' dir='ltr'><strong>continue,</strong></span> <span class='ocrx_word' id='word_1_370' title='bbox 3277 615 3418 682; x_wconf 82' lang='lat' dir='ltr'><strong>sine</strong></span> 
     </span>
     <span class='ocr_line' id='line_1_51' title="bbox 1875 698 3420 803; baseline 0.016 -39"><span class='ocrx_word' id='word_1_371' title='bbox 1875 698 2278 768; x_wconf 85' lang='lat' dir='ltr'><strong>derelictione</strong></span> <span class='ocrx_word' id='word_1_372' title='bbox 2300 704 2346 744; x_wconf 85' lang='lat'><strong>²⁰</strong></span> <span class='ocrx_word' id='word_1_373' title='bbox 2378 726 2449 768; x_wconf 73' lang='lat' dir='ltr'><strong>:c</strong></span> <span class='ocrx_word' id='word_1_374' title='bbox 2479 702 2812 774; x_wconf 86' lang='lat' dir='ltr'><strong>Invenitur</strong></span> <span class='ocrx_word' id='word_1_375' title='bbox 2836 710 2919 776; x_wconf 89' lang='lat' dir='ltr'><strong>ab</strong></span> <span class='ocrx_word' id='word_1_376' title='bbox 2944 712 3068 794; x_wconf 89' lang='lat' dir='ltr'><strong>his,</strong></span> <span class='ocrx_word' id='word_1_377' title='bbox 3102 720 3216 800; x_wconf 86' lang='lat' dir='ltr'><strong>qui</strong></span> <span class='ocrx_word' id='word_1_378' title='bbox 3247 737 3420 803; x_wconf 80' lang='lat' dir='ltr'><strong>quae-</strong></span> 
     </span>
     <span class='ocr_line' id='line_1_52' title="bbox 1875 807 3419 905; baseline 0.016 -36"><span class='ocrx_word' id='word_1_379' title='bbox 1875 810 2028 870; x_wconf 91' lang='lat' dir='ltr'><strong>runt</strong></span> <span class='ocrx_word' id='word_1_380' title='bbox 2046 807 2254 873; x_wconf 90' lang='lat' dir='ltr'><strong>illum.</strong></span> <span class='ocrx_word' id='word_1_381' title='bbox 2274 830 2306 869; x_wconf 75' lang='grc' dir='ltr'><strong>ι)</strong></span> <span class='ocrx_word' id='word_1_382' title='bbox 2332 808 2410 876; x_wconf 89' lang='lat' dir='ltr'><strong>Et</strong></span> <span class='ocrx_word' id='word_1_383' title='bbox 2433 811 2477 847; x_wconf 85' lang='lat'><strong>¹¹</strong></span> <span class='ocrx_word' id='word_1_384' title='bbox 2503 830 2520 875; x_wconf 74' lang='grc' dir='ltr'><strong>ε</strong></span> <span class='ocrx_word' id='word_1_385' title='bbox 2550 836 2581 875; x_wconf 75' lang='grc' dir='ltr'>α</span> <span class='ocrx_word' id='word_1_386' title='bbox 2611 811 2678 877; x_wconf 93' lang='lat' dir='ltr'><strong>Si</strong></span> <span class='ocrx_word' id='word_1_387' title='bbox 2706 811 3083 899; x_wconf 77' lang='lat' dir='ltr'><strong>quaesieritis</strong></span> <span class='ocrx_word' id='word_1_388' title='bbox 3105 841 3284 905; x_wconf 91' lang='lat' dir='ltr'><strong>eum,</strong></span> <span class='ocrx_word' id='word_1_389' title='bbox 3312 828 3419 892; x_wconf 92' lang='lat' dir='ltr'><strong>in-</strong></span> 
     </span>
     <span class='ocr_line' id='line_1_53' title="bbox 1875 915 3418 1015; baseline 0.016 -37"><span class='ocrx_word' id='word_1_390' title='bbox 1875 915 2176 995; x_wconf 83' lang='lat' dir='ltr'><strong>venietis;</strong></span> <span class='ocrx_word' id='word_1_391' title='bbox 2212 918 2314 982; x_wconf 90' lang='lat' dir='ltr'><strong>sin</strong></span> <span class='ocrx_word' id='word_1_392' title='bbox 2350 923 2566 986; x_wconf 89' lang='lat' dir='ltr'><strong>autem</strong></span> <span class='ocrx_word' id='word_1_393' title='bbox 2595 921 3060 1009; x_wconf 87' lang='lat' dir='ltr'><strong>dereliqueritis</strong></span> <span class='ocrx_word' id='word_1_394' title='bbox 3089 950 3265 1015; x_wconf 91' lang='lat' dir='ltr'><strong>eum,</strong></span> <span class='ocrx_word' id='word_1_395' title='bbox 3312 935 3418 1001; x_wconf 91' lang='lat' dir='ltr'><strong>de-</strong></span> 
     </span>
     <span class='ocr_line' id='line_1_54' title="bbox 1874 1022 2419 1109; baseline 0.007 -23"><span class='ocrx_word' id='word_1_396' title='bbox 1874 1022 2194 1109; x_wconf 81' lang='lat' dir='ltr'><strong>relinquet</strong></span> <span class='ocrx_word' id='word_1_397' title='bbox 2217 1045 2353 1094; x_wconf 80' lang='lat' dir='ltr'><strong>vos.</strong></span> <span class='ocrx_word' id='word_1_398' title='bbox 2387 1051 2419 1090; x_wconf 69' lang='lat' dir='ltr'><strong>n</strong></span> 
     </span>
    </p>
   </div>
   <div class='ocr_carea' id='block_1_6' title="bbox 2404 1211 2889 1292">
    <p class='ocr_par' dir='ltr' id='par_1_8' title="bbox 2404 1211 2889 1292">
     <span class='ocr_line' id='line_1_55' title="bbox 2404 1211 2889 1292; baseline 0.01 -12"><span class='ocrx_word' id='word_1_399' title='bbox 2404 1211 2694 1292; x_wconf 83' lang='lat' dir='ltr'>SERMO</span> <span class='ocrx_word' id='word_1_400' title='bbox 2744 1215 2889 1286; x_wconf 91' lang='lat' dir='ltr'><strong>VII.</strong></span> 
     </span>
    </p>
   </div>
   <div class='ocr_carea' id='block_1_7' title="bbox 1861 1348 3422 5105">
    <p class='ocr_par' dir='ltr' id='par_1_9' title="bbox 1874 1348 3421 1977">
     <span class='ocr_line' id='line_1_56' title="bbox 1958 1348 3416 1444; baseline 0.014 -29"><span class='ocrx_word' id='word_1_401' title='bbox 1958 1348 2257 1431; x_wconf 65' lang='lat' dir='ltr'><strong>Qum-ite,</strong></span> <span class='ocrx_word' id='word_1_402' title='bbox 2281 1357 2344 1421; x_wconf 83' lang='lat' dir='ltr'><strong>et</strong></span> <span class='ocrx_word' id='word_1_403' title='bbox 2359 1354 2704 1424; x_wconf 81' lang='lat' dir='ltr'><strong>invenietis</strong></span> <span class='ocrx_word' id='word_1_404' title='bbox 2731 1360 2799 1424; x_wconf 52' lang='grc' dir='ltr'><strong>ι’.</strong></span> <span class='ocrx_word' id='word_1_405' title='bbox 2819 1358 2887 1425; x_wconf 90' lang='lat' dir='ltr'><strong>Si</strong></span> <span class='ocrx_word' id='word_1_406' title='bbox 2910 1363 3197 1444; x_wconf 84' lang='lat' dir='ltr'><strong>quaeritis</strong></span> <span class='ocrx_word' id='word_1_407' title='bbox 3212 1367 3416 1434; x_wconf 88' lang='lat' dir='ltr'><strong>medi-</strong></span> 
     </span>
     <span class='ocr_line' id='line_1_57' title="bbox 1874 1455 3414 1556; baseline 0.014 -37"><span class='ocrx_word' id='word_1_408' title='bbox 1874 1455 2090 1538; x_wconf 86' lang='lat' dir='ltr'><strong>tando,</strong></span> <span class='ocrx_word' id='word_1_409' title='bbox 2106 1475 2224 1523; x_wconf 89' lang='lat' dir='ltr'><strong>seu</strong></span> <span class='ocrx_word' id='word_1_410' title='bbox 2240 1460 2670 1546; x_wconf 86' lang='lat' dir='ltr'><strong>desiderando,</strong></span> <span class='ocrx_word' id='word_1_411' title='bbox 2683 1467 2946 1550; x_wconf 89' lang='lat' dir='ltr'><strong>orand0‚</strong></span> <span class='ocrx_word' id='word_1_412' title='bbox 2967 1470 3128 1537; x_wconf 87' lang='lat' dir='ltr'><strong>bene</strong></span> <span class='ocrx_word' id='word_1_413' title='bbox 3139 1475 3414 1556; x_wconf 90' lang='lat' dir='ltr'><strong>agendo,</strong></span> 
     </span>
     <span class='ocr_line' id='line_1_58' title="bbox 1874 1561 3421 1666; baseline 0.016 -40"><span class='ocrx_word' id='word_1_414' title='bbox 1874 1561 2212 1630; x_wconf 87' lang='lat' dir='ltr'><strong>invenietis</strong></span> <span class='ocrx_word' id='word_1_415' title='bbox 2237 1567 2307 1632; x_wconf 92' lang='lat' dir='ltr'><strong>in</strong></span> <span class='ocrx_word' id='word_1_416' title='bbox 2331 1570 2572 1637; x_wconf 91' lang='lat' dir='ltr'><strong>mundo</strong></span> <span class='ocrx_word' id='word_1_417' title='bbox 2596 1574 2897 1656; x_wconf 80' lang='lat' dir='ltr'><strong>gratiam,</strong></span> <span class='ocrx_word' id='word_1_418' title='bbox 2928 1577 2997 1642; x_wconf 89' lang='lat' dir='ltr'><strong>in</strong></span> <span class='ocrx_word' id='word_1_419' title='bbox 3020 1581 3265 1662; x_wconf 90' lang='lat' dir='ltr'><strong>judicio</strong></span> <span class='ocrx_word' id='word_1_420' title='bbox 3282 1585 3421 1666; x_wconf 85' lang='lat' dir='ltr'><strong>jus-</strong></span> 
     </span>
     <span class='ocr_line' id='line_1_59' title="bbox 1874 1669 3416 1768; baseline 0.016 -34"><span class='ocrx_word' id='word_1_421' title='bbox 1874 1669 2111 1752; x_wconf 82' lang='lat' dir='ltr'><strong>titiam‚</strong></span> <span class='ocrx_word' id='word_1_422' title='bbox 2140 1672 2210 1738; x_wconf 93' lang='lat' dir='ltr'><strong>in</strong></span> <span class='ocrx_word' id='word_1_423' title='bbox 2249 1677 2408 1742; x_wconf 86' lang='lat' dir='ltr'><strong>coelo</strong></span> <span class='ocrx_word' id='word_1_424' title='bbox 2443 1678 2744 1759; x_wconf 86' lang='lat' dir='ltr'><strong>gloriam.</strong></span> <span class='ocrx_word' id='word_1_425' title='bbox 2768 1682 2946 1752; x_wconf 90' lang='lat' dir='ltr'><strong>Unde</strong></span> <span class='ocrx_word' id='word_1_426' title='bbox 2977 1689 3060 1751; x_wconf 82' lang='lat'><strong>¹⁸:</strong></span> <span class='ocrx_word' id='word_1_427' title='bbox 3101 1711 3133 1750; x_wconf 75' lang='grc' dir='ltr'><strong>α</strong></span> <span class='ocrx_word' id='word_1_428' title='bbox 3160 1690 3283 1768; x_wconf 85' lang='lat' dir='ltr'><strong>Qui</strong></span> <span class='ocrx_word' id='word_1_429' title='bbox 3315 1710 3416 1758; x_wconf 87' lang='lat' dir='ltr'><strong>se-</strong></span> 
     </span>
     <span class='ocr_line' id='line_1_60' title="bbox 1875 1778 3419 1878; baseline 0.017 -38"><span class='ocrx_word' id='word_1_430' title='bbox 1875 1778 2096 1860; x_wconf 87' lang='lat' dir='ltr'><strong>quitur</strong></span> <span class='ocrx_word' id='word_1_431' title='bbox 2127 1783 2444 1864; x_wconf 74' lang='lat' dir='ltr'><strong>Justitiam</strong></span> <span class='ocrx_word' id='word_1_432' title='bbox 2474 1790 2539 1852; x_wconf 88' lang='lat' dir='ltr'><strong>et</strong></span> <span class='ocrx_word' id='word_1_433' title='bbox 2566 1789 3062 1860; x_wconf 85' lang='lat' dir='ltr'><strong>misericordiam</strong></span> <span class='ocrx_word' id='word_1_434' title='bbox 3077 1845 3100 1878; x_wconf 93' lang='lat'><strong>,</strong></span> <span class='ocrx_word' id='word_1_435' title='bbox 3132 1798 3419 1867; x_wconf 84' lang='lat' dir='ltr'><strong>inveniet</strong></span> 
     </span>
     <span class='ocr_line' id='line_1_61' title="bbox 1875 1886 2917 1977; baseline 0.014 -30"><span class='ocrx_word' id='word_1_436' title='bbox 1875 1886 2098 1966; x_wconf 87' lang='lat' dir='ltr'><strong>vitam,</strong></span> <span class='ocrx_word' id='word_1_437' title='bbox 2123 1889 2441 1970; x_wconf 86' lang='lat' dir='ltr'><strong>justitiam</strong></span> <span class='ocrx_word' id='word_1_438' title='bbox 2467 1897 2531 1960; x_wconf 90' lang='lat' dir='ltr'><strong>et</strong></span> <span class='ocrx_word' id='word_1_439' title='bbox 2557 1895 2853 1977; x_wconf 81' lang='lat' dir='ltr'><strong>gloriam.</strong></span> <span class='ocrx_word' id='word_1_440' title='bbox 2884 1922 2917 1962; x_wconf 71' lang='lat' dir='ltr'>n</span> 
     </span>
    </p>

    <p class='ocr_par' dir='ltr' id='par_1_10' title="bbox 1861 1992 3422 5094">
     <span class='ocr_line' id='line_1_62' title="bbox 1955 1992 3420 2083; baseline 0.018 -26"><span class='ocrx_word' id='word_1_441' title='bbox 1955 1992 2045 2058; x_wconf 88' lang='lat' dir='ltr'><strong>De</strong></span> <span class='ocrx_word' id='word_1_442' title='bbox 2088 1995 2298 2079; x_wconf 90' lang='lat' dir='ltr'><strong>primo</strong></span> <span class='ocrx_word' id='word_1_443' title='bbox 2324 1998 2411 2062; x_wconf 68' lang='lat'><strong>¹⁴2</strong></span> <span class='ocrx_word' id='word_1_444' title='bbox 2449 2022 2482 2061; x_wconf 77' lang='grc' dir='ltr'><strong>α</strong></span> <span class='ocrx_word' id='word_1_445' title='bbox 2504 2001 2826 2071; x_wconf 88' lang='lat' dir='ltr'><strong>Adeamus</strong></span> <span class='ocrx_word' id='word_1_446' title='bbox 2868 2027 3019 2075; x_wconf 91' lang='lat' dir='ltr'><strong>cum</strong></span> <span class='ocrx_word' id='word_1_447' title='bbox 3062 2012 3297 2079; x_wconf 87' lang='lat' dir='ltr'><strong>fiducia</strong></span> <span class='ocrx_word' id='word_1_448' title='bbox 3340 2016 3420 2083; x_wconf 90' lang='lat' dir='ltr'><strong>ad</strong></span> 
     </span>
     <span class='ocr_line' id='line_1_63' title="bbox 1876 2100 3422 2190; baseline 0.017 -26"><span class='ocrx_word' id='word_1_449' title='bbox 1876 2100 2188 2169; x_wconf 88' lang='lat' dir='ltr'><strong>thronum</strong></span> <span class='ocrx_word' id='word_1_450' title='bbox 2226 2108 2453 2187; x_wconf 77' lang='lat' dir='ltr'><strong>gratiae</strong></span> <span class='ocrx_word' id='word_1_451' title='bbox 2480 2160 2502 2190; x_wconf 95' lang='lat'><strong>,</strong></span> <span class='ocrx_word' id='word_1_452' title='bbox 2550 2114 2625 2177; x_wconf 91' lang='lat' dir='ltr'><strong>ut</strong></span> <span class='ocrx_word' id='word_1_453' title='bbox 2666 2114 3165 2185; x_wconf 89' lang='lat' dir='ltr'><strong>misericordiam</strong></span> <span class='ocrx_word' id='word_1_454' title='bbox 3206 2140 3422 2190; x_wconf 88' lang='lat' dir='ltr'><strong>conse-</strong></span> 
     </span>
     <span class='ocr_line' id='line_1_64' title="bbox 1879 2215 3421 2296; baseline 0.016 -25"><span class='ocrx_word' id='word_1_455' title='bbox 1879 2225 2158 2290; x_wconf 86' lang='lat' dir='ltr'><strong>quamur</strong></span> <span class='ocrx_word' id='word_1_456' title='bbox 2174 2259 2196 2291; x_wconf 88' lang='lat'><strong>,</strong></span> <span class='ocrx_word' id='word_1_457' title='bbox 2226 2215 2290 2277; x_wconf 91' lang='lat' dir='ltr'><strong>et</strong></span> <span class='ocrx_word' id='word_1_458' title='bbox 2313 2215 2591 2296; x_wconf 86' lang='lat' dir='ltr'><strong>gratiam</strong></span> <span class='ocrx_word' id='word_1_459' title='bbox 2632 2219 3037 2289; x_wconf 84' lang='lat' dir='ltr'><strong>inveniamus</strong></span> <span class='ocrx_word' id='word_1_460' title='bbox 3071 2226 3142 2290; x_wconf 91' lang='lat' dir='ltr'><strong>in</strong></span> <span class='ocrx_word' id='word_1_461' title='bbox 3180 2228 3421 2295; x_wconf 82' lang='lat' dir='ltr'><strong>auxilio</strong></span> 
     </span>
     <span class='ocr_line' id='line_1_65' title="bbox 1880 2320 3422 2419; baseline 0.015 -38"><span class='ocrx_word' id='word_1_462' title='bbox 1880 2325 2261 2401; x_wconf 87' lang='lat' dir='ltr'><strong>opportuno.</strong></span> <span class='ocrx_word' id='word_1_463' title='bbox 2291 2342 2323 2381; x_wconf 72' lang='grc' dir='ltr'><strong>ι</strong></span> <span class='ocrx_word' id='word_1_464' title='bbox 2340 2320 2598 2406; x_wconf 86' lang='lat' dir='ltr'><strong>Triplex</strong></span> <span class='ocrx_word' id='word_1_465' title='bbox 2624 2331 2841 2394; x_wconf 88' lang='lat' dir='ltr'><strong>autem</strong></span> <span class='ocrx_word' id='word_1_466' title='bbox 2858 2336 2956 2396; x_wconf 87' lang='lat' dir='ltr'><strong>est</strong></span> <span class='ocrx_word' id='word_1_467' title='bbox 2969 2332 3254 2401; x_wconf 86' lang='lat' dir='ltr'><strong>inventio</strong></span> <span class='ocrx_word' id='word_1_468' title='bbox 3269 2355 3422 2419; x_wconf 89' lang='lat' dir='ltr'><strong>gra-</strong></span> 
     </span>
     <span class='ocr_line' id='line_1_66' title="bbox 1876 2421 3413 2525; baseline 0.017 -39"><span class='ocrx_word' id='word_1_469' title='bbox 1876 2421 2006 2488; x_wconf 81' lang='lat' dir='ltr'><strong>tiae.</strong></span> <span class='ocrx_word' id='word_1_470' title='bbox 2054 2422 2399 2493; x_wconf 87' lang='lat' dir='ltr'><strong>Inveniunt</strong></span> <span class='ocrx_word' id='word_1_471' title='bbox 2423 2431 2597 2496; x_wconf 90' lang='lat' dir='ltr'><strong>enim</strong></span> <span class='ocrx_word' id='word_1_472' title='bbox 2624 2433 2775 2499; x_wconf 90' lang='lat' dir='ltr'><strong>boni</strong></span> <span class='ocrx_word' id='word_1_473' title='bbox 2802 2444 3162 2520; x_wconf 84' lang='lat' dir='ltr'><strong>quaerentes</strong></span> <span class='ocrx_word' id='word_1_474' title='bbox 3192 2460 3413 2525; x_wconf 89' lang='lat' dir='ltr'><strong>pecca-</strong></span> 
     </span>
     <span class='ocr_line' id='line_1_67' title="bbox 1873 2531 3416 2629; baseline 0.017 -36"><span class='ocrx_word' id='word_1_475' title='bbox 1873 2531 2092 2595; x_wconf 91' lang='lat' dir='ltr'><strong>torum</strong></span> <span class='ocrx_word' id='word_1_476' title='bbox 2115 2531 2586 2616; x_wconf 85' lang='lat' dir='ltr'><strong>indulgentiam</strong></span> <span class='ocrx_word' id='word_1_477' title='bbox 2613 2540 2660 2580; x_wconf 81' lang='lat'><strong>¹⁸</strong></span> <span class='ocrx_word' id='word_1_478' title='bbox 2689 2562 2705 2605; x_wconf 71' lang='grc' dir='ltr'>ε</span> <span class='ocrx_word' id='word_1_479' title='bbox 2732 2563 2765 2602; x_wconf 78' lang='grc' dir='ltr'>α</span> <span class='ocrx_word' id='word_1_480' title='bbox 2783 2543 2949 2610; x_wconf 81' lang='lat' dir='ltr'><strong>Ante</strong></span> <span class='ocrx_word' id='word_1_481' title='bbox 2965 2547 3289 2629; x_wconf 72' lang='lat' dir='ltr'><strong>,iudicium</strong></span> <span class='ocrx_word' id='word_1_482' title='bbox 3314 2552 3416 2618; x_wconf 91' lang='lat' dir='ltr'><strong>in-</strong></span> 
     </span>
     <span class='ocr_line' id='line_1_68' title="bbox 1876 2637 3414 2734; baseline 0.018 -36"><span class='ocrx_word' id='word_1_483' title='bbox 1876 2637 2135 2719; x_wconf 86' lang='lat' dir='ltr'><strong>terroga</strong></span> <span class='ocrx_word' id='word_1_484' title='bbox 2159 2638 2434 2722; x_wconf 87' lang='lat' dir='ltr'><strong>teipsum</strong></span> <span class='ocrx_word' id='word_1_485' title='bbox 2466 2691 2485 2724; x_wconf 91' lang='lat'><strong>,</strong></span> <span class='ocrx_word' id='word_1_486' title='bbox 2525 2647 2590 2709; x_wconf 88' lang='lat' dir='ltr'><strong>et</strong></span> <span class='ocrx_word' id='word_1_487' title='bbox 2624 2645 2696 2712; x_wconf 92' lang='lat' dir='ltr'><strong>in</strong></span> <span class='ocrx_word' id='word_1_488' title='bbox 2723 2656 3079 2734; x_wconf 85' lang='lat' dir='ltr'><strong>conspectu</strong></span> <span class='ocrx_word' id='word_1_489' title='bbox 3103 2643 3213 2721; x_wconf 86' lang='lat' dir='ltr'><strong>Dei</strong></span> <span class='ocrx_word' id='word_1_490' title='bbox 3235 2658 3414 2725; x_wconf 84' lang='lat' dir='ltr'><strong>inve-</strong></span> 
     </span>
     <span class='ocr_line' id='line_1_69' title="bbox 1872 2741 3417 2847; baseline 0.017 -41"><span class='ocrx_word' id='word_1_491' title='bbox 1872 2741 2012 2808; x_wconf 88' lang='lat' dir='ltr'><strong>nies</strong></span> <span class='ocrx_word' id='word_1_492' title='bbox 2060 2744 2593 2828; x_wconf 87' lang='lat' dir='ltr'><strong>propitiationem.</strong></span> <span class='ocrx_word' id='word_1_493' title='bbox 2643 2772 2675 2813; x_wconf 70' lang='lat' dir='ltr'>n</span> <span class='ocrx_word' id='word_1_494' title='bbox 2727 2753 3091 2840; x_wconf 89' lang='lat' dir='ltr'><strong>Interrogat</strong></span> <span class='ocrx_word' id='word_1_495' title='bbox 3133 2764 3417 2847; x_wconf 91' lang='lat' dir='ltr'><strong>seipsum</strong></span> 
     </span>
     <span class='ocr_line' id='line_1_70' title="bbox 1873 2849 3417 2954; baseline 0.019 -41"><span class='ocrx_word' id='word_1_496' title='bbox 1873 2849 2070 2915; x_wconf 90' lang='lat' dir='ltr'><strong>homo</strong></span> <span class='ocrx_word' id='word_1_497' title='bbox 2111 2851 2180 2916; x_wconf 91' lang='lat' dir='ltr'><strong>in</strong></span> <span class='ocrx_word' id='word_1_498' title='bbox 2221 2857 2620 2924; x_wconf 72' lang='lat' dir='ltr'><strong>conscientiae</strong></span> <span class='ocrx_word' id='word_1_499' title='bbox 2662 2860 3091 2948; x_wconf 86' lang='lat' dir='ltr'><strong>discussione,</strong></span> <span class='ocrx_word' id='word_1_500' title='bbox 3136 2889 3417 2954; x_wconf 86' lang='lat' dir='ltr'><strong>arguens</strong></span> 
     </span>
     <span class='ocr_line' id='line_1_71' title="bbox 1872 2958 3416 3059; baseline 0.017 -38"><span class='ocrx_word' id='word_1_501' title='bbox 1872 2958 2157 3042; x_wconf 90' lang='lat' dir='ltr'><strong>seipsum</strong></span> <span class='ocrx_word' id='word_1_502' title='bbox 2183 2980 2386 3045; x_wconf 85' lang='lat' dir='ltr'><strong>quare</strong></span> <span class='ocrx_word' id='word_1_503' title='bbox 2412 2965 2600 3045; x_wconf 90' lang='lat' dir='ltr'><strong>istas,</strong></span> <span class='ocrx_word' id='word_1_504' title='bbox 2629 2969 2734 3035; x_wconf 86' lang='lat' dir='ltr'><strong>vel</strong></span> <span class='ocrx_word' id='word_1_505' title='bbox 2760 2971 2916 3037; x_wconf 89' lang='lat' dir='ltr'><strong>alias</strong></span> <span class='ocrx_word' id='word_1_506' title='bbox 2942 2975 3306 3059; x_wconf 84' lang='lat' dir='ltr'><strong>iniquitates</strong></span> <span class='ocrx_word' id='word_1_507' title='bbox 3328 2982 3416 3049; x_wconf 83' lang='lat' dir='ltr'><strong>fe-</strong></span> 
     </span>
     <span class='ocr_line' id='line_1_72' title="bbox 1872 3067 3412 3159; baseline 0.016 -27"><span class='ocrx_word' id='word_1_508' title='bbox 1872 3067 2049 3133; x_wconf 90' lang='lat' dir='ltr'><strong>cerit.</strong></span> <span class='ocrx_word' id='word_1_509' title='bbox 2085 3067 2260 3135; x_wconf 87' lang='lat' dir='ltr'><strong>Facit</strong></span> <span class='ocrx_word' id='word_1_510' title='bbox 2297 3073 2471 3138; x_wconf 90' lang='lat' dir='ltr'><strong>enim</strong></span> <span class='ocrx_word' id='word_1_511' title='bbox 2506 3075 2597 3140; x_wconf 87' lang='lat' dir='ltr'><strong>sic</strong></span> <span class='ocrx_word' id='word_1_512' title='bbox 2615 3077 2980 3159; x_wconf 85' lang='lat' dir='ltr'><strong>judicium</strong></span> <span class='ocrx_word' id='word_1_513' title='bbox 2962 3102 3034 3148; x_wconf 86' lang='grc' dir='ltr'><strong>ιιι</strong></span> <span class='ocrx_word' id='word_1_514' title='bbox 3059 3087 3247 3153; x_wconf 91' lang='lat' dir='ltr'><strong>corde</strong></span> <span class='ocrx_word' id='word_1_515' title='bbox 3271 3107 3412 3156; x_wconf 88' lang='lat' dir='ltr'><strong>suo.</strong></span> 
     </span>
     <span class='ocr_line' id='line_1_73' title="bbox 1871 3169 3412 3280; baseline 0.016 -41"><span class='ocrx_word' id='word_1_516' title='bbox 1871 3173 2221 3257; x_wconf 84' lang='lat' dir='ltr'><strong>Gregorius</strong></span> <span class='ocrx_word' id='word_1_517' title='bbox 2238 3176 2323 3215; x_wconf 80' lang='lat'><strong>²⁸·</strong></span> <span class='ocrx_word' id='word_1_518' title='bbox 2309 3201 2384 3243; x_wconf 79' lang='grc' dir='ltr'><strong>,α</strong></span> <span class='ocrx_word' id='word_1_519' title='bbox 2399 3169 2785 3251; x_wconf 86' lang='lat' dir='ltr'><strong>Conscientia</strong></span> <span class='ocrx_word' id='word_1_520' title='bbox 2810 3194 3093 3274; x_wconf 88' lang='lat' dir='ltr'><strong>accusat,</strong></span> <span class='ocrx_word' id='word_1_521' title='bbox 3123 3194 3329 3261; x_wconf 89' lang='lat' dir='ltr'><strong>ratio</strong></span> <span class='ocrx_word' id='word_1_522' title='bbox 3310 3216 3412 3280; x_wconf 69' lang='lat' dir='ltr'><strong>Ju-</strong></span> 
     </span>
     <span class='ocr_line' id='line_1_74' title="bbox 1870 3282 3412 3371; baseline 0.016 -25"><span class='ocrx_word' id='word_1_523' title='bbox 1870 3282 2059 3363; x_wconf 88' lang='lat' dir='ltr'><strong>dicat,</strong></span> <span class='ocrx_word' id='word_1_524' title='bbox 2101 3285 2295 3351; x_wconf 91' lang='lat' dir='ltr'><strong>timor</strong></span> <span class='ocrx_word' id='word_1_525' title='bbox 2335 3286 2531 3369; x_wconf 89' lang='lat' dir='ltr'><strong>ligat,</strong></span> <span class='ocrx_word' id='word_1_526' title='bbox 2561 3290 2740 3357; x_wconf 89' lang='lat' dir='ltr'><strong>dolor</strong></span> <span class='ocrx_word' id='word_1_527' title='bbox 2773 3297 3097 3365; x_wconf 77' lang='lat' dir='ltr'><strong>cruciat.»</strong></span> <span class='ocrx_word' id='word_1_528' title='bbox 3134 3301 3412 3371; x_wconf 89' lang='lat' dir='ltr'><strong>Interro-</strong></span> 
     </span>
     <span class='ocr_line' id='line_1_75' title="bbox 1870 3393 3417 3491; baseline 0.018 -40"><span class='ocrx_word' id='word_1_529' title='bbox 1870 3393 1983 3472; x_wconf 90' lang='lat' dir='ltr'><strong>gat</strong></span> <span class='ocrx_word' id='word_1_530' title='bbox 2021 3408 2276 3475; x_wconf 86' lang='lat' dir='ltr'><strong>quoque</strong></span> <span class='ocrx_word' id='word_1_531' title='bbox 2318 3393 2594 3468; x_wconf 73' lang='lat' dir='ltr'><strong>vicarius</strong></span> <span class='ocrx_word' id='word_1_532' title='bbox 2619 3397 2782 3464; x_wconf 89' lang='lat' dir='ltr'><strong>Dei</strong></span> <span class='ocrx_word' id='word_1_533' title='bbox 2764 3419 2832 3465; x_wconf 89' lang='lat' dir='ltr'><strong>m</strong></span> <span class='ocrx_word' id='word_1_534' title='bbox 2858 3406 3337 3491; x_wconf 77' lang='lat' dir='ltr'><strong>confession03</strong></span> <span class='ocrx_word' id='word_1_535' title='bbox 3318 3430 3417 3478; x_wconf 87' lang='lat' dir='ltr'><strong>m-</strong></span> 
     </span>
     <span class='ocr_line' id='line_1_76' title="bbox 1867 3499 3409 3584; baseline 0.016 -23"><span class='ocrx_word' id='word_1_536' title='bbox 1867 3500 2154 3579; x_wconf 88' lang='lat' dir='ltr'><strong>terrogat</strong></span> <span class='ocrx_word' id='word_1_537' title='bbox 2170 3503 2234 3564; x_wconf 89' lang='lat' dir='ltr'><strong>et</strong></span> <span class='ocrx_word' id='word_1_538' title='bbox 2258 3499 2424 3570; x_wconf 86' lang='lat' dir='ltr'><strong>Deus</strong></span> <span class='ocrx_word' id='word_1_539' title='bbox 2448 3502 2518 3568; x_wconf 91' lang='lat' dir='ltr'><strong>in</strong></span> <span class='ocrx_word' id='word_1_540' title='bbox 2535 3508 2823 3572; x_wconf 82' lang='lat' dir='ltr'><strong>extrema</strong></span> <span class='ocrx_word' id='word_1_541' title='bbox 2840 3513 3310 3583; x_wconf 85' lang='lat' dir='ltr'><strong>examinatione</strong></span> <span class='ocrx_word' id='word_1_542' title='bbox 3328 3519 3372 3557; x_wconf 80' lang='lat'><strong>¹⁷</strong></span> <span class='ocrx_word' id='word_1_543' title='bbox 3390 3541 3409 3584; x_wconf 75' lang='grc' dir='ltr'><strong><em>ε</em></strong></span> 
     </span>
     <span class='ocr_line' id='line_1_77' title="bbox 1879 3604 3415 3696; baseline 0.016 -28"><span class='ocrx_word' id='word_1_544' title='bbox 1879 3627 1911 3667; x_wconf 73' lang='lat' dir='ltr'><strong>c</strong></span> <span class='ocrx_word' id='word_1_545' title='bbox 1931 3604 2354 3689; x_wconf 76' lang='lat' dir='ltr'><strong>Inter-rogabit</strong></span> <span class='ocrx_word' id='word_1_546' title='bbox 2371 3628 2562 3692; x_wconf 88' lang='lat' dir='ltr'><strong>opera</strong></span> <span class='ocrx_word' id='word_1_547' title='bbox 2577 3618 2817 3696; x_wconf 87' lang='lat' dir='ltr'><strong>nostra,</strong></span> <span class='ocrx_word' id='word_1_548' title='bbox 2848 3638 2880 3677; x_wconf 72' lang='grc' dir='ltr'><strong>ι</strong></span> <span class='ocrx_word' id='word_1_549' title='bbox 2916 3623 3035 3685; x_wconf 91' lang='lat' dir='ltr'><strong>etc.</strong></span> <span class='ocrx_word' id='word_1_550' title='bbox 3065 3620 3415 3692; x_wconf 88' lang='lat' dir='ltr'><strong>Inveniunt</strong></span> 
     </span>
     <span class='ocr_line' id='line_1_78' title="bbox 1867 3711 3413 3814; baseline 0.016 -38"><span class='ocrx_word' id='word_1_551' title='bbox 1867 3711 2188 3779; x_wconf 87' lang='lat' dir='ltr'><strong>virtutum</strong></span> <span class='ocrx_word' id='word_1_552' title='bbox 2214 3716 2605 3798; x_wconf 87' lang='lat' dir='ltr'><strong>opulentiam</strong></span> <span class='ocrx_word' id='word_1_553' title='bbox 2623 3721 2667 3759; x_wconf 85' lang='lat'><strong>¹⁸</strong></span> <span class='ocrx_word' id='word_1_554' title='bbox 2688 3744 2705 3786; x_wconf 75' lang='grc' dir='ltr'><strong><em>ε</em></strong></span> <span class='ocrx_word' id='word_1_555' title='bbox 2729 3722 2985 3792; x_wconf 73' lang='lat' dir='ltr'><strong>«Simile</strong></span> <span class='ocrx_word' id='word_1_556' title='bbox 3008 3732 3106 3794; x_wconf 90' lang='lat' dir='ltr'><strong>est</strong></span> <span class='ocrx_word' id='word_1_557' title='bbox 3128 3749 3413 3814; x_wconf 89' lang='lat' dir='ltr'><strong>regnum</strong></span> 
     </span>
     <span class='ocr_line' id='line_1_79' title="bbox 1869 3819 3406 3918; baseline 0.015 -34"><span class='ocrx_word' id='word_1_558' title='bbox 1869 3819 2180 3887; x_wconf 75' lang='lat' dir='ltr'><strong>coelorum</strong></span> <span class='ocrx_word' id='word_1_559' title='bbox 2208 3822 2512 3891; x_wconf 82' lang='lat' dir='ltr'><strong>thesauro</strong></span> <span class='ocrx_word' id='word_1_560' title='bbox 2535 3827 2899 3897; x_wconf 90' lang='lat' dir='ltr'><strong>abscondito</strong></span> <span class='ocrx_word' id='word_1_561' title='bbox 2917 3833 2987 3898; x_wconf 91' lang='lat' dir='ltr'><strong>in</strong></span> <span class='ocrx_word' id='word_1_562' title='bbox 3004 3852 3187 3918; x_wconf 87' lang='lat' dir='ltr'><strong>agro,</strong></span> <span class='ocrx_word' id='word_1_563' title='bbox 3217 3858 3249 3899; x_wconf 70' lang='grc' dir='ltr'><strong>ι</strong></span> <span class='ocrx_word' id='word_1_564' title='bbox 3285 3844 3406 3908; x_wconf 90' lang='lat' dir='ltr'><strong>etc.</strong></span> 
     </span>
     <span class='ocr_line' id='line_1_80' title="bbox 1870 3924 3411 4022; baseline 0.015 -30"><span class='ocrx_word' id='word_1_565' title='bbox 1870 3924 2283 3996; x_wconf 87' lang='lat' dir='ltr'><strong>Tbesaurus</strong></span> <span class='ocrx_word' id='word_1_566' title='bbox 2265 3950 2335 3996; x_wconf 89' lang='lat' dir='ltr'><strong>m</strong></span> <span class='ocrx_word' id='word_1_567' title='bbox 2373 3948 2569 4016; x_wconf 84' lang='lat' dir='ltr'><strong>agro,</strong></span> <span class='ocrx_word' id='word_1_568' title='bbox 2602 3939 2699 4003; x_wconf 89' lang='lat' dir='ltr'><strong>est</strong></span> <span class='ocrx_word' id='word_1_569' title='bbox 2735 3940 3060 4022; x_wconf 80' lang='lat' dir='ltr'><strong>opulentia</strong></span> <span class='ocrx_word' id='word_1_570' title='bbox 3093 3945 3411 4014; x_wconf 83' lang='lat' dir='ltr'><strong>virtutum</strong></span> 
     </span>
     <span class='ocr_line' id='line_1_81' title="bbox 1873 4032 3409 4137; baseline 0.016 -39"><span class='ocrx_word' id='word_1_571' title='bbox 1873 4032 1943 4098; x_wconf 90' lang='grc' dir='ltr'><strong>ιιι</strong></span> <span class='ocrx_word' id='word_1_572' title='bbox 1977 4036 2186 4101; x_wconf 90' lang='lat' dir='ltr'><strong>corde.</strong></span> <span class='ocrx_word' id='word_1_573' title='bbox 2230 4037 2351 4103; x_wconf 88' lang='lat' dir='ltr'><strong>Iste</strong></span> <span class='ocrx_word' id='word_1_574' title='bbox 2386 4039 2731 4108; x_wconf 88' lang='lat' dir='ltr'><strong>thesaurus</strong></span> <span class='ocrx_word' id='word_1_575' title='bbox 2765 4047 3002 4113; x_wconf 90' lang='lat' dir='ltr'><strong>etiam</strong></span> <span class='ocrx_word' id='word_1_576' title='bbox 2983 4069 3052 4116; x_wconf 88' lang='grc' dir='ltr'><strong>ιιι</strong></span> <span class='ocrx_word' id='word_1_577' title='bbox 3071 4053 3409 4137; x_wconf 86' lang='lat' dir='ltr'><strong>sepulchro</strong></span> 
     </span>
     <span class='ocr_line' id='line_1_82' title="bbox 1868 4132 3406 4240; baseline 0.014 -33"><span class='ocrx_word' id='word_1_578' title='bbox 1868 4141 2202 4226; x_wconf 88' lang='lat' dir='ltr'><strong>religionis</strong></span> <span class='ocrx_word' id='word_1_579' title='bbox 2218 4132 2563 4232; x_wconf 84' lang='lat' dir='ltr'><strong>invenitur,</strong></span> <span class='ocrx_word' id='word_1_580' title='bbox 2581 4154 2645 4216; x_wconf 90' lang='lat' dir='ltr'><strong>et</strong></span> <span class='ocrx_word' id='word_1_581' title='bbox 2661 4154 3052 4236; x_wconf 86' lang='lat' dir='ltr'><strong>poenitentiae</strong></span> <span class='ocrx_word' id='word_1_582' title='bbox 3062 4158 3147 4197; x_wconf 83' lang='lat'><strong>¹⁹·</strong></span> <span class='ocrx_word' id='word_1_583' title='bbox 3130 4181 3203 4224; x_wconf 71' lang='lat' dir='ltr'><strong>‚a</strong></span> <span class='ocrx_word' id='word_1_584' title='bbox 3215 4160 3406 4240; x_wconf 88' lang='lat' dir='ltr'><strong>Quasi</strong></span> 
     </span>
     <span class='ocr_line' id='line_1_83' title="bbox 1866 4251 3405 4342; baseline 0.015 -27"><span class='ocrx_word' id='word_1_585' title='bbox 1866 4251 2232 4319; x_wconf 82' lang='lat' dir='ltr'><strong>effodientes</strong></span> <span class='ocrx_word' id='word_1_586' title='bbox 2255 4254 2653 4340; x_wconf 87' lang='lat' dir='ltr'><strong>thesaurum,</strong></span> <span class='ocrx_word' id='word_1_587' title='bbox 2685 4262 2969 4342; x_wconf 89' lang='lat' dir='ltr'><strong>gaudent</strong></span> <span class='ocrx_word' id='word_1_588' title='bbox 2992 4266 3405 4339; x_wconf 87' lang='lat' dir='ltr'><strong>vehementer</strong></span> 
     </span>
     <span class='ocr_line' id='line_1_84' title="bbox 1865 4360 3406 4450; baseline 0.016 -29"><span class='ocrx_word' id='word_1_589' title='bbox 1865 4375 2017 4423; x_wconf 86' lang='lat' dir='ltr'><strong>cum</strong></span> <span class='ocrx_word' id='word_1_590' title='bbox 2056 4360 2395 4430; x_wconf 84' lang='lat' dir='ltr'><strong>inveniunt</strong></span> <span class='ocrx_word' id='word_1_591' title='bbox 2446 4366 2878 4450; x_wconf 90' lang='lat' dir='ltr'><strong>sepulchrum.</strong></span> <span class='ocrx_word' id='word_1_592' title='bbox 2929 4394 2965 4436; x_wconf 68' lang='lat' dir='ltr'><strong>n</strong></span> <span class='ocrx_word' id='word_1_593' title='bbox 3006 4373 3167 4443; x_wconf 88' lang='lat' dir='ltr'><strong>Item</strong></span> <span class='ocrx_word' id='word_1_594' title='bbox 3219 4377 3406 4445; x_wconf 83' lang='lat' dir='ltr'><strong>inve-</strong></span> 
     </span>
     <span class='ocr_line' id='line_1_85' title="bbox 1863 4464 3408 4570; baseline 0.016 -43"><span class='ocrx_word' id='word_1_595' title='bbox 1863 4464 2055 4530; x_wconf 89' lang='lat' dir='ltr'><strong>niunt</strong></span> <span class='ocrx_word' id='word_1_596' title='bbox 2104 4471 2692 4551; x_wconf 86' lang='lat' dir='ltr'><strong>cognoscendorum</strong></span> <span class='ocrx_word' id='word_1_597' title='bbox 2753 4479 3123 4563; x_wconf 86' lang='lat' dir='ltr'><strong>sapientiam</strong></span> <span class='ocrx_word' id='word_1_598' title='bbox 3158 4531 3182 4563; x_wconf 88' lang='lat'><strong>,</strong></span> <span class='ocrx_word' id='word_1_599' title='bbox 3234 4486 3408 4570; x_wconf 82' lang='lat' dir='ltr'><strong>quod</strong></span> 
     </span>
     <span class='ocr_line' id='line_1_86' title="bbox 1863 4570 3400 4674; baseline 0.016 -40"><span class='ocrx_word' id='word_1_600' title='bbox 1863 4570 2057 4635; x_wconf 89' lang='lat' dir='ltr'><strong>etiam</strong></span> <span class='ocrx_word' id='word_1_601' title='bbox 2071 4571 2151 4637; x_wconf 90' lang='lat' dir='ltr'><strong>de</strong></span> <span class='ocrx_word' id='word_1_602' title='bbox 2165 4574 2477 4657; x_wconf 87' lang='lat' dir='ltr'><strong>sapientia</strong></span> <span class='ocrx_word' id='word_1_603' title='bbox 2495 4578 2794 4664; x_wconf 88' lang='lat' dir='ltr'><strong>increata,</strong></span> <span class='ocrx_word' id='word_1_604' title='bbox 2817 4603 2964 4668; x_wconf 81' lang='lat' dir='ltr'><strong>quae</strong></span> <span class='ocrx_word' id='word_1_605' title='bbox 2980 4592 3076 4652; x_wconf 86' lang='lat' dir='ltr'><strong>est</strong></span> <span class='ocrx_word' id='word_1_606' title='bbox 3094 4588 3400 4674; x_wconf 78' lang='lat' dir='ltr'><strong>Christu8‚</strong></span> 
     </span>
     <span class='ocr_line' id='line_1_87' title="bbox 1863 4676 3407 4782; baseline 0.016 -39"><span class='ocrx_word' id='word_1_607' title='bbox 1863 4676 2138 4761; x_wconf 86' lang='lat' dir='ltr'><strong>intelligi</strong></span> <span class='ocrx_word' id='word_1_608' title='bbox 2163 4685 2388 4764; x_wconf 89' lang='lat' dir='ltr'><strong>potest,</strong></span> <span class='ocrx_word' id='word_1_609' title='bbox 2415 4685 2528 4769; x_wconf 85' lang='lat' dir='ltr'><strong>qui</strong></span> <span class='ocrx_word' id='word_1_610' title='bbox 2556 4706 2671 4770; x_wconf 88' lang='lat' dir='ltr'><strong>per</strong></span> <span class='ocrx_word' id='word_1_611' title='bbox 2696 4690 2941 4758; x_wconf 88' lang='lat' dir='ltr'><strong>stellam</strong></span> <span class='ocrx_word' id='word_1_612' title='bbox 2970 4713 3145 4763; x_wconf 81' lang='lat' dir='ltr'><strong>verae</strong></span> <span class='ocrx_word' id='word_1_613' title='bbox 3177 4701 3407 4782; x_wconf 85' lang='lat' dir='ltr'><strong>cogni-</strong></span> 
     </span>
     <span class='ocr_line' id='line_1_88' title="bbox 1862 4787 3405 4896; baseline 0.016 -43"><span class='ocrx_word' id='word_1_614' title='bbox 1862 4787 2059 4854; x_wconf 90' lang='lat' dir='ltr'><strong>tionis</strong></span> <span class='ocrx_word' id='word_1_615' title='bbox 2096 4789 2372 4859; x_wconf 85' lang='lat' dir='ltr'><strong>inveniri</strong></span> <span class='ocrx_word' id='word_1_616' title='bbox 2413 4799 2618 4879; x_wconf 89' lang='lat' dir='ltr'><strong>potest</strong></span> <span class='ocrx_word' id='word_1_617' title='bbox 2643 4800 2691 4836; x_wconf 79' lang='lat'><strong>’⁶</strong></span> <span class='ocrx_word' id='word_1_618' title='bbox 2720 4823 2737 4866; x_wconf 72' lang='grc' dir='ltr'><strong>ε</strong></span> <span class='ocrx_word' id='word_1_619' title='bbox 2777 4824 2810 4864; x_wconf 72' lang='grc' dir='ltr'><strong>α</strong></span> <span class='ocrx_word' id='word_1_620' title='bbox 2833 4802 3228 4880; x_wconf 81' lang='lat' dir='ltr'><strong>Invenerunt</strong></span> <span class='ocrx_word' id='word_1_621' title='bbox 3249 4830 3405 4896; x_wconf 86' lang='lat' dir='ltr'><strong>pue·</strong></span> 
     </span>
     <span class='ocr_line' id='line_1_89' title="bbox 1861 4899 3404 4994; baseline 0.017 -34"><span class='ocrx_word' id='word_1_622' title='bbox 1861 4912 2014 4962; x_wconf 91' lang='lat' dir='ltr'><strong>rum</strong></span> <span class='ocrx_word' id='word_1_623' title='bbox 2038 4915 2187 4963; x_wconf 88' lang='lat' dir='ltr'><strong>cum</strong></span> <span class='ocrx_word' id='word_1_624' title='bbox 2214 4899 2412 4968; x_wconf 84' lang='lat' dir='ltr'><strong>Maria</strong></span> <span class='ocrx_word' id='word_1_625' title='bbox 2450 4910 2657 4974; x_wconf 88' lang='lat' dir='ltr'><strong>matre</strong></span> <span class='ocrx_word' id='word_1_626' title='bbox 2695 4912 2858 4994; x_wconf 81' lang='lat' dir='ltr'><strong>ejus.</strong></span> <span class='ocrx_word' id='word_1_627' title='bbox 2897 4935 2931 4974; x_wconf 80' lang='grc' dir='ltr'><strong>ιι</strong></span> <span class='ocrx_word' id='word_1_628' title='bbox 2971 4913 3148 4984; x_wconf 87' lang='lat' dir='ltr'><strong>Sicut</strong></span> <span class='ocrx_word' id='word_1_629' title='bbox 3188 4922 3404 4986; x_wconf 86' lang='lat' dir='ltr'><strong>autem</strong></span> 
     </span>
     <span class='ocr_line' id='line_1_90' title="bbox 1862 5005 3402 5105; baseline 0.018 -39"><span class='ocrx_word' id='word_1_630' title='bbox 1862 5020 1984 5069; x_wconf 90' lang='lat' dir='ltr'><strong>nec</strong></span> <span class='ocrx_word' id='word_1_631' title='bbox 2008 5005 2105 5071; x_wconf 90' lang='lat' dir='ltr'><strong>sol</strong></span> <span class='ocrx_word' id='word_1_632' title='bbox 2131 5006 2201 5071; x_wconf 91' lang='lat' dir='ltr'><strong>in</strong></span> <span class='ocrx_word' id='word_1_633' title='bbox 2225 5013 2432 5091; x_wconf 89' lang='lat' dir='ltr'><strong>nocte,</strong></span> <span class='ocrx_word' id='word_1_634' title='bbox 2452 5031 2571 5080; x_wconf 92' lang='lat' dir='ltr'><strong>nec</strong></span> <span class='ocrx_word' id='word_1_635' title='bbox 2599 5034 2747 5083; x_wconf 85' lang='lat' dir='ltr'><strong>rosa</strong></span> <span class='ocrx_word' id='word_1_636' title='bbox 2772 5018 2843 5084; x_wconf 91' lang='lat' dir='ltr'><strong>in</strong></span> <span class='ocrx_word' id='word_1_637' title='bbox 2869 5021 3140 5105; x_wconf 88' lang='lat' dir='ltr'><strong>stabulo,</strong></span> <span class='ocrx_word' id='word_1_638' title='bbox 3169 5025 3260 5091; x_wconf 86' lang='lat' dir='ltr'><strong>sic</strong></span> <span class='ocrx_word' id='word_1_639' title='bbox 3284 5044 3402 5094; x_wconf 90' lang='lat' dir='ltr'><strong>nec</strong></span> 
     </span>
    </p>
   </div>
   <div class='ocr_carea' id='block_1_8' title="bbox 1864 5202 3402 5284">
    <p class='ocr_par' dir='ltr' id='par_1_11' title="bbox 1864 5202 3402 5284">
     <span class='ocr_line' id='line_1_91' title="bbox 1864 5202 3402 5284; baseline 0.017 -32"><span class='ocrx_word' id='word_1_640' title='bbox 1864 5202 3402 5284; x_wconf 61' lang='lat' dir='ltr'><strong>9.-¹⁸Pr0v.,xv1,21.-²⁸Hebr.,1v‚1e.-affecti..</strong></span> 
     </span>
    </p>
   </div>
   <div class='ocr_carea' id='block_1_9' title="bbox 1863 5277 3394 5429">
    <p class='ocr_par' dir='ltr' id='par_1_12' title="bbox 1863 5277 3394 5419">
     <span class='ocr_line' id='line_1_92' title="bbox 1863 5277 3394 5358; baseline 0.015 -33"><span class='ocrx_word' id='word_1_641' title='bbox 1863 5253 3001 5355; x_wconf 75' lang='lat' dir='ltr'><strong>xv111‚2o.—¹⁸Grog.—¹⁷sap.,v1,4.</strong></span> <span class='ocrx_word' id='word_1_642' title='bbox 3029 5318 3094 5332; x_wconf 88' lang='grc'><strong>-</strong></span> <span class='ocrx_word' id='word_1_643' title='bbox 3127 5293 3174 5332; x_wconf 82' lang='lat'><strong>¹⁸</strong></span> <span class='ocrx_word' id='word_1_644' title='bbox 3198 5296 3394 5358; x_wconf 62' lang='lat' dir='ltr'><strong>Natta„</strong></span> 
     </span>
     <span class='ocr_line' id='line_1_93' title="bbox 1863 5323 3194 5429; baseline 0.016 -31"><span class='ocrx_word' id='word_1_645' title='bbox 1863 5358 1981 5411; x_wconf 78' lang='lat'><strong>1111,</strong></span> <span class='ocrx_word' id='word_1_646' title='bbox 2007 5350 2089 5400; x_wconf 76' lang='grc'><strong>44.</strong></span> <span class='ocrx_word' id='word_1_647' title='bbox 2120 5350 2387 5416; x_wconf 77' lang='lat' dir='ltr'><strong>-,¹⁹Job</strong></span> <span class='ocrx_word' id='word_1_648' title='bbox 2413 5363 2493 5418; x_wconf 89' lang='grc' dir='ltr'><strong>ιιι,</strong></span> <span class='ocrx_word' id='word_1_649' title='bbox 2526 5356 2607 5407; x_wconf 81' lang='grc'><strong>21.</strong></span> <span class='ocrx_word' id='word_1_650' title='bbox 2629 5359 2756 5396; x_wconf 76' lang='lat'><strong>—20</strong></span> <span class='ocrx_word' id='word_1_651' title='bbox 2786 5323 2987 5429; x_wconf 49' lang='grc' dir='ltr'><strong><em>’Μαίῖἠυ</em></strong></span> <span class='ocrx_word' id='word_1_652' title='bbox 3016 5377 3083 5428; x_wconf 87' lang='grc' dir='ltr'><strong>ιι,</strong></span> <span class='ocrx_word' id='word_1_653' title='bbox 3117 5370 3194 5419; x_wconf 90' lang='grc'><strong>11.</strong></span> 
     </span>
    </p>
   </div>
   <div class='ocr_carea' id='block_1_10' title="bbox 1854 5453 2665 5523">
    <p class='ocr_par' dir='ltr' id='par_1_13' title="bbox 1854 5453 2665 5523">
     <span class='ocr_line' id='line_1_94' title="bbox 1854 5453 2665 5523; baseline 0.014 -18.966"><span class='ocrx_word' id='word_1_654' title='bbox 1854 5453 1998 5522; x_wconf 78' lang='lat' dir='ltr'><strong>(a)</strong></span> <span class='ocrx_word' id='word_1_655' title='bbox 2025 5455 2178 5509; x_wconf 77' lang='lat' dir='ltr'><strong>Forte</strong></span> <span class='ocrx_word' id='word_1_656' title='bbox 2204 5455 2306 5523; x_wconf 72' lang='lat' dir='ltr'><strong>leq.</strong></span> <span class='ocrx_word' id='word_1_657' title='bbox 2334 5461 2665 5518; x_wconf 72' lang='lat' dir='ltr'><strong>naturalibus.</strong></span> 
     </span>
    </p>
   </div>
  </div>
 </body>
</html>
