<?xml version="1.0" encoding="UTF-8"?>
<!DOCTYPE html PUBLIC "-//W3C//DTD XHTML 1.0 Transitional//EN"
    "http://www.w3.org/TR/xhtml1/DTD/xhtml1-transitional.dtd">
<html xmlns="http://www.w3.org/1999/xhtml" xml:lang="en" lang="en">
 <head>
  <title>
</title>
<meta http-equiv="Content-Type" content="text/html;charset=utf-8" />
  <meta name='ocr-system' content='tesseract 3.04.00' />
  <meta name='ocr-capabilities' content='ocr_page ocr_carea ocr_par ocr_line ocrx_word'/>
</head>
<body>
  <div class='ocr_page' id='page_1' title='image "./srecardinalissb02peltgoog_0436.png"; bbox 0 0 4059 6317; ppageno 0'>
   <div class='ocr_carea' id='block_1_1' title="bbox 687 624 2254 5412">
    <p class='ocr_par' dir='ltr' id='par_1_1' title="bbox 691 624 2241 2216">
     <span class='ocr_line' id='line_1_1' title="bbox 692 624 2234 707; baseline 0.003 -15"><span class='ocrx_word' id='word_1_1' title='bbox 692 641 840 692; x_wconf 70' lang='lat' dir='ltr'><strong>ross</strong></span> <span class='ocrx_word' id='word_1_2' title='bbox 862 624 1069 691; x_wconf 87' lang='lat' dir='ltr'><strong>cordis</strong></span> <span class='ocrx_word' id='word_1_3' title='bbox 1102 626 1421 707; x_wconf 74' lang='lat' dir='ltr'><strong>contritio,</strong></span> <span class='ocrx_word' id='word_1_4' title='bbox 1457 645 1608 695; x_wconf 89' lang='lat' dir='ltr'><strong>cum</strong></span> <span class='ocrx_word' id='word_1_5' title='bbox 1641 626 1902 694; x_wconf 81' lang='lat' dir='ltr'><strong>subdit:</strong></span> <span class='ocrx_word' id='word_1_6' title='bbox 1948 627 2234 696; x_wconf 71' lang='lat' dir='ltr'><strong>Solutm</strong></span> 
     </span>
     <span class='ocr_line' id='line_1_2' title="bbox 694 731 2235 820; baseline 0.001 -22"><span class='ocrx_word' id='word_1_7' title='bbox 694 739 808 799; x_wconf 74' lang='lat' dir='ltr'><strong>est.</strong></span> <span class='ocrx_word' id='word_1_8' title='bbox 840 731 1124 799; x_wconf 80' lang='lat' dir='ltr'>Solvitur</span> <span class='ocrx_word' id='word_1_9' title='bbox 1158 735 1331 800; x_wconf 88' lang='lat' dir='ltr'><strong>enim</strong></span> <span class='ocrx_word' id='word_1_10' title='bbox 1381 754 1497 820; x_wconf 89' lang='lat' dir='ltr'><strong>per</strong></span> <span class='ocrx_word' id='word_1_11' title='bbox 1532 736 1976 802; x_wconf 77' lang='lat' dir='ltr'><strong>contritionem</strong></span> <span class='ocrx_word' id='word_1_12' title='bbox 2010 753 2235 801; x_wconf 85' lang='lat' dir='ltr'><strong>veram</strong></span> 
     </span>
     <span class='ocr_line' id='line_1_3' title="bbox 692 840 2237 928; baseline 0.002 -23"><span class='ocrx_word' id='word_1_13' title='bbox 692 840 1025 906; x_wconf 77' lang='lat' dir='ltr'><strong>vinculum</strong></span> <span class='ocrx_word' id='word_1_14' title='bbox 1058 842 1324 926; x_wconf 87' lang='lat' dir='ltr'><strong>triplicis</strong></span> <span class='ocrx_word' id='word_1_15' title='bbox 1363 844 1643 928; x_wconf 78' lang='lat' dir='ltr'><strong>praedicti</strong></span> <span class='ocrx_word' id='word_1_16' title='bbox 1687 844 1949 928; x_wconf 86' lang='lat' dir='ltr'><strong>peccati,</strong></span> <span class='ocrx_word' id='word_1_17' title='bbox 2000 843 2237 908; x_wconf 86' lang='lat' dir='ltr'><strong>scilicet</strong></span> 
     </span>
     <span class='ocr_line' id='line_1_4' title="bbox 692 948 2236 1033; baseline 0.003 -21"><span class='ocrx_word' id='word_1_18' title='bbox 692 948 1034 1030; x_wconf 62' lang='lat' dir='ltr'><strong>superbia,</strong></span> <span class='ocrx_word' id='word_1_19' title='bbox 1063 948 1343 1030; x_wconf 61' lang='lat' dir='ltr'><strong>invidiae,</strong></span> <span class='ocrx_word' id='word_1_20' title='bbox 1385 956 1450 1015; x_wconf 89' lang='lat' dir='ltr'><strong>et</strong></span> <span class='ocrx_word' id='word_1_21' title='bbox 1474 949 1777 1029; x_wconf 80' lang='lat' dir='ltr'><strong>luxuriae,</strong></span> <span class='ocrx_word' id='word_1_22' title='bbox 1810 950 2039 1033; x_wconf 86' lang='lat' dir='ltr'><strong>triplici</strong></span> <span class='ocrx_word' id='word_1_23' title='bbox 2067 950 2236 1017; x_wconf 89' lang='lat' dir='ltr'><strong>dono</strong></span> 
     </span>
     <span class='ocr_line' id='line_1_5' title="bbox 694 1057 2238 1141; baseline 0.001 -18"><span class='ocrx_word' id='word_1_24' title='bbox 694 1058 865 1141; x_wconf 84' lang='lat' dir='ltr'><strong>quod</strong></span> <span class='ocrx_word' id='word_1_25' title='bbox 893 1057 1056 1124; x_wconf 88' lang='lat' dir='ltr'><strong>Deus</strong></span> <span class='ocrx_word' id='word_1_26' title='bbox 1086 1059 1365 1126; x_wconf 79' lang='lat' dir='ltr'><strong>infundit</strong></span> <span class='ocrx_word' id='word_1_27' title='bbox 1389 1062 1623 1126; x_wconf 82' lang='lat' dir='ltr'><strong>animae</strong></span> <span class='ocrx_word' id='word_1_28' title='bbox 1655 1060 1974 1141; x_wconf 76' lang='lat' dir='ltr'><strong>contritae,</strong></span> <span class='ocrx_word' id='word_1_29' title='bbox 2000 1060 2238 1125; x_wconf 87' lang='lat' dir='ltr'><strong>scilicet</strong></span> 
     </span>
     <span class='ocr_line' id='line_1_6' title="bbox 693 1165 2239 1247; baseline 0.003 -18"><span class='ocrx_word' id='word_1_30' title='bbox 693 1165 863 1230; x_wconf 85' lang='lat' dir='ltr'><strong>dono</strong></span> <span class='ocrx_word' id='word_1_31' title='bbox 891 1165 1292 1245; x_wconf 87' lang='lat' dir='ltr'><strong>humilitatis,</strong></span> <span class='ocrx_word' id='word_1_32' title='bbox 1322 1166 1665 1247; x_wconf 85' lang='lat' dir='ltr'><strong>charitatis,</strong></span> <span class='ocrx_word' id='word_1_33' title='bbox 1698 1171 1761 1232; x_wconf 89' lang='lat' dir='ltr'><strong>et</strong></span> <span class='ocrx_word' id='word_1_34' title='bbox 1795 1166 2121 1246; x_wconf 84' lang='lat' dir='ltr'><strong>castitatis,</strong></span> <span class='ocrx_word' id='word_1_35' title='bbox 2161 1172 2239 1234; x_wconf 90' lang='lat' dir='ltr'><strong>nt</strong></span> 
     </span>
     <span class='ocr_line' id='line_1_7' title="bbox 694 1271 2240 1357; baseline 0.001 -21"><span class='ocrx_word' id='word_1_36' title='bbox 694 1271 786 1336; x_wconf 86' lang='lat' dir='ltr'><strong>sic</strong></span> <span class='ocrx_word' id='word_1_37' title='bbox 806 1272 1124 1342; x_wconf 79' lang='lat' dir='ltr'><strong>contraria</strong></span> <span class='ocrx_word' id='word_1_38' title='bbox 1155 1273 1361 1356; x_wconf 72' lang='lat' dir='ltr'><strong>culpae</strong></span> <span class='ocrx_word' id='word_1_39' title='bbox 1397 1274 1732 1338; x_wconf 81' lang='lat' dir='ltr'><strong>contrariis</strong></span> <span class='ocrx_word' id='word_1_40' title='bbox 1754 1274 1982 1357; x_wconf 79' lang='lat' dir='ltr'><strong>gratiae</strong></span> <span class='ocrx_word' id='word_1_41' title='bbox 2008 1292 2240 1339; x_wconf 87' lang='lat' dir='ltr'><strong>curen-</strong></span> 
     </span>
     <span class='ocr_line' id='line_1_8' title="bbox 698 1373 2240 1459; baseline 0.001 -19"><span class='ocrx_word' id='word_1_42' title='bbox 698 1378 825 1440; x_wconf 89' lang='lat' dir='ltr'><strong>tur.</strong></span> <span class='ocrx_word' id='word_1_43' title='bbox 855 1373 1018 1440; x_wconf 89' lang='lat' dir='ltr'><strong>Nam</strong></span> <span class='ocrx_word' id='word_1_44' title='bbox 1054 1376 1262 1459; x_wconf 89' lang='lat' dir='ltr'><strong>primo</strong></span> <span class='ocrx_word' id='word_1_45' title='bbox 1297 1375 1630 1443; x_wconf 85' lang='lat' dir='ltr'><strong>vinculum</strong></span> <span class='ocrx_word' id='word_1_46' title='bbox 1677 1377 1971 1442; x_wconf 82' lang='lat' dir='ltr'><strong>mentalis</strong></span> <span class='ocrx_word' id='word_1_47' title='bbox 2012 1393 2240 1459; x_wconf 88' lang='lat' dir='ltr'><strong>super-</strong></span> 
     </span>
     <span class='ocr_line' id='line_1_9' title="bbox 696 1483 2234 1568; baseline 0.001 -21"><span class='ocrx_word' id='word_1_48' title='bbox 696 1483 820 1548; x_wconf 79' lang='lat' dir='ltr'><strong>biae</strong></span> <span class='ocrx_word' id='word_1_49' title='bbox 846 1484 1117 1550; x_wconf 86' lang='lat' dir='ltr'><strong>solvitur</strong></span> <span class='ocrx_word' id='word_1_50' title='bbox 1139 1503 1254 1568; x_wconf 85' lang='lat' dir='ltr'><strong>per</strong></span> <span class='ocrx_word' id='word_1_51' title='bbox 1279 1485 1578 1550; x_wconf 89' lang='lat' dir='ltr'><strong>timorem</strong></span> <span class='ocrx_word' id='word_1_52' title='bbox 1600 1484 1813 1550; x_wconf 82' lang='lat' dir='ltr'><strong>filialis</strong></span> <span class='ocrx_word' id='word_1_53' title='bbox 1832 1483 2234 1564; x_wconf 66' lang='lat' dir='ltr'><strong>reverentiae,</strong></span> 
     </span>
     <span class='ocr_line' id='line_1_10' title="bbox 694 1590 2241 1673; baseline 0 -17"><span class='ocrx_word' id='word_1_54' title='bbox 694 1590 1069 1657; x_wconf 83' lang='lat' dir='ltr'><strong>honorantis</strong></span> <span class='ocrx_word' id='word_1_55' title='bbox 1112 1592 1353 1673; x_wconf 87' lang='lat' dir='ltr'><strong>Deum;</strong></span> <span class='ocrx_word' id='word_1_56' title='bbox 1401 1593 1678 1659; x_wconf 82' lang='lat' dir='ltr'><strong>secundo</strong></span> <span class='ocrx_word' id='word_1_57' title='bbox 1725 1593 2060 1657; x_wconf 88' lang='lat' dir='ltr'><strong>vinculum</strong></span> <span class='ocrx_word' id='word_1_58' title='bbox 2103 1610 2241 1658; x_wconf 92' lang='lat' dir='ltr'><strong>cor·</strong></span> 
     </span>
     <span class='ocr_line' id='line_1_11' title="bbox 694 1698 2240 1785; baseline 0.001 -21"><span class='ocrx_word' id='word_1_59' title='bbox 694 1698 880 1764; x_wconf 86' lang='lat' dir='ltr'><strong>dialis</strong></span> <span class='ocrx_word' id='word_1_60' title='bbox 904 1700 1166 1766; x_wconf 80' lang='lat' dir='ltr'><strong>invidiae</strong></span> <span class='ocrx_word' id='word_1_61' title='bbox 1193 1701 1468 1767; x_wconf 85' lang='lat' dir='ltr'><strong>solvitur</strong></span> <span class='ocrx_word' id='word_1_62' title='bbox 1503 1720 1617 1785; x_wconf 92' lang='lat' dir='ltr'><strong>per</strong></span> <span class='ocrx_word' id='word_1_63' title='bbox 1650 1719 1936 1766; x_wconf 87' lang='lat' dir='ltr'><strong>amorem</strong></span> <span class='ocrx_word' id='word_1_64' title='bbox 1971 1701 2240 1767; x_wconf 89' lang='lat' dir='ltr'><strong>univer-</strong></span> 
     </span>
     <span class='ocr_line' id='line_1_12' title="bbox 695 1806 2239 1892; baseline 0.003 -22"><span class='ocrx_word' id='word_1_65' title='bbox 695 1806 866 1887; x_wconf 88' lang='lat' dir='ltr'><strong>salis,</strong></span> <span class='ocrx_word' id='word_1_66' title='bbox 897 1806 1002 1872; x_wconf 86' lang='lat' dir='ltr'><strong>vel</strong></span> <span class='ocrx_word' id='word_1_67' title='bbox 1026 1807 1203 1872; x_wconf 90' lang='lat' dir='ltr'><strong>utilis</strong></span> <span class='ocrx_word' id='word_1_68' title='bbox 1229 1808 1712 1888; x_wconf 79' lang='lat' dir='ltr'><strong>benevolentiae,</strong></span> <span class='ocrx_word' id='word_1_69' title='bbox 1743 1808 2070 1891; x_wconf 84' lang='lat' dir='ltr'><strong>diligentis</strong></span> <span class='ocrx_word' id='word_1_70' title='bbox 2096 1827 2239 1892; x_wconf 90' lang='lat' dir='ltr'><strong>pro-</strong></span> 
     </span>
     <span class='ocr_line' id='line_1_13' title="bbox 692 1914 2235 1995; baseline 0.002 -16"><span class='ocrx_word' id='word_1_71' title='bbox 692 1914 985 1995; x_wconf 79' lang='lat' dir='ltr'><strong>ximum3</strong></span> <span class='ocrx_word' id='word_1_72' title='bbox 1028 1915 1214 1981; x_wconf 87' lang='lat' dir='ltr'><strong>terlio</strong></span> <span class='ocrx_word' id='word_1_73' title='bbox 1261 1915 1595 1982; x_wconf 88' lang='lat' dir='ltr'><strong>vinculum</strong></span> <span class='ocrx_word' id='word_1_74' title='bbox 1640 1915 1909 1981; x_wconf 88' lang='lat' dir='ltr'><strong>carnalis</strong></span> <span class='ocrx_word' id='word_1_75' title='bbox 1956 1917 2235 1982; x_wconf 83' lang='lat' dir='ltr'><strong>lasciviae</strong></span> 
     </span>
     <span class='ocr_line' id='line_1_14' title="bbox 691 2020 2235 2108; baseline 0.005 -24"><span class='ocrx_word' id='word_1_76' title='bbox 691 2020 967 2086; x_wconf 81' lang='lat' dir='ltr'><strong>solvitur</strong></span> <span class='ocrx_word' id='word_1_77' title='bbox 993 2039 1108 2105; x_wconf 89' lang='lat' dir='ltr'><strong>per</strong></span> <span class='ocrx_word' id='word_1_78' title='bbox 1136 2022 1430 2088; x_wconf 87' lang='lat' dir='ltr'><strong>decorem</strong></span> <span class='ocrx_word' id='word_1_79' title='bbox 1456 2024 1728 2089; x_wconf 75' lang='lat' dir='ltr'><strong>coelestis</strong></span> <span class='ocrx_word' id='word_1_80' title='bbox 1753 2024 2096 2108; x_wconf 66' lang='lat' dir='ltr'><strong>pudicitiae,</strong></span> <span class='ocrx_word' id='word_1_81' title='bbox 2128 2043 2235 2091; x_wconf 91' lang='lat' dir='ltr'><strong>or·</strong></span> 
     </span>
     <span class='ocr_line' id='line_1_15' title="bbox 691 2128 2234 2216; baseline 0.003 -22"><span class='ocrx_word' id='word_1_82' title='bbox 691 2128 972 2194; x_wconf 75' lang='lat' dir='ltr'><strong>dinanlis</strong></span> <span class='ocrx_word' id='word_1_83' title='bbox 1009 2133 1074 2195; x_wconf 85' lang='lat' dir='ltr'><strong>et</strong></span> <span class='ocrx_word' id='word_1_84' title='bbox 1107 2130 1462 2196; x_wconf 84' lang='lat' dir='ltr'><strong>decorantis</strong></span> <span class='ocrx_word' id='word_1_85' title='bbox 1487 2131 1852 2214; x_wconf 82' lang='lat' dir='ltr'><strong>subjectum</strong></span> <span class='ocrx_word' id='word_1_86' title='bbox 1878 2135 2234 2216; x_wconf 86' lang='lat' dir='ltr'><strong>proprium.</strong></span> 
     </span>
    </p>

    <p class='ocr_par' dir='ltr' id='par_1_2' title="bbox 687 2225 2247 3832">
     <span class='ocr_line' id='line_1_16' title="bbox 773 2225 2237 2323; baseline 0.003 -20"><span class='ocrx_word' id='word_1_87' title='bbox 773 2237 991 2305; x_wconf 90' lang='lat' dir='ltr'><strong>Primo</strong></span> <span class='ocrx_word' id='word_1_88' title='bbox 1018 2239 1349 2305; x_wconf 86' lang='lat' dir='ltr'><strong>vinculum</strong></span> <span class='ocrx_word' id='word_1_89' title='bbox 1378 2239 1674 2305; x_wconf 77' lang='lat' dir='ltr'><strong>mentalis</strong></span> <span class='ocrx_word' id='word_1_90' title='bbox 1700 2242 2015 2323; x_wconf 78' lang='lat' dir='ltr'><strong>superbiae</strong></span> <span class='ocrx_word' id='word_1_91' title='bbox 2034 2225 2237 2307; x_wconf 60' lang='lat' dir='ltr'><strong>&#39;solvi-</strong></span> 
     </span>
     <span class='ocr_line' id='line_1_17' title="bbox 690 2347 2238 2431; baseline 0.003 -20"><span class='ocrx_word' id='word_1_92' title='bbox 690 2352 799 2412; x_wconf 90' lang='lat' dir='ltr'><strong>tur</strong></span> <span class='ocrx_word' id='word_1_93' title='bbox 819 2365 935 2431; x_wconf 88' lang='lat' dir='ltr'><strong>per</strong></span> <span class='ocrx_word' id='word_1_94' title='bbox 959 2347 1257 2412; x_wconf 87' lang='lat' dir='ltr'><strong>timorem</strong></span> <span class='ocrx_word' id='word_1_95' title='bbox 1280 2347 1490 2413; x_wconf 80' lang='lat' dir='ltr'><strong>filialis</strong></span> <span class='ocrx_word' id='word_1_96' title='bbox 1516 2349 1892 2415; x_wconf 61' lang='lat' dir='ltr'><strong>reverentias</strong></span> <span class='ocrx_word' id='word_1_97' title='bbox 1914 2348 2238 2415; x_wconf 88' lang='lat' dir='ltr'><strong>honoran-</strong></span> 
     </span>
     <span class='ocr_line' id='line_1_18' title="bbox 687 2453 2235 2538; baseline 0.003 -20"><span class='ocrx_word' id='word_1_98' title='bbox 687 2453 771 2519; x_wconf 81' lang='lat' dir='ltr'><strong>tis</strong></span> <span class='ocrx_word' id='word_1_99' title='bbox 795 2454 1022 2520; x_wconf 88' lang='lat' dir='ltr'><strong>Deum.</strong></span> <span class='ocrx_word' id='word_1_100' title='bbox 1054 2455 1232 2522; x_wconf 85' lang='lat' dir='ltr'><strong>Unde</strong></span> <span class='ocrx_word' id='word_1_101' title='bbox 1258 2458 1279 2494; x_wconf 86' lang='lat'><strong>¹</strong></span> <span class='ocrx_word' id='word_1_102' title='bbox 1320 2478 1335 2522; x_wconf 91' lang='lat'><strong>:</strong></span> <span class='ocrx_word' id='word_1_103' title='bbox 1373 2480 1405 2518; x_wconf 75' lang='grc' dir='ltr'><em>α</em></span> <span class='ocrx_word' id='word_1_104' title='bbox 1431 2456 1622 2522; x_wconf 90' lang='lat' dir='ltr'><strong>Solve</strong></span> <span class='ocrx_word' id='word_1_105' title='bbox 1659 2457 1919 2523; x_wconf 86' lang='lat' dir='ltr'><strong>vincula</strong></span> <span class='ocrx_word' id='word_1_106' title='bbox 1944 2457 2090 2523; x_wconf 86' lang='lat' dir='ltr'><strong>colli</strong></span> <span class='ocrx_word' id='word_1_107' title='bbox 2116 2459 2235 2538; x_wconf 87' lang='lat' dir='ltr'><strong>tui,</strong></span> 
     </span>
     <span class='ocr_line' id='line_1_19' title="bbox 690 2562 2243 2649; baseline 0.004 -23"><span class='ocrx_word' id='word_1_108' title='bbox 690 2563 936 2646; x_wconf 88' lang='lat' dir='ltr'><strong>captiva</strong></span> <span class='ocrx_word' id='word_1_109' title='bbox 967 2563 1100 2628; x_wconf 84' lang='lat' dir='ltr'><strong>fllia</strong></span> <span class='ocrx_word' id='word_1_110' title='bbox 1123 2562 1302 2630; x_wconf 91' lang='lat' dir='ltr'><strong>Sion.</strong></span> <span class='ocrx_word' id='word_1_111' title='bbox 1333 2586 1365 2624; x_wconf 71' lang='grc' dir='ltr'><strong><em>ι</em></strong></span> <span class='ocrx_word' id='word_1_112' title='bbox 1402 2562 1580 2645; x_wconf 86' lang='lat' dir='ltr'><strong>Sion,</strong></span> <span class='ocrx_word' id='word_1_113' title='bbox 1610 2582 1760 2648; x_wconf 80' lang='lat' dir='ltr'><strong>quae</strong></span> <span class='ocrx_word' id='word_1_114' title='bbox 1785 2566 2243 2649; x_wconf 83' lang='lat' dir='ltr'><strong>interpretatur</strong></span> 
     </span>
     <span class='ocr_line' id='line_1_20' title="bbox 688 2672 2244 2756; baseline -0.001 -17"><span class='ocrx_word' id='word_1_115' title='bbox 688 2672 966 2754; x_wconf 73' lang='lat' dir='ltr'><strong>specula,</strong></span> <span class='ocrx_word' id='word_1_116' title='bbox 994 2676 1089 2737; x_wconf 88' lang='lat' dir='ltr'><strong>est</strong></span> <span class='ocrx_word' id='word_1_117' title='bbox 1110 2673 1329 2737; x_wconf 87' lang='lat' dir='ltr'><strong>anima</strong></span> <span class='ocrx_word' id='word_1_118' title='bbox 1348 2672 1714 2752; x_wconf 82' lang='lat' dir='ltr'><strong>christiana,</strong></span> <span class='ocrx_word' id='word_1_119' title='bbox 1743 2690 1892 2756; x_wconf 79' lang='lat' dir='ltr'><strong>quae</strong></span> <span class='ocrx_word' id='word_1_120' title='bbox 1917 2677 2065 2756; x_wconf 81' lang='lat' dir='ltr'><strong>apta</strong></span> <span class='ocrx_word' id='word_1_121' title='bbox 2090 2677 2244 2738; x_wconf 84' lang='lat' dir='ltr'><strong>nata</strong></span> 
     </span>
     <span class='ocr_line' id='line_1_21' title="bbox 689 2779 2238 2866; baseline -0.001 -18"><span class='ocrx_word' id='word_1_122' title='bbox 689 2784 787 2848; x_wconf 85' lang='lat' dir='ltr'><strong>est</strong></span> <span class='ocrx_word' id='word_1_123' title='bbox 811 2780 883 2845; x_wconf 87' lang='lat' dir='ltr'><strong>in</strong></span> <span class='ocrx_word' id='word_1_124' title='bbox 908 2780 1116 2864; x_wconf 82' lang='lat' dir='ltr'><strong>seipsa</strong></span> <span class='ocrx_word' id='word_1_125' title='bbox 1139 2780 1360 2845; x_wconf 85' lang='lat' dir='ltr'><strong>videre</strong></span> <span class='ocrx_word' id='word_1_126' title='bbox 1385 2779 1610 2862; x_wconf 87' lang='lat' dir='ltr'><strong>Deum,</strong></span> <span class='ocrx_word' id='word_1_127' title='bbox 1657 2798 1731 2846; x_wconf 90' lang='lat' dir='ltr'><strong>eo</strong></span> <span class='ocrx_word' id='word_1_128' title='bbox 1767 2780 1941 2864; x_wconf 87' lang='lat' dir='ltr'><strong>quod</strong></span> <span class='ocrx_word' id='word_1_129' title='bbox 1966 2785 2063 2846; x_wconf 89' lang='lat' dir='ltr'><strong>est</strong></span> <span class='ocrx_word' id='word_1_130' title='bbox 2095 2800 2238 2866; x_wconf 88' lang='lat' dir='ltr'><strong>spe-</strong></span> 
     </span>
     <span class='ocr_line' id='line_1_22' title="bbox 691 2887 2243 2972; baseline 0.001 -19"><span class='ocrx_word' id='word_1_131' title='bbox 691 2887 911 2953; x_wconf 88' lang='lat' dir='ltr'><strong>culum</strong></span> <span class='ocrx_word' id='word_1_132' title='bbox 937 2891 1000 2952; x_wconf 89' lang='lat' dir='ltr'><strong>et</strong></span> <span class='ocrx_word' id='word_1_133' title='bbox 1027 2888 1244 2969; x_wconf 87' lang='lat' dir='ltr'><strong>imago</strong></span> <span class='ocrx_word' id='word_1_134' title='bbox 1285 2887 1521 2952; x_wconf 82' lang='lat' dir='ltr'><strong>divinae</strong></span> <span class='ocrx_word' id='word_1_135' title='bbox 1559 2888 1869 2953; x_wconf 62' lang='lat' dir='ltr'><strong>eaeeuuae.</strong></span> <span class='ocrx_word' id='word_1_136' title='bbox 1907 2887 2089 2955; x_wconf 78' lang='lat' dir='ltr'><strong>Solve</strong></span> <span class='ocrx_word' id='word_1_137' title='bbox 2129 2907 2243 2972; x_wconf 89' lang='lat' dir='ltr'><strong>per</strong></span> 
     </span>
     <span class='ocr_line' id='line_1_23' title="bbox 693 2995 2245 3064; baseline 0.003 -5"><span class='ocrx_word' id='word_1_138' title='bbox 693 2995 1248 3061; x_wconf 88' lang='lat' dir='ltr'><strong>mansuetudinem</strong></span> <span class='ocrx_word' id='word_1_139' title='bbox 1288 2996 1541 3061; x_wconf 89' lang='lat' dir='ltr'><strong>timoris</strong></span> <span class='ocrx_word' id='word_1_140' title='bbox 1579 3000 1644 3061; x_wconf 91' lang='lat' dir='ltr'><strong>et</strong></span> <span class='ocrx_word' id='word_1_141' title='bbox 1687 2996 2067 3061; x_wconf 86' lang='lat' dir='ltr'><strong>humilitatis</strong></span> <span class='ocrx_word' id='word_1_142' title='bbox 2098 3000 2245 3064; x_wconf 77' lang='lat' dir='ltr'><strong>vin-</strong></span> 
     </span>
     <span class='ocr_line' id='line_1_24' title="bbox 693 3101 2238 3187; baseline -0.001 -17"><span class='ocrx_word' id='word_1_143' title='bbox 693 3103 841 3170; x_wconf 74' lang='lat' dir='ltr'><strong>cula</strong></span> <span class='ocrx_word' id='word_1_144' title='bbox 872 3101 1021 3170; x_wconf 75' lang='lat' dir='ltr'><strong>colli</strong></span> <span class='ocrx_word' id='word_1_145' title='bbox 1047 3105 1169 3180; x_wconf 77' lang='lat' dir='ltr'><strong>tui,</strong></span> <span class='ocrx_word' id='word_1_146' title='bbox 1212 3103 1277 3168; x_wconf 90' lang='lat' dir='ltr'><strong>id</strong></span> <span class='ocrx_word' id='word_1_147' title='bbox 1310 3107 1428 3183; x_wconf 89' lang='lat' dir='ltr'><strong>est,</strong></span> <span class='ocrx_word' id='word_1_148' title='bbox 1460 3104 1798 3170; x_wconf 81' lang='lat' dir='ltr'><strong>cervicosae</strong></span> <span class='ocrx_word' id='word_1_149' title='bbox 1829 3105 2238 3187; x_wconf 59' lang='lat' dir='ltr'><strong>arrogantiae,</strong></span> 
     </span>
     <span class='ocr_line' id='line_1_25' title="bbox 694 3210 2243 3298; baseline 0.003 -23"><span class='ocrx_word' id='word_1_150' title='bbox 694 3216 759 3275; x_wconf 85' lang='lat' dir='ltr'><strong>ct</strong></span> <span class='ocrx_word' id='word_1_151' title='bbox 792 3210 1156 3275; x_wconf 88' lang='lat' dir='ltr'><strong>rebellantis</strong></span> <span class='ocrx_word' id='word_1_152' title='bbox 1189 3212 1502 3294; x_wconf 85' lang='lat' dir='ltr'><strong>superhiae</strong></span> <span class='ocrx_word' id='word_1_153' title='bbox 1516 3259 1534 3288; x_wconf 89' lang='lat'><strong>,</strong></span> <span class='ocrx_word' id='word_1_154' title='bbox 1568 3211 1804 3295; x_wconf 87' lang='lat' dir='ltr'><strong>quibus</strong></span> <span class='ocrx_word' id='word_1_155' title='bbox 1838 3212 1996 3276; x_wconf 87' lang='lat' dir='ltr'><strong>adeo</strong></span> <span class='ocrx_word' id='word_1_156' title='bbox 2029 3214 2111 3298; x_wconf 86' lang='grc' dir='ltr'><strong>(α)</strong></span> <span class='ocrx_word' id='word_1_157' title='bbox 2136 3232 2243 3278; x_wconf 86' lang='lat' dir='ltr'><strong>ca-</strong></span> 
     </span>
     <span class='ocr_line' id='line_1_26' title="bbox 697 3317 2245 3404; baseline 0.004 -23"><span class='ocrx_word' id='word_1_158' title='bbox 697 3317 941 3401; x_wconf 85' lang='lat' dir='ltr'><strong>ptivata</strong></span> <span class='ocrx_word' id='word_1_159' title='bbox 967 3322 1033 3381; x_wconf 88' lang='lat' dir='ltr'><strong>et</strong></span> <span class='ocrx_word' id='word_1_160' title='bbox 1057 3317 1199 3400; x_wconf 83' lang='lat' dir='ltr'><strong>subj</strong></span> <span class='ocrx_word' id='word_1_161' title='bbox 1207 3321 1407 3399; x_wconf 67' lang='lat' dir='ltr'><strong>ugnta</strong></span> <span class='ocrx_word' id='word_1_162' title='bbox 1432 3331 1575 3384; x_wconf 82' lang='lat' dir='ltr'><strong>eras</strong></span> <span class='ocrx_word' id='word_1_163' title='bbox 1601 3318 1948 3384; x_wconf 89' lang='lat' dir='ltr'><strong>durissimo</strong></span> <span class='ocrx_word' id='word_1_164' title='bbox 1973 3321 2245 3404; x_wconf 91' lang='lat' dir='ltr'><strong>imperio</strong></span> 
     </span>
     <span class='ocr_line' id='line_1_27' title="bbox 695 3424 2246 3511; baseline 0 -19"><span class='ocrx_word' id='word_1_165' title='bbox 695 3424 946 3506; x_wconf 73' lang='lat' dir='ltr'><strong>diaboli,</strong></span> <span class='ocrx_word' id='word_1_166' title='bbox 977 3429 1207 3490; x_wconf 91' lang='lat' dir='ltr'><strong>utnon</strong></span> <span class='ocrx_word' id='word_1_167' title='bbox 1235 3443 1451 3508; x_wconf 89' lang='lat' dir='ltr'><strong>posses</strong></span> <span class='ocrx_word' id='word_1_168' title='bbox 1488 3425 1765 3491; x_wconf 80' lang='lat' dir='ltr'><strong>militare</strong></span> <span class='ocrx_word' id='word_1_169' title='bbox 1799 3427 1921 3492; x_wconf 88' lang='lat' dir='ltr'><strong>suh</strong></span> <span class='ocrx_word' id='word_1_170' title='bbox 1959 3428 2246 3511; x_wconf 89' lang='lat' dir='ltr'><strong>principe</strong></span> 
     </span>
     <span class='ocr_line' id='line_1_28' title="bbox 696 3532 2242 3617; baseline 0 -17"><span class='ocrx_word' id='word_1_171' title='bbox 696 3532 963 3615; x_wconf 76' lang='lat' dir='ltr'><strong>Gliristo,</strong></span> <span class='ocrx_word' id='word_1_172' title='bbox 995 3550 1073 3599; x_wconf 89' lang='lat' dir='ltr'><strong>eo</strong></span> <span class='ocrx_word' id='word_1_173' title='bbox 1097 3533 1271 3617; x_wconf 83' lang='lat' dir='ltr'><strong>quod</strong></span> <span class='ocrx_word' id='word_1_174' title='bbox 1297 3549 1489 3599; x_wconf 89' lang='lat' dir='ltr'><strong>nemo</strong></span> <span class='ocrx_word' id='word_1_175' title='bbox 1519 3538 1725 3617; x_wconf 87' lang='lat' dir='ltr'><strong>potest</strong></span> <span class='ocrx_word' id='word_1_176' title='bbox 1759 3534 2009 3600; x_wconf 90' lang='lat' dir='ltr'><strong>duobus</strong></span> <span class='ocrx_word' id='word_1_177' title='bbox 2037 3535 2242 3601; x_wconf 90' lang='lat' dir='ltr'><strong>domi·</strong></span> 
     </span>
     <span class='ocr_line' id='line_1_29' title="bbox 697 3633 2247 3721; baseline 0.003 -17"><span class='ocrx_word' id='word_1_178' title='bbox 697 3639 799 3704; x_wconf 89' lang='lat' dir='ltr'><strong>nis</strong></span> <span class='ocrx_word' id='word_1_179' title='bbox 825 3639 1087 3720; x_wconf 84' lang='lat' dir='ltr'><strong>servire,</strong></span> <span class='ocrx_word' id='word_1_180' title='bbox 1117 3640 1352 3706; x_wconf 83' lang='lat' dir='ltr'><strong>scilicet</strong></span> <span class='ocrx_word' id='word_1_181' title='bbox 1376 3639 1523 3720; x_wconf 88' lang='lat' dir='ltr'><strong>Deo,</strong></span> <span class='ocrx_word' id='word_1_182' title='bbox 1549 3645 1613 3705; x_wconf 89' lang='lat' dir='ltr'><strong>et</strong></span> <span class='ocrx_word' id='word_1_183' title='bbox 1629 3633 1903 3721; x_wconf 78' lang='lat' dir='ltr'><strong>diabolo,</strong></span> <span class='ocrx_word' id='word_1_184' title='bbox 1928 3643 2247 3709; x_wconf 83' lang='lat' dir='ltr'><strong>contraria</strong></span> 
     </span>
     <span class='ocr_line' id='line_1_30' title="bbox 691 3748 1340 3832; baseline 0.002 -17"><span class='ocrx_word' id='word_1_185' title='bbox 691 3748 1092 3832; x_wconf 75' lang='lat' dir='ltr'><strong>Jubentihus.</strong></span> <span class='ocrx_word' id='word_1_186' title='bbox 1331 3807 1340 3816; x_wconf 93' lang='lat'><strong>.</strong></span> 
     </span>
    </p>

    <p class='ocr_par' dir='ltr' id='par_1_3' title="bbox 697 3854 2254 5234">
     <span class='ocr_line' id='line_1_31' title="bbox 777 3854 2243 3924; baseline 0.002 -4"><span class='ocrx_word' id='word_1_187' title='bbox 777 3854 1070 3921; x_wconf 83' lang='lat' dir='ltr'><strong>Secundo</strong></span> <span class='ocrx_word' id='word_1_188' title='bbox 1096 3855 1429 3922; x_wconf 84' lang='lat' dir='ltr'><strong>vinculum</strong></span> <span class='ocrx_word' id='word_1_189' title='bbox 1455 3855 1745 3922; x_wconf 86' lang='lat' dir='ltr'><strong>cordialis</strong></span> <span class='ocrx_word' id='word_1_190' title='bbox 1762 3857 2023 3924; x_wconf 81' lang='lat' dir='ltr'><strong>invidiae</strong></span> <span class='ocrx_word' id='word_1_191' title='bbox 2051 3858 2243 3924; x_wconf 84' lang='lat' dir='ltr'><strong>solvi-</strong></span> 
     </span>
     <span class='ocr_line' id='line_1_32' title="bbox 697 3961 2249 4043; baseline 0.003 -17"><span class='ocrx_word' id='word_1_192' title='bbox 697 3964 807 4026; x_wconf 86' lang='lat' dir='ltr'><strong>tur</strong></span> <span class='ocrx_word' id='word_1_193' title='bbox 857 3978 973 4043; x_wconf 88' lang='lat' dir='ltr'><strong>per</strong></span> <span class='ocrx_word' id='word_1_194' title='bbox 1021 3978 1307 4026; x_wconf 87' lang='lat' dir='ltr'><strong>amorem</strong></span> <span class='ocrx_word' id='word_1_195' title='bbox 1351 3961 1731 4026; x_wconf 88' lang='lat' dir='ltr'><strong>universalis</strong></span> <span class='ocrx_word' id='word_1_196' title='bbox 1785 3962 2249 4030; x_wconf 61' lang='lat' dir='ltr'><strong>benevolentia</strong></span> 
     </span>
     <span class='ocr_line' id='line_1_33' title="bbox 697 4067 2248 4151; baseline 0.003 -20"><span class='ocrx_word' id='word_1_197' title='bbox 697 4067 1020 4149; x_wconf 84' lang='lat' dir='ltr'><strong>diligentis</strong></span> <span class='ocrx_word' id='word_1_198' title='bbox 1046 4067 1436 4151; x_wconf 84' lang='lat' dir='ltr'><strong>proximum.</strong></span> <span class='ocrx_word' id='word_1_199' title='bbox 1465 4067 1642 4135; x_wconf 87' lang='lat' dir='ltr'><strong>Unde</strong></span> <span class='ocrx_word' id='word_1_200' title='bbox 1667 4071 1691 4105; x_wconf 86' lang='lat'><strong>¹</strong></span> <span class='ocrx_word' id='word_1_201' title='bbox 1727 4091 1743 4134; x_wconf 70' lang='grc' dir='ltr'>ε</span> <span class='ocrx_word' id='word_1_202' title='bbox 1771 4069 2103 4138; x_wconf 72' lang='lat' dir='ltr'><strong>«Dissolve</strong></span> <span class='ocrx_word' id='word_1_203' title='bbox 2129 4071 2248 4136; x_wconf 90' lang='lat' dir='ltr'><strong>col·</strong></span> 
     </span>
     <span class='ocr_line' id='line_1_34' title="bbox 697 4176 2250 4260; baseline 0.003 -18"><span class='ocrx_word' id='word_1_204' title='bbox 697 4176 1035 4258; x_wconf 74' lang='lat' dir='ltr'><strong>ligationes</strong></span> <span class='ocrx_word' id='word_1_205' title='bbox 1069 4177 1431 4260; x_wconf 84' lang='lat' dir='ltr'><strong>impietatis,</strong></span> <span class='ocrx_word' id='word_1_206' title='bbox 1460 4199 1492 4237; x_wconf 67' lang='grc' dir='ltr'><strong><em>ι</em></strong></span> <span class='ocrx_word' id='word_1_207' title='bbox 1527 4179 1590 4242; x_wconf 90' lang='lat' dir='ltr'><strong>id</strong></span> <span class='ocrx_word' id='word_1_208' title='bbox 1628 4185 1744 4258; x_wconf 84' lang='lat' dir='ltr'><strong>est,</strong></span> <span class='ocrx_word' id='word_1_209' title='bbox 1793 4185 2002 4246; x_wconf 85' lang='lat' dir='ltr'><strong>motus</strong></span> <span class='ocrx_word' id='word_1_210' title='bbox 2036 4180 2152 4245; x_wconf 82' lang='lat' dir='ltr'><strong>irae</strong></span> <span class='ocrx_word' id='word_1_211' title='bbox 2186 4184 2250 4246; x_wconf 87' lang='lat' dir='ltr'><strong>et</strong></span> 
     </span>
     <span class='ocr_line' id='line_1_35' title="bbox 697 4282 2249 4369; baseline 0.002 -19"><span class='ocrx_word' id='word_1_212' title='bbox 697 4282 1012 4364; x_wconf 83' lang='lat' dir='ltr'><strong>rancoris,</strong></span> <span class='ocrx_word' id='word_1_213' title='bbox 1072 4283 1308 4367; x_wconf 86' lang='lat' dir='ltr'><strong>quibus</strong></span> <span class='ocrx_word' id='word_1_214' title='bbox 1346 4284 1700 4351; x_wconf 86' lang='lat' dir='ltr'><strong>intellectus</strong></span> <span class='ocrx_word' id='word_1_215' title='bbox 1743 4286 2107 4369; x_wconf 78' lang='lat' dir='ltr'><strong>impeditur,</strong></span> <span class='ocrx_word' id='word_1_216' title='bbox 2164 4305 2249 4353; x_wconf 92' lang='lat' dir='ltr'><strong>ne</strong></span> 
     </span>
     <span class='ocr_line' id='line_1_36' title="bbox 698 4392 2250 4477; baseline 0.001 -20"><span class='ocrx_word' id='word_1_217' title='bbox 698 4392 893 4477; x_wconf 83' lang='lat' dir='ltr'><strong>possit</strong></span> <span class='ocrx_word' id='word_1_218' title='bbox 916 4410 1177 4458; x_wconf 87' lang='lat' dir='ltr'><strong>cernere</strong></span> <span class='ocrx_word' id='word_1_219' title='bbox 1201 4410 1455 4471; x_wconf 84' lang='lat' dir='ltr'><strong>verum,</strong></span> <span class='ocrx_word' id='word_1_220' title='bbox 1485 4399 1551 4459; x_wconf 91' lang='lat' dir='ltr'><strong>et</strong></span> <span class='ocrx_word' id='word_1_221' title='bbox 1574 4393 1838 4458; x_wconf 83' lang='lat' dir='ltr'><strong>affectus</strong></span> <span class='ocrx_word' id='word_1_222' title='bbox 1862 4399 2250 4475; x_wconf 87' lang='lat' dir='ltr'><strong>provocatur</strong></span> 
     </span>
     <span class='ocr_line' id='line_1_37' title="bbox 699 4502 2250 4588; baseline 0.001 -21"><span class='ocrx_word' id='word_1_223' title='bbox 699 4503 778 4567; x_wconf 87' lang='lat' dir='ltr'><strong>ad</strong></span> <span class='ocrx_word' id='word_1_224' title='bbox 816 4502 1176 4568; x_wconf 88' lang='lat' dir='ltr'><strong>nocendum</strong></span> <span class='ocrx_word' id='word_1_225' title='bbox 1223 4504 1537 4588; x_wconf 85' lang='lat' dir='ltr'><strong>proximo,</strong></span> <span class='ocrx_word' id='word_1_226' title='bbox 1567 4502 1744 4568; x_wconf 90' lang='lat' dir='ltr'><strong>solve</strong></span> <span class='ocrx_word' id='word_1_227' title='bbox 1773 4521 1887 4586; x_wconf 90' lang='lat' dir='ltr'><strong>per</strong></span> <span class='ocrx_word' id='word_1_228' title='bbox 1911 4503 2250 4569; x_wconf 84' lang='lat' dir='ltr'><strong>vinculum</strong></span> 
     </span>
     <span class='ocr_line' id='line_1_38' title="bbox 704 4608 2252 4694; baseline 0.003 -21"><span class='ocrx_word' id='word_1_229' title='bbox 704 4609 871 4694; x_wconf 83' lang='lat' dir='ltr'><strong>pacis</strong></span> <span class='ocrx_word' id='word_1_230' title='bbox 907 4613 971 4674; x_wconf 93' lang='lat' dir='ltr'><strong>et</strong></span> <span class='ocrx_word' id='word_1_231' title='bbox 1010 4610 1389 4675; x_wconf 61' lang='lat' dir='ltr'><strong>concordiae.</strong></span> <span class='ocrx_word' id='word_1_232' title='bbox 1431 4608 1733 4675; x_wconf 83' lang='lat' dir='ltr'><strong>Similiter</strong></span> <span class='ocrx_word' id='word_1_233' title='bbox 1772 4610 2138 4692; x_wconf 73' lang='lat' dir='ltr'><strong>fasciculos,</strong></span> <span class='ocrx_word' id='word_1_234' title='bbox 2185 4611 2252 4677; x_wconf 93' lang='lat' dir='ltr'><strong>id</strong></span> 
     </span>
     <span class='ocr_line' id='line_1_39' title="bbox 701 4715 2251 4802; baseline -0.001 -19"><span class='ocrx_word' id='word_1_235' title='bbox 701 4721 797 4784; x_wconf 86' lang='lat' dir='ltr'><strong>est</strong></span> <span class='ocrx_word' id='word_1_236' title='bbox 821 4735 1022 4802; x_wconf 83' lang='lat' dir='ltr'><strong>prava</strong></span> <span class='ocrx_word' id='word_1_237' title='bbox 1044 4735 1261 4800; x_wconf 87' lang='lat' dir='ltr'><strong>opera,</strong></span> <span class='ocrx_word' id='word_1_238' title='bbox 1288 4715 1447 4781; x_wconf 84' lang='lat' dir='ltr'><strong>alios</strong></span> <span class='ocrx_word' id='word_1_239' title='bbox 1468 4715 1914 4799; x_wconf 71' lang='lat' dir='ltr'><strong>deprimentes,</strong></span> <span class='ocrx_word' id='word_1_240' title='bbox 1944 4717 2114 4786; x_wconf 76' lang='lat' dir='ltr'><strong>solve</strong></span> <span class='ocrx_word' id='word_1_241' title='bbox 2136 4736 2251 4801; x_wconf 88' lang='lat' dir='ltr'><strong>per</strong></span> 
     </span>
     <span class='ocr_line' id='line_1_40' title="bbox 702 4823 2253 4908; baseline 0 -16"><span class='ocrx_word' id='word_1_242' title='bbox 702 4826 1088 4907; x_wconf 82' lang='lat' dir='ltr'><strong>condignam</strong></span> <span class='ocrx_word' id='word_1_243' title='bbox 1114 4823 1623 4889; x_wconf 78' lang='lat' dir='ltr'><strong>satisfactionem.</strong></span> <span class='ocrx_word' id='word_1_244' title='bbox 1657 4823 1818 4889; x_wconf 91' lang='lat' dir='ltr'><strong>Nam</strong></span> <span class='ocrx_word' id='word_1_245' title='bbox 1837 4826 2048 4908; x_wconf 89' lang='lat' dir='ltr'><strong>primo</strong></span> <span class='ocrx_word' id='word_1_246' title='bbox 2066 4826 2253 4892; x_wconf 88' lang='lat' dir='ltr'><strong>dehet</strong></span> 
     </span>
     <span class='ocr_line' id='line_1_41' title="bbox 703 4931 2253 5017; baseline 0.001 -19"><span class='ocrx_word' id='word_1_247' title='bbox 703 4934 899 4998; x_wconf 88' lang='lat' dir='ltr'><strong>homo</strong></span> <span class='ocrx_word' id='word_1_248' title='bbox 937 4931 1349 5011; x_wconf 75' lang='lat' dir='ltr'><strong>reconciliari,</strong></span> <span class='ocrx_word' id='word_1_249' title='bbox 1395 4935 1460 4996; x_wconf 89' lang='lat' dir='ltr'><strong>et</strong></span> <span class='ocrx_word' id='word_1_250' title='bbox 1495 4932 1819 4998; x_wconf 84' lang='lat' dir='ltr'><strong>remittere</strong></span> <span class='ocrx_word' id='word_1_251' title='bbox 1846 4934 2144 5017; x_wconf 82' lang='lat' dir='ltr'><strong>proximo</strong></span> <span class='ocrx_word' id='word_1_252' title='bbox 2168 4953 2253 5000; x_wconf 85' lang='lat' dir='ltr'><strong>ex</strong></span> 
     </span>
     <span class='ocr_line' id='line_1_42' title="bbox 703 5038 2250 5126; baseline 0.001 -21"><span class='ocrx_word' id='word_1_253' title='bbox 703 5039 927 5118; x_wconf 89' lang='lat' dir='ltr'><strong>corde;</strong></span> <span class='ocrx_word' id='word_1_254' title='bbox 959 5038 1205 5119; x_wconf 85' lang='lat' dir='ltr'><strong>deinde,</strong></span> <span class='ocrx_word' id='word_1_255' title='bbox 1236 5038 1294 5103; x_wconf 93' lang='lat' dir='ltr'><strong>si</strong></span> <span class='ocrx_word' id='word_1_256' title='bbox 1322 5056 1474 5104; x_wconf 90' lang='lat' dir='ltr'><strong>eum</strong></span> <span class='ocrx_word' id='word_1_257' title='bbox 1499 5038 1755 5120; x_wconf 81' lang='lat' dir='ltr'><strong>laeserit,</strong></span> <span class='ocrx_word' id='word_1_258' title='bbox 1791 5060 1904 5124; x_wconf 88' lang='lat' dir='ltr'><strong>per</strong></span> <span class='ocrx_word' id='word_1_259' title='bbox 1923 5061 2119 5126; x_wconf 91' lang='lat' dir='ltr'><strong>opera</strong></span> <span class='ocrx_word' id='word_1_260' title='bbox 2146 5060 2250 5107; x_wconf 84' lang='lat' dir='ltr'><strong>sa-</strong></span> 
     </span>
     <span class='ocr_line' id='line_1_43' title="bbox 701 5145 2254 5234; baseline 0.001 -21"><span class='ocrx_word' id='word_1_261' title='bbox 701 5146 1009 5228; x_wconf 72' lang='lat' dir='ltr'><strong>tistacoee,</strong></span> <span class='ocrx_word' id='word_1_262' title='bbox 1059 5145 1218 5230; x_wconf 84' lang='lat' dir='ltr'><strong>quia</strong></span> <span class='ocrx_word' id='word_1_263' title='bbox 1262 5145 1689 5213; x_wconf 77' lang='lat' dir='ltr'><strong>reconciliatio</strong></span> <span class='ocrx_word' id='word_1_264' title='bbox 1754 5148 1962 5214; x_wconf 82' lang='lat' dir='ltr'><strong>cordis</strong></span> <span class='ocrx_word' id='word_1_265' title='bbox 2019 5167 2254 5234; x_wconf 86' lang='lat' dir='ltr'><strong>parum</strong></span> 
     </span>
    </p>

    <p class='ocr_par' dir='ltr' id='par_1_4' title="bbox 772 5345 2254 5412">
     <span class='ocr_line' id='line_1_44' title="bbox 772 5345 2254 5412; baseline 0.003 -15"><span class='ocrx_word' id='word_1_266' title='bbox 772 5347 785 5377; x_wconf 79' lang='lat'>²</span> <span class='ocrx_word' id='word_1_267' title='bbox 812 5345 934 5409; x_wconf 71' lang='lat' dir='ltr'><strong>ha„</strong></span> <span class='ocrx_word' id='word_1_268' title='bbox 960 5358 1052 5410; x_wconf 79' lang='lat' dir='ltr'><strong>m,</strong></span> <span class='ocrx_word' id='word_1_269' title='bbox 1079 5349 1128 5397; x_wconf 79' lang='lat'><strong>2.</strong></span> <span class='ocrx_word' id='word_1_270' title='bbox 1153 5371 1216 5386; x_wconf 90' lang='lat'>-</span> <span class='ocrx_word' id='word_1_271' title='bbox 1241 5347 1260 5379; x_wconf 84' lang='lat'>²</span> <span class='ocrx_word' id='word_1_272' title='bbox 1289 5346 1441 5411; x_wconf 74' lang='lat' dir='ltr'><strong>lbid„</strong></span> <span class='ocrx_word' id='word_1_273' title='bbox 1474 5357 1630 5411; x_wconf 72' lang='lat' dir='ltr'><strong>tvm,</strong></span> <span class='ocrx_word' id='word_1_274' title='bbox 1657 5349 1708 5398; x_wconf 83' lang='grc'><strong>6.</strong></span> <span class='ocrx_word' id='word_1_275' title='bbox 1727 5371 1791 5387; x_wconf 91' lang='lat'><em>-</em></span> <span class='ocrx_word' id='word_1_276' title='bbox 1816 5347 1836 5379; x_wconf 81' lang='lat'>⁸</span> <span class='ocrx_word' id='word_1_277' title='bbox 1862 5347 2000 5409; x_wconf 74' lang='lat' dir='ltr'><strong>Luc..</strong></span> <span class='ocrx_word' id='word_1_278' title='bbox 2029 5359 2145 5412; x_wconf 82' lang='lat' dir='ltr'><strong>xm,</strong></span> <span class='ocrx_word' id='word_1_279' title='bbox 2178 5351 2254 5401; x_wconf 76' lang='lat'><strong>16.</strong></span> 
     </span>
    </p>
   </div>
   <div class='ocr_carea' id='block_1_2' title="bbox 706 5417 2258 5554">
    <p class='ocr_par' dir='ltr' id='par_1_5' title="bbox 706 5417 2258 5554">
     <span class='ocr_line' id='line_1_45' title="bbox 706 5417 2258 5541; baseline 0.021 -88"><span class='ocrx_word' id='word_1_280' title='bbox 706 5417 848 5541; x_wconf 48' lang='lat'><strong>...22</strong></span> <span class='ocrx_word' id='word_1_281' title='bbox 884 5417 1050 5472; x_wconf 63' lang='grc' dir='ltr'><strong>Μ,</strong></span> <span class='ocrx_word' id='word_1_282' title='bbox 1089 5432 1198 5484; x_wconf 77' lang='lat' dir='ltr'><strong>xx,</strong></span> <span class='ocrx_word' id='word_1_283' title='bbox 1249 5423 1336 5485; x_wconf 68' lang='lat'><strong>¹⁴3</strong></span> <span class='ocrx_word' id='word_1_284' title='bbox 1383 5418 1595 5483; x_wconf 59' lang='lat' dir='ltr'><strong>natta„</strong></span> <span class='ocrx_word' id='word_1_285' title='bbox 1645 5430 1703 5485; x_wconf 68' lang='lat' dir='ltr'><strong>V,</strong></span> <span class='ocrx_word' id='word_1_286' title='bbox 1755 5422 1834 5473; x_wconf 79' lang='lat'><strong>27.</strong></span> <span class='ocrx_word' id='word_1_287' title='bbox 1876 5443 1941 5462; x_wconf 72' lang='grc' dir='ltr'><strong>-ι-</strong></span> <span class='ocrx_word' id='word_1_288' title='bbox 1982 5422 2007 5457; x_wconf 86' lang='lat'>⁸</span> <span class='ocrx_word' id='word_1_289' title='bbox 2050 5421 2258 5485; x_wconf 58' lang='lat' dir='ltr'><strong>naith-2</strong></span> 
     </span>
     <span class='ocr_line' id='line_1_46' title="bbox 709 5499 869 5554; baseline 0.019 -18"><span class='ocrx_word' id='word_1_290' title='bbox 709 5499 760 5554; x_wconf 75' lang='lat' dir='ltr'><strong>v,</strong></span> <span class='ocrx_word' id='word_1_291' title='bbox 857 5523 869 5539; x_wconf 94' lang='lat'><strong>.</strong></span> 
     </span>
    </p>
   </div>
   <div class='ocr_carea' id='block_1_3' title="bbox 1786 490 2783 566">
    <p class='ocr_par' dir='ltr' id='par_1_6' title="bbox 1786 490 2783 566">
     <span class='ocr_line' id='line_1_47' title="bbox 1786 490 2783 566; baseline 0.008 -8"><span class='ocrx_word' id='word_1_292' title='bbox 1786 490 2202 562; x_wconf 69' lang='lat' dir='ltr'><strong>Smmonsss</strong></span> <span class='ocrx_word' id='word_1_293' title='bbox 2246 492 2349 560; x_wconf 79' lang='lat' dir='ltr'><strong>1&gt;ss</strong></span> <span class='ocrx_word' id='word_1_294' title='bbox 2382 494 2783 566; x_wconf 73' lang='lat' dir='ltr'><strong>TEMPORE.</strong></span> 
     </span>
    </p>
   </div>
   <div class='ocr_carea' id='block_1_4' title="bbox 2342 630 3910 4688">
    <p class='ocr_par' dir='ltr' id='par_1_7' title="bbox 2342 630 3882 805">
     <span class='ocr_line' id='line_1_48' title="bbox 2343 630 3882 720; baseline 0.005 -25"><span class='ocrx_word' id='word_1_295' title='bbox 2343 630 2514 697; x_wconf 75' lang='lat' dir='ltr'><strong>valet</strong></span> <span class='ocrx_word' id='word_1_296' title='bbox 2544 632 2681 700; x_wconf 85' lang='lat' dir='ltr'><strong>sine</strong></span> <span class='ocrx_word' id='word_1_297' title='bbox 2702 632 3122 700; x_wconf 73' lang='lat' dir='ltr'><strong>satisfactione</strong></span> <span class='ocrx_word' id='word_1_298' title='bbox 3148 633 3386 717; x_wconf 81' lang='lat' dir='ltr'><strong>operis,</strong></span> <span class='ocrx_word' id='word_1_299' title='bbox 3428 635 3481 700; x_wconf 79' lang='lat' dir='ltr'><strong>si</strong></span> <span class='ocrx_word' id='word_1_300' title='bbox 3510 636 3882 720; x_wconf 68' lang='lat' dir='ltr'><strong>pominilitas</strong></span> 
     </span>
     <span class='ocr_line' id='line_1_49' title="bbox 2342 740 2544 805; baseline 0 -1"><span class='ocrx_word' id='word_1_301' title='bbox 2342 740 2544 805; x_wconf 86' lang='lat' dir='ltr'><strong>adest.</strong></span> 
     </span>
    </p>

    <p class='ocr_par' dir='ltr' id='par_1_8' title="bbox 2342 846 3908 4566">
     <span class='ocr_line' id='line_1_50' title="bbox 2422 846 3878 918; baseline 0.002 -5"><span class='ocrx_word' id='word_1_302' title='bbox 2422 846 2637 914; x_wconf 81' lang='lat' dir='ltr'><strong>Tertio</strong></span> <span class='ocrx_word' id='word_1_303' title='bbox 2662 848 2992 914; x_wconf 89' lang='lat' dir='ltr'><strong>vinculum</strong></span> <span class='ocrx_word' id='word_1_304' title='bbox 3013 849 3284 914; x_wconf 81' lang='lat' dir='ltr'><strong>carnalis</strong></span> <span class='ocrx_word' id='word_1_305' title='bbox 3306 849 3584 917; x_wconf 70' lang='lat' dir='ltr'><strong>lasciviae</strong></span> <span class='ocrx_word' id='word_1_306' title='bbox 3608 853 3878 918; x_wconf 83' lang='lat' dir='ltr'><strong>solvitur</strong></span> 
     </span>
     <span class='ocr_line' id='line_1_51' title="bbox 2342 953 3882 1042; baseline 0.004 -22"><span class='ocrx_word' id='word_1_307' title='bbox 2342 953 2463 1039; x_wconf 75' lang='lat' dir='ltr'><strong>per&#39;</strong></span> <span class='ocrx_word' id='word_1_308' title='bbox 2480 957 2773 1023; x_wconf 86' lang='lat' dir='ltr'><strong>decorem</strong></span> <span class='ocrx_word' id='word_1_309' title='bbox 2795 956 3066 1022; x_wconf 86' lang='lat' dir='ltr'><strong>coelestis</strong></span> <span class='ocrx_word' id='word_1_310' title='bbox 3082 958 3419 1024; x_wconf 72' lang='lat' dir='ltr'><strong>munditiae</strong></span> <span class='ocrx_word' id='word_1_311' title='bbox 3441 959 3882 1042; x_wconf 69' lang='lat' dir='ltr'><strong>pulchrificatu-</strong></span> 
     </span>
     <span class='ocr_line' id='line_1_52' title="bbox 2342 1062 3884 1149; baseline 0.004 -23"><span class='ocrx_word' id='word_1_312' title='bbox 2342 1062 2424 1126; x_wconf 89' lang='lat' dir='ltr'><strong>tis</strong></span> <span class='ocrx_word' id='word_1_313' title='bbox 2454 1062 2534 1145; x_wconf 86' lang='lat' dir='ltr'><strong>(b)</strong></span> <span class='ocrx_word' id='word_1_314' title='bbox 2564 1082 2794 1148; x_wconf 88' lang='lat' dir='ltr'><strong>corpus</strong></span> <span class='ocrx_word' id='word_1_315' title='bbox 2820 1063 3174 1147; x_wconf 89' lang='lat' dir='ltr'><strong>proprium.</strong></span> <span class='ocrx_word' id='word_1_316' title='bbox 3198 1063 3276 1129; x_wconf 90' lang='lat' dir='ltr'><strong>Et</strong></span> <span class='ocrx_word' id='word_1_317' title='bbox 3302 1063 3379 1130; x_wconf 91' lang='lat' dir='ltr'><strong>de</strong></span> <span class='ocrx_word' id='word_1_318' title='bbox 3405 1066 3528 1131; x_wconf 85' lang='lat' dir='ltr'><strong>hoc</strong></span> <span class='ocrx_word' id='word_1_319' title='bbox 3552 1070 3760 1149; x_wconf 84' lang='lat' dir='ltr'><strong>potest</strong></span> <span class='ocrx_word' id='word_1_320' title='bbox 3782 1086 3884 1132; x_wconf 82' lang='lat' dir='ltr'><strong>ex-</strong></span> 
     </span>
     <span class='ocr_line' id='line_1_53' title="bbox 2342 1169 3883 1257; baseline 0.005 -25"><span class='ocrx_word' id='word_1_321' title='bbox 2342 1170 2496 1253; x_wconf 88' lang='lat' dir='ltr'><strong>poni</strong></span> <span class='ocrx_word' id='word_1_322' title='bbox 2521 1170 2678 1236; x_wconf 86' lang='lat' dir='ltr'><strong>illud</strong></span> <span class='ocrx_word' id='word_1_323' title='bbox 2706 1175 2730 1212; x_wconf 84' lang='lat'>⁸</span> <span class='ocrx_word' id='word_1_324' title='bbox 2761 1189 2781 1235; x_wconf 72' lang='grc' dir='ltr'><strong><em>ε</em></strong></span> <span class='ocrx_word' id='word_1_325' title='bbox 2818 1192 2850 1232; x_wconf 71' lang='grc' dir='ltr'><strong>α</strong></span> <span class='ocrx_word' id='word_1_326' title='bbox 2883 1169 3063 1235; x_wconf 85' lang='lat' dir='ltr'><strong>Hanc</strong></span> <span class='ocrx_word' id='word_1_327' title='bbox 3105 1170 3304 1234; x_wconf 83' lang='lat' dir='ltr'><strong>filiam</strong></span> <span class='ocrx_word' id='word_1_328' title='bbox 3347 1173 3651 1253; x_wconf 80' lang='lat' dir='ltr'><strong>Abrahae,</strong></span> <span class='ocrx_word' id='word_1_329' title='bbox 3694 1193 3883 1257; x_wconf 81' lang='lat' dir='ltr'><strong>quam</strong></span> 
     </span>
     <span class='ocr_line' id='line_1_54' title="bbox 2343 1277 3887 1362; baseline 0.004 -21"><span class='ocrx_word' id='word_1_330' title='bbox 2343 1277 2633 1359; x_wconf 85' lang='lat' dir='ltr'><strong>alligavit</strong></span> <span class='ocrx_word' id='word_1_331' title='bbox 2652 1284 2924 1356; x_wconf 85' lang='lat' dir='ltr'><strong>satanas,</strong></span> <span class='ocrx_word' id='word_1_332' title='bbox 2955 1295 3168 1344; x_wconf 85' lang='lat' dir='ltr'><strong>nonne</strong></span> <span class='ocrx_word' id='word_1_333' title='bbox 3185 1281 3467 1362; x_wconf 90' lang='lat' dir='ltr'><strong>oportuit</strong></span> <span class='ocrx_word' id='word_1_334' title='bbox 3492 1281 3657 1346; x_wconf 75' lang='lat' dir='ltr'><strong>solvi</strong></span> <span class='ocrx_word' id='word_1_335' title='bbox 3688 1299 3728 1346; x_wconf 75' lang='lat' dir='ltr'><strong>a</strong></span> <span class='ocrx_word' id='word_1_336' title='bbox 3756 1283 3887 1347; x_wconf 80' lang='lat' dir='ltr'><strong>vin·</strong></span> 
     </span>
     <span class='ocr_line' id='line_1_55' title="bbox 2344 1385 3888 1465; baseline 0.003 -16"><span class='ocrx_word' id='word_1_337' title='bbox 2344 1385 2489 1451; x_wconf 91' lang='lat' dir='ltr'><strong>culo</strong></span> <span class='ocrx_word' id='word_1_338' title='bbox 2528 1387 2597 1451; x_wconf 92' lang='lat' dir='ltr'><strong>in</strong></span> <span class='ocrx_word' id='word_1_339' title='bbox 2639 1386 2741 1452; x_wconf 91' lang='lat' dir='ltr'><strong>die</strong></span> <span class='ocrx_word' id='word_1_340' title='bbox 2779 1386 3069 1451; x_wconf 78' lang='lat' dir='ltr'><strong>sabbati?</strong></span> <span class='ocrx_word' id='word_1_341' title='bbox 3095 1408 3127 1446; x_wconf 71' lang='grc' dir='ltr'><strong><em>ι</em></strong></span> <span class='ocrx_word' id='word_1_342' title='bbox 3158 1385 3352 1465; x_wconf 86' lang='lat' dir='ltr'><strong>Quasi</strong></span> <span class='ocrx_word' id='word_1_343' title='bbox 3384 1388 3551 1453; x_wconf 84' lang='lat' dir='ltr'><strong>dicat</strong></span> <span class='ocrx_word' id='word_1_344' title='bbox 3584 1390 3678 1453; x_wconf 80' lang='lat' dir='ltr'><strong>sic</strong></span> <span class='ocrx_word' id='word_1_345' title='bbox 3706 1407 3726 1455; x_wconf 73' lang='lat' dir='ltr'>z</span> <span class='ocrx_word' id='word_1_346' title='bbox 3773 1390 3888 1454; x_wconf 77' lang='lat' dir='ltr'><strong>ista</strong></span> 
     </span>
     <span class='ocr_line' id='line_1_56' title="bbox 2345 1492 3887 1581; baseline 0.005 -25"><span class='ocrx_word' id='word_1_347' title='bbox 2345 1492 2579 1558; x_wconf 83' lang='lat' dir='ltr'><strong>mulier</strong></span> <span class='ocrx_word' id='word_1_348' title='bbox 2625 1493 2870 1559; x_wconf 82' lang='lat' dir='ltr'><strong>habens</strong></span> <span class='ocrx_word' id='word_1_349' title='bbox 2916 1494 3210 1577; x_wconf 83' lang='lat' dir='ltr'><strong>spiritum</strong></span> <span class='ocrx_word' id='word_1_350' title='bbox 3261 1495 3695 1576; x_wconf 87' lang='lat' dir='ltr'><strong>immundum,</strong></span> <span class='ocrx_word' id='word_1_351' title='bbox 3745 1516 3887 1581; x_wconf 75' lang='lat' dir='ltr'><strong>quae</strong></span> 
     </span>
     <span class='ocr_line' id='line_1_57' title="bbox 2343 1601 3889 1685; baseline 0.003 -20"><span class='ocrx_word' id='word_1_352' title='bbox 2343 1604 2481 1665; x_wconf 85' lang='lat' dir='ltr'><strong>erat</strong></span> <span class='ocrx_word' id='word_1_353' title='bbox 2505 1601 2806 1666; x_wconf 85' lang='lat' dir='ltr'><strong>inclinata</strong></span> <span class='ocrx_word' id='word_1_354' title='bbox 2829 1601 2913 1665; x_wconf 90' lang='lat' dir='ltr'><strong>ad</strong></span> <span class='ocrx_word' id='word_1_355' title='bbox 2938 1605 3199 1679; x_wconf 82' lang='lat' dir='ltr'><strong>terram,</strong></span> <span class='ocrx_word' id='word_1_356' title='bbox 3229 1607 3294 1666; x_wconf 88' lang='lat' dir='ltr'><strong>et</strong></span> <span class='ocrx_word' id='word_1_357' title='bbox 3318 1620 3449 1666; x_wconf 90' lang='lat' dir='ltr'><strong>non</strong></span> <span class='ocrx_word' id='word_1_358' title='bbox 3475 1607 3725 1685; x_wconf 79' lang='lat' dir='ltr'><strong>poterat</strong></span> <span class='ocrx_word' id='word_1_359' title='bbox 3748 1623 3889 1670; x_wconf 81' lang='lat' dir='ltr'><strong>snr-</strong></span> 
     </span>
     <span class='ocr_line' id='line_1_58' title="bbox 2345 1709 3890 1794; baseline 0.002 -20"><span class='ocrx_word' id='word_1_360' title='bbox 2345 1727 2490 1774; x_wconf 89' lang='lat' dir='ltr'><strong>sum</strong></span> <span class='ocrx_word' id='word_1_361' title='bbox 2510 1710 2843 1793; x_wconf 84' lang='lat' dir='ltr'><strong>respicere,</strong></span> <span class='ocrx_word' id='word_1_362' title='bbox 2864 1709 3191 1791; x_wconf 81' lang='lat' dir='ltr'><strong>significat</strong></span> <span class='ocrx_word' id='word_1_363' title='bbox 3202 1710 3552 1794; x_wconf 83' lang='lat' dir='ltr'><strong>quemlibet</strong></span> <span class='ocrx_word' id='word_1_364' title='bbox 3572 1710 3890 1777; x_wconf 82' lang='lat' dir='ltr'><strong>lubricum</strong></span> 
     </span>
     <span class='ocr_line' id='line_1_59' title="bbox 2344 1816 3889 1901; baseline 0.003 -21"><span class='ocrx_word' id='word_1_365' title='bbox 2344 1816 2695 1882; x_wconf 85' lang='lat' dir='ltr'><strong>habentem</strong></span> <span class='ocrx_word' id='word_1_366' title='bbox 2721 1817 3131 1882; x_wconf 83' lang='lat' dir='ltr'><strong>immundum</strong></span> <span class='ocrx_word' id='word_1_367' title='bbox 3158 1818 3456 1901; x_wconf 88' lang='lat' dir='ltr'><strong>spiritum</strong></span> <span class='ocrx_word' id='word_1_368' title='bbox 3478 1819 3889 1899; x_wconf 79' lang='lat' dir='ltr'><strong>luxuriae,ra·</strong></span> 
     </span>
     <span class='ocr_line' id='line_1_60' title="bbox 2343 1925 3893 2008; baseline 0.002 -19"><span class='ocrx_word' id='word_1_369' title='bbox 2343 1925 2515 1990; x_wconf 86' lang='lat' dir='ltr'><strong>tione</strong></span> <span class='ocrx_word' id='word_1_370' title='bbox 2535 1926 2721 2008; x_wconf 83' lang='lat' dir='ltr'><strong>cujus</strong></span> <span class='ocrx_word' id='word_1_371' title='bbox 2738 1925 2986 1990; x_wconf 83' lang='lat' dir='ltr'><strong>tantam</strong></span> <span class='ocrx_word' id='word_1_372' title='bbox 3013 1925 3238 1991; x_wconf 77' lang='lat' dir='ltr'><strong>habuit</strong></span> <span class='ocrx_word' id='word_1_373' title='bbox 3253 1925 3637 2008; x_wconf 86' lang='lat' dir='ltr'><strong>pronitatem</strong></span> <span class='ocrx_word' id='word_1_374' title='bbox 3659 1927 3740 1992; x_wconf 89' lang='lat' dir='ltr'><strong>ad</strong></span> <span class='ocrx_word' id='word_1_375' title='bbox 3769 1946 3893 1992; x_wconf 84' lang='lat' dir='ltr'><strong>ma-</strong></span> 
     </span>
     <span class='ocr_line' id='line_1_61' title="bbox 2342 2032 3894 2115; baseline 0.002 -17"><span class='ocrx_word' id='word_1_376' title='bbox 2342 2033 2483 2098; x_wconf 89' lang='lat' dir='ltr'><strong>lum</strong></span> <span class='ocrx_word' id='word_1_377' title='bbox 2499 2081 2518 2113; x_wconf 90' lang='lat'>‚</span> <span class='ocrx_word' id='word_1_378' title='bbox 2560 2038 2636 2097; x_wconf 90' lang='lat' dir='ltr'><strong>ut</strong></span> <span class='ocrx_word' id='word_1_379' title='bbox 2659 2049 2912 2115; x_wconf 87' lang='lat' dir='ltr'><strong>semper</strong></span> <span class='ocrx_word' id='word_1_380' title='bbox 2946 2032 3030 2097; x_wconf 90' lang='lat' dir='ltr'><strong>sit</strong></span> <span class='ocrx_word' id='word_1_381' title='bbox 3062 2032 3364 2098; x_wconf 82' lang='lat' dir='ltr'><strong>inclinata</strong></span> <span class='ocrx_word' id='word_1_382' title='bbox 3394 2035 3479 2099; x_wconf 83' lang='lat' dir='ltr'><strong>ad</strong></span> <span class='ocrx_word' id='word_1_383' title='bbox 3521 2037 3762 2100; x_wconf 61' lang='lat' dir='ltr'><strong>tenum</strong></span> <span class='ocrx_word' id='word_1_384' title='bbox 3803 2055 3894 2101; x_wconf 71' lang='lat' dir='ltr'><strong>se-</strong></span> 
     </span>
     <span class='ocr_line' id='line_1_62' title="bbox 2345 2139 3893 2223; baseline 0.005 -21"><span class='ocrx_word' id='word_1_385' title='bbox 2345 2139 2581 2223; x_wconf 87' lang='lat' dir='ltr'><strong>piendo</strong></span> <span class='ocrx_word' id='word_1_386' title='bbox 2589 2139 2887 2219; x_wconf 84' lang='lat' dir='ltr'><strong>carnalia,</strong></span> <span class='ocrx_word' id='word_1_387' title='bbox 2910 2145 2974 2204; x_wconf 90' lang='lat' dir='ltr'><strong>et</strong></span> <span class='ocrx_word' id='word_1_388' title='bbox 2987 2139 3182 2205; x_wconf 86' lang='lat' dir='ltr'><strong>etiam</strong></span> <span class='ocrx_word' id='word_1_389' title='bbox 3200 2144 3441 2206; x_wconf 80' lang='lat' dir='ltr'><strong>tantam</strong></span> <span class='ocrx_word' id='word_1_390' title='bbox 3458 2142 3893 2210; x_wconf 77' lang='lat' dir='ltr'><strong>difficultatem</strong></span> 
     </span>
     <span class='ocr_line' id='line_1_63' title="bbox 2343 2246 3890 2334; baseline 0.005 -24"><span class='ocrx_word' id='word_1_391' title='bbox 2343 2246 2426 2310; x_wconf 87' lang='lat' dir='ltr'><strong>ad</strong></span> <span class='ocrx_word' id='word_1_392' title='bbox 2440 2247 2705 2325; x_wconf 85' lang='lat' dir='ltr'><strong>bonum,</strong></span> <span class='ocrx_word' id='word_1_393' title='bbox 2728 2250 2800 2310; x_wconf 87' lang='lat' dir='ltr'><strong>ut</strong></span> <span class='ocrx_word' id='word_1_394' title='bbox 2813 2247 2902 2310; x_wconf 85' lang='lat' dir='ltr'><strong>sic</strong></span> <span class='ocrx_word' id='word_1_395' title='bbox 2919 2264 3050 2311; x_wconf 87' lang='lat' dir='ltr'><strong>non</strong></span> <span class='ocrx_word' id='word_1_396' title='bbox 3066 2247 3263 2330; x_wconf 88' lang='lat' dir='ltr'><strong>possit</strong></span> <span class='ocrx_word' id='word_1_397' title='bbox 3276 2265 3535 2314; x_wconf 87' lang='lat' dir='ltr'><strong>sursum</strong></span> <span class='ocrx_word' id='word_1_398' title='bbox 3555 2249 3890 2334; x_wconf 71' lang='lat' dir='ltr'><strong>respicere,</strong></span> 
     </span>
     <span class='ocr_line' id='line_1_64' title="bbox 2344 2352 3895 2441; baseline 0.004 -24"><span class='ocrx_word' id='word_1_399' title='bbox 2344 2352 2876 2436; x_wconf 87' lang='lat' dir='ltr'><strong>apprehendendo</strong></span> <span class='ocrx_word' id='word_1_400' title='bbox 2897 2353 3273 2437; x_wconf 80' lang='lat' dir='ltr'><strong>spiritualia.</strong></span> <span class='ocrx_word' id='word_1_401' title='bbox 3308 2353 3431 2420; x_wconf 73' lang='lat' dir='ltr'><strong>Esto</strong></span> <span class='ocrx_word' id='word_1_402' title='bbox 3461 2358 3640 2421; x_wconf 87' lang='lat' dir='ltr'><strong>enim</strong></span> <span class='ocrx_word' id='word_1_403' title='bbox 3665 2357 3895 2441; x_wconf 89' lang='lat' dir='ltr'><strong>duplici</strong></span> 
     </span>
     <span class='ocr_line' id='line_1_65' title="bbox 2344 2460 3899 2545; baseline 0.003 -19"><span class='ocrx_word' id='word_1_404' title='bbox 2344 2461 2624 2539; x_wconf 85' lang='lat' dir='ltr'><strong>vinculo,</strong></span> <span class='ocrx_word' id='word_1_405' title='bbox 2651 2460 2887 2526; x_wconf 87' lang='lat' dir='ltr'><strong>scilicet</strong></span> <span class='ocrx_word' id='word_1_406' title='bbox 2911 2462 3250 2545; x_wconf 89' lang='lat' dir='ltr'><strong>pronitatis</strong></span> <span class='ocrx_word' id='word_1_407' title='bbox 3285 2463 3366 2527; x_wconf 89' lang='lat' dir='ltr'><strong>ad</strong></span> <span class='ocrx_word' id='word_1_408' title='bbox 3394 2463 3664 2544; x_wconf 85' lang='lat' dir='ltr'><strong>malum,</strong></span> <span class='ocrx_word' id='word_1_409' title='bbox 3695 2469 3763 2530; x_wconf 89' lang='lat' dir='ltr'><strong>et</strong></span> <span class='ocrx_word' id='word_1_410' title='bbox 3782 2465 3899 2530; x_wconf 79' lang='lat' dir='ltr'><strong>dir-</strong></span> 
     </span>
     <span class='ocr_line' id='line_1_66' title="bbox 2344 2567 3895 2652; baseline 0.002 -19"><span class='ocrx_word' id='word_1_411' title='bbox 2344 2567 2642 2634; x_wconf 86' lang='lat' dir='ltr'><strong>flcultatis</strong></span> <span class='ocrx_word' id='word_1_412' title='bbox 2681 2568 2763 2632; x_wconf 86' lang='lat' dir='ltr'><strong>ad</strong></span> <span class='ocrx_word' id='word_1_413' title='bbox 2801 2568 3069 2647; x_wconf 87' lang='lat' dir='ltr'><strong>bonum,</strong></span> <span class='ocrx_word' id='word_1_414' title='bbox 3101 2587 3248 2652; x_wconf 70' lang='lat' dir='ltr'><strong>qum</strong></span> <span class='ocrx_word' id='word_1_415' title='bbox 3273 2570 3458 2634; x_wconf 89' lang='lat' dir='ltr'><strong>nobis</strong></span> <span class='ocrx_word' id='word_1_416' title='bbox 3498 2570 3721 2635; x_wconf 83' lang='lat' dir='ltr'><strong>insunt</strong></span> <span class='ocrx_word' id='word_1_417' title='bbox 3758 2591 3895 2636; x_wconf 84' lang='lat' dir='ltr'><strong>car·</strong></span> 
     </span>
     <span class='ocr_line' id='line_1_67' title="bbox 2346 2675 3899 2759; baseline 0.002 -20"><span class='ocrx_word' id='word_1_418' title='bbox 2346 2677 2449 2739; x_wconf 86' lang='lat' dir='ltr'><strong>nis</strong></span> <span class='ocrx_word' id='word_1_419' title='bbox 2474 2675 2905 2759; x_wconf 86' lang='lat' dir='ltr'><strong>corruptione,</strong></span> <span class='ocrx_word' id='word_1_420' title='bbox 2934 2679 2998 2739; x_wconf 86' lang='lat' dir='ltr'><strong>et</strong></span> <span class='ocrx_word' id='word_1_421' title='bbox 3013 2675 3274 2758; x_wconf 88' lang='lat' dir='ltr'><strong>spiritus</strong></span> <span class='ocrx_word' id='word_1_422' title='bbox 3297 2676 3786 2758; x_wconf 81' lang='lat' dir='ltr'><strong>aggravatione,</strong></span> <span class='ocrx_word' id='word_1_423' title='bbox 3817 2678 3899 2742; x_wconf 84' lang='lat' dir='ltr'><strong>al-</strong></span> 
     </span>
     <span class='ocr_line' id='line_1_68' title="bbox 2346 2781 3898 2866; baseline 0.002 -19"><span class='ocrx_word' id='word_1_424' title='bbox 2346 2783 2579 2866; x_wconf 85' lang='lat' dir='ltr'><strong>ligavit</strong></span> <span class='ocrx_word' id='word_1_425' title='bbox 2592 2799 2736 2847; x_wconf 80' lang='lat' dir='ltr'><strong>eam</strong></span> <span class='ocrx_word' id='word_1_426' title='bbox 2749 2787 3040 2847; x_wconf 83' lang='lat' dir='ltr'><strong>satanas:</strong></span> <span class='ocrx_word' id='word_1_427' title='bbox 3070 2801 3110 2846; x_wconf 89' lang='lat' dir='ltr'><strong>a</strong></span> <span class='ocrx_word' id='word_1_428' title='bbox 3138 2799 3269 2865; x_wconf 88' lang='lat' dir='ltr'><strong>quo</strong></span> <span class='ocrx_word' id='word_1_429' title='bbox 3296 2781 3561 2847; x_wconf 84' lang='lat' dir='ltr'><strong>solvitur</strong></span> <span class='ocrx_word' id='word_1_430' title='bbox 3588 2802 3702 2866; x_wconf 89' lang='lat' dir='ltr'><strong>per</strong></span> <span class='ocrx_word' id='word_1_431' title='bbox 3727 2785 3898 2850; x_wconf 85' lang='lat' dir='ltr'><strong>Chri-</strong></span> 
     </span>
     <span class='ocr_line' id='line_1_69' title="bbox 2347 2888 3899 2974; baseline 0.002 -21"><span class='ocrx_word' id='word_1_432' title='bbox 2347 2895 2541 2966; x_wconf 84' lang='lat' dir='ltr'><strong>stum,</strong></span> <span class='ocrx_word' id='word_1_433' title='bbox 2571 2890 2641 2953; x_wconf 91' lang='lat' dir='ltr'><strong>in</strong></span> <span class='ocrx_word' id='word_1_434' title='bbox 2678 2888 2781 2953; x_wconf 88' lang='lat' dir='ltr'><strong>die</strong></span> <span class='ocrx_word' id='word_1_435' title='bbox 2812 2888 3305 2971; x_wconf 85' lang='lat' dir='ltr'><strong>pulchritudinis</strong></span> <span class='ocrx_word' id='word_1_436' title='bbox 3331 2891 3585 2972; x_wconf 79' lang='lat' dir='ltr'><strong>gratiae,</strong></span> <span class='ocrx_word' id='word_1_437' title='bbox 3611 2895 3741 2955; x_wconf 84' lang='lat' dir='ltr'><strong>tem</strong></span> <span class='ocrx_word' id='word_1_438' title='bbox 3749 2910 3899 2974; x_wconf 89' lang='lat' dir='ltr'><strong>pore</strong></span> 
     </span>
     <span class='ocr_line' id='line_1_70' title="bbox 2348 2993 3901 3078; baseline 0.001 -17"><span class='ocrx_word' id='word_1_439' title='bbox 2348 2993 2708 3077; x_wconf 79' lang='lat' dir='ltr'><strong>Evangelii.</strong></span> <span class='ocrx_word' id='word_1_440' title='bbox 2739 2993 2813 3060; x_wconf 91' lang='lat' dir='ltr'><strong>ln</strong></span> <span class='ocrx_word' id='word_1_441' title='bbox 2838 3011 2972 3078; x_wconf 86' lang='lat' dir='ltr'><strong>quo</strong></span> <span class='ocrx_word' id='word_1_442' title='bbox 2993 2995 3134 3078; x_wconf 90' lang='lat' dir='ltr'><strong>plus</strong></span> <span class='ocrx_word' id='word_1_443' title='bbox 3152 2995 3639 3061; x_wconf 88' lang='lat' dir='ltr'><strong>commendatur</strong></span> <span class='ocrx_word' id='word_1_444' title='bbox 3650 2997 3901 3063; x_wconf 77' lang='lat' dir='ltr'><strong>castitas</strong></span> 
     </span>
     <span class='ocr_line' id='line_1_71' title="bbox 2349 3103 3904 3186; baseline 0.001 -18"><span class='ocrx_word' id='word_1_445' title='bbox 2349 3103 2603 3183; x_wconf 86' lang='lat' dir='ltr'><strong>mentis,</strong></span> <span class='ocrx_word' id='word_1_446' title='bbox 2650 3119 2848 3186; x_wconf 80' lang='lat' dir='ltr'><strong>quam</strong></span> <span class='ocrx_word' id='word_1_447' title='bbox 2893 3103 3125 3168; x_wconf 87' lang='lat' dir='ltr'><strong>carnis.</strong></span> <span class='ocrx_word' id='word_1_448' title='bbox 3172 3103 3334 3169; x_wconf 87' lang='lat' dir='ltr'><strong>Nam</strong></span> <span class='ocrx_word' id='word_1_449' title='bbox 3370 3103 3625 3168; x_wconf 81' lang='lat' dir='ltr'><strong>castitas</strong></span> <span class='ocrx_word' id='word_1_450' title='bbox 3647 3122 3783 3169; x_wconf 89' lang='lat' dir='ltr'><strong>non</strong></span> <span class='ocrx_word' id='word_1_451' title='bbox 3809 3108 3904 3170; x_wconf 82' lang='lat' dir='ltr'><strong>est</strong></span> 
     </span>
     <span class='ocr_line' id='line_1_72' title="bbox 2348 3209 3905 3289; baseline 0.001 -15"><span class='ocrx_word' id='word_1_452' title='bbox 2348 3209 2417 3274; x_wconf 92' lang='lat' dir='ltr'><strong>in</strong></span> <span class='ocrx_word' id='word_1_453' title='bbox 2445 3227 2659 3289; x_wconf 89' lang='lat' dir='ltr'><strong>carne,</strong></span> <span class='ocrx_word' id='word_1_454' title='bbox 2683 3210 2796 3275; x_wconf 87' lang='lat' dir='ltr'><strong>sed</strong></span> <span class='ocrx_word' id='word_1_455' title='bbox 2814 3210 2883 3274; x_wconf 89' lang='lat' dir='ltr'><strong>in</strong></span> <span class='ocrx_word' id='word_1_456' title='bbox 2902 3214 3148 3289; x_wconf 87' lang='lat' dir='ltr'><strong>mentc;</strong></span> <span class='ocrx_word' id='word_1_457' title='bbox 3179 3214 3243 3274; x_wconf 86' lang='lat' dir='ltr'><strong>et</strong></span> <span class='ocrx_word' id='word_1_458' title='bbox 3267 3228 3351 3275; x_wconf 83' lang='lat' dir='ltr'><strong>ex</strong></span> <span class='ocrx_word' id='word_1_459' title='bbox 3376 3209 3568 3275; x_wconf 89' lang='lat' dir='ltr'><strong>corde</strong></span> <span class='ocrx_word' id='word_1_460' title='bbox 3592 3210 3905 3276; x_wconf 77' lang='lat' dir='ltr'><strong>redundat</strong></span> 
     </span>
     <span class='ocr_line' id='line_1_73' title="bbox 2348 3315 3899 3400; baseline 0 -18"><span class='ocrx_word' id='word_1_461' title='bbox 2348 3318 2418 3382; x_wconf 89' lang='lat' dir='ltr'><strong>in</strong></span> <span class='ocrx_word' id='word_1_462' title='bbox 2443 3333 2700 3400; x_wconf 89' lang='lat' dir='ltr'><strong>corpus.</strong></span> <span class='ocrx_word' id='word_1_463' title='bbox 2740 3315 2920 3382; x_wconf 88' lang='lat' dir='ltr'><strong>Unde</strong></span> <span class='ocrx_word' id='word_1_464' title='bbox 2959 3316 3185 3382; x_wconf 83' lang='lat' dir='ltr'><strong>melior</strong></span> <span class='ocrx_word' id='word_1_465' title='bbox 3224 3322 3319 3382; x_wconf 86' lang='lat' dir='ltr'><strong>est</strong></span> <span class='ocrx_word' id='word_1_466' title='bbox 3353 3317 3610 3382; x_wconf 83' lang='lat' dir='ltr'><strong>castitas</strong></span> <span class='ocrx_word' id='word_1_467' title='bbox 3647 3319 3899 3398; x_wconf 86' lang='lat' dir='ltr'><strong>mentis,</strong></span> 
     </span>
     <span class='ocr_line' id='line_1_74' title="bbox 2351 3422 3906 3508; baseline 0.001 -19"><span class='ocrx_word' id='word_1_468' title='bbox 2351 3444 2549 3508; x_wconf 86' lang='lat' dir='ltr'><strong>quam</strong></span> <span class='ocrx_word' id='word_1_469' title='bbox 2584 3424 2889 3508; x_wconf 88' lang='lat' dir='ltr'><strong>corporis.</strong></span> <span class='ocrx_word' id='word_1_470' title='bbox 2920 3422 3083 3489; x_wconf 84' lang='lat' dir='ltr'><strong>Nam</strong></span> <span class='ocrx_word' id='word_1_471' title='bbox 3110 3424 3169 3488; x_wconf 90' lang='lat' dir='ltr'><strong>si</strong></span> <span class='ocrx_word' id='word_1_472' title='bbox 3192 3443 3303 3490; x_wconf 91' lang='lat' dir='ltr'><strong>cor</strong></span> <span class='ocrx_word' id='word_1_473' title='bbox 3332 3426 3524 3490; x_wconf 70' lang='lat' dir='ltr'><strong>fuerit</strong></span> <span class='ocrx_word' id='word_1_474' title='bbox 3542 3429 3814 3503; x_wconf 81' lang='lat' dir='ltr'><strong>castum,</strong></span> <span class='ocrx_word' id='word_1_475' title='bbox 3844 3431 3906 3491; x_wconf 88' lang='lat' dir='ltr'><strong>et</strong></span> 
     </span>
     <span class='ocr_line' id='line_1_75' title="bbox 2351 3532 3905 3616; baseline 0.001 -19"><span class='ocrx_word' id='word_1_476' title='bbox 2351 3550 2584 3616; x_wconf 88' lang='lat' dir='ltr'><strong>corpus</strong></span> <span class='ocrx_word' id='word_1_477' title='bbox 2605 3554 2622 3611; x_wconf 94' lang='lat'>;</span> <span class='ocrx_word' id='word_1_478' title='bbox 2650 3549 2781 3597; x_wconf 89' lang='lat' dir='ltr'><strong>non</strong></span> <span class='ocrx_word' id='word_1_479' title='bbox 2807 3537 3024 3597; x_wconf 86' lang='lat' dir='ltr'><strong>autem</strong></span> <span class='ocrx_word' id='word_1_480' title='bbox 3050 3532 3103 3595; x_wconf 90' lang='lat' dir='ltr'><strong>si</strong></span> <span class='ocrx_word' id='word_1_481' title='bbox 3134 3549 3388 3616; x_wconf 88' lang='lat' dir='ltr'><strong>corpus,</strong></span> <span class='ocrx_word' id='word_1_482' title='bbox 3426 3536 3489 3597; x_wconf 86' lang='lat' dir='ltr'><strong>et</strong></span> <span class='ocrx_word' id='word_1_483' title='bbox 3513 3549 3624 3597; x_wconf 89' lang='lat' dir='ltr'><strong>cor</strong></span> <span class='ocrx_word' id='word_1_484' title='bbox 3646 3554 3663 3596; x_wconf 90' lang='lat'>:</span> <span class='ocrx_word' id='word_1_485' title='bbox 3684 3551 3905 3616; x_wconf 81' lang='lat' dir='ltr'><strong>quam·</strong></span> 
     </span>
     <span class='ocr_line' id='line_1_76' title="bbox 2351 3639 3905 3723; baseline 0 -17"><span class='ocrx_word' id='word_1_486' title='bbox 2351 3641 2451 3706; x_wconf 85' lang='lat' dir='ltr'><strong>vis</strong></span> <span class='ocrx_word' id='word_1_487' title='bbox 2476 3639 2511 3705; x_wconf 84' lang='lat' dir='ltr'>J</span> <span class='ocrx_word' id='word_1_488' title='bbox 2516 3640 2709 3719; x_wconf 79' lang='lat' dir='ltr'><strong>udaei,</strong></span> <span class='ocrx_word' id='word_1_489' title='bbox 2728 3644 3018 3723; x_wconf 88' lang='lat' dir='ltr'><strong>tempore</strong></span> <span class='ocrx_word' id='word_1_490' title='bbox 3032 3639 3224 3722; x_wconf 87' lang='lat' dir='ltr'><strong>legis,</strong></span> <span class='ocrx_word' id='word_1_491' title='bbox 3245 3639 3576 3705; x_wconf 86' lang='lat' dir='ltr'><strong>crederent</strong></span> <span class='ocrx_word' id='word_1_492' title='bbox 3593 3639 3757 3705; x_wconf 89' lang='lat' dir='ltr'><strong>illud</strong></span> <span class='ocrx_word' id='word_1_493' title='bbox 3770 3659 3905 3706; x_wconf 84' lang='lat' dir='ltr'><strong>esse</strong></span> 
     </span>
     <span class='ocr_line' id='line_1_77' title="bbox 2351 3746 3905 3830; baseline 0 -17"><span class='ocrx_word' id='word_1_494' title='bbox 2351 3748 2595 3814; x_wconf 86' lang='lat' dir='ltr'><strong>dictum</strong></span> <span class='ocrx_word' id='word_1_495' title='bbox 2624 3750 2701 3828; x_wconf 90' lang='lat' dir='ltr'><strong>(c)</strong></span> <span class='ocrx_word' id='word_1_496' title='bbox 2730 3747 3010 3830; x_wconf 76' lang='lat' dir='ltr'><strong>antiquis</strong></span> <span class='ocrx_word' id='word_1_497' title='bbox 3030 3748 3056 3784; x_wconf 74' lang='lat'>⁸</span> <span class='ocrx_word' id='word_1_498' title='bbox 3085 3768 3101 3811; x_wconf 78' lang='lat' dir='ltr'><strong>t</strong></span> <span class='ocrx_word' id='word_1_499' title='bbox 3130 3747 3277 3815; x_wconf 75' lang='lat' dir='ltr'><strong>Non</strong></span> <span class='ocrx_word' id='word_1_500' title='bbox 3302 3746 3728 3826; x_wconf 75' lang='lat' dir='ltr'><strong>moechabert‘s,</strong></span> <span class='ocrx_word' id='word_1_501' title='bbox 3756 3752 3905 3813; x_wconf 72' lang='lat' dir='ltr'><strong>tnn-</strong></span> 
     </span>
     <span class='ocr_line' id='line_1_78' title="bbox 2355 3853 3908 3938; baseline -0.001 -16"><span class='ocrx_word' id='word_1_502' title='bbox 2355 3859 2497 3922; x_wconf 76' lang='lat' dir='ltr'><strong>tum</strong></span> <span class='ocrx_word' id='word_1_503' title='bbox 2524 3854 2603 3920; x_wconf 96' lang='lat' dir='ltr'><strong>de</strong></span> <span class='ocrx_word' id='word_1_504' title='bbox 2630 3855 2915 3920; x_wconf 79' lang='lat' dir='ltr'><strong>castitate</strong></span> <span class='ocrx_word' id='word_1_505' title='bbox 2956 3854 3188 3919; x_wconf 87' lang='lat' dir='ltr'><strong>carnis.</strong></span> <span class='ocrx_word' id='word_1_506' title='bbox 3232 3853 3355 3919; x_wconf 90' lang='lat' dir='ltr'><strong>Sed</strong></span> <span class='ocrx_word' id='word_1_507' title='bbox 3394 3856 3588 3934; x_wconf 88' lang='lat' dir='ltr'><strong>Deus,</strong></span> <span class='ocrx_word' id='word_1_508' title='bbox 3632 3855 3713 3920; x_wconf 81' lang='lat' dir='ltr'><strong>ad</strong></span> <span class='ocrx_word' id='word_1_509' title='bbox 3748 3856 3908 3938; x_wconf 82' lang='lat' dir='ltr'><strong>legis</strong></span> 
     </span>
     <span class='ocr_line' id='line_1_79' title="bbox 2354 3959 3907 4047; baseline 0.001 -20"><span class='ocrx_word' id='word_1_510' title='bbox 2354 3963 2819 4047; x_wconf 86' lang='lat' dir='ltr'><strong>impletionem,</strong></span> <span class='ocrx_word' id='word_1_511' title='bbox 2866 3961 3107 4027; x_wconf 88' lang='lat' dir='ltr'><strong>addidit</strong></span> <span class='ocrx_word' id='word_1_512' title='bbox 3143 3979 3276 4025; x_wconf 88' lang='lat' dir='ltr'><strong>non</strong></span> <span class='ocrx_word' id='word_1_513' title='bbox 3315 3959 3525 4026; x_wconf 88' lang='lat' dir='ltr'><strong>solum</strong></span> <span class='ocrx_word' id='word_1_514' title='bbox 3558 3963 3907 4028; x_wconf 81' lang='lat' dir='ltr'><strong>castitatem</strong></span> 
     </span>
     <span class='ocr_line' id='line_1_80' title="bbox 2355 4069 3907 4153; baseline 0.001 -18"><span class='ocrx_word' id='word_1_515' title='bbox 2355 4089 2495 4135; x_wconf 84' lang='lat' dir='ltr'><strong>esse</strong></span> <span class='ocrx_word' id='word_1_516' title='bbox 2546 4070 2930 4137; x_wconf 84' lang='lat' dir='ltr'><strong>servandam</strong></span> <span class='ocrx_word' id='word_1_517' title='bbox 2980 4069 3052 4134; x_wconf 88' lang='lat' dir='ltr'><strong>iu</strong></span> <span class='ocrx_word' id='word_1_518' title='bbox 3092 4087 3285 4134; x_wconf 88' lang='lat' dir='ltr'><strong>carne</strong></span> <span class='ocrx_word' id='word_1_519' title='bbox 3332 4074 3398 4135; x_wconf 91' lang='lat' dir='ltr'><strong>et</strong></span> <span class='ocrx_word' id='word_1_520' title='bbox 3457 4083 3744 4153; x_wconf 85' lang='lat' dir='ltr'><strong>corpore,</strong></span> <span class='ocrx_word' id='word_1_521' title='bbox 3796 4070 3907 4136; x_wconf 81' lang='lat' dir='ltr'><strong>sed</strong></span> 
     </span>
     <span class='ocr_line' id='line_1_81' title="bbox 2355 4177 3903 4260; baseline 0 -18"><span class='ocrx_word' id='word_1_522' title='bbox 2355 4178 2548 4242; x_wconf 89' lang='lat' dir='ltr'><strong>etiam</strong></span> <span class='ocrx_word' id='word_1_523' title='bbox 2564 4178 2951 4260; x_wconf 83' lang='lat' dir='ltr'><strong>cogitatione</strong></span> <span class='ocrx_word' id='word_1_524' title='bbox 2968 4182 3033 4241; x_wconf 92' lang='lat' dir='ltr'><strong>et</strong></span> <span class='ocrx_word' id='word_1_525' title='bbox 3051 4177 3321 4256; x_wconf 76' lang='lat' dir='ltr'><strong>visione,</strong></span> <span class='ocrx_word' id='word_1_526' title='bbox 3341 4194 3493 4241; x_wconf 88' lang='lat' dir='ltr'><strong>cum</strong></span> <span class='ocrx_word' id='word_1_527' title='bbox 3507 4177 3903 4259; x_wconf 44' lang='lat' dir='ltr'><strong>subjunxit&amp;</strong></span> 
     </span>
     <span class='ocr_line' id='line_1_82' title="bbox 2364 4283 3907 4366; baseline 0.001 -19"><span class='ocrx_word' id='word_1_528' title='bbox 2364 4308 2397 4347; x_wconf 74' lang='grc' dir='ltr'>ι</span> <span class='ocrx_word' id='word_1_529' title='bbox 2426 4283 2570 4366; x_wconf 86' lang='lat' dir='ltr'><strong>Ego</strong></span> <span class='ocrx_word' id='word_1_530' title='bbox 2595 4289 2813 4350; x_wconf 85' lang='lat' dir='ltr'><strong>autem</strong></span> <span class='ocrx_word' id='word_1_531' title='bbox 2841 4284 2983 4349; x_wconf 85' lang='lat' dir='ltr'><strong>dico</strong></span> <span class='ocrx_word' id='word_1_532' title='bbox 3011 4283 3192 4351; x_wconf 85' lang='lat' dir='ltr'><strong>vobis</strong></span> <span class='ocrx_word' id='word_1_533' title='bbox 3225 4305 3241 4349; x_wconf 72' lang='grc' dir='ltr'>ε</span> <span class='ocrx_word' id='word_1_534' title='bbox 3275 4284 3485 4348; x_wconf 81' lang='lat' dir='ltr'><strong>omnis</strong></span> <span class='ocrx_word' id='word_1_535' title='bbox 3518 4283 3637 4366; x_wconf 87' lang='lat' dir='ltr'><strong>qui</strong></span> <span class='ocrx_word' id='word_1_536' title='bbox 3673 4283 3907 4350; x_wconf 81' lang='lat' dir='ltr'><strong>viderit</strong></span> 
     </span>
     <span class='ocr_line' id='line_1_83' title="bbox 2357 4390 3907 4474; baseline -0.001 -17"><span class='ocrx_word' id='word_1_537' title='bbox 2357 4392 2695 4458; x_wconf 88' lang='lat' dir='ltr'><strong>mulierem</strong></span> <span class='ocrx_word' id='word_1_538' title='bbox 2713 4390 2795 4457; x_wconf 88' lang='lat' dir='ltr'><strong>ad</strong></span> <span class='ocrx_word' id='word_1_539' title='bbox 2814 4390 3387 4474; x_wconf 87' lang='lat' dir='ltr'><strong>concupiscendum</strong></span> <span class='ocrx_word' id='word_1_540' title='bbox 3408 4407 3577 4471; x_wconf 88' lang='lat' dir='ltr'><strong>eam,</strong></span> <span class='ocrx_word' id='word_1_541' title='bbox 3589 4392 3732 4473; x_wconf 83' lang='lat' dir='ltr'><strong>jam</strong></span> <span class='ocrx_word' id='word_1_542' title='bbox 3754 4409 3907 4456; x_wconf 81' lang='lat' dir='ltr'><strong>moe-</strong></span> 
     </span>
     <span class='ocr_line' id='line_1_84' title="bbox 2358 4496 3416 4566; baseline -0.009 0"><span class='ocrx_word' id='word_1_543' title='bbox 2358 4500 2585 4566; x_wconf 82' lang='lat' dir='ltr'><strong>chatus</strong></span> <span class='ocrx_word' id='word_1_544' title='bbox 2608 4503 2704 4563; x_wconf 89' lang='lat' dir='ltr'><strong>est</strong></span> <span class='ocrx_word' id='word_1_545' title='bbox 2728 4515 2873 4563; x_wconf 87' lang='lat' dir='ltr'><strong>eam</strong></span> <span class='ocrx_word' id='word_1_546' title='bbox 2906 4497 2976 4561; x_wconf 91' lang='lat' dir='ltr'><strong>in</strong></span> <span class='ocrx_word' id='word_1_547' title='bbox 2998 4496 3188 4561; x_wconf 88' lang='lat' dir='ltr'><strong>corde</strong></span> <span class='ocrx_word' id='word_1_548' title='bbox 3211 4514 3351 4562; x_wconf 87' lang='lat' dir='ltr'><strong>suo.</strong></span> <span class='ocrx_word' id='word_1_549' title='bbox 3383 4517 3416 4556; x_wconf 72' lang='grc' dir='ltr'>ι</span> 
     </span>
    </p>

    <p class='ocr_par' dir='ltr' id='par_1_9' title="bbox 2437 4604 3910 4688">
     <span class='ocr_line' id='line_1_85' title="bbox 2437 4604 3910 4688; baseline -0.002 -16"><span class='ocrx_word' id='word_1_550' title='bbox 2437 4607 2649 4672; x_wconf 87' lang='lat' dir='ltr'><strong>Tertio</strong></span> <span class='ocrx_word' id='word_1_551' title='bbox 2679 4607 2748 4670; x_wconf 89' lang='lat' dir='ltr'><strong>in</strong></span> <span class='ocrx_word' id='word_1_552' title='bbox 2777 4605 2976 4671; x_wconf 81' lang='lat' dir='ltr'><strong>verbo</strong></span> <span class='ocrx_word' id='word_1_553' title='bbox 3002 4604 3326 4688; x_wconf 83' lang='lat' dir='ltr'><strong>proposito</strong></span> <span class='ocrx_word' id='word_1_554' title='bbox 3348 4608 3611 4669; x_wconf 84' lang='lat' dir='ltr'><strong>notatur</strong></span> <span class='ocrx_word' id='word_1_555' title='bbox 3641 4607 3910 4688; x_wconf 79' lang='lat' dir='ltr'><strong>perfecta</strong></span> 
     </span>
    </p>
   </div>
   <div class='ocr_carea' id='block_1_5' title="bbox 2357 4711 4026 4793">
    <p class='ocr_par' dir='ltr' id='par_1_10' title="bbox 2357 4711 4026 4793">
     <span class='ocr_line' id='line_1_86' title="bbox 2357 4711 4026 4793; baseline -0.002 -11"><span class='ocrx_word' id='word_1_556' title='bbox 2357 4718 2486 4782; x_wconf 85' lang='lat' dir='ltr'><strong>oris</strong></span> <span class='ocrx_word' id='word_1_557' title='bbox 2526 4713 2858 4793; x_wconf 68' lang='lat' dir='ltr'><strong>confessio,</strong></span> <span class='ocrx_word' id='word_1_558' title='bbox 2906 4731 3055 4778; x_wconf 84' lang='lat' dir='ltr'><strong>cum</strong></span> <span class='ocrx_word' id='word_1_559' title='bbox 3096 4711 3409 4776; x_wconf 77' lang='lat' dir='ltr'><strong>subinfert</strong></span> <span class='ocrx_word' id='word_1_560' title='bbox 3450 4730 3468 4776; x_wconf 77' lang='lat' dir='ltr'>z</span> <span class='ocrx_word' id='word_1_561' title='bbox 3514 4711 3910 4793; x_wconf 66' lang='lat' dir='ltr'><strong>Loqmbatur</strong></span> <span class='ocrx_word' id='word_1_562' title='bbox 4020 4773 4026 4778; x_wconf 80' lang='grc'>,</span> 
     </span>
    </p>
   </div>
   <div class='ocr_carea' id='block_1_6' title="bbox 2355 4819 3908 5339">
    <p class='ocr_par' dir='ltr' id='par_1_11' title="bbox 2355 4819 3908 5339">
     <span class='ocr_line' id='line_1_87' title="bbox 2355 4819 3904 4904; baseline -0.003 -13"><span class='ocrx_word' id='word_1_563' title='bbox 2355 4828 2545 4891; x_wconf 61' lang='lat' dir='ltr'><strong>recte.</strong></span> <span class='ocrx_word' id='word_1_564' title='bbox 2576 4821 2689 4888; x_wconf 90' lang='lat' dir='ltr'><strong>Ille</strong></span> <span class='ocrx_word' id='word_1_565' title='bbox 2712 4820 2999 4904; x_wconf 90' lang='lat' dir='ltr'><strong>loquitur</strong></span> <span class='ocrx_word' id='word_1_566' title='bbox 3039 4819 3383 4902; x_wconf 77' lang='lat' dir='ltr'><strong>perfectam</strong></span> <span class='ocrx_word' id='word_1_567' title='bbox 3423 4821 3904 4904; x_wconf 57' lang='lat' dir='ltr'><strong>contessionem,</strong></span> 
     </span>
     <span class='ocr_line' id='line_1_88' title="bbox 2356 4926 3908 5016; baseline -0.003 -20"><span class='ocrx_word' id='word_1_568' title='bbox 2356 4932 2472 5016; x_wconf 83' lang='lat' dir='ltr'><strong>qui</strong></span> <span class='ocrx_word' id='word_1_569' title='bbox 2512 4930 2797 5013; x_wconf 83' lang='lat' dir='ltr'><strong>loquitur</strong></span> <span class='ocrx_word' id='word_1_570' title='bbox 2833 4928 3044 5012; x_wconf 89' lang='lat' dir='ltr'><strong>primo</strong></span> <span class='ocrx_word' id='word_1_571' title='bbox 3081 4926 3433 5007; x_wconf 88' lang='lat' dir='ltr'><strong>humiliter,</strong></span> <span class='ocrx_word' id='word_1_572' title='bbox 3486 4945 3638 4992; x_wconf 90' lang='lat' dir='ltr'><strong>cum</strong></span> <span class='ocrx_word' id='word_1_573' title='bbox 3677 4945 3908 5010; x_wconf 87' lang='lat' dir='ltr'><strong>oppro-</strong></span> 
     </span>
     <span class='ocr_line' id='line_1_89' title="bbox 2358 5033 3907 5118; baseline -0.003 -14"><span class='ocrx_word' id='word_1_574' title='bbox 2358 5038 2500 5104; x_wconf 86' lang='lat' dir='ltr'><strong>brio</strong></span> <span class='ocrx_word' id='word_1_575' title='bbox 2538 5033 2882 5101; x_wconf 85' lang='lat' dir='ltr'><strong>accusandi</strong></span> <span class='ocrx_word' id='word_1_576' title='bbox 2915 5033 3241 5116; x_wconf 85' lang='lat' dir='ltr'><strong>seipsum;</strong></span> <span class='ocrx_word' id='word_1_577' title='bbox 3289 5033 3571 5099; x_wconf 88' lang='lat' dir='ltr'><strong>secundo</strong></span> <span class='ocrx_word' id='word_1_578' title='bbox 3616 5034 3907 5118; x_wconf 86' lang='lat' dir='ltr'><strong>loquitur</strong></span> 
     </span>
     <span class='ocr_line' id='line_1_90' title="bbox 2358 5141 3895 5226; baseline -0.001 -14"><span class='ocrx_word' id='word_1_579' title='bbox 2358 5147 2621 5226; x_wconf 77' lang='lat' dir='ltr'><strong>utiliter,</strong></span> <span class='ocrx_word' id='word_1_580' title='bbox 2650 5162 2799 5210; x_wconf 86' lang='lat' dir='ltr'><strong>cnm</strong></span> <span class='ocrx_word' id='word_1_581' title='bbox 2819 5141 3144 5226; x_wconf 88' lang='lat' dir='ltr'><strong>proposito</strong></span> <span class='ocrx_word' id='word_1_582' title='bbox 3159 5142 3537 5208; x_wconf 82' lang='lat' dir='ltr'><strong>emendandi</strong></span> <span class='ocrx_word' id='word_1_583' title='bbox 3554 5143 3895 5223; x_wconf 67' lang='lat' dir='ltr'><strong>desectum</strong></span> 
     </span>
     <span class='ocr_line' id='line_1_91' title="bbox 2360 5249 3906 5339; baseline -0.004 -17"><span class='ocrx_word' id='word_1_584' title='bbox 2360 5257 2547 5322; x_wconf 89' lang='lat' dir='ltr'><strong>tertio</strong></span> <span class='ocrx_word' id='word_1_585' title='bbox 2576 5252 3100 5339; x_wconf 84' lang='lat' dir='ltr'><strong>lacrymabiliter,</strong></span> <span class='ocrx_word' id='word_1_586' title='bbox 3119 5269 3271 5317; x_wconf 91' lang='lat' dir='ltr'><strong>cum</strong></span> <span class='ocrx_word' id='word_1_587' title='bbox 3289 5250 3601 5316; x_wconf 85' lang='lat' dir='ltr'><strong>desiderio</strong></span> <span class='ocrx_word' id='word_1_588' title='bbox 3618 5249 3906 5334; x_wconf 82' lang='lat' dir='ltr'><strong>placandi</strong></span> 
     </span>
    </p>
   </div>
   <div class='ocr_carea' id='block_1_7' title="bbox 2365 5380 3905 5558">
    <p class='ocr_par' dir='ltr' id='par_1_12' title="bbox 2365 5380 3905 5558">
     <span class='ocr_line' id='line_1_92' title="bbox 2430 5380 3905 5482; baseline -0.003 -13"><span class='ocrx_word' id='word_1_589' title='bbox 2430 5421 2500 5482; x_wconf 78' lang='lat' dir='ltr'><strong>(a)</strong></span> <span class='ocrx_word' id='word_1_590' title='bbox 2531 5418 2659 5470; x_wconf 70' lang='lat' dir='ltr'><strong>coe.</strong></span> <span class='ocrx_word' id='word_1_591' title='bbox 2691 5380 2813 5468; x_wconf 62' lang='lat' dir='ltr'><strong>edit.</strong></span> <span class='ocrx_word' id='word_1_592' title='bbox 2848 5416 2917 5467; x_wconf 66' lang='lat' dir='ltr'><strong>aa</strong></span> <span class='ocrx_word' id='word_1_593' title='bbox 2942 5429 3022 5467; x_wconf 69' lang='grc' dir='ltr'><strong>ω.</strong></span> <span class='ocrx_word' id='word_1_594' title='bbox 3050 5441 3114 5454; x_wconf 92' lang='grc'><strong>-</strong></span> <span class='ocrx_word' id='word_1_595' title='bbox 3150 5415 3221 5478; x_wconf 78' lang='lat' dir='ltr'><strong>(b)</strong></span> <span class='ocrx_word' id='word_1_596' title='bbox 3261 5415 3413 5467; x_wconf 68' lang='lat' dir='ltr'><strong>roo-u</strong></span> <span class='ocrx_word' id='word_1_597' title='bbox 3438 5413 3539 5481; x_wconf 50' lang='grc' dir='ltr'><strong>ὡς.</strong></span> <span class='ocrx_word' id='word_1_598' title='bbox 3575 5414 3905 5481; x_wconf 62' lang='lat' dir='ltr'><strong>pumma..</strong></span> 
     </span>
     <span class='ocr_line' id='line_1_93' title="bbox 2365 5487 3215 5558; baseline -0.001 -18"><span class='ocrx_word' id='word_1_599' title='bbox 2365 5516 2426 5530; x_wconf 93' lang='lat'>—</span> <span class='ocrx_word' id='word_1_600' title='bbox 2458 5492 2517 5558; x_wconf 69' lang='lat' dir='ltr'><strong>(c)</strong></span> <span class='ocrx_word' id='word_1_601' title='bbox 2553 5488 2673 5543; x_wconf 74' lang='lat' dir='ltr'><strong>cat.</strong></span> <span class='ocrx_word' id='word_1_602' title='bbox 2705 5488 2835 5543; x_wconf 69' lang='lat' dir='ltr'><strong>edu.</strong></span> <span class='ocrx_word' id='word_1_603' title='bbox 2859 5488 3104 5555; x_wconf 66' lang='grc' dir='ltr'><strong>Μία.</strong></span> <span class='ocrx_word' id='word_1_604' title='bbox 3128 5487 3215 5540; x_wconf 79' lang='lat' dir='ltr'><strong>ab.</strong></span> 
     </span>
    </p>
   </div>
  </div>
 </body>
</html>
