4059 6317
803 470 923 537 ⁴66
1896 467 2316 537 SERMONES
2364 466 2459 533 DE
2501 464 2895 535 TEMPORE.

805 606 1020 685 nibus,
1050 622 1168 688 pro
1194 623 1309 671 sex
1336 606 1638 689 operibus
1653 606 2107 672 misericordiae
2141 604 2337 669 omis-

803 715 913 793 sis,
943 718 1006 778 et
1030 714 1346 779 sententia
1373 714 1798 779 damnationis
1812 714 2148 779 feriuntur.
2183 711 2341 776 Item

802 820 1020 885 multis
1047 820 1253 903 plagis
1277 822 1346 885 in
1367 822 1617 889 interno
1643 841 1684 886 a
1709 821 2109 888 daemonibus
2130 840 2147 897 ;
2172 817 2343 883 unde

800 929 910 994 hic
941 930 1171 996 dicitur
1199 933 1217 967 ¹
1254 953 1269 996 ε
1310 955 1341 993 α
1385 932 1604 1016 Plagis
1654 932 1980 1016 vapulabit
2027 929 2269 995 multis.
2300 949 2331 988 n

801 1036 869 1101 Si
902 1057 1200 1121 pensares
1224 1038 1449 1123 plagas
1476 1044 1768 1118 aeternas,
1797 1039 2021 1105 leviter
2050 1055 2166 1122 pro
2192 1054 2339 1119 pec-

799 1145 953 1209 catis
971 1146 1169 1211 ferres
1197 1147 1425 1229 plagas
1451 1148 1863 1212 transitorias.
1899 1146 2249 1228 Gregorius
2270 1146 2333 1208 ⁸:

807 1275 838 1312 α
866 1251 1126 1318 Intende
1151 1255 1371 1320 animo
1392 1273 1830 1339 quascumque
1847 1255 2066 1320 saeculi
2093 1272 2333 1337 poenas,

800 1379 1235 1444 quoscumque
1289 1367 1753 1429 tormentorum
1806 1362 2055 1430 dolores
2073 1410 2094 1441 ,
2153 1380 2338 1445 quas-

799 1485 1074 1552 cumque
1098 1470 1390 1535 dolorum
1425 1472 1830 1550 acerbitates3
1881 1488 2182 1554 compara
2211 1470 2337 1533 hoc

798 1580 1006 1641 totum
1033 1576 1350 1659 gehennae
1370 1627 1389 1659 ,
1441 1583 1504 1643 et
1543 1577 1686 1643 leve
1732 1580 1854 1645 erit
1893 1597 2115 1654 omne,
2164 1576 2337 1660 quod

797 1685 1051 1767 pateriS.
1085 1706 1115 1744 n

877 1791 964 1857 De
977 1792 1256 1858 secundo
1269 1791 1501 1857 dicitur
1515 1792 1621 1856 hic
1646 1811 1663 1856 ε
1687 1794 1886 1860 Serve
1901 1809 2198 1875 nequam,
2211 1798 2331 1859 etc.

799 1898 954 1964 Ecce
981 1904 1149 1984 patet
1170 1917 1368 1982 quam
1391 1899 1819 1981 periculosum
1836 1901 1920 1964 sit
1933 1900 2102 1965 nolle
2119 1900 2337 1982 ignos-

797 2025 939 2072 cere
973 2007 1289 2091 proximo.
1340 2005 1461 2071 Per
1504 2007 1626 2071 hoc
1666 2007 1841 2072 enim
1883 2008 2184 2090 gehenna
2230 2027 2332 2073 ac·

796 2115 1096 2198 quiritur,
1126 2114 1288 2179 sicut
1313 2113 1419 2178 hic
1450 2118 1636 2196 patet.
1683 2113 1838 2179 Item
1876 2115 2086 2196 gratia
2125 2115 2334 2200 impe-

794 2223 1003 2301 ditur3
1034 2223 1206 2287 unde
1231 2224 1298 2284 ⁸:
1337 2244 1369 2283 α
1397 2221 1464 2287 Sl
1490 2222 1682 2285 offers
1733 2240 1976 2287 munus
2020 2227 2209 2288 tuum
2256 2224 2335 2288 ad

793 2330 1014 2410 altare,
1035 2336 1067 2389 i>
1089 2334 1207 2395 etc.
1240 2328 1458 2394 Glossa
1484 2351 1500 2391 ε
1532 2351 1563 2389 α
1584 2327 1770 2393 Prius
1789 2329 2161 2394 charitatem
2187 2349 2331 2413 pro·

793 2439 973 2502 ximo
995 2436 1274 2516 exolvat,
1306 2436 1421 2520 qui
1445 2453 1687 2500 munus
1711 2454 1907 2500 suum
1934 2435 2064 2501 Deo
2086 2438 2335 2520 placere

792 2550 987 2629 optat.
1026 2566 1057 2604 n
1098 2543 1288 2609 Vides
1323 2561 1483 2626 ergo
1525 2543 1698 2627 quod
1747 2562 2018 2609 munera
2063 2562 2331 2628 operum

790 2658 1051 2718 tuorum
1080 2671 1210 2717 non
1237 2658 1389 2717 sunt
1414 2651 1825 2735 acceptabilia
1850 2652 1995 2730 Deo,
2022 2653 2334 2735 quamdiu

791 2779 922 2825 non
976 2760 1400 2825 reconciliaris
1462 2759 1782 2841 proximo.
1838 2758 1998 2824 Item
2057 2759 2331 2825 Ecclesia

790 2869 1120 2949 scinditur,
1161 2886 1308 2952 quae
1355 2871 1452 2932 est
1482 2868 1699 2932 tunica
1745 2866 1998 2931 Domini
2040 2867 2334 2933 inconsu-

791 2977 941 3040 tilis.
973 2975 1150 3041 Unde
1195 2975 1515 3040 rancorosi
1564 2977 1811 3056 pejores
1854 2974 2157 3039 videntur
2183 2992 2334 3038 cru-

791 3083 1192 3162 citimi-ibus,
1238 3083 1352 3165 qui
1380 3082 1729 3147 dixerunt*
1764 3099 1781 3143 ι
1830 3105 1861 3141 «
1894 3080 2037 3146 Non
2082 3081 2327 3145 scinda-

793 3209 938 3254 mus
964 3208 1132 3267 eam,
1165 3211 1196 3249 »
1229 3193 1350 3254 etc.
1381 3188 1588 3253 Immo
1612 3206 1745 3252 non
1778 3188 1987 3253 solum
2013 3189 2322 3267 tunicam,

789 3297 900 3363 sed
954 3298 1147 3362 etiam
1213 3297 1504 3361 membra
1556 3296 1837 3379 corporis
1882 3295 2113 3360 Christi
2161 3295 2331 3360 sciu-

786 3404 979 3482 dunt3
1011 3405 1182 3487 quod
1210 3404 1618 3468 crucifixores
1642 3420 1775 3468 non
1800 3402 2111 3468 fecerunt.
2143 3400 2332 3469 Vides

786 3528 949 3593 ergo
978 3530 1172 3595 quam
1207 3511 1633 3595 periculosum
1672 3510 1753 3575 sit
1783 3511 2001 3577 odium
2031 3512 2327 3576 fratrum.

788 3618 965 3685 Unde
1012 3618 1290 3685 Isidorus
1315 3622 1337 3657 ⁸
1370 3643 1386 3684 ι
1442 3640 1472 3680 α
1500 3619 1731 3685 Odium
1772 3639 1810 3684 a
1839 3638 2052 3711 rregno
2090 3619 2199 3685 Dei
2227 3640 2327 3686 se—

782 3730 986 3813 parat,
1016 3746 1058 3791 a
1077 3728 1237 3793 coelo
1264 3727 1615 3793 substrahit
1635 3775 1657 3807 ,
1685 3745 1727 3791 a
1749 3727 2040 3811 paradiso
2068 3728 2243 3808 ejicit
2268 3733 2329 3793 te

785 3832 850 3898 in
881 3835 1175 3903 tenebras
1199 3835 1569 3901 exteriores.
1598 3856 1630 3896 ι

869 3941 954 4007 De
987 3942 1173 4007 tertio
1199 3942 1221 3977 ⁶
1253 3964 1268 4007 ε
1312 3965 1342 4003 α
1372 3940 1570 4006 Serve
1615 3940 1781 4006 male
1809 3945 1873 4005 et
1900 3940 2084 4024 piger
2102 3989 2122 4021 ,
2167 3942 2328 4009 scie-

783 4050 898 4113 bas
942 4049 1093 4133 quia
1134 4054 1303 4115 meto
1325 4097 1344 4128 ‚
1400 4050 1512 4114 ubi
1564 4068 1695 4113 non
1738 4049 2007 4128 semino,
2059 4070 2090 4108 n
2125 4068 2329 4132 usque

786 4156 873 4223 ibi
901 4178 915 4219 :
958 4178 992 4221 (ι
1023 4157 1092 4219 in
1122 4155 1415 4221 tenebras
1457 4155 1825 4222 exteriores,
1854 4177 1885 4215 υ
1921 4154 2057 4220 Hoc
2097 4156 2330 4221 dicitur

785 4264 863 4329 de
889 4282 1098 4344 servo,
1127 4265 1418 4347 quicum
1458 4262 1727 4347 pecunia
1762 4261 2007 4327 domini
2034 4263 2137 4327 sui
2163 4263 2326 4329 nihil

783 4370 1070 4443 lucratus
1112 4375 1230 4437 est.
1260 4370 1418 4435 Ecce
1443 4388 1641 4453 quam
1682 4369 2111 4451 periculosum
2140 4369 2222 4434 sit
2245 4370 2325 4435 de

786 4478 970 4543 bonis
996 4497 1036 4543 a
1064 4478 1190 4545 Deo
1216 4479 1522 4562 acceptiS,
1560 4477 1850 4542 videlicet
1876 4476 1954 4541 de
1981 4477 2212 4559 gratia,
2243 4478 2322 4542 de

783 4585 1066 4664 scientia,
1097 4584 1178 4651 de
1206 4585 1508 4667 potentia,
1539 4584 1617 4649 de
1644 4588 1931 4666 tempore
1952 4631 1970 4661 ,
1999 4585 2320 4649 bonorum

782 4711 1051 4775 operum
1086 4691 1269 4756 lucra
1301 4711 1431 4756 non
1471 4709 1736 4773 augere.
1770 4690 2120 4755 Damnatur
2147 4692 2320 4756 enim

779 4801 891 4884 qui
922 4818 1055 4865 non
1083 4800 1231 4865 facit
1257 4800 1538 4867 fructum
1565 4799 1644 4863 de
1671 4799 1876 4863 tribus
1899 4797 2107 4877 bonis,
2137 4798 2315 4864 vide-

776 4908 922 4973 licet
951 4912 1009 4975 1.
1048 4908 1128 4973 de
1162 4907 1349 4971 bonis
1384 4905 1847 4989 spiritualibus,
1878 4906 2051 4989 quod
2077 4906 2184 4971 hie
2205 4925 2320 4989 per

777 5017 1111 5101 pecuniam
1142 5015 1566 5098 significatur.
1613 5013 1771 5080 ltem
1799 5019 1860 5079 2.
1900 5014 1980 5079 de
2004 5014 2314 5080 naturali·

843 5182 857 5214 ¹
897 5180 1039 5241 Luc„
1075 5190 1185 5243 xn,
1215 5180 1292 5228 Π.
1317 5203 1381 5215 --
1421 5177 1442 5211 ²
1484 5178 1720 5241 Gregor.,
1757 5174 1966 5235 Moral„
2000 5174 2093 5226 lib.
2133 5175 2316 5237 xxm,

775 5263 822 5301 c.
853 5261 973 5312 ιιι,
1003 5263 1057 5300 n.
1086 5252 1177 5311 36,
1211 5247 1380 5313 quoad
1416 5260 1645 5298 sensum.
1674 5273 1738 5285 -
1761 5246 1785 5281 ⁸
1820 5246 2025 5310 Manli„
2063 5258 2113 5307 v,
2142 5248 2223 5296 28.
2254 5273 2319 5284 -

773 5325 797 5356 ὁ
819 5322 987 5385 loen„
1013 5333 1124 5386 nx,
1148 5323 1225 5371 24.
1249 5346 1314 5359 —-
1338 5320 1360 5354 ⁸
1392 5319 1512 5371 isid.
1532 5345 1596 5358 -
1623 5321 1643 5349 ⁸
1674 5317 1883 5380 Manli„
1909 5329 2040 5381 xxv,
2066 5319 2231 5367 26-30.
2255 5340 2317 5356 —-

775 5393 792 5423 ⁷
821 5392 966 5457 thid„
998 5404 1083 5455 ιιι,
1119 5395 1198 5445 1⁰.
1233 5417 1296 5433 —·
1335 5392 1355 5423 ⁸
1388 5388 1591 5454 matth„
1633 5400 1760 5453 xxv,
1799 5391 1877 5440 42.
1907 5414 1972 5427 —
2014 5388 2039 5424 θ
2065 5392 2220 5453 Aug„
2254 5387 2315 5438 de

776 5463 929 5517 civit.
973 5464 1090 5526 Dei,
1132 5462 1223 5514 lib.
1272 5460 1359 5527 IV,
1403 5476 1448 5513 c.
1501 5473 1701 5523 xxxin,
1750 5459 1921 5524 quoad
1970 5473 2203 5511 sensum.
2251 5484 2315 5499 -

2453 603 2624 669 bus'
2657 628 2673 670 z
2712 629 2744 667 ι
2772 604 2994 671 Omnis
3029 606 3253 683 arbor,
3297 624 3445 690 quae
3483 626 3615 674 non
3650 610 3912 678 tauta-ue-

2452 713 2616 787 tum‚
2647 734 2677 773 n
2710 718 2830 777 etc.
2862 712 3070 778 Arbor
3090 713 3262 779 enim
3288 733 3374 778 ex
3399 719 3629 781 natura
3662 737 3765 782 sua
3791 720 3910 785 truc·

2453 823 2593 883 tum
2612 820 2780 900 facit,
2804 838 2937 886 non
2954 826 3170 884 tamen
3191 821 3330 887 sine
3357 822 3504 886 solis
3530 824 3835 904 beneficio;
3854 829 3913 892 sie

2450 926 2695 991 fructus
2721 929 3098 993 meritorum
3126 948 3209 993 ex
3234 929 3420 995 bonis
3440 933 3812 998 naturalibus
3825 955 3913 1000 nou

2449 1032 2586 1097 sine
2615 1033 2787 1099 dono
2830 1035 3057 1116 gratiae
3079 1036 3367 1102 facimus.
3416 1037 3579 1102 ltem
3622 1045 3679 1105 3.
3720 1041 3916 1107 detem—
4040 1064 4043 1107 ᾳ

2449 1140 2776 1221 poralibus
2801 1140 2825 1177 ⁸
2855 1165 2871 1206 :
2913 1166 2944 1203 ι
2971 1142 3252 1223 Esurivi‚
3280 1165 3312 1205 n
3343 1148 3465 1210 etc.
3502 1146 3665 1211 Male
3679 1167 3813 1230 ergo
3838 1169 3915 1213 sua
4042 1152 4043 1209 4

2448 1249 2824 1331 temporalia
2865 1256 3285 1333 acceperunt,
3318 1255 3431 1335 qui
3469 1272 3592 1337 pro
3630 1257 3916 1338 temporali·

2447 1353 2570 1419 bus
2620 1355 2912 1420 damnari
2971 1364 3367 1424 meruerunt.
3432 1359 3818 1443 Augustinus
3848 1364 3865 1397 ¹
3901 1385 3912 1423 :
4042 1422 4043 1433 ,

2456 1483 2488 1521 α
2513 1460 2626 1527 Dat
2654 1462 2820 1528 Deus
2846 1464 2968 1530 ista
2996 1467 3368 1549 temporalia
3392 1469 3770 1551 quibusdam
3804 1471 3918 1534 bona

2448 1586 2698 1648 eorum,
2731 1571 3081 1638 secundum
3111 1574 3515 1640 altitudinem
3563 1579 3630 1641 et
3672 1577 3918 1659 profundi·

2447 1679 2645 1741 tatem
2671 1679 3085 1745 consiliorum
3116 1699 3408 1748 suorum.
3438 1705 3468 1743 n
4042 1712 4043 1767 3

2526 1782 2988 1868 Dequarto¹⁹z
3026 1809 3059 1848 ι
3095 1786 3796 1857 Sidixeritmalusille
3830 1810 3918 1857 ser·
4042 1784 4043 1835 1

2446 1908 2570 1955 vus
2610 1891 2677 1956 in
2721 1894 2908 1959 corde
2952 1912 3070 1959 suo
3127 1917 3142 1959 ε
3184 1895 3429 1961 Moram
3481 1898 3637 1962 facit
3687 1897 3921 1965 Dominus
4042 1886 4043 1961 Ϊ

2444 2019 2633 2066 meus
2660 2004 2917 2083 venire;
2964 2012 3029 2070 et
3055 2007 3312 2089 eoeperit
3358 2013 3700 2091 percutoee
3736 2028 3920 2077 conser-
4042 2062 4043 2067 η

2445 2126 2562 2174 vos
2585 2127 2759 2186 suos,
2813 2113 3153 2178 manducet
3199 2117 3413 2180 autem
3434 2164 3453 2195 ,
3500 2121 3570 2181 et
3616 2117 3785 2182 bibat
3823 2137 3922 2182 cum

2444 2216 2715 2283 ebriosis
2776 2240 2791 2282 ε
2859 2223 3071 2286 veniet
3108 2221 3410 2288 dominus
3461 2225 3641 2291 servi
3687 2227 3835 2291 illius
3858 2227 3923 2290 die

2444 2323 2575 2403 illa,
2605 2344 2736 2407 qua
2760 2344 2891 2391 non
2919 2333 3160 2410 sperat,
3211 2335 3275 2394 et
3318 2330 3507 2411 hora,
3536 2351 3674 2415 qua
3706 2333 3923 2415 ignorat,

2442 2434 2507 2495 et
2530 2430 2768 2497 dividet
2793 2452 2944 2499 eum
2964 2483 2982 2514 ‚
3015 2441 3389 2521 partemque
3414 2440 3564 2520 ejus
3606 2458 3755 2505 cum
3777 2442 3927 2523 hypo-

2443 2539 2617 2603 critis
2652 2546 2864 2622 ponet.
2902 2564 2933 2603 »
2969 2541 3126 2609 Ecce
3172 2544 3328 2628 quia
3360 2564 3493 2611 non
3542 2548 3751 2612 solum
3773 2547 3925 2611 ebrio·

2443 2663 2588 2709 sum
2618 2664 2795 2727 esse,
2826 2650 2934 2714 oed
2961 2650 3155 2715 etiam
3194 2651 3525 2717 ebriorum
3567 2655 3807 2719 socium
3834 2673 3930 2718 esse

2442 2754 2875 2833 periculosum
2923 2761 3038 2822 est.
3080 2757 3417 2824 Psalmista
3456 2762 3501 2797 ¹¹
3548 2784 3564 2826 ε
3615 2785 3649 2822 ι
3674 2761 3817 2828 Cum
3838 2780 3932 2845 per·

2440 2877 2630 2925 verso
2664 2865 3068 2945 perverteris.
3086 2888 3118 2925 a
3168 2865 3448 2932 Darnalis
3474 2886 3641 2950 ergo
3669 2888 3868 2936 servus
3886 2871 3931 2932 in

2442 2974 2681 3048 morte,
2722 2970 2825 3035 vel
2848 2971 2918 3035 in
2951 2972 3197 3054 judicio
3230 2974 3591 3056 imparatus
3632 2978 3929 3044 invenitur.

2444 3073 2621 3141 Unde
2642 3076 2873 3143 dicitur
2905 3102 2920 3143 :
2962 3082 3043 3145 In
3061 3079 3169 3148 die
3190 3099 3323 3165 qua
3343 3098 3475 3151 non
3500 3088 3793 3168 sperat.¹¹
3817 3108 3845 3146 ι
3863 3083 3933 3149 Ἧ-
4042 3152 4043 3165 ,

2441 3184 2637 3265 gnate
2677 3185 2891 3269 itaque
2928 3188 3032 3271 (a),
3084 3190 3238 3273 quia
3274 3192 3530 3256 nescitis
3566 3194 3768 3271 diem,
3794 3217 3823 3253 ι»
3846 3198 3932 3257 ete.

2440 3289 2597 3357 Item
2619 3311 2658 3356 a
2683 3294 3003 3359 salvandis
3027 3296 3347 3363 dividetur
3376 3316 3394 3362 ε
3429 3298 3615 3366 Unde
3640 3304 3731 3366 ait
3758 3324 3772 3365 ε
3802 3302 3935 3367 Diti
4042 3376 4043 3387 χ

2438 3399 2547 3465 det
2574 3416 2716 3465 eum
2749 3423 2764 3465 :
2795 3407 2962 3466 certe
2988 3404 3099 3484 sic,
3131 3409 3197 3469 et
3221 3425 3262 3470 a
3284 3412 3488 3488 patre,
3514 3412 3581 3471 et
3612 3411 3875 3488 atrati-e,
3894 3414 3937 3471 et
4042 3398 4043 3463 ἒ

2436 3508 2518 3571 ab
2544 3507 2684 3573 aliis
2715 3510 3026 3592 proximis
3053 3511 3100 3553 ¹⁸
3126 3532 3188 3574 ια
3215 3511 3354 3595 Ipse
3379 3514 3548 3579 inter
3571 3516 3802 3583 fratres
3822 3515 3939 3581 divi-

2435 3613 2564 3679 det.
2590 3636 2620 3674 »
2658 3615 2815 3680 Item
2837 3618 3151 3682 damnatis
3167 3622 3645 3701 conjungetur3
3676 3624 3935 3689 undeait:

2435 3721 2808 3805 Parumque
2850 3722 2993 3805 ejus
3032 3742 3179 3791 cum
3220 3725 3581 3808 hypocritis
3633 3731 3713 3814 (b)
3755 3736 3937 3815 patet,

2434 3847 2587 3894 cum
2631 3830 2864 3913 quibus
2914 3849 3065 3914 pars
3119 3831 3228 3897 illa
3291 3833 3638 3901 habebitur
3657 3885 3679 3918 ‚
3736 3840 3813 3904 de
3847 3855 3940 3921 qm

2433 3934 2769 4002 Psalmista
2796 3943 2841 3980 ¹⁴
2872 3959 2933 4002 :c
2961 3937 3159 4021 Ignis,
3194 3941 3496 4023 sulphur,
3528 3944 3805 4026 spiritus
3826 3963 3937 4029 pro-

2433 4043 2759 4125 cellarum,
2789 4067 2821 4106 n
2856 4052 2975 4113 etc.

2975 4225 3265 4298 SERMO
3308 4229 3426 4299 111.

2514 4366 3003 4437 omnedebicum
3022 4369 3256 4438 dimisi
3276 4371 3403 4439 tibi
3424 4373 3493 4436 ¹¹.
3521 4373 3819 4442 Debitum
3842 4373 3943 4440 etil-

2428 4493 2552 4557 pae,
2579 4476 2866 4542 debitum
2880 4478 3198 4560 gehennae
3217 4480 3562 4547 dimittitur
3591 4482 3942 4551 condonanti

2427 4581 2788 4663 clementer,
2836 4585 3079 4650 amanti
3114 4587 3435 4653 ferventer
3454 4634 3478 4667 ,
3524 4595 3783 4674 roganti
3829 4590 3942 4656 dili·
4042 4600 4043 4609 ’

2429 4695 2677 4771 genter,
2712 4690 3004 4755 toleranti
3044 4694 3378 4774 patienter.

2507 4795 2596 4861 De
2624 4799 2832 4889 primo
2862 4798 2908 4840 ι’
2947 4821 3009 4864 :a
3036 4800 3362 4881 Dimittite,
3398 4808 3461 4868 et
3478 4805 3937 4875 dimittemini.»

2427 4903 2551 4969 Sed
2579 4909 2650 4970 tu
2688 4905 2787 4970 vis
2816 4907 2928 4971 tibi
2964 4907 3199 4972 dimitti
3239 4916 3497 4979 centum
3539 4915 3864 4993 marchas,
3894 4916 3943 4975 et

2425 5030 2556 5077 non
2589 5012 2688 5079 vis
2709 5012 2821 5078 alii
2846 5013 3167 5081 dimittere
3191 5034 3401 5087 unum
3420 5017 3786 5101 «tenuium,
3809 5020 3943 5087 sicut

2430 5211 2471 5246 ί·
2512 5211 2717 5275 Naum,
2760 5224 2921 5276 xxiv,
2970 5214 3140 5264 ’,Β-50.
3187 5240 3250 5252 -
3300 5216 3332 5250 ¹¹
3379 5214 3523 5267 Prae.
3576 5228 3725 5279 xvn,
3775 5220 3854 5268 27.
3892 5239 3941 5253 -

2428 5282 2469 5316 ¹²
2501 5284 2706 5347 Mutila..
2731 5295 2855 5348 xxv,
2885 5286 2962 5335 13.
2995 5310 3049 5321 —-
3084 5287 3121 5322 ⁸⁸
3150 5284 3279 5346 Oce„
3307 5297 3430 5349 1111,
3460 5289 3538 5338 15.
3566 5313 3635 5326 —
3664 5288 3705 5325 ¹⁸
3737 5288 3870 5340 Paul.
3896 5298 3941 5347 1,

2423 5355 2472 5402 7.
2494 5380 2553 5391 -
2581 5355 2624 5390 ¹⁸
2648 5356 2850 5419 Manli„
2881 5367 3039 5420 xvtlt,
3073 5360 3236 5407 32.·-
3261 5356 3306 5391 ¹⁸
3329 5357 3468 5420 Luc„
3503 5369 3581 5423 vt,
3615 5362 3692 5410 37.

2484 5462 2552 5527 (α)
2585 5462 2837 5515 euadit.
2868 5463 3142 5528 utique.—
3171 5461 3236 5529 (ὁ)
3265 5465 3394 5519 Item
3420 5465 3543 5530 ipso.
