4059 6317
722 497 801 557 16
1418 515 1425 520 ·
1812 481 2231 549 SERMONES
2275 480 2368 546 DE
2415 479 2810 547 TEMPORE.

719 624 874 690 latio
913 624 1140 690 intimo
1185 639 1300 705 per
1342 619 1731 686 remissionis
1785 617 2107 701 gratiam3
2150 618 2261 697 ju-

718 732 929 797 cundo
950 780 968 811 ,
1013 749 1128 813 per
1161 728 1416 794 virtutis
1455 725 1892 806 influentiam3
1944 726 2258 807 perfecte,

717 856 834 921 per
857 836 1209 901 devotionis
1232 834 1713 918 experientiam.
1740 832 1827 897 De
1846 831 2055 914 primo
2077 830 2264 894 habe-

716 949 823 1009 tur
842 947 861 981 ¹
887 967 902 1008 :
934 945 1386 1010 Fortissimum
1412 941 1720 1008 solatium
1745 939 2067 1016 habemus,
2096 937 2266 1019 quod

716 1052 1161 1134 confugiamus
1178 1049 1269 1116 ad
1288 1048 1629 1116 tenendam
1645 1047 2045 1130 propositam
2061 1060 2259 1126 spem,

715 1175 910 1242 quam
954 1160 1127 1225 sicut
1161 1157 1506 1224 anchoram
1540 1155 1838 1221 habemus
1884 1153 2121 1218 animoe
2156 1156 2260 1218 tu-

718 1271 849 1333 tam
865 1314 886 1345 ‚
918 1282 992 1332 ac
1027 1265 1286 1345 firmam
1309 1269 1367 1330 et
1391 1261 1791 1329 incedentem
1817 1275 2015 1342 usque
2040 1257 2129 1325 ad
2154 1261 2260 1324 in-

717 1377 952 1442 teriora
991 1375 1331 1441 velaminis
1347 1422 1366 1453 ,
1397 1372 1510 1438 ubi
1543 1384 1900 1452 praecursor
1925 1383 2044 1449 pro
2080 1365 2264 1433 nobis

718 1483 1021 1550 introivit
1045 1483 1224 1548 Jesus
1245 1478 1594 1546 secundum
1624 1476 1916 1544 ordinem
1935 1474 2260 1541 Melchise-

719 1588 872 1656 dech
910 1589 1212 1671 pontifex
1259 1588 1494 1667 factus.
1514 1597 1520 1602 “
1544 1584 1631 1649 De
1673 1583 1950 1649 secundo
1977 1585 2000 1619 ¹
2031 1601 2049 1646 ε
2097 1582 2265 1664 Roqo

719 1703 931 1764 autem
954 1712 1065 1762 vos
1083 1696 1343 1775 fratres,
1372 1699 1447 1760 ut
1470 1692 1801 1776 sufferatis
1826 1690 2083 1757 verbum
2106 1689 2268 1755 sola-

719 1806 825 1871 tii.
860 1804 1118 1869 Etenim
1141 1801 1487 1884 perpaucis
1505 1800 1738 1880 scripsi
1764 1798 1965 1864 vobis.
1994 1797 2266 1880 coquos-

717 1914 839 1978 cite
908 1912 1170 1991 fratrem
1223 1913 1504 1975 vestrum
1562 1904 1953 1973 Timotheum
2023 1903 2263 1971 dimis-

718 2033 862 2083 sum
894 2017 1002 2099 (a),
1033 2033 1177 2082 cum
1205 2032 1329 2098 quo
1360 2017 1423 2080 si
1448 2014 1706 2080 celerius
1735 2011 1815 2092 (b)
1846 2012 2124 2090 venerit,
2154 2027 2266 2078 vos

719 2124 962 2192 videbo.
1013 2123 1100 2187 De
1139 2123 1327 2186 tertio
1367 2126 1391 2162 ⁸
1437 2143 1452 2185 :
1506 2121 1580 2186 Si
1623 2136 1752 2202 qua
1800 2119 2147 2185 consolatio
2191 2120 2266 2184 in

723 2232 996 2311 Christo,
1022 2234 1085 2299 si
1109 2230 1280 2315 quod
1305 2229 1605 2296 solatium
1633 2228 2000 2304 charitatis,
2034 2227 2096 2291 si
2135 2242 2268 2308 qua

718 2342 984 2407 societas
1001 2340 1295 2422 spiritus,
1309 2339 1516 2418 siqua
1530 2338 1780 2402 viscera
1798 2336 2263 2414 miserationis,

720 2445 974 2530 implete
1011 2445 1326 2529 aaudium
1374 2461 1605 2524 meum,
1642 2450 1713 2509 ut
1750 2442 1922 2509 idem
1955 2443 2261 2524 sapiatis,

720 2555 1004 2623 eamdem
1016 2554 1387 2620 charitatem
1395 2551 1711 2622 habentes,
1725 2551 2084 2627 unanimes,
2098 2547 2268 2631 idip-

718 2680 863 2730 sum
889 2663 1259 2739 sentientes,
1292 2659 1468 2725 nihil
1504 2674 1613 2741 per
1638 2659 2123 2735 contentionem,
2155 2671 2265 2721 nec

717 2787 833 2854 per
851 2772 1107 2836 inanem
1131 2769 1439 2850 ylariani,-
1461 2765 1573 2832 sed
1591 2766 1667 2830 in
1680 2764 1753 2845 (c)
1778 2763 2144 2829 humilitate
2162 2777 2265 2827 su-

715 2878 996 2958 periores
1024 2877 1151 2942 sibi
1183 2875 1464 2940 invicem
1500 2871 1921 2950 arbitrantes,
1964 2886 2094 2935 non
2124 2886 2266 2953 quoe

722 3000 845 3049 sua
867 2989 1019 3050 sunt
1045 2981 1293 3064 sinquli
1322 2979 1418 3059 (d)
1444 2978 1944 3057 considerantes,
1975 2976 2091 3043 sed
2120 2992 2264 3058 quae

725 3067 1023 3155 alioruin.

802 3196 1143 3280 Sequitur:
1178 3195 1474 3278 Idipsum
1496 3210 1740 3276 sapere,
1771 3197 1891 3257 etc.
1932 3190 2047 3254 Ubi
2079 3189 2268 3254 infor·

724 3309 858 3370 mat
902 3304 983 3368 ad
1042 3301 1557 3386 prosequendum
1611 3298 2077 3364 restitutionem
2123 3295 2261 3360 zeli.

725 3414 844 3480 Det
869 3411 1069 3492 vobis,
1098 3410 1422 3475 sinceriter
1463 3406 1633 3491 quod
1660 3405 1805 3469 facit
1832 3403 2098 3485 religi03
2130 3421 2263 3467 me-

724 3520 1003 3599 dulliter,
1044 3519 1212 3602 quod
1259 3518 1402 3582 facit
1441 3515 1723 3592 devoti03
1779 3510 2257 3586 rationabiliter,

725 3628 894 3712 quod
920 3627 1069 3690 facit
1100 3624 1367 3689 humilis
1393 3622 1775 3687 exhortatio.
1820 3618 2081 3683 Sincera
2126 3618 2268 3682 reli-

729 3735 840 3816 gio
867 3733 1132 3798 mundat
1158 3731 1439 3795 animam
1470 3750 1509 3794 a
1550 3728 1829 3793 soeditate
1864 3725 2265 3807 cogitationis

725 3841 1110 3919 immundae3
1144 3837 1486 3904 medullata
1513 3835 1785 3913 devotio,
1826 3852 1865 3897 a
1899 3831 2264 3895 curiositate

726 3948 1150 4033 inquisitionis
1195 3963 1423 4023 vanae3
1465 3940 1858 4008 rationabilis
1882 3938 2260 4010 exhortatio,

727 4075 768 4120 a
807 4055 1172 4120 credulitate
1208 4050 1524 4135 opinionis
1568 4048 1765 4113 falsae.
1818 4046 1936 4110 Per
1982 4046 2264 4128 primum

725 4161 1092 4228 reducimur
1116 4160 1195 4225 ad
1222 4159 1433 4223 locum
1455 4154 1864 4239 speciositatis
1892 4157 1955 4217 et
1981 4152 2264 4236 pulchri-

725 4270 997 4346 tudinis;
1028 4285 1142 4350 per
1168 4263 1541 4341 secundum,
1573 4262 1649 4325 ad
1678 4263 1890 4326 locum
1926 4261 2256 4339 ubertatis,

724 4378 860 4443 sive
901 4371 1311 4458 pinguedinis
1322 4393 1340 4448 ;
1389 4388 1503 4452 per
1529 4369 1789 4432 tertium
1828 4367 1908 4432 ad
1934 4366 2144 4432 locum
2169 4386 2264 4432 se-

725 4482 1010 4549 curitatis
1035 4483 1098 4545 et
1141 4477 1544 4544 fortitudinis·
1577 4476 1663 4540 De
1694 4475 1906 4557 primo
1932 4474 2162 4539 dicitur
2188 4473 2211 4509 ⁸
2242 4495 2258 4537 ε

731 4592 888 4669 Quis
912 4589 1168 4671 sapiens
1199 4592 1260 4653 et
1285 4582 1600 4652 custodiet
1631 4581 1704 4663 (e)
1736 4581 1892 4661 haec,
1927 4587 1986 4649 et
2012 4582 2254 4649 intelli-

723 4705 823 4783 ρει
865 4693 1340 4764 misericordias
1386 4692 1667 4759 Domini.
1727 4690 1811 4753 De
1860 4690 2138 4755 secundo
2174 4696 2196 4730 ⁸
2242 4711 2257 4754 :

724 4809 959 4875 Beatus
982 4806 1110 4882 vir,
1152 4802 1369 4885 quiin
1410 4798 1741 4880 sapientia
1784 4796 2157 4874 morabitur,
2204 4802 2264 4863 et

725 4916 842 4998 qui
867 4913 1231 4996 injustitia
1254 4907 1691 4985 meditabitur,
1733 4910 1795 4971 et
1831 4906 1903 4971 in
1932 4921 2121 4971 sensu
2147 4921 2261 4972 suo

726 5022 1030 5106 coqitabit
1054 5016 1675 5099 circumpectionem
1697 5013 1834 5079 Dei.
1865 5012 1952 5078 De
1980 5014 2166 5078 tertio
2187 5014 2210 5050 ⁶
2235 5031 2253 5077 ε

726 5132 886 5197 Dico
912 5129 1085 5196 enim
1108 5142 1221 5209 per
1246 5125 1550 5208 qratiam,
1580 5138 1721 5205 φια-
1747 5120 1908 5188 data
1948 5127 2041 5188 est
2067 5120 2252 5200 mihi,

795 5258 811 5291 ¹
830 5253 1002 5315 Heln..
1019 5265 1093 5316 vt,
1116 5254 1342 5303 18-20.-
1361 5251 1384 5285 ¹
1404 5248 1579 5309 θεὸν..
1598 5260 1713 5310 1111,
1733 5250 1904 5299 22-23.
1920 5274 1974 5285 -
1997 5248 2020 5283 ⁸
2043 5247 2258 5312 Philip..

728 5341 797 5393 11,
843 5330 937 5378 1·3.
978 5351 1033 5364 -
1081 5327 1099 5356 ⁴
1139 5324 1273 5376 Psal.
1320 5334 1435 5385 mn,
1471 5323 1551 5372 43.
1582 5347 1646 5358 —
1679 5320 1702 5355 ⁸
1739 5319 1915 5379 Eccli„
1950 5331 2059 5382 xiv,
2092 5322 2170 5371 22.
2198 5343 2261 5356 —

727 5402 750 5437 ⁸
776 5400 933 5459 Rom„
960 5408 1054 5460 ιιι,
1083 5399 1128 5447 3.
1157 5422 1211 5434 -
1244 5397 1260 5427 ⁷
1289 5394 1496 5454 Hatita..
1524 5404 1598 5456 xt,
1626 5398 1674 5443 2.
1704 5418 1765 5428 —
1784 5390 1808 5427 ⁸
1837 5392 2039 5455 matth„
2070 5404 2148 5452 ιιι,
2181 5393 2258 5441 16.

725 5496 791 5512 -
816 5473 835 5503 ⁹
859 5471 1021 5530 Joan„
1055 5481 1091 5532 1,
1120 5471 1199 5520 29.

2375 615 2689 694 omnibus,
2739 619 2857 697 qui
2911 620 3065 682 sunt
3119 615 3293 681 inter
3334 627 3445 680 vos
3493 635 3517 677 .·
3567 611 3702 680 Non
3755 613 3886 697 plus

2375 740 2617 808 sapere,
2646 739 2840 807 quam
2867 728 3114 804 oportet
3140 737 3356 805 sapere
3359 742 3387 802 ;
3421 720 3538 788 sed
3562 738 3771 804 sapere
3811 723 3892 788 ad
4015 733 4016 824 ᾗ

2377 831 2797 911 sobrietatem,
2831 840 2891 898 et
2913 831 3259 913 unicuique
3288 832 3459 897 sicut
3482 830 3778 896 Dominus
3802 830 3894 896 di·
4015 827 4016 830 ’

2377 940 2540 1007 visit
2575 954 2934 1005 mensuram
2975 936 3153 1017 fidei.
3184 936 3512 1020 Rogemus
3540 937 3756 1018 igitur,
3786 943 3892 1002 ete.
4017 943 4018 958 ¹

2735 1129 2915 1186 Sermo
2952 1131 3094 1188 alias
3129 1128 3194 1187 de
3228 1130 3552 1201 Evanqelio.

2458 1260 2612 1326 Cum
2651 1260 2940 1330 audisset
2975 1264 3247 1330 Ioannes
3282 1265 3357 1330 in
3402 1262 3687 1329 vinculis
3725 1278 3900 1345 opera
4019 1271 4020 1278 ’

2379 1368 2625 1436 Christi
2640 1369 2686 1450 ⁷,
2716 1373 2834 1434 etc.
2880 1369 3087 1435 Verba
3124 1372 3275 1435 sunt
3310 1368 3343 1435 J
3346 1370 3571 1434 oannis
3618 1369 3699 1435 ad
3737 1369 3904 1433 disci·

2373 1477 2558 1560 pulos
2586 1495 2757 1557 suos,
2792 1484 2853 1542 et
2879 1496 2997 1559 pro
3024 1479 3116 1542 eis
3157 1477 3423 1561 prolata.
3454 1477 3593 1543 Non
3619 1483 3715 1543 est
3743 1478 3901 1542 enim
4021 1567 4022 1572 ἵ

2374 1584 2756 1650 credendum
2788 1584 3018 1650 Christi
3042 1585 3510 1651 Praecursorem
3530 1586 3607 1650 de
3635 1586 3903 1652 adventu

2376 1691 2600 1757 Christi
2625 1692 2694 1755 in
2721 1711 2977 1757 carnem
3007 1694 3346 1772 dubitasse,
3378 1711 3454 1758 eo
3472 1694 3646 1776 quod
3671 1693 3739 1759 in
3764 1694 3903 1777 bap·

2375 1800 2563 1864 tismo
2590 1800 2612 1836 ⁸
2637 1799 2944 1882 Spiritum
2968 1805 3261 1864 sanctum
3289 1800 3454 1864 sicut
3481 1801 3559 1864 de
3585 1800 3746 1866 coelo
3767 1800 3899 1865 des·

2376 1907 2747 1972 condentem
2771 1908 2951 1988 vidit,
2982 1913 3044 1973 et
3078 1909 3169 1973 sic
3206 1927 3320 1992 per
3354 1927 3504 1973 eum
3549 1911 3905 1973 manentem

2376 2015 2702 2096 didicerat,
2732 2020 2797 2080 et
2819 2034 3043 2082 vocem
3083 2017 3284 2083 Patris
3310 2018 3596 2083 audierat
3624 2040 3639 2080 :
3675 2018 3797 2084 Hic
3823 2023 3909 2084 est

2378 2121 2560 2202 filius
2581 2139 2755 2189 meus
2770 2123 3038 2191 dilectus
3056 2144 3073 2204 3
3103 2142 3222 2188 nec
3247 2143 3377 2189 non
3399 2129 3463 2189 et
3477 2124 3904 2188 testimonium

2376 2231 2434 2293 ei
2461 2230 2870 2313 perhibuerat
2895 2231 2964 2295 ⁹:
3016 2232 3171 2297 Ecce
3200 2247 3408 2314 aquus
3443 2232 3584 2299 Dei.
3634 2231 3700 2296 Si
3742 2232 3906 2297 enim

2375 2338 2586 2421 ipsum
2644 2339 2890 2403 venisse
2933 2339 3327 2419 ignorasset,
3397 2339 3720 2421 quomodo
3767 2357 3905 2402 eum

2379 2450 2752 2528 praesentem
2781 2444 2987 2527 digito
3022 2446 3532 2523 demonstrasset,
3561 2449 3626 2509 et
3650 2446 3710 2509 ei
3737 2448 3905 2509 testi·

2378 2552 2671 2617 monium
2747 2551 3212 2635 perhibuisset?
3286 2551 3694 2635 Relinquitur
3759 2571 3908 2633 ergo

2377 2659 2545 2741 quod
2572 2677 2692 2722 nec
2724 2659 2859 2740 ipse
2901 2658 3205 2738 ignorans
3238 2659 3556 2742 quaesivit,
3587 2679 3708 2724 nec
3730 2661 3905 2725 dubi·

2374 2770 2517 2828 tans
2541 2765 2883 2848 discipulos
2900 2766 3091 2846 misit,
3123 2767 3400 2830 maxime
3419 2767 3471 2830 si
3489 2768 3688 2832 verba
3716 2768 3906 2831 Evan-

2376 2872 2550 2953 gelii,
2583 2891 2730 2955 quae
2755 2891 2970 2936 secum
2997 2877 3256 2956 portant
3299 2874 3782 2958 expositionem,
3812 2876 3905 2940 di-

2374 2979 2416 3041 li
2424 2980 2685 3061 gentius
2731 2979 3178 3061 intelligantur
3226 2981 3280 3063 (f
3290 2983 3332 3063 ).
3382 2980 3543 3047 Nam
3598 2982 3665 3046 in
3714 2983 3904 3048 verbo

2373 3086 2694 3168 proposito
2741 3087 2866 3152 tria
2925 3090 3264 3166 notantur,
3327 3107 3438 3172 per
3480 3107 3625 3171 quae
3677 3091 3906 3154 veritas

2374 3194 2674 3258 omnibus
2700 3200 2905 3278 potest
2934 3214 3071 3260 esse
3100 3195 3452 3260 manifesta.
3490 3196 3708 3262 Primo
3738 3198 3904 3262 enim

2372 3304 2632 3364 notatur
2668 3302 3032 3384 multiplicis
3073 3303 3354 3366 hominis
3391 3307 3593 3367 status
3636 3304 3907 3386 signatio

2373 3426 2486 3490 per
2510 3406 2773 3471 Joannis
2804 3408 3078 3487 vincula,
3108 3427 3257 3474 cum
3284 3410 3513 3474 dicitur
3547 3432 3561 3473 ε
3619 3412 3774 3478 Cum
3799 3429 3906 3478 au·

2372 3513 2576 3580 disset
2618 3518 2897 3582 loannes
2935 3518 3008 3581 in
3055 3516 3336 3583 vinculis
3388 3532 3581 3599 opera
3641 3518 3901 3586 Christi.

2373 3619 2685 3702 Secunde,
2708 3622 3031 3705 proposita
3055 3623 3133 3687 de
3151 3624 3427 3688 adventu
3443 3624 3676 3692 Christi
3707 3643 3906 3709 quaes·

2374 3728 2481 3810 tio,
2516 3747 2664 3792 cum
2686 3729 2940 3794 subdit:
2974 3730 3236 3797 Mittens
3264 3730 3422 3798 duos
3445 3749 3526 3799 ex
3564 3732 3907 3817 discipulis

2370 3838 2534 3915 suis,
2572 3837 2673 3903 ait
2708 3836 2812 3902 illi
2850 3859 2866 3898 z
2923 3837 3017 3902 Tu
3056 3854 3120 3903 es
3168 3841 3282 3922 qui
3325 3847 3634 3908 venturus
3680 3857 3780 3922 es,
3828 3857 3910 3907 an

2373 3944 2575 4010 atium
2620 3947 3070 4027 expectamus?
3112 3945 3321 4011 Tertio
3343 3996 3360 4026 ,
3413 3954 3632 4030 aperta
3685 3949 3910 4015 Christi

2372 4052 2723 4133 responsio,
2756 4070 2902 4116 cum
2925 4052 3316 4118 subinfertur
3338 4076 3352 4119 :
3373 4056 3786 4139 Respondeas
3808 4058 3909 4123 Je-

2369 4172 2504 4236 sus,
2534 4160 2634 4225 ait
2651 4158 2787 4225 illis
2802 4178 2825 4223 .·
2849 4159 3084 4227 Euntes
3110 4164 3474 4229 renuntiate
3500 4163 3747 4231 Ioanni
3770 4180 3909 4247 quae

2370 4263 2638 4331 vidistis
2666 4271 2727 4332 et
2752 4266 3036 4334 audistis
3046 4288 3076 4349 ;
3100 4270 3254 4334 coeci
3269 4269 3509 4351 vident,
3531 4272 3758 4339 claudi
3784 4290 3909 4339 am-

2373 4370 2624 4453 butant,
2657 4372 2892 4455 leprosi
2920 4373 3338 4457 mundantur,
3372 4377 3563 4444 surdi
3602 4380 3906 4459 audiunt,

2369 4480 2609 4545 mortui
2633 4487 2995 4563 resurqunt,
3013 4499 3324 4565 pauperes
3347 4487 3901 4568 evanqelizantur.

2369 4653 2388 4672 .
2451 4584 2612 4650 Dicit
2643 4605 2800 4669 ergo
2829 4608 2844 4649 ε
2872 4588 3026 4653 Cum
3046 4587 3332 4657 audisset
3355 4592 3631 4660 Ioannes
3656 4596 3737 4661 in
3763 4597 3907 4663 vin-

2370 4692 2534 4759 culis
2577 4709 2771 4777 opera
2814 4695 3056 4763 Christi
3093 4716 3117 4767 .·
3165 4697 3279 4762 ubi
3333 4705 3589 4765 notatur
3629 4702 3911 4785 signatio

2371 4798 2740 4883 multiplicis
2762 4806 2963 4867 status
2992 4803 3270 4868 hominis
3298 4824 3411 4888 per
3438 4807 3700 4873 vincula
3725 4809 3758 4875 J
3761 4829 3910 4875 oan-

2370 4906 2492 4970 niS.
2541 4905 2718 4972 Sicut
2757 4909 2928 4972 enim
2968 4911 3261 4994 princeps
3305 4914 3741 4995 apostolorum
3790 4917 3906 4983 Pe·

2368 5018 2508 5078 trus
2520 5023 2662 5098 post
2678 5016 3222 5082 confirmationem
3244 5019 3482 5101 positus
3496 5022 3563 5085 in
3583 5040 3910 5091 carcerem

2368 5126 2779 5204 repraesentat
2808 5122 3088 5190 hominis
3129 5128 3468 5208 peccatoris
3505 5134 3784 5209 statum;
3817 5134 3908 5197 sie

2432 5320 2500 5384 (a)
2531 5321 2656 5371 caet.
2695 5320 2814 5371 edit.
2847 5322 3095 5372 Divisum.
3121 5350 3183 5361 -—
3213 5323 3278 5389 (ὁ)
3309 5324 3562 5378 Similia-s.
3596 5355 3651 5365 -—
3681 5331 3746 5396 (c)
3779 5333 3904 5384 coet.

2370 5390 2492 5442 edit.
2520 5393 2664 5444 deest
2690 5394 2763 5443 in.
2792 5419 2846 5430 -
2875 5395 2945 5458 (d)
2975 5396 3099 5447 Caet.
3130 5395 3251 5447 edit.
3277 5397 3509 5462 sinqulis.
3542 5426 3600 5439 —
3629 5403 3692 5466 (e)
3728 5403 3904 5455 Custo-

2368 5462 2461 5513 dit.
2491 5490 2553 5503 —
2584 5467 2653 5530 (f)
2689 5465 2990 5532 intelligent.
