4059 6317
592 4914 695 4957 Tri·

757 471 840 535 80
1847 459 2266 528 SERMONES
2305 457 2407 526 DE
2443 459 2838 528 TEMPORE.

757 597 1614 668 nientiscumoonvenienti
1657 618 1678 663 ι
1723 597 1834 662 sed
1875 595 2292 661 animannlli

758 709 989 775 melius
1029 707 1328 775 convenit
1368 724 1565 790 quam
1609 704 1742 784 illi,
1781 704 1862 770 ad
1906 706 2093 787 cujus
2129 703 2293 767 ima-

756 817 978 899 ginem
1003 816 1110 881 vel
1131 814 1614 882 similitudinem
1639 814 1912 879 formata
1937 816 2057 876 est.
2087 810 2293 893 Roge-

758 942 926 1004 mus,
955 928 1076 990 etc.

1290 1091 1579 1162 SERMO
1622 1093 1680 1162 Π
1719 1101 1764 1160 ¹.

841 1238 989 1305 Post
1039 1236 1331 1304 triduum
1379 1238 1764 1304 invenerunt
1821 1250 1966 1300 eum
2016 1234 2094 1300 in
2138 1237 2294 1299 tem-

755 1347 865 1430 plo
891 1349 939 1412 ¹.
969 1345 1284 1424 Quoniam
1308 1345 1543 1411 diversi
1580 1348 1733 1408 sunt
1757 1346 1958 1408 status
1981 1345 2046 1405 et
2094 1359 2297 1423 gene-

759 1456 1040 1521 rationes
1091 1455 1511 1538 qnaermtium
1565 1451 1904 1519 Dominum
1920 1498 1939 1529 ,
2004 1464 2297 1532 quoeren-

763 1565 928 1631 tium
978 1564 1210 1644 faciem
1261 1562 1383 1628 Dei
1448 1558 1638 1627 Jacob
1686 1558 1709 1594 ⁸
1764 1558 2084 1641 (quaemnt
2121 1556 2296 1621 enim

763 1668 1159 1753 incipientes,
1211 1668 1641 1752 proficientes,
1686 1665 2005 1749 perfecti),
2054 1663 2161 1728 hic
2203 1663 2296 1728 is-

765 1777 883 1843 tud
907 1776 1192 1842 triduum
1233 1771 1759 1856 distinguendum
1786 1776 1902 1837 est.
1950 1770 2062 1836 Est
2095 1769 2298 1853 igitur

765 1885 1053 1951 triduum
1079 1884 1544 1968 incipientium,
1560 1880 2049 1965 proficientium,
2063 1878 2299 1961 perfec-

767 1996 1004 2058 torum.

845 2100 935 2166 De
973 2100 1181 2184 primo
1231 2099 1254 2134 ⁸
1304 2120 1321 2164 z
1374 2122 1406 2160 α
1451 2097 1690 2163 Solvite
1741 2093 2056 2177 templum
2109 2095 2231 2159 hoc
2274 2099 2299 2134 ⁸

767 2226 967 2274 manu
1001 2207 1265 2286 tactum,
1311 2209 1376 2271 et
1417 2208 1560 2288 post
1608 2202 1895 2268 triduum
1946 2201 2122 2266 aliud
2168 2218 2299 2265 non

775 2334 972 2380 manu
998 2315 1235 2379 factum
1263 2312 1610 2378 aediflcabo.
1638 2333 1670 2371 n
1706 2307 2043 2394 Templum
2068 2306 2180 2373 Dei
2205 2309 2301 2372 est

769 2423 988 2488 anima
1003 2421 1346 2488 virtutibus
1366 2438 1562 2504 quam
1591 2418 1869 2483 maxime
1893 2417 2140 2482 ornata.
2166 2413 2300 2477 Hoc

771 2528 1078 2613 templum
1104 2547 1220 2611 per
1243 2532 1575 2611 peccatum
1599 2525 1968 2605 destruitur,
1999 2526 2064 2588 et
2101 2539 2300 2586 manu

771 2638 842 2701 fit
885 2637 1193 2721 templum
1234 2636 1470 2701 diaboli
1514 2653 1532 2698 ε
1575 2652 1689 2718 per
1728 2634 1807 2715 (b)
1854 2649 2087 2697 manus
2124 2629 2300 2695 enim

770 2762 965 2828 opera
987 2744 1349 2826 designant.
1379 2740 1504 2807 Sed
1539 2740 1663 2806 hoc
1695 2738 2004 2822 templum
2041 2756 2080 2802 a
2118 2736 2301 2801 nobis

771 2869 972 2916 manu
996 2850 1234 2915 tactum
1260 2866 1374 2932 per
1399 2848 1686 2913 triduum
1729 2844 2114 2930 poenitentiae
2142 2861 2302 2908 reae-

770 2960 1091 3036 diflcatur,
1139 2959 1204 3021 et
1251 2958 1324 3021 fit
1366 2953 1679 3036 templum
1727 2952 1964 3018 divinae
2012 2951 2240 3035 gratiae
2278 2968 2297 3015 ε

772 3065 943 3150 quod
967 3066 1129 3129 bene
1157 3063 1386 3129 dicitur
1424 3079 1555 3126 non
1591 3079 1792 3126 manu
1838 3062 2073 3126 factum
2088 3109 2107 3142 ,
2150 3060 2303 3144 qula

773 3173 925 3238 dicit
952 3170 1291 3256 Apostolus
1317 3171 1340 3205 ⁸
1371 3187 1390 3235 ε
1428 3193 1460 3231 «ι
1482 3166 1622 3233 Non
1663 3188 1746 3234 ex
1780 3169 2079 3252 operibus
2122 3167 2300 3250 iusti-

773 3280 902 3359 tiae,
932 3295 1080 3362 quae
1105 3276 1371 3343 lecimus
1408 3294 1547 3356 nos,
1595 3296 1627 3335 a
1661 3279 1780 3339 etc.
1828 3273 2047 3339 Tridui
2085 3277 2300 3339 autem

774 3388 1237 3472 incipientium,
1266 3387 1514 3469 primus
1556 3384 1692 3449 dies
1730 3386 1827 3448 est
1869 3383 2298 3464 contritionis3

777 3495 1121 3573 secundus,
1160 3492 1597 3570 confessionis3
1625 3490 1880 3567 tertius»,
1929 3489 2297 3555 satisfactio-

773 3603 897 3667 nis.
931 3601 1182 3666 Primus
1205 3618 1364 3682 ergo
1392 3599 1525 3664 dies
1560 3595 1955 3663 contritionis
1981 3602 2002 3636 ‘¹
2036 3613 2053 3658 z
2092 3618 2124 3657 c
2166 3594 2304 3659 Dies

774 3709 1151 3792 expiationis
1185 3707 1307 3772 erit
1344 3705 1787 3770 celeberrimus
1802 3751 1822 3781 ,
1860 3707 1924 3768 et
1974 3703 2302 3768 vocabitur

775 3820 1051 3881 sauctus.
1093 3837 1125 3876 a
1180 3815 1322 3880 Dies
1383 3811 1781 3878 contritionis
1823 3811 1984 3875 bene
2038 3815 2302 3876 vocatur

775 3928 1030 3988 sanctus
1054 3928 1118 3987 et
1153 3921 1522 3987 benedictus
1540 3968 1556 4001 ,
1596 3919 1942 3984 sanctificat
1979 3918 2150 3984 enim
2182 3919 2301 3984 ho·

777 4031 1019 4095 minem
1050 4051 1067 4095 z
1094 4029 1387 4095 contritio
1411 4028 1584 4093 enim
1620 4030 1715 4092 est
1739 4025 1982 4091 flumen
2008 4025 2299 4090 taberna·

777 4136 996 4202 culum
1053 4135 1284 4200 animae
1350 4134 1747 4200 sanctificans
1810 4137 1875 4198 et
1963 4132 2298 4197 mundans.

783 4246 1114 4313 Psalmista
1136 4245 1160 4280 ⁸
1193 4268 1208 4310 ε
1239 4269 1270 4308 ι
1293 4243 1602 4310 Fluminis
1627 4245 1904 4327 impetus
1927 4242 2234 4321 laetificat,
2264 4262 2296 4301 a

776 4362 899 4420 etc.
930 4353 1167 4418 Ibidem
1194 4353 1259 4418 in
1304 4352 1585 4418 Levitico
1623 4369 1706 4417 ex
1736 4355 1918 4417 textu
1952 4350 2300 4432 colligitur,

776 4461 949 4546 qu‘od
975 4460 1109 4526 dies
1132 4458 1249 4525 iste
1290 4460 1519 4525 dicitur
1561 4457 1959 4542 expiationis,
2000 4458 2301 4541 propitia-

778 4569 994 4646 tionis,
1025 4567 1158 4632 dies
1180 4566 1533 4632 afflictionis
1562 4588 1577 4630 :
1621 4565 1792 4649 quod
1834 4565 2131 4631 convenit
2153 4583 2305 4630 con-

777 4677 1041 4742 tritioni.
1072 4675 1372 4741 Contritio
1399 4675 1569 4740 enim
1592 4672 1849 4757 expellit
1873 4677 2201 4756 peccatum
2228 4672 2307 4739 de

777 4783 994 4849 anima
1035 4805 1052 4847 ι
1095 4782 1168 4846 in
1207 4787 1458 4866 peccato
1508 4785 1722 4846 autem
1757 4779 1879 4843 tria
1917 4781 2068 4843 sunt
2104 4778 2302 4858 mala,

778 4891 1050 4971 macula,
1081 4889 1346 4969 offensa,
1377 4893 1607 4953 reatus.
1639 4887 1761 4952 Per
1786 4889 2114 4969 peccatum
2133 4884 2306 4950 enim

841 5019 854 5048 ¹
880 5017 1027 5069 Hunc
1054 5018 1107 5067 et
1133 5018 1406 5081 sequentes
1430 5025 1590 5078 usque
1610 5012 1676 5062 ad
1701 5013 1854 5064 Dom.
1885 5023 1924 5063 ιι
1951 5014 2071 5077 post
2096 5010 2303 5076 Epiph„

778 5102 932 5139 serm.
961 5101 1000 5153 ι,
1027 5086 1307 5150 exclusive,-
1329 5084 1483 5136 habet
1507 5096 1712 5148 quoque
1732 5084 1853 5134 edit.
1873 5081 2033 5134 Paris.
2056 5097 2140 5133 an.
2165 5085 2305 5134 1521.

778 5185 839 5198 ——
863 5160 887 5195 ¹
909 5159 1042 5222 Luc„
1069 5172 1126 5223 ιι,
1156 5161 1234 5211 48.
1263 5185 1325 5197 —
1349 5157 1372 5192 ⁸
1396 5155 1533 5206 Psal.
1563 5166 1712 5219 xxm,
1740 5158 1789 5207 6.
1821 5182 1884 5194 —
1907 5157 1927 5185 ⁴
1953 5156 2118 5215 loun„
2141 5165 2198 5215 n,
2226 5155 2304 5204 19.

778 5255 840 5270 --
866 5231 889 5266 ⁸
916 5231 1097 5292 Marc„
1119 5241 1229 5295 nv,
1255 5231 1336 5281 58.
1355 5254 1420 5268 —
1443 5227 1464 5258 ⁶
1491 5226 1608 5289 Tit„
1634 5238 1717 5290 ιιι,
1739 5229 1786 5278 5.
1812 5252 1874 5266 -
1898 5229 1921 5264 ‘¹
1946 5228 2130 5279 Levat..
2153 5236 2309 5290 xxm,

780 5304 857 5352 2¹1.
907 5327 961 5338 —
1015 5301 1037 5338 ⁸
1081 5302 1218 5353 Psoi.
1259 5312 1380 5361 ην,
1422 5300 1473 5348 5.
1517 5323 1581 5335 -
1621 5299 1640 5329 ⁹
1687 5298 1824 5361 isid„
1874 5299 1935 5349 de
1978 5299 2121 5350 Sum.
2163 5297 2305 5360 Bon„

781 5371 869 5424 lib.
905 5372 979 5437 ll,
1020 5388 1068 5425 c.
1105 5385 1234 5437 xm,
1266 5376 1399 5423 sent.
1434 5372 1482 5422 6.
1519 5395 1574 5406 -
1617 5370 1660 5405 ¹⁰
1686 5371 1884 5433 Enoch„
1915 5381 2110 5434 xxxm,
2143 5371 2222 5419 12.
2251 5392 2305 5405 -

784 5444 821 5478 ¹¹
847 5442 985 5507 Luc„
1012 5456 1103 5508 vu,
1125 5448 1280 5498 38.—
1307 5445 1340 5475 ¹²
1356 5439 1556 5502 Malta..
1583 5453 1726 5505 xxvi,
1755 5444 1834 5492 75.
1860 5468 1912 5477 -
1943 5441 1976 5472 ¹³
2000 5442 2136 5504 Luc„
2157 5451 2308 5503 xxm,

2398 596 2619 660 anima
2654 597 3037 674 sordidatur,
3084 595 3255 662 Deus
3294 593 3602 675 irritatur,
3641 593 3882 668 debitum
3936 621 4019 671 mh

2400 708 2659 770 aetemae
2683 703 2907 767 mortis
2932 706 3240 769 meretur.
3284 702 3359 768 ln
3398 705 3753 772 contritione
3785 726 3882 775 au-
3922 687 4030 796 Ὦ

2401 812 2532 874 tem
2577 815 2797 876 contra
2842 811 3161 876 maculam
3207 817 3303 878 est
3346 813 3653 896 expiatio3
3704 821 3888 881 contm

2403 917 2734 994 offensam,
2759 919 3117 1002 propitiatio
3129 942 3147 999 ;
3180 925 3400 985 eontra
3434 927 3699 1002 reatum,
3724 924 3887 989 afflic-

2403 1025 2513 1089 tio,
2562 1025 2843 1091 Isidorus
2886 1031 2911 1066 ·
2957 1047 2973 1090 ε
3032 1049 3063 1087 e
3112 1026 3223 1091 Ille
3264 1028 3693 1110 poenitentiam
3728 1030 3893 1112 digne

2402 1130 2566 1212 agit,
2614 1132 2727 1214 qui
2775 1137 3027 1197 reatum
3065 1151 3257 1198 suum
3306 1134 3720 1200 satisfactione
3755 1135 3892 1218 legi-

2404 1238 2853 1322 timaplangit.
2886 1260 2917 1299 ι»
2952 1239 3104 1306 Haec
3147 1245 3245 1306 est
3278 1260 3437 1324 ergo
3476 1242 3648 1322 dies,
3686 1243 3757 1309 de
3793 1262 3901 1326 qua

2404 1344 2631 1410 dicitur
2652 1346 2744 1412 ¹⁰:
2778 1346 3133 1431 «Impietas
3157 1348 3339 1431 impii
3375 1366 3507 1414 non
3550 1349 3786 1415 nocebit
3819 1351 3897 1430 ei,

2403 1452 2476 1515 in
2502 1470 2903 1539 quacumque
2937 1456 3039 1522 die
3075 1474 3421 1524 conversus
3458 1457 3647 1521 fuerit
3689 1458 3763 1521 ab
3796 1457 3899 1522 im·

2404 1560 2640 1643 pietate
2661 1581 2800 1627 sua.
2829 1584 2861 1624 a
2895 1562 3281 1646 Exemplum
3306 1564 3385 1628 de
3422 1562 3786 1645 Magdalsns
3811 1583 3900 1647 pe·

2405 1668 2516 1733 des
2555 1668 2811 1734 Domini
2857 1670 3155 1753 lacrymis
3199 1671 3451 1752 rigante
3498 1673 3574 1750 ¹¹3
3625 1671 3699 1736 de
3748 1669 3908 1736 Petro

2404 1795 2621 1842 amare
2644 1777 2835 1842 flente
2853 1779 2928 1856 ¹¹,
2958 1785 3021 1843 et
3044 1778 3126 1844 de
3149 1777 3397 1844 latrone
3420 1778 3491 1842 in
3517 1796 3706 1844 cruce
3729 1776 3909 1859 poeni-

2406 1886 2577 1948 tente
2607 1885 2676 1947 ⁸⁸.

2484 1989 2815 2056 Secundus
2850 1992 2985 2057 dies
3022 1996 3119 2057 est
3170 1992 3612 2057 confessionis.
3671 1989 3914 2057 Psalmi-

2406 2103 2505 2164 sta
2527 2099 2576 2138 ¹⁸
2603 2117 2621 2163 ι
2652 2121 2683 2160 ι
2714 2098 2872 2164 Tota
2894 2098 2998 2164 die
3019 2098 3403 2166 verecundia
3428 2116 3576 2164 mea
3601 2101 3810 2164 eontra
3830 2114 3917 2161 me

2405 2210 2522 2271 est.
2562 2228 2595 2266 s
2650 2205 2967 2271 Confessio
3009 2205 3184 2271 enim
3220 2206 3356 2271 dies
3398 2206 3792 2274 verecundiae
3835 2210 3919 2269 est

2405 2313 2955 2378 medicinalissima
2985 2333 3001 2377 ;
3039 2313 3226 2379 debet
3268 2313 3336 2378 in
3379 2312 3767 2378 confessione
3801 2330 3919 2377 esse

2408 2420 2790 2485 verecundia
2808 2438 3084 2499 summa,
3113 2438 3247 2485 non
3272 2419 3647 2485 occultando
3668 2425 3917 2504 peccata,

2409 2527 2518 2591 sed
2545 2526 2909 2592 detestando
2928 2531 2994 2591 et
3019 2526 3405 2610 plangendo.
3425 2525 3604 2592 Unde
3631 2528 3730 2593 Au
3738 2526 3920 2610 gusti·

2408 2652 2531 2698 nus
2558 2635 2646 2697 ¹⁸:
2686 2657 2718 2694 α
2744 2633 2865 2713 Qui
2892 2652 3006 2716 per
3042 2652 3160 2698 vos
3184 2634 3476 2716 peccatis,
3510 2652 3628 2718 per
3654 2615 3767 2700 vos
3787 2653 3921 2700 eru·

2407 2741 2697 2805 bescatis.
2730 2763 2762 2801 n
2807 2739 3254 2806 Erubescentia
3296 2742 3469 2807 enim
3510 2741 3627 2824 (ut
3670 2741 3760 2806 ait
3803 2741 3927 2825 qui-

2407 2845 2591 2926 dam)
2639 2865 2947 2928 magnam
2988 2851 3234 2930 partem
3288 2848 3481 2913 habet
3526 2847 3921 2915 remissionis.

2406 2952 2603 3018 Debet
2633 2959 2848 3019 autem
2885 2954 3191 3020 confessio
3225 2973 3362 3019 esse
3399 2955 3659 3036 integra
3677 3004 3698 3036 ,
3744 2955 3922 3035 nuda,
3968 2958 4036 3030 ‚0⁰¹

2406 3062 2683 3144 propria.
2714 3060 2973 3143 Integra
2990 3109 3012 3142 ,
3042 3066 3107 3126 et
3131 3061 3254 3127 hoc
3280 3066 3537 3127 notatur
3563 3062 3658 3128 ibi
3691 3085 3706 3126 ε
3746 3063 3923 3129 Tota:
3946 3030 4036 3124 {1¹2⁰AE

2405 3186 2537 3233 non
2562 3170 2736 3233 enim
2761 3173 2895 3233 tota
2921 3168 3023 3233 die
3057 3169 3501 3249 confessionis,
3531 3170 3647 3236 sed
3673 3171 3742 3234 in
3768 3173 3928 3254 parte
3949 3157 4037 3189 ⁰⁸⁸⁶

2406 3274 2534 3340 diei
2568 3274 3016 3340 verecundiam
3057 3275 3275 3354 habet,
3312 3276 3429 3358 qui
3469 3295 3605 3342 non
3645 3277 3929 3352 totaliter,

2406 3382 2517 3447 sed
2560 3382 3018 3465 particulariter
3051 3383 3411 3446 confltetur.
3448 3382 3611 3448 Item
3638 3384 3847 3463 nuda,
3877 3386 3934 3446 et

2407 3488 2529 3553 hoc
2553 3493 2815 3553 notatur
2839 3488 2929 3552 ibi
2955 3506 2975 3553 ι
3013 3487 3417 3556 Verecundia
3429 3507 3458 3571 ,·
3488 3490 3748 3573 palliata
3772 3489 3933 3555 euim

2407 3596 2711 3661 confessio
2738 3596 2952 3660 minus
2967 3596 3328 3661 verecunda
3339 3601 3456 3660 est.
3476 3595 3637 3661 Item
3666 3597 3932 3680 propria,

2408 3708 2472 3767 et
2513 3703 2637 3768 hoc
2667 3708 2965 3768 notatur:
3005 3711 3228 3770 contra
3268 3720 3399 3782 me3
3441 3707 3505 3768 et
3532 3722 3669 3769 non
3717 3703 3939 3768 dicitur

2408 3817 2627 3876 contra
2652 3812 2851 3876 alium
2886 3830 2904 3875 ε
2951 3811 3125 3894 quod
3163 3810 3394 3876 dicitur
3433 3814 3662 3876 contra
3689 3810 3935 3887 multos,

2409 3918 2524 4001 qui
2549 3917 2824 3983 aliorum
2862 3917 3277 3984 verecundius
3312 3918 3381 3981 in
3412 3916 3810 3984 confessione
3849 3933 3941 3979 re-

2408 4026 2642 4105 citant,
2688 4030 2753 4090 et
2783 4028 3035 4109 peccata
3059 4043 3181 4090 sua
3209 4024 3349 4089 aliis
3389 4023 3764 4106 imponunt,
3793 4022 3945 4085 sicut

2408 4133 2609 4197 Adam
2643 4131 2819 4214 Evae,
2844 4137 2909 4197 et
2937 4131 3072 4198 Eva
3114 4131 3414 4215 serpenti.
3459 4129 3610 4194 Haec
3649 4135 3752 4194 est
3794 4144 3947 4209 ergo

2407 4240 2543 4305 dies
2568 4239 2823 4305 salvans
2848 4239 3255 4304 confitentem
3271 4238 3315 4278 ¹⁸
3345 4259 3362 4302 ε
3399 4259 3433 4299 α
3461 4236 3535 4300 In
3564 4235 3804 4301 diebus
3828 4235 3948 4299 illis

2408 4346 2757 4414 salvabitur
2791 4346 2977 4422 luda,
3006 4366 3038 4407 ι
3074 4346 3189 4429 qui
3227 4346 3534 4410 confitens
3571 4343 3946 4427 iuterpreta-

2409 4458 2539 4520 tur.
2584 4452 2741 4519 Vere
2800 4451 3183 4528 salvabitur,
3246 4451 3418 4516 unde
3468 4450 3855 4516 Ambrosius
3883 4450 3947 4513 ¹¹.

2419 4583 2449 4622 α
2475 4559 2790 4624 Confessio
2818 4577 2858 4623 a
2882 4562 3085 4623 morte
3110 4556 3372 4635 liberat3
3403 4557 3716 4624 confessio
3753 4557 3952 4640 aperit

2411 4667 2808 4752 paradisum3
2847 4665 3151 4730 confessio
3197 4683 3379 4748 spem
3417 4664 3639 4729 salutis
3685 4664 3950 4730 tribuit:

2412 4774 2715 4858 quoniam
2737 4791 2866 4837 non
2898 4775 3182 4840 meretur
3190 4771 3550 4853 iustificari,
3575 4771 3693 4854 qui
3724 4776 3798 4836 in
3828 4772 3954 4834 vita

2414 4899 2533 4948 sua
2558 4898 2694 4946 non
2716 4879 2857 4946 vult
2881 4878 3193 4945 confiteri.
3221 4902 3253 4939 n

2495 4986 2746 5052 Tertius
2771 4992 2866 5052 est
2888 4986 3023 5052 dies
3048 4986 3484 5051 satisfactionis
3501 4987 3545 5026 ¹⁸
3570 5007 3585 5049 :
3612 5007 3645 5046 e
3674 4985 3961 5054 Portavi-

2415 5133 2495 5183 42.
2519 5155 2583 5170 ·-
2618 5130 2656 5165 ¹⁴
2693 5129 2833 5182 Psal.
2861 5142 3020 5193 xuu,
3060 5133 3135 5181 16.
3164 5155 3227 5166 ——
3262 5130 3306 5165 ¹⁸
3332 5131 3544 5193 August.
3569 5153 3635 5170 -
3670 5130 3718 5164 ¹⁸
3742 5131 3957 5195 let-em„

2415 5214 2581 5264 xxm,
2628 5204 2678 5252 6.
2714 5228 2776 5240 —
2828 5202 2866 5236 ¹²
2915 5200 3008 5252 Vel
3052 5206 3230 5252 auctor
3267 5201 3559 5252 Sermonum
3598 5200 3697 5250 sub
3743 5203 3961 5253 nomine

2414 5273 2694 5339 Ambrosii,
2730 5276 2845 5339 post
2896 5273 3093 5324 nomin.
3145 5277 3190 5322 1.
3240 5271 3509 5337 quadi-aq..
3555 5284 3716 5324 serm.
3770 5285 3855 5326 ιιι.
3905 5299 3965 5312 -

2416 5350 2456 5383 ¹·
2486 5343 2691 5406 Manli„
2719 5357 2807 5406 xx,
2838 5346 2918 5396 12.

2481 5436 2548 5503 (α)
2582 5434 2700 5485 Dele
2728 5446 2839 5500 per.
