4059 6317
489 3671 640 3774 nom.
701 3738 1023 3797 Alexandri
1063 3739 1432 3813 exemplum,
1488 3741 1563 3800 de
1607 3757 1730 3816 quo
1771 3747 1971 3801 narrat
2014 3743 2243 3802 Groeco-

675 409 795 470 504

674 542 797 600 tem
822 555 1007 616 quare
1030 541 1265 599 terrena
1285 553 1412 599 non
1437 539 1706 612 sentient,
1731 537 1877 597 alibi
1893 538 2096 599 recolo
2118 555 2215 599 me

677 634 916 694 dixisse.

746 728 1016 790 Secundo
1059 729 1197 787 sunt
1230 727 1481 804 quidam
1497 770 1514 799 ,
1544 727 1649 803 qui
1686 728 1948 787 serviunt
1975 726 2217 803 corpori

677 839 816 896 suo,
863 826 920 882 et
959 821 1037 880 de
1078 821 1173 879 his
1217 820 1237 855 ¹
1281 839 1297 879 ε
1337 839 1366 875 α
1395 820 1745 894 Huiusmodi
1779 836 1904 880 non
1952 821 2217 880 serviunt

676 920 817 990 Deo,
847 915 956 975 sed
975 931 1087 974 suo
1113 913 1322 974 ventri.
1344 935 1372 971 a
1394 917 1463 973 Et
1486 914 1543 972 ²:
1564 933 1595 971 ι
1613 917 1879 986 Quorum
1903 917 2055 973 Deus
2079 931 2220 974 ven-

677 1014 767 1070 ter
806 1014 911 1069 est.
939 1029 972 1066 »
1003 1010 1050 1068 0
1088 1009 1338 1068 servitus
1372 1009 1658 1068 vilissima
1672 1052 1693 1082 ‚
1731 1009 1954 1069 habere
2000 1025 2219 1084 corpus

678 1121 791 1181 pro
813 1106 956 1176 Deo,
983 1103 1323 1178 quodjuxta
1349 1103 1749 1162 Bernardum⁸
1765 1119 1892 1163 non
1917 1108 2005 1162 est
2027 1104 2216 1177 aliud,

680 1214 863 1275 quam
891 1216 922 1254 ι
944 1212 1148 1256 saccus
1185 1202 1509 1256 stercorum
1527 1239 1548 1269 ,
1576 1198 1803 1256 sentina
1828 1197 2139 1269 foetorum,
2164 1200 2222 1257 et

681 1292 850 1352 cibus
874 1292 1188 1352 vermium.
1218 1311 1250 1348 x·
1282 1292 1506 1365 Cogita,
1532 1291 1762 1365 gulose,
1784 1291 1948 1367 quod
1962 1307 2087 1351 non
2105 1291 2222 1349 nisi

679 1386 951 1446 foetidum
976 1388 1080 1445 tuo
1108 1385 1443 1459 egrediatur
1470 1401 1541 1444 ex
1577 1401 1849 1460 corpore.
1878 1389 2023 1444 Nam
2052 1385 2224 1443 vide-

681 1496 817 1538 mus
843 1484 1063 1539 terram
1089 1479 1305 1539 herbas
1347 1478 1680 1554 producere
1725 1478 2072 1551 odoriferae,
2103 1495 2224 1537 me-

682 1573 859 1647 talla,
901 1573 1133 1649 lapides
1168 1573 1491 1648 pretiosos,
1528 1576 1588 1631 et
1618 1572 1891 1648 plantas;
1921 1573 2028 1632 sed
2057 1577 2226 1631 tuum

684 1683 935 1744 corpus,
962 1683 1070 1742 per
1096 1665 1331 1739 singula
1356 1682 1466 1725 sua
1491 1666 1786 1725 foramina
1803 1707 1825 1737 ,
1875 1682 1970 1724 res
2009 1667 2226 1725 marci-

686 1762 795 1820 das
816 1759 1048 1837 prodit,
1076 1763 1134 1821 et
1166 1760 1417 1819 foetidas.
1462 1763 1606 1819 Item
1646 1758 1867 1836 plantoe
1905 1776 2136 1833 omnes,
2166 1763 2225 1819 et

687 1855 932 1914 arbores
954 1852 1295 1929 producunt
1331 1853 1407 1913 de
1452 1869 1517 1912 se
1557 1852 1833 1926 frondes,
1859 1859 1916 1913 et
1959 1854 2138 1913 flores
2169 1858 2231 1913 et

684 1948 935 2022 fructus3
966 1951 1030 2006 tu
1064 1948 1139 2006 de
1176 1951 1281 2007 tuo
1320 1963 1570 2023 corpore
1606 1952 1780 2023 sputa
1822 1947 2027 2007 foetida
2040 1991 2063 2021 ,
2104 1948 2226 2007 uri-

687 2058 851 2114 nm,
878 2046 937 2101 et
959 2047 1200 2101 stercus.
1243 2042 1362 2101 111ae
1397 2042 1473 2102 de
1512 2058 1576 2101 se
1618 2042 1953 2117 producunt
1996 2043 2225 2102 suavis-

689 2136 872 2195 simos
899 2136 1096 2210 cibos;
1143 2138 1207 2194 tu
1247 2136 1323 2195 de
1367 2140 1469 2195 tuo
1516 2151 1766 2211 corpore
1803 2136 2144 2212 pediculos,
2173 2140 2230 2196 et

689 2229 1032 2289 lumbricos.
1075 2229 1196 2290 111ae
1226 2230 1303 2289 de
1343 2246 1405 2288 se
1449 2230 1676 2305 spirant
1699 2231 2048 2290 suavitatem
2075 2231 2228 2291 odo·

689 2322 771 2382 ris
779 2341 799 2395 3
829 2328 893 2382 tu
920 2323 996 2382 de
1023 2326 1126 2383 tuo
1155 2340 1403 2399 corpore
1449 2323 1956 2383 abominationem
1982 2324 2227 2385 foetoris.

692 2419 820 2475 flaec
871 2417 1074 2476 omnia
1123 2418 1455 2476 invenimus
1505 2418 1569 2475 in
1602 2418 1758 2476 libro
1803 2419 1870 2476 de
1913 2420 2233 2492 contemptu

692 2511 904 2569 mundi.
934 2513 1177 2585 Propter
1203 2511 1327 2570 haec
1355 2511 1561 2571 omnia
1577 2512 1721 2570 dicit
1745 2511 2043 2572 Seneca‘:
2079 2517 2233 2573 «Ma-

687 2606 787 2679 jor
811 2621 967 2679 sum,
996 2609 1054 2666 et
1079 2606 1161 2665 ad
1189 2609 1420 2681 majora
1445 2612 1637 2683 natus,
1659 2626 1842 2685 quam
1858 2613 1923 2669 ut
1938 2611 2046 2669 fiat
2070 2626 2235 2669 man·

693 2699 918 2774 cipium
944 2700 1211 2775 corporis
1227 2702 1367 2760 mei.
1395 2722 1427 2759 ι»
1459 2704 1829 2763 Contrarium
1843 2720 2105 2780 namque
2125 2709 2233 2777 est,

692 2801 760 2856 ut
783 2797 938 2856 servi
966 2795 1032 2856 in
1055 2796 1223 2872 equis
1258 2797 1507 2871 vadant,
1535 2802 1592 2857 et
1619 2799 1849 2857 domini
1876 2800 1941 2858 in
1965 2803 2122 2859 terra
2146 2800 2235 2857 in·

694 2890 926 2950 cedant.
954 2893 1053 2949 Est
1077 2907 1222 2964 ergo
1239 2907 1454 2966 corpus
1473 2892 1842 2965 verberibus,
1854 2893 2096 2967 iejuniis
2112 2910 2233 2953 ma-

694 2984 1039 3058 cerandum,
1071 2989 1129 3055 et
1152 2984 1371 3059 vigiliis
1412 2985 1850 3057 edomandum,
1876 3003 1952 3046 ne
1978 2989 2053 3045 sit
2087 2988 2238 3047 sicut

696 3094 885 3153 equus
931 3079 1059 3136 sine
1111 3078 1441 3138 calcaribus
1458 3121 1479 3152 ,
1515 3082 1575 3137 et
1596 3080 1801 3154 fraeno,
1847 3083 1906 3139 et
1948 3081 2100 3141 sicut
2123 3081 2236 3141 bos

696 3172 823 3231 sine
850 3172 1091 3231 stimulo
1136 3174 1240 3247 qui
1281 3172 1513 3233 lascivit
1564 3174 1628 3232 in
1677 3179 1868 3249 prato.
1921 3176 2107 3251 Maius
2152 3181 2240 3235 est

698 3265 858 3323 enim
891 3281 1108 3339 corpus
1136 3266 1446 3341 proprium
1497 3268 1849 3342 subjugare,
1895 3286 2080 3344 quam
2123 3269 2238 3329 sibi

696 3373 884 3431 regna
933 3359 1263 3434 subjicere,
1317 3361 1459 3435 quia
1476 3402 1497 3433 ,
1548 3362 1698 3420 sicut
1747 3364 1968 3422 Seneca
2017 3364 2161 3423 dicit
2218 3384 2233 3419 ε

703 3470 735 3506 ι
761 3452 920 3512 Multi
940 3454 1214 3527 regiones
1239 3458 1298 3514 et
1319 3455 1498 3513 urbes
1524 3456 1843 3530 subjugare
1879 3461 2200 3532 potuerunt
2217 3499 2237 3531 ,

701 3546 807 3622 qui
843 3551 1042 3606 tamen
1080 3547 1200 3606 suis
1227 3550 1577 3624 corporibus
1603 3551 1894 3623 serviunt,
1921 3555 1980 3611 et
2006 3568 2080 3610 ea
2106 3567 2241 3626 quse

702 3646 839 3702 sunt
861 3643 1006 3703 vitia
1031 3643 1225 3702 carnis
1244 3688 1262 3718 ,
1289 3661 1416 3704 non
1443 3646 1928 3720 subjugaverunt.
1958 3668 1989 3703 n
2028 3646 2242 3721 Accipe

704 3847 841 3892 rum
866 3832 1135 3905 Historia,
1157 3836 1325 3909 quod
1352 3850 1560 3893 omnes
1586 3850 1755 3909 reges
1781 3836 2047 3909 excessit,
2072 3841 2129 3896 et
2145 3853 2244 3910 ge-

705 3927 1020 3987 nerositate
1067 3930 1291 3986 naturae
1309 3970 1328 4000 ,
1383 3931 1442 3987 et
1492 3929 1760 4003 corporis
1802 3933 2135 4002 venustate,
2187 3935 2244 3991 et

706 4022 890 4082 animi
918 4022 1301 4082 virtuositate.
1330 4026 1477 4083 Nam
1508 4023 1573 4081 in
1597 4024 1923 4084 subeundis
1966 4026 2244 4101 periculis

708 4119 982 4177 constans
1009 4120 1153 4189 erat,
1179 4118 1244 4175 in
1269 4116 1449 4175 rebus
1475 4119 1789 4177 movendis
1823 4119 2021 4193 velox,
2052 4120 2246 4179 fidelis

706 4211 771 4269 in
807 4209 1068 4282 deditoS,
1096 4211 1354 4271 clemens
1388 4212 1451 4269 in
1484 4213 1748 4287 captivos
1769 4256 1788 4287 ,
1822 4214 2140 4273 munificus
2181 4216 2246 4273 in

707 4321 942 4376 servos,
968 4309 1026 4364 et
1051 4305 1312 4364 liberalis
1356 4306 1419 4365 in
1454 4322 1700 4380 omnes;
1739 4307 1820 4366 ita
1845 4313 1912 4366 ut
1937 4324 2090 4383 saepe
2116 4325 2247 4368 ma-

702 4400 838 4474 jora
866 4399 1051 4471 daret,
1084 4415 1267 4474 quam
1303 4399 1381 4458 ab
1426 4415 1498 4458 eo
1551 4405 1748 4474 petere
1802 4401 1936 4475 quis
1978 4402 2243 4462 auderet.

708 4496 845 4552 Erat
867 4494 1072 4568 utique
1110 4492 1204 4551 vir
1228 4492 1545 4565 singularis
1580 4494 1877 4568 audaciae,
1906 4496 2135 4571 patiens
2161 4496 2247 4556 la-

709 4586 948 4660 borum,
981 4588 1039 4643 et
1065 4585 1213 4643 nihil
1238 4585 1353 4644 sibi
1379 4586 1636 4645 arduum
1654 4632 1674 4655 ,
1701 4588 1969 4663 nihilque
2004 4589 2247 4649 difficile

709 4679 1044 4739 videbatur.
1072 4678 1272 4740 Omnis
1289 4680 1567 4754 periculi,
1595 4684 1653 4739 et
1677 4682 1951 4740 maximae
1987 4683 2247 4742 multitu-

715 4772 869 4831 dinis
910 4778 1037 4833 erat
1077 4777 1476 4848 contemptor3
1518 4773 1744 4848 primus
1785 4791 2020 4850 semper
2059 4778 2250 4836 aciem

714 4867 1076 4939 invadebat,
1115 4870 1171 4925 et
1219 4867 1268 4925 si
1321 4867 1684 4943 quandoque
1731 4868 2080 4929 fortissimos
2124 4887 2249 4943 esse

715 4962 974 5022 hostium
1000 4978 1219 5020 cuneos
1241 4960 1605 5033 advertebat,
1623 4962 1777 5021 illud
1802 4964 2084 5023 irruebat.
2117 4967 2255 5025 Nul-

717 5056 845 5115 lum
882 5073 1173 5132 umquam
1216 5056 1445 5116 bellum
1477 5058 1769 5133 perdidit,
1795 5061 2024 5121 nullam
2051 5064 2253 5122 civita·

720 5152 840 5209 tem
862 5152 1115 5225 obsedit,
1128 5168 1309 5227 quam
1335 5168 1460 5212 non
1487 5152 1737 5228 ceperit3
1765 5158 1970 5213 etcum
1983 5158 2254 5216 omnium

792 5351 987 5419 ¹Rom.‚
1018 5363 1130 5417 xvi,
1170 5353 1246 5405 ¹8.
1280 5379 1338 5391 —
1371 5353 1393 5387 ²
1419 5351 1626 5419 Philip„
1660 5364 1736 5421 m,
1768 5356 1844 5404 ts.
1879 5382 1930 5391 -
1966 5354 1988 5391 θ
2015 5355 2167 5413 Bern.
2200 5383 2252 5393 —

1725 401 2046 470 SERMON
2054 403 2144 469 Es
2185 402 2287 471 DE
2328 398 2678 469 SANCTIS.
2722 399 2797 467 V.

2317 538 2508 599 victor
2532 540 2704 609 esset,
2735 552 2773 595 a
2806 536 2998 612 seipso
3028 534 3294 595 devictus
3332 538 3440 596 est.
3475 537 3669 608 Quem
3691 550 3857 595 arma

2318 626 2496 695 totius
2521 633 2767 695 Orientis
2791 634 3027 693 vincere
3044 648 3170 692 non
3183 636 3523 709 potuerunt,
3551 631 3748 691 carnis
3762 631 3853 688 vi-

2318 727 2401 788 tia
2426 726 2787 788 devicerunt.
2817 726 2980 786 Unde
3005 743 3046 787 a
3069 727 3211 787 vino
3256 730 3315 785 et
3338 726 3578 785 luxuria
3617 740 3857 800 supera-

2320 826 2417 881 tus
2443 825 2549 880 est.
2592 824 2674 880 Ex
2722 837 2843 896 quo
2880 821 3287 894 concluditur,
3335 820 3504 896 quod
3551 820 3627 877 sit
3665 819 3856 892 majus

2320 915 2641 989 subiugare
2661 914 2954 991 seipsum,
2984 931 3165 991 quam
3201 912 3439 973 vincere
3466 917 3659 974 totum
3693 927 3859 972 mun-

2324 1010 2492 1070 dum.

2395 1102 2585 1163 Tertio
2624 1106 2762 1161 sunt
2793 1101 3040 1177 quidam
3073 1102 3180 1179 qui
3217 1102 3483 1161 serviunt
3507 1099 3777 1174 diabolo,
3806 1106 3865 1159 et

2322 1198 2388 1257 hi
2412 1197 2668 1256 maxime
2693 1200 2831 1255 sunt
2853 1197 3116 1272 superbi,
3144 1195 3220 1255 de
3244 1213 3368 1271 qua
3402 1196 3684 1254 servitute
3720 1194 3856 1253 dici-

2325 1296 2420 1350 tur
2446 1293 2468 1327 ⁸
2499 1310 2514 1350 z
2548 1310 2579 1346 α
2604 1296 2792 1366 Aquo
2821 1291 2954 1366 quis
2979 1294 3286 1364 superatus
3308 1293 3416 1362 est,
3435 1290 3639 1364 ejuset
3664 1305 3861 1347 servus

2327 1391 2433 1445 est.
2461 1408 2490 1440 n
2524 1389 2676 1463 Ergo
2718 1385 2824 1459 qui
2848 1401 2911 1443 se
2951 1400 2989 1442 a
3037 1382 3283 1443 diabolo
3319 1383 3590 1458 superari
3637 1382 3863 1457 permit-

2326 1482 2475 1554 tunt,
2506 1479 2733 1539 diaboli
2757 1478 2913 1537 servi
2934 1478 3102 1537 fiunt.
3130 1476 3295 1535 Unde
3320 1476 3552 1535 ibidem
3576 1476 3857 1536 dicitur‘:

2333 1592 2365 1631 α
2392 1574 2555 1635 Servi
2579 1574 2707 1647 ejus
2734 1573 2869 1631 estis
2894 1572 2991 1631 cui
3019 1571 3321 1631 obedistis.
3345 1592 3373 1627 n
3406 1574 3539 1630 uaec
3565 1572 3731 1629 enim
3756 1586 3862 1629 ser-

2326 1669 2483 1728 vitus
2516 1672 2603 1726 est
2645 1667 2835 1738 mala,
2878 1666 2968 1724 illi
3008 1666 3228 1725 servire
3247 1707 3269 1738 ,
3311 1665 3417 1740 qui
3456 1666 3740 1723 continue
3777 1680 3865 1723 me

2330 1763 2540 1838 quierit
2564 1761 2833 1820 occidere
2852 1803 2872 1833 ,
2903 1777 2941 1818 a
2964 1776 3200 1818 summo
3226 1759 3608 1831 subtrahere,
3640 1759 3723 1817 ad
3750 1774 3867 1834 pte-

2329 1872 2439 1915 nas
2464 1860 2709 1914 oeternas
2743 1854 3060 1913 adducere.
3089 1854 3253 1913 Unde
3280 1854 3494 1912 dicitur
3516 1855 3575 1912 ⁷:
3600 1872 3633 1908 α
3658 1852 3871 1913 Servie-

2329 1950 2404 2010 tis
2426 1950 2540 2008 diis
2567 1949 2775 2007 alienis
2801 1949 2906 2023 qui
2947 1963 3071 2006 non
3112 1947 3339 2006 dabunt
3381 1947 3557 2007 vobis
3600 1948 3867 2023 requiem

2331 2043 2430 2103 die
2456 2059 2527 2102 ac
2546 2046 2741 2114 nocte,
2770 2062 2797 2096 n
2831 2040 2976 2117 quia
2999 2057 3109 2100 nec
3127 2041 3224 2099 die
3250 2041 3552 2116 praesentis
3578 2041 3740 2113 vitae,
3756 2057 3862 2100 nec

2332 2139 2396 2198 in
2420 2140 2593 2198 nocte
2635 2136 3063 2196 tenebrositatis
3102 2140 3349 2196 aeternse.
3397 2137 3509 2208 Qui
3553 2137 3721 2195 enim
3757 2151 3873 2195 ser·

2332 2233 2500 2293 viunt
2523 2247 2680 2291 nunc
2693 2274 2715 2305 ,
2753 2229 2853 2289 vel
2895 2230 3161 2302 mundo,
3188 2230 3286 2289 vel
3323 2230 3564 2306 corpori
3604 2247 3720 2290 suo
3744 2271 3761 2298 ,
3784 2229 3877 2288 vel

2333 2327 2451 2403 ipsi
2476 2325 2751 2398 diabolo;
2784 2330 2840 2386 et
2881 2341 3042 2384 nunc
3089 2340 3322 2399 semper
3367 2329 3505 2383 sunt
3538 2324 3607 2382 in
3653 2325 3877 2400 peccati

2337 2421 2686 2498 opprobrio,
2716 2424 2775 2479 et
2800 2419 3241 2480 confunduntur
3276 2420 3340 2477 in
3371 2417 3624 2492 judicio,
3652 2422 3729 2493 :et
3754 2424 3877 2478 tan·

2337 2516 2478 2576 dem
2501 2513 2921 2573 cruciabuntur
2948 2513 3295 2572 aeternaliter
3320 2512 3384 2570 in
3417 2512 3672 2571 inferno.

2409 2611 2628 2680 Quarto
2672 2611 2808 2667 sunt
2845 2607 3125 2682 quidam,
3172 2608 3277 2682 qui
3320 2607 3585 2665 serviunt
3628 2610 3790 2678 Deo,
3827 2613 3882 2666 et

2336 2704 2431 2765 isti
2455 2708 2591 2762 sunt
2615 2719 2822 2763 omnes
2842 2704 3016 2778 justi,
3047 2703 3153 2779 qui
3176 2717 3337 2760 nunc
3364 2717 3602 2776 semper
3625 2701 3882 2760 humiles

2338 2802 2396 2858 et
2422 2798 2705 2875 despecti,
2734 2798 2928 2873 qualis
2950 2797 3060 2856 fuit
3083 2795 3455 2856 beatissimus
3478 2795 3778 2854 Nicolaus.
3806 2798 3881 2854 De

2339 2891 2462 2951 istis
2489 2893 2648 2951 enim
2684 2892 2868 2950 servis
2905 2890 3046 2949 dicit
3082 2889 3361 2949 Dominus
3391 2890 3415 2926 ⁸
3446 2907 3461 2946 ε
3496 2908 3529 2944 α
3554 2891 3709 2948 Cum
3751 2904 3879 2949 om·

2342 2987 2464 3058 nia,
2485 2987 2696 3062 inquit,
2722 2984 3157 3056 benefeceritis,
3188 2983 3363 3042 dicite
3392 2983 3534 3056 quia
3570 2983 3729 3041 servi
3758 2985 3883 3041 inu·

2341 3080 2471 3139 tiles
2497 3096 2701 3139 sumus
2730 3079 2938 3155 :quod
2965 3077 3280 3138 debuimus
3304 3075 3519 3150 facere,
3548 3076 3821 3135 fecimuS.
3851 3098 3875 3129 ι

2344 3178 2463 3234 Hoc
2490 3179 2685 3233 autem
2708 3173 2846 3233 ideo
2883 3168 3052 3245 dixit,
3083 3177 3148 3231 ut
3175 3187 3411 3246 semper
3438 3171 3515 3230 de
3541 3187 3606 3229 se
3631 3170 3880 3229 humilia

2342 3268 2614 3340 sentiant,
2643 3284 2719 3326 ne
2745 3284 2853 3342 per
2879 3266 3220 3343 superbiam
3247 3266 3679 3324 evanescant.0
3702 3280 3879 3340 quam

2344 3378 2642 3433 securum,
2670 3378 2854 3437 quam
2896 3362 3260 3420 fructuosum
3307 3364 3393 3417 est
3433 3358 3575 3419 huic
3604 3359 3737 3432 regi
3766 3358 3879 3417 ser-

2344 3446 2501 3529 vire,
2549 3455 2653 3531 qui
2691 3454 2841 3513 nihil
2892 3455 3103 3530 quaerit
3147 3470 3186 3513 a
3228 3469 3436 3526 servo,
3474 3452 3645 3528 quod
3671 3452 3789 3511 sibi
3815 3453 3883 3510 sit

2345 3554 2551 3615 inutile
2569 3596 2591 3627 ,
2618 3553 2725 3614 sed
2751 3552 2949 3612 solum
2976 3550 3145 3627 quod
3182 3567 3355 3609 servo
3395 3551 3471 3609 sit
3496 3550 3577 3610 ad
3601 3551 3877 3610 salutem!

2349 3650 2704 3723 Augustinus
2729 3649 2753 3685 ⁹
2779 3666 2793 3705 :
2817 3666 2850 3702 α
2868 3646 3022 3706 Nihil
3049 3649 3199 3704 Deus
3219 3645 3394 3719 iubet
3418 3645 3587 3720 quod
3600 3645 3721 3703 sibi
3747 3661 3883 3720 pro·

2348 3744 2453 3816 sit,
2498 3743 2606 3801 sed
2648 3742 2738 3800 illi
2781 3741 2878 3800 cui
2916 3741 3103 3816 jubet.
3139 3759 3169 3794 ιο
3216 3738 3429 3798 Mirum
3456 3742 3545 3797 est
3575 3739 3881 3812 quomodo

2352 3853 2487 3895 cum
2531 3838 2734 3895 sancto
2782 3834 3022 3893 Nicolao
3066 3848 3190 3891 non
3227 3833 3423 3891 omnis
3459 3832 3729 3890 mundus
3774 3836 3882 3891 Deo

2349 3931 2489 3991 huic
2511 3930 2710 4002 servit,
2738 3932 2860 3988 tam
2884 3926 3288 4003 potentissimo
3331 3926 3413 3985 ad
3450 3926 3882 3999 adjuvandum,

2351 4029 2476 4084 tam
2501 4022 2931 4099 sapientissimo
2970 4020 3051 4079 ad
3095 4019 3530 4080 consulendum
3549 4061 3571 4091 ,
3594 4024 3724 4079 tam
3747 4021 3884 4081 libe·

2351 4120 2644 4181 ralissimo
2672 4117 2753 4178 ad
2779 4114 3277 4185 subveniendum,
3304 4116 3430 4172 tam
3454 4113 3883 4189 benigniffiimo

2352 4215 2435 4274 ad
2462 4211 2860 4290 parcendum3
2902 4213 2960 4269 et
2994 4225 3026 4267 e
3054 4211 3261 4268 contra
3303 4224 3429 4268 non
3479 4209 3743 4267 servient
3774 4212 3888 4268 tam

2353 4307 2721 4367 severissimo
2775 4304 2856 4363 ad
2913 4302 3304 4378 puniendum.
3346 4302 3567 4361 Dicitur
3607 4302 3771 4361 enim
3817 4301 3888 4361 de
3932 4323 4041 4365 sn·

2354 4400 2722 4470 Alexandro,
2750 4397 2919 4473 qnod
2948 4396 3395 4455 liberalissimus
3431 4395 3725 4455 militibus
3751 4401 3888 4465 erat,
3937 4382 4037 4438 μ

2357 4499 2418 4554 et
2442 4495 2646 4554 omnia
2670 4492 2789 4551 illis
2817 4492 3001 4551 dabat
3014 4532 3034 4564 ,
3076 4506 3210 4566 quoe
3233 4490 3297 4548 in
3323 4490 3591 4564 praedam
3621 4506 3698 4549 ex
3722 4489 3889 4548 bonis

2354 4588 2613 4648 hostium
2655 4586 3035 4646 inveniebant
3063 4603 3078 4642 ε
3121 4584 3205 4642 sic
3251 4600 3354 4643 eos
3388 4584 3469 4642 ad
3513 4584 3889 4642 serviendum

2357 4683 2472 4741 sibi
2502 4682 2945 4756 subiugaverat,
2971 4678 3139 4755 quod
3165 4678 3244 4736 ad
3276 4678 3663 4737 moriendum
3689 4695 3800 4754 pro
3821 4692 3886 4736 eo

2356 4778 2604 4837 beatum
2643 4791 2769 4835 esse
2802 4774 3146 4833 credebant.
3178 4775 3332 4847 Ergo
3372 4772 3627 4848 qualiter
3671 4776 3761 4831 est
3784 4776 3889 4830 Do·

2358 4872 2524 4931 mino
2569 4868 2975 4940 serviendum,
3025 4867 3131 4942 qui
3166 4881 3290 4925 non
3336 4871 3403 4925 ut
3444 4866 3783 4926 Alexander
3805 4882 3889 4924 so·

2362 4966 2486 5026 lum
2515 4965 2717 5024 tribuit
2754 4963 2919 5023 bona
2943 4961 3192 5021 fortunae
3206 5004 3228 5035 ,
3257 4962 3365 5019 sed
3392 4960 3494 5019 dat
3518 4964 3607 5021 tot
3631 4961 3798 5020 bona
3823 4976 3890 5018 ex

2362 5063 2528 5137 parte
2556 5058 2822 5133 corporis
2860 5055 3036 5115 simul
3076 5060 3132 5115 et
3168 5054 3415 5125 animm,
3462 5054 3566 5112 dat
3606 5058 3693 5112 tot
3737 5054 3892 5113 bona

2360 5154 2585 5229 gratiae,
2614 5157 2700 5212 tot
2720 5152 2886 5210 bona
2912 5150 3194 5223 scientiae,
3232 5153 3289 5207 et
3308 5149 3598 5225 promittit
3623 5154 3713 5209 tot
3735 5150 3890 5209 bona

2367 5283 2386 5317 δ
2405 5284 2587 5335 Senec.
2604 5306 2669 5318 —
2693 5279 2715 5315 ⁸
2745 5278 2763 5328 1
2788 5280 2948 5339 Peon,
2971 5289 3030 5336 11,
3060 5279 3136 5328 ts.
3157 5302 3219 5314 -
3241 5275 3435 5338 ⁸1hid.,
3467 5278 3545 5328 19.
3564 5302 3627 5315 -
3657 5277 3675 5307 ‘¹
3697 5276 3888 5329 lev-en..

2366 5367 2474 5419 xvi,
2498 5357 2576 5413 13.
2597 5378 2659 5390 -
2684 5352 2706 5388 ³
2730 5352 2868 5414 Luc„
2896 5361 3030 5412 xvu,
3062 5353 3137 5405 10.
3165 5374 3227 5387 —
3251 5348 3275 5384 ⁹
3296 5354 3423 5417 Aug,
