4059 6317
746 496 867 565 530

740 632 1025 692 sanctitati
1043 631 1323 692 diabolus
1346 632 1620 692 invidens
1643 634 1755 693 sibl
1776 633 2087 708 suggessit,
2113 634 2179 688 ut
2204 628 2282 687 de

737 720 853 796 hie,
897 740 1027 799 quoe
1063 724 1416 799 anquireret,
1461 727 1690 799 partem
1718 725 1976 799 aliquam
2014 736 2279 781 reserva·

733 824 843 887 ret,
884 820 950 876 ut
986 818 1035 875 si
1081 818 1445 893 quandoque
1480 817 1845 876 infirmitates
1880 817 2278 885 incurrerent,

731 911 893 970 unde
918 915 1356 984 sustentaretur,
1384 912 1627 971 haberet
1643 955 1658 970 .
1688 914 1954 986 Cumque
1980 910 2069 968 illi
2096 911 2277 968 tenta·

731 1003 876 1062 tioni
905 1020 1210 1064 assensum
1235 1007 1554 1081 praeberet,
1582 1011 1638 1064 et
1659 1008 1786 1079 jam
1822 1005 2071 1064 multam
2096 1018 2278 1078 pecu-

728 1098 890 1157 niam
918 1104 1349 1175 congregasset,
1389 1104 1505 1159 Deo
1532 1099 1791 1172 volente,
1832 1097 2089 1173 graviter
2115 1096 2276 1154 infir-

727 1194 922 1250 matus
950 1197 1053 1251 est.
1085 1195 1349 1269 Cumque
1388 1194 1653 1255 medicos
1680 1192 2046 1263 advocasset,
2078 1193 2136 1249 et
2160 1204 2272 1264 pro

727 1300 869 1344 cura
892 1302 1131 1345 omnem
1145 1287 1310 1345 illam
1329 1287 1645 1362 pecimiam
1667 1286 2059 1361 expendisset,
2079 1283 2273 1342 curari

722 1383 923 1438 tamen
947 1396 1073 1440 non
1097 1382 1307 1456 potuit.
1347 1382 1729 1441 Vehementer
1754 1386 1956 1440 tamen
1988 1379 2239 1439 afflictus
2248 1421 2269 1451 ,

724 1473 805 1531 ad
830 1477 1010 1533 Deum
1053 1491 1117 1534 se
1162 1475 1409 1535 contulit
1427 1517 1446 1547 ‚
1477 1479 1537 1533 et
1558 1492 1670 1550 pro
1698 1475 1887 1534 salute
1915 1490 2025 1534 sua
2044 1515 2065 1545 ,
2106 1471 2270 1530 illius

721 1568 1011 1627 auxilium
1038 1568 1397 1644 imploravit.
1423 1570 1528 1628 Cui
1547 1569 1795 1643 angelus
1814 1582 2129 1643 apparens,
2154 1564 2262 1622 ait:

722 1662 876 1718 «Ubi
903 1667 990 1720 est
1003 1663 1260 1737 pecunia
1283 1668 1404 1733 tua,
1430 1663 1493 1721 iu
1510 1679 1633 1738 qua
1657 1663 1943 1738 sperasti?
1964 1660 2063 1719 dic
2089 1660 2176 1718 illi
2203 1664 2268 1717 ut

717 1760 774 1813 te
794 1754 1054 1829 adiuvet.
1068 1776 1099 1812 s
1120 1758 1386 1832 Cumque
1411 1756 1514 1815 ille
1542 1756 1972 1830 ingemisceret,
2001 1760 2062 1813 et
2084 1754 2263 1812 mise-

711 1844 1036 1903 ricordiam
1061 1849 1313 1920 peteret,
1344 1847 1422 1904 ab
1449 1847 1664 1921 angelo
1693 1852 1927 1934 curatus
1951 1850 2055 1904 est.
2086 1848 2263 1919 Prop-

711 1939 873 1998 terea
899 1939 1094 1997 dicere
1130 1944 1362 2014 poterat
1401 1940 1577 1999 beata
1603 1939 1826 2014 Agatha
1844 1983 1863 2012 ,
1906 1944 1963 1997 et
1988 1954 2101 2031 nos
2131 1954 2259 1996 om-

712 2047 819 2089 nes
864 2047 1000 2089 cum
1017 2047 1090 2090 ea
1116 2032 1269 2091 illud
1297 2040 1355 2091 ¹:
1409 2052 1438 2087 α
1469 2037 1597 2092 Νοιι
1627 2037 1715 2092 est
1759 2037 2026 2104 sanctus,
2069 2035 2137 2090 ut
2174 2035 2263 2090 est

711 2126 1013 2198 Dominus,
1054 2141 1249 2201 neque
1290 2130 1377 2185 est
1402 2126 1554 2185 alius
1589 2130 1757 2186 extra
1797 2131 1877 2199 te,
1916 2130 1975 2185 et
2008 2141 2132 2184 non
2173 2129 2262 2184 est

707 2219 894 2292 fortis,
923 2220 1072 2278 sicut
1088 2223 1236 2278 Deus
1263 2225 1483 2280 noster.
1504 2243 1533 2276 ι»
1561 2225 1713 2295 Ergo
1741 2224 1920 2280 restat
1946 2220 2099 2279 utin
2124 2220 2256 2295 ipso

707 2314 862 2385 solo,
888 2331 1013 2374 non
1030 2317 1093 2374 in
1118 2318 1375 2391 mundo,
1404 2333 1643 2392 sperare
1681 2318 2027 2375 debeamus

777 2409 967 2467 Tertio
999 2410 1175 2468 beata
1191 2411 1418 2484 Agatha
1440 2410 1548 2470 fuit
1573 2411 1738 2470 fortis
1761 2410 1842 2469 ad
1864 2426 2042 2468 omne
2066 2425 2255 2483 genus

704 2503 972 2578 martyrii
997 2503 1393 2563 tolerandum.
1424 2504 1588 2562 Unde
1619 2504 1832 2563 dicitur
1863 2506 1888 2541 ¹
1922 2503 2133 2578 ‹tquod
2157 2503 2255 2561 lae·

699 2600 895 2655 tanter
918 2596 1044 2655 ibat
1067 2598 1149 2655 ad
1171 2612 1489 2670 carcerem,
1515 2601 1575 2657 et
1600 2598 1771 2673 quasi
1801 2597 1882 2656 ad
1908 2597 2116 2673 epulas
2155 2597 2250 2654 in·

704 2691 888 2750 vitata
906 2733 926 2763 ,
969 2707 1227 2765 agonem
1267 2710 1442 2751 suum
1486 2693 1735 2751 Domino
1773 2693 2052 2768 precibus
2086 2709 2251 2750 com·

704 2786 1091 2845 mendabat.»
1121 2791 1394 2863 Tyranno
1423 2788 1602 2846 etiam
1621 2803 1829 2846 omnes
1854 2803 2062 2862 poenas
2089 2804 2252 2846 com-

700 2880 949 2939 minanti
975 2880 1245 2940 dicebat:
1284 2900 1313 2934 α
1339 2882 1496 2940 Sicut
1519 2881 1624 2956 qui
1651 2881 1818 2940 audit
1844 2881 2077 2941 bonum
2101 2897 2251 2940 nun·

697 2977 846 3036 tium
866 2979 1107 3053 gaudet,
1136 2979 1220 3037 sic
1249 2995 1360 3052 ego
1398 2979 1462 3037 in
1496 2979 1588 3036 his
1615 2981 1808 3054 poenis
1837 2979 2250 3055 corporalibus

695 3073 892 3146 posita
921 3090 936 3130 ε
969 3072 1112 3147 quia
1130 3072 1489 3131 frumentum
1513 3088 1635 3131 non
1654 3073 1896 3147 ponitur
1919 3074 1983 3131 in
2008 3075 2245 3148 horrea,

695 3164 809 3222 nisi
835 3165 1004 3245 theca
1041 3165 1170 3238 ejus
1191 3165 1370 3223 fuerit
1405 3165 1630 3224 fortiter
1668 3166 2011 3224 conculcata
2039 3168 2102 3224 in
2133 3183 2244 3241 pa-

693 3256 803 3316 leis
832 3276 848 3315 z
877 3259 962 3316 ita
995 3259 1199 3317 anima
1243 3276 1381 3318 mea
1404 3276 1530 3318 non
1563 3264 1757 3333 potest
1793 3261 1856 3318 in
1897 3260 2243 3334 paradisum

693 3367 833 3410 cum
857 3351 1061 3427 palma
1086 3352 1305 3411 intrare
1331 3354 1621 3429 martyrii,
1651 3353 1766 3411 nisi
1793 3369 2010 3429 corpus
2038 3370 2241 3413 meum

687 3447 1026 3520 permiseris
1039 3461 1076 3504 a
1091 3447 1467 3506 carnificibus
1479 3446 1704 3506 fortiter
1715 3447 2027 3506 attrectari.
2040 3467 2069 3501 ιο
2093 3450 2240 3521 Lege

689 3539 752 3596 in
779 3539 1052 3613 Legenda
1080 3544 1511 3599 tormentorum
1540 3541 1667 3614 ejus
1698 3542 2017 3614 generalia,
2050 3546 2108 3600 et
2132 3559 2243 3617 po-

681 3633 834 3706 pulo
860 3633 1138 3708 praedica.
1175 3638 1321 3693 Nam
1349 3639 1407 3693 et
1430 3634 1562 3709 ipsa
1595 3650 1733 3693 vere
1771 3639 2005 3709 poterat
2045 3635 2238 3694 dicere

687 3730 839 3788 illud
863 3731 1120 3790 Eleazari
1152 3734 1175 3769 ⁸
1203 3752 1219 3791 ε
1259 3752 1290 3787 ι
1315 3733 1578 3806 Fortiter,
1606 3733 1819 3808 inquit,
1855 3734 2040 3792 vitam
2068 3751 2237 3793 exce-

686 3823 926 3898 dendo,
973 3828 1267 3884 senectute
1331 3826 1578 3900 quidem
1632 3827 1849 3900 dignus
1903 3828 2231 3903 apparebo.

683 3916 1170 3977 Adulescentibus
1224 3922 1424 3977 autem
1465 3920 1806 3994 exemplum
1858 3920 2005 3979 forte
2046 3920 2234 3980 relin-

683 4022 887 4080 quam,
931 4007 983 4064 si
1013 4012 1294 4084 prompte
1334 4025 1405 4066 ac
1441 4007 1666 4068 fortiter
1702 4026 1814 4085 pro
1855 4010 2233 4069 sanctissimis

679 4099 916 4174 legibus
953 4102 1200 4161 honesta
1236 4108 1426 4161 morte
1469 4103 1806 4177 perfungar.
1851 4124 1881 4160 ι»
1923 4108 1991 4163 Ει
2029 4104 2228 4178 addit,

681 4208 861 4253 orans
906 4194 986 4254 ad
1026 4195 1341 4255 Dominum
1379 4194 1403 4229 ι
1443 4214 1459 4252 ε
1510 4216 1538 4250 (ι
1578 4198 1856 4271 Domine,
1892 4199 2001 4273 qui
2043 4198 2232 4257 habes

673 4292 944 4346 sanctam
971 4288 1298 4361 scientiam,
1326 4289 1632 4349 manifeste
1667 4296 1731 4349 tu
1758 4292 1891 4363 scie,
1919 4292 2065 4367 quia
2091 4308 2230 4351 cum

675 4396 715 4439 a
738 4386 929 4440 morte
968 4398 1207 4456 possem
1247 4382 1513 4456 liberari,
1542 4383 1726 4442 duros
1755 4386 2022 4460 corporis
2059 4388 2229 4444 susti·

677 4489 792 4533 neo
815 4476 1056 4534 iabores
1087 4477 1225 4547 (sive
1267 4476 1568 4551 dolores),
1598 4479 1928 4538 secundum
1963 4480 2226 4539 animam

674 4585 819 4627 vero
860 4573 1103 4644 propter
1141 4586 1407 4629 amorem
1452 4574 1623 4629 tuum
1655 4572 1908 4631 libenter
1943 4574 2067 4632 haec
2096 4590 2226 4649 .pa-

675 4662 808 4721 tior.
826 4682 856 4718 n
879 4662 995 4722 Sed
1023 4665 1156 4739 quis
1182 4664 1362 4723 hodie
1384 4665 1539 4738 talis,
1560 4665 1664 4739 qui
1688 4681 1812 4724 non
1836 4666 2081 4741 effugiat
2093 4685 2222 4743 poe-

672 4771 779 4815 nas
798 4761 854 4815 et
874 4761 1147 4829 mortem,
1167 4758 1216 4815 si
1230 4758 1527 4833 possit‘PSi
1546 4759 1650 4833 qui
1671 4758 1999 4833 aliquando
2021 4764 2222 4820 tamen

669 4851 793 4924 pati
819 4856 1128 4926 cogantur,
1159 4853 1236 4911 de
1261 4852 1379 4910 hoc
1417 4852 1548 4911 solo
1588 4858 2050 4928 conqueruntur,
2079 4856 2221 4929 quia

669 4943 1011 5004 innocentes
1037 4953 1097 5005 et
1122 4945 1350 5020 absque
1378 4946 1551 5020 culpa
1573 4946 1878 5020 patiuntur
1893 4991 1911 5019 ,
1942 4964 2081 5006 cum
2105 4964 2218 5023 po-

669 5037 782 5096 tius
804 5038 1069 5113 gaudere
1098 5038 1403 5098 deberent.
1433 5042 1582 5099 Nam
1621 5039 1964 5100 innocentes
1997 5043 2217 5101 mortui

665 5136 803 5191 sunt
828 5146 1056 5207 omnes,
1086 5133 1191 5208 qui
1227 5148 1342 5208 pro
1378 5132 1604 5193 christo
1648 5138 1785 5193 sunt
1830 5134 2040 5208 occisi3
2091 5135 2215 5195 ino

665 5225 792 5301 ipse
815 5227 1073 5287 Christus
1088 5226 1199 5288 fuit
1223 5227 1735 5313 innocentissimus
1747 5233 2036 5289 mortuus.
2061 5232 2214 5305 Ergo

733 5429 745 5461 ¹
799 5428 817 5477 Ι
863 5427 999 5490 Rem,
1050 5437 1128 5491 11,
1172 5430 1220 5477 2.
1273 5447 1326 5459 -
1387 5428 1409 5461 ¹
1461 5429 1609 5477 Brev.
1656 5428 1818 5491 Rom„
1861 5442 1998 5492 resp.
2046 5432 2093 5479 2.
2155 5457 2205 5466 —

1764 492 2180 567 SERMONES
2222 488 2323 557 ΒΕ
2360 487 2708 557 SANCTlS.
2751 484 2911 555 XVL

2388 629 2539 684 esset
2565 623 2972 699 gaudendum,
3009 637 3136 682 non
3174 621 3531 695 dolendum,
3574 622 3627 682 si
3654 623 3799 699 quis
3822 624 3939 684 cul-

2385 718 2603 793 pabilis
2626 734 2750 776 non
2774 715 3051 792 patiatur.
3072 734 3103 770 α
3118 718 3261 786 Quas
3286 716 3449 774 enim
3465 716 3683 790 gratia,
3700 742 3729 768 a·
3756 718 3942 793 inquit

2384 811 2690 886 apostolus
2718 814 2918 869 Petrus
2944 813 2989 882 ⁸,
3022 830 3053 865 ι
3073 812 3123 868 si
3149 814 3462 886 peccantes
3489 814 3548 869 et
3588 810 3937 886 colaphizati

2382 905 2714 963 suffertisi'»
2743 908 2884 976 Quae
2909 905 3099 979 gratia
3116 905 3467 971 latronibus,
3489 905 3541 961 si
3568 904 3935 965 decollentur

2382 999 2479 1057 vel
2500 1000 2904 1072 exoculentur,
2935 999 2985 1056 si
3010 999 3297 1057 membris
3336 1003 3711 1070 truncentur,
3753 1000 3803 1056 si
3842 1017 3931 1058 su·

2379 1095 2783 1168 spendantur?
2799 1093 2963 1152 Unde
2979 1095 3245 1152 Socrates
3270 1092 3372 1151 ille
3392 1092 3821 1168 philosophus,
3834 1093 3927 1168 qui
3988 1107 4059 1148 sm

2378 1189 2540 1244 tanta
2577 1188 2865 1262 sapientia
2900 1188 3128 1261 claruit,
3168 1187 3317 1246 sicut
3355 1185 3625 1245 Valerius
3650 1187 3927 1245 Maximus
3946 1167 4049 1222 μ

2376 1282 2579 1340 scribit
2602 1284 2648 1354 ⁸,
2690 1287 2756 1340 ut
2784 1304 2815 1337 α
2839 1282 2989 1341 nihil
3029 1282 3188 1341 ultra
3211 1282 3545 1358 petendum
3587 1300 3719 1341 esse
3750 1300 3791 1341 a
3826 1283 3929 1341 diis

2374 1376 2793 1447 arbitraretur,
2822 1392 3007 1451 quam
3033 1380 3099 1434 ut
3132 1377 3295 1435 hona
3322 1376 3661 1436 tribuerent
3692 1398 3707 1436 z
3738 1398 3769 1433 ι
3798 1378 3925 1436 hinc

2372 1472 2639 1529 Socrates
2664 1471 2865 1529 multis
2891 1472 2974 1529 ad
3006 1471 3164 1530 banc
3200 1487 3329 1530 rem
3363 1471 3759 1546 probandam
3798 1489 3925 1531 usus

2371 1567 2460 1622 est
2485 1564 2868 1639 argumentis,
2892 1569 2959 1623 ut
2973 1569 3173 1624 narrat
3195 1564 3459 1623 Valerius
3485 1566 3807 1636 Maximus,
3832 1565 3923 1640 qui

2370 1656 2433 1714 in
2475 1658 2596 1716 fine
2634 1658 2840 1733 capitis
2885 1658 3036 1716 illud
3083 1658 3156 1717 de
3190 1658 3474 1718 scelerata
3518 1660 3819 1718 sententia
3854 1659 3921 1718 ab

2370 1751 2821 1811 Ameniensibus
2840 1752 2904 1811 in
2924 1769 3063 1811 eum
3080 1752 3200 1811 lata
3220 1753 3517 1827 sapienter
3536 1753 3774 1812 dictum
3801 1770 3919 1812 con·

2368 1843 2593 1903 cludit:
2648 1865 2677 1897 α
2717 1847 2981 1905 Socrates
3026 1845 3189 1904 enim
3233 1862 3373 1904 cum
3413 1846 3557 1905 forti
3604 1849 3835 1919 animo,
3870 1851 3917 1905 et

2366 1938 2657 1997 constanti
2683 1940 2851 1998 vultu
2873 1939 3181 2014 potionem
3214 1939 3429 1998 veneni
3456 1957 3492 1998 e
3520 1956 3715 2000 manu
3741 1942 3914 2000 carni·

2364 2030 2492 2108 ficis
2549 2032 2867 2108 accepisset
2889 2074 2909 2105 ,
2956 2033 3202 2092 admoto
3262 2034 3391 2107 ,iam
3444 2033 3641 2093 labris
3683 2034 3915 2109 poculo,

2364 2124 2540 2184 uxori
2578 2128 2882 2202 xantippae
2909 2127 3060 2185 inter
3094 2127 3299 2186 fletum
3336 2132 3394 2185 et
3429 2127 3913 2188 lamentationem

2363 2219 2704 2278 vociferanti
2731 2222 3109 2279 innocentem
3143 2221 3388 2296 perimi:
3417 2222 3578 2291 Quid
3618 2238 3794 2296 ergo,
3838 2223 3913 2279 in·

2362 2316 2509 2388 quit,
2526 2316 2761 2375 nocenti
2776 2316 2922 2374 mihi
2937 2316 3091 2374 mori
3114 2316 3294 2374 satius
3312 2332 3437 2373 esse
3454 2315 3774 2374 duxisti‘b
3798 2318 3911 2375 lime

2361 2409 2647 2482 Socrates,
2674 2414 2740 2468 ut
2758 2413 2959 2468 narrat
2985 2409 3244 2467 Valerius
3270 2409 3510 2468 dicens:
3548 2429 3579 2464 ι
3602 2413 3652 2470 0
3680 2410 3911 2469 immen-

2359 2518 2489 2559 sam
2519 2502 2689 2561 illam
2714 2502 3084 2578 sapientiam,
3112 2519 3249 2578 quae
3274 2517 3352 2560 ne
3374 2502 3511 2577 ipso
3539 2504 3795 2577 quidem
3830 2506 3909 2563 vi·

2358 2598 2433 2654 tae
2470 2612 2715 2655 excessu
2760 2595 3030 2654 oblivisci
3072 2597 3165 2655 sui
3208 2595 3426 2671 potuit!
3452 2616 3483 2653 ι
3536 2597 3700 2655 Forti
3744 2597 3907 2670 igitur

2358 2691 2561 2751 animo
2600 2693 2888 2767 vultuque
2928 2693 3102 2751 hilari
3138 2692 3214 2751 de
3250 2708 3436 2750 manu
3479 2691 3783 2751 carnificis
3823 2709 3906 2752 ve·

2356 2786 2497 2844 neni
2523 2784 2830 2860 potionem
2858 2787 3105 2862 accepit,
3130 2792 3184 2845 et
3210 2803 3346 2845 eam
3373 2787 3717 2861 appositam
3739 2786 3901 2845 bibit.

2426 2880 2645 2948 Quarto
2671 2879 2851 2939 beata
2889 2882 3116 2954 Agatha
3154 2881 3321 2940 fortis
3356 2880 3469 2939 fuit
3505 2882 3590 2939 ad
3634 2898 3900 2957 perseve-

2353 2972 2612 3032 randum
2643 2991 2659 3031 2
2687 2974 2888 3034 nullus
2915 2975 3079 3033 enim
3105 2976 3162 3035 ei
3185 2980 3416 3035 scutum
3434 2976 3741 3051 patientias
3768 2976 3900 3035 arri·

2353 3081 2497 3140 pere
2537 3068 2761 3142 potuit,
2802 3069 2912 3128 sed
2956 3069 3111 3128 illud
3155 3069 3412 3130 finaliter
3444 3070 3710 3129 retinuit.
3756 3071 3899 3140 Quid

2352 3163 2600 3237 prodest
2651 3164 2807 3238 cani,
2856 3164 2909 3223 si
2950 3169 3088 3240 post
3136 3164 3406 3240 leporem
3461 3165 3898 3240 aliquantulum

2352 3262 2567 3329 currat,
2595 3274 2734 3317 eum
2762 3263 2965 3316 autem
2990 3273 3116 3316 non
3154 3258 3370 3333 capiat,
3396 3258 3507 3316 sed
3533 3264 3673 3317 ante
3703 3264 3897 3335 captu·

2349 3366 2481 3409 ram
2508 3351 2761 3425 deficiat,
2790 3351 2905 3409 nisi
2933 3352 3075 3427 quia
3113 3351 3327 3411 frustra
3364 3351 3713 3411 laboravit?
3738 3357 3898 3411 Beata

2349 3443 2529 3518 igitur
2549 3445 2795 3519 Agatha,
2825 3445 2976 3503 sicut
2999 3445 3245 3504 viriliter
3269 3445 3527 3521 incoepit,
3558 3447 3643 3504 sic
3670 3447 3895 3506 media·

2347 3537 2454 3609 vit,
2482 3543 2540 3596 et
2564 3543 2698 3596 ante
2726 3538 3038 3597 victoriam
3064 3539 3346 3614 clypeum
3382 3539 3750 3600 fortitudinis
3777 3557 3891 3601 non

2348 3631 2582 3705 abiecit.
2609 3632 2804 3690 Potuit
2830 3647 2974 3706 ergo
2990 3632 3208 3707 occidi,
3231 3633 3337 3691 sed
3365 3649 3492 3692 non
3506 3637 3706 3709 potuit
3723 3636 3891 3703 vinci,

2346 3740 2456 3782 nec
2483 3741 2522 3783 a
2547 3726 2865 3784 certamine
2907 3726 3022 3785 sibi
3056 3726 3368 3802 proposito
3404 3726 3709 3786 deterreri.
3736 3729 3891 3786 Unde

2344 3824 2598 3878 mortem
2634 3835 2761 3879 non
2798 3819 2998 3879 solum
3040 3822 3329 3895 patienter
3374 3820 3526 3892 tulit,
3566 3822 3677 3880 sed
3722 3824 3891 3880 etiam

2343 3912 2618 3973 ardenter
2646 3914 3025 3986 desideravit,
3054 3922 3113 3974 et
3140 3914 3434 3975 ferventer
3461 3932 3600 3973 eam
3618 3916 3890 3991 precibus

2339 4007 2680 4081 postulavit.
2710 4008 2874 4067 Unde
2900 4010 3113 4068 Sancta
3138 4011 3204 4068 in
3238 4025 3509 4077 carcere,
3549 4013 3692 4084 post
3722 4013 3807 4068 tot
3839 4014 3892 4067 et

2342 4105 2462 4159 tam
2492 4101 2727 4160 diversa
2767 4106 3087 4176 tormenta,
3113 4103 3459 4178 expandens
3496 4119 3717 4162 manus
3757 4119 3889 4162 snas

2340 4195 2423 4253 ad
2447 4196 2789 4269 Dominum,
2820 4196 2903 4255 ait
2932 4214 2947 4254 ε
2980 4197 3297 4269 «Domine,
3333 4197 3439 4271 qui
3465 4213 3563 4255 me
3598 4197 3808 4269 fecisti,
3834 4200 3887 4256 et

2340 4288 2646 4348 custodisti
2688 4290 2767 4348 ab
2811 4290 3062 4350 infantia
3098 4306 3256 4365 mea,
3294 4296 3352 4350 et
3383 4290 3573 4350 fecisti
3610 4308 3713 4350 me
3750 4291 3886 4350 viti-

2337 4382 2470 4441 liter
2513 4400 2715 4459 agere,
2754 4386 2858 4461 qui
2901 4385 3080 4462 tulisti
3124 4403 3162 4444 a
3202 4401 3300 4444 me
3344 4402 3613 4446 amorem
3654 4387 3885 4458 mundi,

2338 4478 2442 4551 qui
2483 4493 2700 4553 corpus
2743 4495 2947 4537 meum
2990 4495 3028 4537 a
3065 4479 3397 4556 pollutione
3440 4482 3747 4556 separasti,
3778 4482 3883 4556 qui

2333 4588 2432 4631 me
2453 4572 2639 4631 fecisti
2660 4573 2897 4633 vincere
2923 4578 3219 4635 tormenta
3244 4574 3613 4647 carnificum,
3636 4575 3880 4649 ferrum,

2332 4664 2536 4738 ignem
2572 4673 2630 4725 et
2655 4668 2916 4741 vincula,
2944 4669 3053 4745 qui
3088 4668 3238 4727 mihi
3264 4669 3416 4728 inter
3440 4675 3736 4729 tormenta
3758 4671 3878 4750 yir-

2332 4762 2517 4820 tutem
2553 4761 2853 4836 patientiae
2890 4763 3204 4831 contulisti.
3245 4767 3302 4822 te
3336 4780 3485 4839 rogo
3520 4769 3586 4823 ut
3624 4765 3879 4841 accipias

2331 4854 2603 4929 spiritum
2641 4872 2845 4915 meum
2875 4856 3084 4915 modo.
3113 4860 3368 4933 Tempus
3394 4858 3583 4931 enim,
3606 4861 3877 4931 Domine,

2330 4958 2438 5020 est,
2464 4953 2530 5007 ut
2548 4949 2763 5023 jubeas
2782 4967 2883 5009 me
2902 4951 3182 5010 saeculum
3196 4951 3316 5011 hoc
3331 4952 3694 5028 relinquere,
3712 4959 3771 5012 et
3798 4953 3875 5012 ad

2329 5045 2491 5100 tuam
2528 5043 2997 5103 misericordiam
3029 5046 3363 5120 pervenire.
3386 5067 3417 5102 ι
3444 5048 3513 5104 Et
3546 5046 3645 5105 his
3679 5047 3872 5120 dictis,

2327 5135 2590 5197 animam
2634 5138 2787 5198 ooelo
2840 5138 3120 5198 reddidit.
3167 5139 3313 5200 Vide
3359 5156 3504 5217 ergo
3559 5143 3872 5217 quomodo

2324 5232 2744 5304 perseveravit,
2770 5234 3080 5309 quomodo
3124 5235 3280 5296 mori
3318 5236 3576 5314 petierit,
3615 5244 3677 5300 et
3717 5256 3871 5316 quc·

2324 5358 2348 5393 ⁸
2372 5360 2415 5408 ll
2444 5358 2630 5420 uach„
2661 5372 2730 5423 vr,
2766 5363 2846 5413 27.
2874 5388 2939 5401 —
2964 5362 2986 5398 ⁸
3014 5362 3163 5427 thid„
3190 5366 3272 5416 3⁰.
3302 5393 3357 5403 -
3386 5367 3454 5417 ⁸1
3490 5368 3652 5431 Petr„
3686 5382 3759 5433 ιι,
3784 5374 3865 5423 21.

2324 5455 2384 5467 -
2412 5430 2432 5460 ⁶
2457 5431 2625 5483 Valer.
2654 5433 2810 5495 Max„
2839 5433 2926 5485 lib.
2957 5435 3074 5500 vn,
3103 5450 3149 5487 c.
3179 5447 3250 5501 ιι,
3278 5444 3477 5491 extem.
3510 5455 3566 5493 n.
3595 5447 3645 5495 1.
