4059 6317
706 412 824 474 442

702 542 921 625 quiem
945 541 1182 610 habeas
1206 540 1275 608 in
1300 540 1447 606 alia.
1476 560 1508 601 n
1543 539 1908 606 Tolerabilis
1933 544 2027 606 est
2054 557 2235 622 erge,

701 653 768 716 et
799 648 961 715 levis
1006 654 1099 716 est
1142 647 1575 714 erubescentia
1618 646 2024 716 confessionis
2044 694 2062 725 ,
2107 664 2242 712 non

702 755 914 820 solum
935 758 1193 840 propter
1210 753 1609 832 brevitatem,
1629 754 1739 818 sed
1764 754 1955 819 etiam
1974 771 2058 818 ex
2071 771 2239 817 com-

702 863 1030 945 paratione
1058 861 1468 927 intolerabilis
1489 861 1943 926 erubescentiae
1972 861 2041 925 in
2057 860 2237 942 jndi-

702 970 822 1035 cio.
855 969 923 1035 Si
948 970 1123 1034 enim
1161 968 1270 1034 hic
1299 986 1513 1034 coram
1546 986 1679 1033 nno
1720 968 2092 1033 erubescere
2124 986 2242 1032 no-

699 1075 817 1156 lis,
862 1075 932 1141 in
965 1075 1208 1158 iudicio
1254 1093 1470 1140 coram
1516 1074 1734 1140 multis
1767 1073 2049 1139 millibus
2086 1091 2240 1139 eru-

700 1184 915 1249 besces
955 1184 975 1218 ¹
1024 1206 1039 1248 :
1083 1206 1115 1244 α
1150 1182 1464 1249 Revelabo
1510 1181 1802 1264 pudenda
1840 1185 1983 1262 tua,
2039 1203 2070 1243 n
2118 1186 2240 1247 etc.

702 1290 862 1356 ltem
902 1289 1353 1355 irrationabilis
1389 1291 1486 1353 est
1520 1288 1724 1371 pudor
1745 1336 1765 1368 ‚
1814 1288 1930 1371 qui
1965 1293 2028 1352 te
2072 1289 2245 1371 cogit

702 1415 834 1462 non
869 1397 1139 1478 reverti,
1182 1397 1344 1461 sicut
1386 1395 1816 1461 irrationabile
1862 1399 1927 1460 et
1971 1396 2242 1462 stultum

702 1509 886 1585 esset,
921 1505 976 1569 si
1003 1504 1344 1570 corruisset
1369 1503 1597 1587 aliquis
1620 1503 1688 1568 in
1715 1503 2026 1582 cloacam,
2071 1504 2243 1587 quod

701 1612 918 1696 potius
942 1611 1134 1679 vellet
1171 1611 1260 1675 ibi
1297 1610 1506 1694 perIre
1519 1658 1538 1688 ‚
1583 1629 1782 1694 quam
1822 1610 2120 1675 clamare.
2168 1612 2244 1674 Et

703 1724 871 1787 certe
899 1719 1203 1803 quoniam
1240 1718 1539 1801 peccasti,
1581 1719 1650 1782 in
1693 1717 1971 1784 cloacam
2006 1717 2243 1790 diaboli

703 1827 999 1894 corruisti
1020 1833 1044 1868 ²
1076 1849 1091 1891 :
1123 1849 1155 1887 α
1190 1824 1570 1892 Convertere
1586 1873 1604 1903 ‚
1644 1822 1868 1904 Israel,
1911 1824 1990 1889 ad
2028 1824 2241 1889 Domi-

704 1955 861 2001 num
889 1935 1326 2012 neumam,
1356 1932 1661 2016 quoniam
1690 1931 1984 1997 corruisti
2015 1932 2086 1996 in
2109 1931 2242 1995 ini-

702 2044 943 2127 quitate
983 2045 1092 2106 tua
1132 2063 1149 2104 ι
1191 2038 1386 2104 tollite
1421 2037 1755 2103 vobiscum
1796 2039 1995 2105 verba
2019 2086 2039 2118 ,
2088 2056 2239 2103 con-

703 2149 1052 2228 vertimini,
1083 2169 1115 2207 »
1145 2150 1291 2226 etc„
1324 2145 1520 2210 verba
1546 2144 1768 2228 utique
1808 2144 2239 2210 confessionis,

705 2258 865 2322 Item
907 2255 1091 2322 valde
1125 2257 1222 2319 est
1265 2250 1696 2322 irrationabile
1715 2300 1739 2331 ,
1787 2251 1957 2336 quod
1986 2255 2244 2335 propter

703 2364 1159 2434 verecundiam
1207 2361 1419 2446 potius
1479 2359 1676 2426 velles
1733 2377 1869 2425 esse
1914 2359 2206 2442 leprosus
2221 2407 2241 2438 ,

703 2493 898 2558 quam
930 2474 1261 2539 ostendere
1297 2476 1362 2535 te
1405 2468 1670 2534 medice.
1714 2467 1998 2533 Ostensio
2025 2470 2243 2531 autem

704 2582 777 2645 flt
799 2580 868 2645 in
893 2580 1281 2645 confessione
1302 2578 1326 2614 ⁸
1358 2598 1374 2641 :
1413 2599 1443 2637 α
1471 2575 1584 2654 Ite,
1629 2573 1938 2640 ostendite
1973 2590 2092 2639 vos
2133 2591 2238 2636 sa-

704 2688 1085 2766 cerdotibus,
1115 2706 1147 2746 »
1180 2689 1300 2749 etc.
1331 2683 1492 2748 ltem
1519 2685 1846 2765 peccatum
1871 2685 2062 2744 tuum
2089 2695 2238 2762 pro-

705 2795 914 2860 ditum
941 2793 1065 2860 cito
1090 2796 1353 2857 curatur
1382 2813 1398 2856 ι
1430 2791 1674 2855 crimen
1715 2791 1933 2854 autem
1976 2785 2242 2851 tacendo

705 2902 1074 2984 ampliatur.

785 3008 960 3072 Circa
986 3004 1337 3071 secundum
1376 3020 1567 3080 vere,
1610 3019 1690 3066 ne
1733 3000 1926 3065 timor
1976 3018 2240 3064 conver-

706 3115 948 3180 sionem
976 3112 1316 3195 impediat,
1363 3113 1515 3173 nota
1555 3107 1727 3190 quod
1775 3105 1943 3173 valet
1984 3106 2061 3170 ad
2091 3125 2240 3170 con-

707 3221 1090 3297 versionem,
1107 3222 1182 3284 ut
1192 3214 1477 3281 attendas
1488 3213 1801 3279 auxilium
1816 3212 2069 3294 gratiae,
2086 3230 2242 3294 prae-

707 3331 913 3394 mium
962 3326 1189 3406 gloriae
1210 3373 1228 3404 ,
1293 3321 1604 3406 judicium
1670 3319 2006 3401 gehennae.
2065 3318 2242 3382 Unde

704 3440 923 3500 contra
950 3433 1196 3498 malum
1242 3431 1533 3496 timorem
1551 3476 1572 3508 ,
1604 3429 2083 3493 conversionem
2111 3426 2238 3490 im-

704 3543 1061 3627 pedientem
1077 3588 1099 3620 ,
1156 3539 1356 3618 valet,
1405 3541 1481 3602 ut
1519 3536 1880 3601 attendatur
1923 3534 2240 3598 auxilium

705 3651 955 3733 gratiae.
988 3649 1147 3714 Deus
1174 3647 1345 3712 enim
1371 3646 1489 3712 tihi
1516 3644 1656 3710 vult
1691 3642 2023 3708 infundere
2051 3643 2238 3725 spiri-

703 3764 848 3823 tum
877 3756 1124 3838 gratiae,
1160 3754 1312 3838 quia
1346 3752 1562 3819 omnia
1587 3754 1779 3816 erunt
1803 3750 1920 3815 tibi
1960 3750 2131 3813 levia
2161 3752 2237 3814 ad

704 3865 1106 3950 portandum,
1137 3864 1191 3926 si
1217 3879 1368 3927 vere
1396 3858 1781 3926 converteris
1809 3863 1871 3923 te
1911 3858 1991 3923 ad
2022 3857 2241 3922 Domi-

703 3992 864 4038 num
906 3973 929 4008 ⁸
981 3991 998 4037 ε
1062 3994 1094 4031 α
1142 3966 1597 4035 convertimini
1654 3965 1733 4030 ad
1788 3965 2240 4031 correctionem

703 4099 916 4147 meam
940 4102 956 4145 ε
987 4098 1068 4145 en
1090 4078 1404 4162 proferam
1428 4075 1610 4143 vobis
1629 4074 1922 4158 spiritum
1945 4091 2186 4138 meum.
2200 4096 2231 4133 »

704 4187 1016 4254 Cori-ectio
1045 4185 1155 4250 Dei
1181 4189 1274 4250 est
1313 4182 1704 4266 poenitentia,
1734 4199 1863 4263 qua
1897 4181 2239 4264 corrigitur

702 4297 941 4376 anima,
965 4311 1110 4378 quae
1129 4298 1225 4358 est
1251 4290 1429 4356 sedes
1445 4289 1581 4368 Dei;
1609 4288 1987 4356 Psalmista⁸
2016 4310 2082 4353 :e
2105 4287 2137 4353 J
2144 4308 2244 4354 us-

703 4402 842 4466 titia
864 4403 930 4465 et
948 4398 1265 4483 Judicium
1290 4395 1671 4479 praeparatio
1697 4394 1860 4460 sedis
1884 4396 2048 4479 ejus,
2078 4415 2111 4455 ι»
2128 4395 2242 4460 Ta-

702 4507 871 4572 libus
898 4524 1058 4588 ergo
1085 4503 1409 4570 conversis
1443 4503 1680 4585 profert
1715 4499 2021 4567 Dominus
2056 4502 2240 4584 spiri-

709 4620 850 4679 tum
878 4613 1136 4693 amoris,
1168 4628 1297 4695 quo
1333 4608 1550 4675 omnia
1576 4608 1744 4673 levia
1779 4613 1930 4673 sunt
1955 4608 2074 4687 eis,
2101 4608 2244 4675 ideo

707 4723 879 4809 quod
901 4721 1062 4788 nihil
1101 4719 1467 4786 amantibus
1511 4719 1770 4797 durum,
1815 4717 2035 4782 nullus
2077 4719 2241 4783 diffl-

706 4833 845 4898 cilis
871 4831 1072 4897 labor.
1102 4831 1415 4895 Amemus
1440 4830 1504 4892 et
1531 4845 1648 4892 nos
1674 4825 1996 4892 Christum
2013 4874 2031 4904 ‚
2061 4831 2124 4891 ct
2147 4827 2240 4891 fa-

705 4940 824 5006 cile
850 4940 1171 5007 videbitur
1196 4955 1387 5002 omne
1411 4934 1688 5001 difficile.
1714 4933 1872 4998 Item
1898 4936 2241 5017 praemium

709 5048 936 5131 gloriae
962 5053 986 5089 ⁸
1017 5065 1035 5113 ε
1062 5070 1093 5108 α
1119 5045 1602 5123 convertentur,
1634 5044 1699 5107 et
1718 5042 1976 5108 venient
2000 5044 2070 5108 in
2090 5042 2243 5109 Sion

768 5173 785 5208 ¹
813 5170 996 5236 Maeli„
1026 5183 1115 5234 ιιι,
1145 5173 1192 5220 5.
1221 5195 1282 5207 -
1311 5168 1330 5199 ²
1354 5169 1486 5230 Oce„
1518 5178 1627 5231 xiv,
1652 5169 1700 5230 2,
1728 5167 1779 5217 3.
1812 5193 1867 5203 —
1896 5166 1917 5202 ⁸
1944 5168 2081 5229 Luc„
2110 5181 2243 5234 xvn,

711 5246 787 5296 14.
810 5270 875 5282 -
900 5243 924 5279 ⁴
946 5244 1114 5306 Prov„
1139 5254 1178 5306 1,
1201 5242 1279 5292 23.
1305 5266 1366 5279 —
1392 5238 1414 5274 ⁸
1442 5236 1581 5290 Psal.
1611 5248 1865 5302 nxxvm,
1889 5241 1968 5290 15.
1986 5264 2049 5278 —
2076 5240 2096 5271 ⁸
2120 5240 2243 5303 lea„

709 5326 868 5378 xxxv,
915 5318 991 5365 10.
1019 5340 1083 5352 -
1124 5313 1140 5344 ⁷
1173 5312 1215 5362 ΙΙ
1245 5312 1383 5375 Com,
1412 5320 1484 5374 ιν,
1520 5311 1596 5362 17.
1629 5335 1685 5346 --
1725 5309 1744 5339 ⁸
1774 5310 1927 5374 Greg.
1962 5337 2023 5349 —
2050 5310 2074 5345 ⁹
2102 5310 2242 5362 Peal.

711 5397 806 5450 vn,
843 5388 919 5437 13.
957 5412 1012 5422 —
1043 5386 1087 5422 ¹⁰
1113 5382 1252 5434 Psal.
1281 5394 1433 5447 xxxi,
1461 5384 1510 5431 4.
1531 5406 1596 5419 —
1619 5381 1659 5416 ¹¹
1697 5381 1846 5431 Bern.
1874 5405 1938 5417 —
1968 5381 2012 5416 ¹¹
2045 5382 2242 5432 Caetera

1792 403 2212 474 SERMONES
2255 404 2357 470 DF,
2394 402 2788 474 TEMPORE.

2346 556 2495 604 cum
2520 538 2733 620 laude,
2773 544 2837 606 et
2877 539 3098 608 laetitia
3140 538 3522 624 sempiterna
3553 556 3742 623 super
3771 556 3870 605 ca·

2343 646 2476 728 pita
2502 665 2751 730 eorum,
2779 670 2811 709 s
2845 651 2964 714 etc.
2996 646 3174 713 Unde
3213 647 3386 714 enim
3422 645 3739 712 conversis
3778 644 3869 710 le·

2344 755 2682 821 vissimum
2706 761 2801 821 est
2826 755 3131 840 quidquid
3169 754 3275 820 hic
3313 755 3607 833 tolerant,
3643 754 3697 818 si
3722 753 3872 818 ima·

2345 860 2566 943 ginem
2591 863 2992 945 sempiternas
3008 861 3244 927 laetitiae
3263 864 3530 946 pensant
3548 867 3611 926 ⁷:
3643 883 3674 921 α
3700 859 3873 937 Quod

2344 966 2415 1032 in
2438 970 2734 1052 praesenti
2760 975 2856 1035 est
2883 973 3399 1035 momentaneum
3428 973 3493 1033 et
3516 969 3658 1034 leve
3682 967 3876 1031 tribu-

2346 1073 2620 1141 lationiS.
2641 1097 2674 1137 ι»
2706 1074 3050 1160 Gregorius
3077 1082 3101 1117 ⁸
3129 1095 3147 1142 ε
3178 1099 3211 1138 ι
3244 1075 3565 1160 Quidquid
3582 1073 3875 1140 intolera-

2346 1181 2473 1247 bile
2498 1182 2986 1267 pusillanimitas
3029 1182 3274 1262 asserit,
3321 1183 3445 1247 hoc
3488 1181 3631 1248 leve
3662 1199 3883 1246 remu-

2347 1288 2690 1354 nerationis
2731 1308 2874 1372 spes
2939 1290 3232 1356 ostendit.
3276 1311 3307 1351 υ
3360 1289 3519 1356 ltem
3566 1289 3883 1372 judicium

2348 1396 2664 1478 gehennae
2693 1415 2711 1463 ς
2744 1396 3079 1463 Psalmista
3105 1398 3128 1432 ⁸
3159 1420 3175 1461 :
3214 1419 3247 1459 α
3272 1395 3407 1461 Nisi
3435 1396 3725 1462 conversi
3746 1397 3882 1460 fue-

2347 1503 2509 1584 ritiS,
2540 1503 2817 1585 gladius,
2849 1526 2882 1566 ο
2918 1509 3038 1569 etc.
3082 1503 3202 1569 Per
3246 1503 3537 1587 gladium
3558 1507 3626 1568 et
3663 1519 3887 1568 arcum

2348 1610 2669 1676 damnatio
2693 1610 2976 1694 corporis
2997 1615 3060 1676 et
3084 1612 3318 1676 animae
3352 1611 3778 1694 significatur.
3811 1608 3889 1674 Et

2348 1735 2499 1783 vere
2525 1717 2687 1782 levis
2710 1718 3064 1802 reputanda
3107 1723 3204 1783 est
3237 1717 3445 1783 omnis
3484 1735 3673 1802 poena
3692 1766 3712 1798 ,
3762 1733 3888 1799 qua

2349 1824 2641 1891 evaditur
2668 1829 2929 1892 aetema.
2966 1824 3197 1892 Levius
3228 1826 3308 1910 (a)
3338 1831 3433 1892 est
3455 1827 3630 1891 enim
3652 1842 3888 1908 parum

2348 1931 2533 2014 spina
2557 1933 2813 2015 spongi‚
2851 1952 3047 2016 quam
3087 1933 3303 2016 gladio
3346 1933 3564 1999 occidi.
3613 1931 3889 1998 Psalmi-

2348 2045 2446 2104 sta
2474 2041 2518 2080 ¹⁰
2548 2062 2564 2104 :
2606 2064 2638 2102 α
2679 2040 3034 2106 Conversus
3058 2059 3207 2105 sum
3245 2040 3315 2104 in
3362 2057 3656 2105 aerumna
3706 2056 3888 2117 mea,

2350 2145 2506 2210 dum
2534 2147 2882 2229 configitur
2907 2145 3114 2229 spina.
3142 2168 3173 2208 n
3199 2144 3251 2211 E
3278 2150 3501 2211 eontra
3525 2144 3892 2211 Bernardus

2348 2253 2438 2316 ait
2465 2253 2505 2288 ¹¹
2541 2275 2557 2318 :
2597 2275 2628 2314 α
2654 2252 2885 2318 Misera
2910 2271 3088 2334 sane,
3117 2255 3182 2318 et
3219 2256 3525 2317 extremae
3563 2251 3757 2335 plena
3782 2250 3891 2315 de-

2354 2360 2610 2425 mentiae
2660 2360 3073 2425 commutatio
3090 2408 3109 2441 ,
3156 2360 3514 2424 humanum
3570 2357 3892 2423 declinare

2348 2465 2651 2546 laborem,
2679 2470 2743 2530 et
2782 2472 3217 2550 praeparatum
3260 2465 3512 2532 diabolo
3548 2463 3892 2529 stridorem

2348 2574 2583 2657 eligere
2605 2575 3087 2658 sempiternum.
3105 2596 3136 2636 s
3168 2574 3215 2615 ¹³

2906 2749 3198 2822 SERMo
3242 2751 3330 2823 v,
3444 2719 3455 2729 ’

2435 2895 2898 2965 convertimini
2944 2898 3020 2978 ¹⁸,
3066 2901 3185 2962 etc.
3239 2894 3422 2961 Nunc
3440 2892 3889 2976 complendum

2349 3008 2463 3083 est,
2499 3004 2669 3086 quod
2696 3003 2885 3069 hodie
2911 3003 3247 3068 dimissum
3271 3007 3389 3067 est.
3420 3000 3596 3067 Circa
3619 3000 3886 3065 tertium

2349 3128 2531 3193 ergo,
2561 3130 2642 3177 ne
2669 3110 3151 3180 conversionem
3184 3115 3363 3175 tuam
3395 3128 3562 3175 vana
3586 3127 3736 3192 spes
3766 3109 3892 3172 im-

2349 3220 2558 3303 pediat
2576 3267 2596 3297 ,
2644 3220 2814 3285 valet
2856 3219 2937 3284 ad
2979 3217 3462 3283 conversionem
3480 3264 3502 3296 ,
3549 3219 3614 3281 et
3672 3220 3894 3281 contra

2349 3344 2528 3408 spem
2564 3345 2796 3392 vanam
2810 3375 2828 3406 ,
2876 3329 2949 3391 ut
2992 3325 3278 3391 attendas
3326 3325 3576 3390 dierum
3624 3327 3892 3390 tuorum

2348 3435 2878 3514 incertitudinem,
2908 3433 3341 3517 periculorum
3384 3431 3885 3510 multitudinem,

2351 3543 2763 3626 praemiorum
2789 3541 3387 3607 dissimilitudinem.

2429 3651 2517 3715 De
2544 3652 2751 3734 primo
2779 3652 2826 3690 ¹⁸
2858 3671 2873 3713 ;
2913 3673 2944 3711 α
2970 3649 3064 3716 Ne
3089 3650 3298 3716 tardes
3332 3647 3617 3714 converti
3644 3648 3730 3713 ad
3755 3647 3885 3714 Do·

2352 3758 2634 3838 minum,
2671 3761 2736 3823 et
2761 3776 2843 3823 ne
2879 3757 3135 3823 differas
3175 3757 3254 3821 de
3280 3757 3382 3822 die
3407 3756 3475 3819 in
3499 3755 3674 3821 diem
3707 3777 3726 3819 ι
3774 3774 3892 3820 su-

2347 3866 2481 3931 bito
2502 3865 2675 3929 enim
2710 3865 2923 3931 veniet
2968 3865 3066 3930 ira
3107 3864 3298 3944 illim,
3335 3885 3366 3923 n
3399 3867 3518 3929 etc.
3562 3862 3647 3927 De
3690 3863 3801 3930 die
3824 3865 3893 3928 in

2348 3974 2519 4039 diem
2546 3972 2778 4053 differt,
2808 3972 2922 4057 qui
2947 3991 3154 4058 neque
3185 3990 3393 4038 unum
3430 3970 3602 4036 diem
3635 3975 3891 4036 certum

2347 4081 2541 4148 habet
2574 4081 2620 4120 ¹⁸
2660 4102 2677 4146 ι
2715 4104 2746 4142 α
2774 4079 2994 4145 Veniet
3041 4079 3346 4144 Dominus
3386 4077 3559 4142 servi
3600 4076 3780 4143 illius
3823 4078 3892 4142 in

2350 4188 2474 4266 die,
2502 4205 2630 4270 qua
2656 4204 2788 4251 non
2818 4190 3059 4268 sperat,
3087 4190 3150 4250 et
3192 4185 3353 4251 hora
3366 4233 3385 4264 ‚
3425 4202 3621 4266 quam
3650 4185 3889 4264 nescit,

2349 4299 2414 4359 et
2436 4294 2693 4373 dividet,
2726 4313 2757 4353 s
2793 4296 2911 4358 etc.
2953 4291 3359 4373 Augustinus
3383 4289 3430 4327 ¹⁸
3462 4312 3479 4356 t
3520 4313 3551 4351 α
3589 4289 3739 4374 Ipsa
3763 4308 3889 4370 res,

2350 4419 2497 4486 quae
2522 4400 2759 4466 multos
2794 4398 3024 4484 decipit
3063 4397 3161 4480 (b),
3204 4416 3354 4462 cum
3387 4397 3650 4464 dicunt:
3699 4397 3855 4466 Cras
3869 4447 3887 4480 ‚

2351 4527 2491 4574 cras
2533 4528 2550 4570 t
2590 4511 2654 4572 et
2695 4505 2907 4572 subito
2942 4503 3259 4570 clauditur
3304 4504 3559 4570 ostium.
3608 4502 3890 4572 Reman-

2351 4617 2431 4684 sit
2461 4613 2528 4699 (c)
2572 4632 2723 4679 cum
2764 4630 2921 4678 voce
2959 4611 3219 4677 corvina
3233 4659 3252 4692 ‚
3294 4611 3448 4693 quia
3491 4628 3621 4676 non
3660 4610 3894 4677 habuit

2351 4723 2666 4806 gemitum
2691 4719 3151 4786 columbinum.
3187 4713 3356 4797 Cras,
3376 4735 3539 4799 cras,
3561 4735 3693 4785 vox
3711 4718 3891 4785 corvi

2352 4833 2469 4894 est.
2495 4849 2526 4889 n

2433 4934 2519 5001 De
2543 4933 2849 5016 secundo,
2892 4935 3064 5015 patet
3104 4948 3301 5018 quam
3346 4929 3778 5013 periculosum
3808 4933 3892 4997 sit

2351 5078 2458 5130 vid.
2486 5090 2640 5130 serm.
2674 5090 2784 5144 seq.
2814 5101 2874 5114 --
2908 5074 2954 5111 ¹⁸
2983 5073 3129 5138 Joel„
3160 5086 3233 5136 u,
3262 5076 3338 5128 12.
3372 5100 3437 5113 —
3472 5075 3514 5112 ὓ
3538 5074 3715 5138 amu„
3750 5088 3804 5142 v,
3837 5078 3889 5128 8.

2352 5176 2413 5187 -
2458 5149 2496 5184 ¹⁸
2529 5150 2666 5204 Luc..
2715 5159 2817 5212 ιιι,
2859 5149 2937 5199 46.
2982 5173 3043 5185 -
3084 5147 3128 5180 ¹⁸
3167 5149 3400 5212 August„
3433 5146 3498 5197 de
3529 5145 3666 5197 verb.
3717 5148 3887 5213 Dona,

2351 5234 2508 5292 serm.
2533 5232 2643 5283 xvi,
2670 5218 2736 5271 al.
2765 5231 2970 5282 Lxxxu,
2996 5233 3049 5271 n.
3081 5223 3158 5270 14.

2414 5310 2482 5375 (a)
2523 5309 2646 5359 Coet.
2686 5307 2806 5360 edit.
2848 5308 3016 5360 Levis.
3048 5334 3108 5347 -
3143 5308 3210 5374 (b)
3252 5308 3403 5373 Apud
3433 5309 3563 5374 Auq.
3593 5309 3886 5361 occidnu-

2351 5379 2416 5445 (ο)
2445 5379 2622 5445 Suppl-
2648 5379 2790 5431 foris.
