4059 6317
1076 486 1457 555 DOMINICA
1496 484 1579 552 IN
1620 484 2146 554 SEXAGESIMA.
2189 487 2454 557 SERMO
2498 492 2575 557 11.

239 624 453 690 melior
487 627 588 689 est
625 622 964 707 acquisitio
1007 623 1299 706 puritatis
1333 625 1400 689 et
1439 622 1772 689 munditiae

237 730 650 815 acquisitione
692 731 842 796 auri
884 735 949 795 et
989 731 1264 812 argenti.
1303 730 1427 795 Sed
1467 729 1770 813 quoniam

237 857 342 923 per
366 838 580 903 cordis
616 838 1005 904 munditiam
1032 838 1248 903 anima
1283 838 1504 920 incipit
1542 837 1775 921 produ-

239 965 372 1012 cere
408 946 692 1012 mundos
733 947 1009 1025 fructus,
1051 951 1115 1012 et
1155 946 1284 1011 Deo
1323 946 1769 1030 acceptabiles,

241 1054 378 1119 ideo
421 1054 658 1118 dicitur
714 1071 734 1118 ε
786 1056 991 1136 primi
1036 1057 1097 1121 et
1141 1054 1486 1136 purissimi
1526 1054 1775 1134 fructus

242 1161 396 1243 ejus.
429 1159 506 1224 In
534 1165 788 1225 tantum
811 1161 987 1225 enim
1003 1161 1223 1228 divina
1242 1160 1546 1245 sapientia
1564 1159 1777 1242 diligit

240 1268 486 1333 animas
507 1266 1021 1333 habentesistam
1046 1268 1387 1351 puritatem
1415 1267 1772 1346 munditiae,

241 1380 310 1440 ut
333 1375 556 1439 omnia
582 1393 781 1457 opera
818 1376 960 1457 ejus
996 1374 1078 1456 (a)
1118 1375 1241 1439 sihi
1272 1374 1669 1459 appropriet,
1716 1379 1780 1439 et

243 1483 489 1548 divinos
515 1483 763 1547 11661116
796 1500 906 1547 eos
947 1486 1162 1564 vocet,
1209 1481 1561 1547 secundum
1604 1481 1778 1565 quod

241 1589 470 1654 dicitur
503 1590 522 1625 ¹
554 1611 572 1653 z
611 1612 642 1651 6
672 1587 980 1654 Obaudite
1002 1607 1136 1668 me,
1165 1589 1368 1655 divini
1396 1589 1678 1668 fri-ctus,
1717 1594 1780 1653 et

240 1696 419 1778 quasi
449 1714 601 1761 rosa
625 1696 910 1779 plantata
927 1714 1109 1761 secus
1132 1697 1435 1762 decursus
1462 1713 1778 1780 aquarum

237 1802 419 1867 1111611
429 1804 637 1868 ficate.
659 1825 693 1862 n
729 1802 908 1867 Unde
928 1803 1042 1886 qui
1067 1803 1306 1867 habent
1324 1801 1512 1868 istam
1540 1804 1777 1886 purita-

237 1914 364 1975 tem
408 1911 749 1976 munditiae
791 1912 863 1975 in
901 1911 1302 1993 cogitatione,
1343 1910 1673 1977 affectione
1715 1916 1780 1977 et

237 2018 555 2084 locutione
586 2067 605 2099 ,
672 2019 831 2084 adeo
887 2020 955 2083 in
1016 2018 1123 2083 Dei
1183 2019 1458 2084 formam
1523 2023 1586 2085 et
1628 2018 1776 2103 pul-

239 2126 665 2190 chritudinem
682 2126 912 2208 gratiae
931 2126 1469 2191 transformantur
1479 2127 1774 2208 totaliter,

238 2239 306 2299 ut
331 2234 710 2299 deificentur
734 2234 1044 2318 sperando
1052 2281 1074 2314 ,
1114 2235 1451 2316 cogitando
1466 2281 1483 2312 ,
1524 2235 1777 2318 sapien-

239 2341 316 2407 do
340 2347 403 2406 et
427 2342 785 2425 loquendo,
813 2346 880 2407 et
905 2343 994 2406 ita
1043 2341 1242 2406 divini
1274 2343 1517 2408 fructus
1559 2342 1775 2425 appel-

238 2448 469 2514 lantur.
500 2448 587 2514 Et
603 2449 1144 2532 quemadmodum
1170 2467 1467 2514 rosarum
1485 2449 1779 2514 decorem

242 2561 468 2621 natura
499 2556 797 2640 producit
827 2556 994 2621 inter
1035 2556 1271 2639 spinae,
1300 2557 1392 2621 ita
1420 2557 1635 2622 anima
1662 2556 1777 2622 de·-

241 2681 445 2728 corem
493 2663 994 2746 pulchritudiuis
1045 2664 1380 2729 munditias
1431 2683 1562 2729 non
1630 2683 1780 2748 pro-

240 2769 449 2848 ducit,
503 2788 720 2853 neque
778 2776 987 2836 servat
1039 2770 1424 2836 odoriferum
1498 2772 1778 2836 fructum

243 2878 543 2942 castitatis
572 2877 894 2942 interioris
919 2879 988 2941 in
1014 2877 1227 2957 corde,
1266 2882 1330 2942 et
1354 2878 1687 2943 exterioris
1711 2879 1780 2944 in

243 3000 523 3067 corpore,
557 2984 875 3048 nisiinter
898 2985 1112 3067 spinas
1135 2989 1469 3049 acutarum
1498 2984 1779 3068 discipli-

245 3109 468 3155 narum
498 3091 892 3175 poeniteutiae
912 3113 927 3154 :
950 3091 1091 3156 ideo
1105 3091 1401 3156 dicuntur
1419 3108 1581 3156 rosae
1608 3092 1784 3175 plan-

246 3202 389 3265 tatae
412 3218 606 3266 secus
633 3198 942 3264 decursus
968 3215 1315 3283 aquarum,
1359 3200 1424 3263 id
1449 3204 1566 3280 est,
1614 3200 1779 3266 divi-

245 3324 474 3373 narum
525 3308 1010 3373 influentiamm
1029 3356 1046 3387 ‚
1107 3307 1482 3373 fructificare
1542 3309 1784 3374 fructus

241 3412 397 3479 lucis
434 3421 502 3481 et
551 3416 902 3481 honestatis
950 3417 1019 3479 in
1060 3416 1234 3483 omni
1271 3416 1522 3500 justitia
1565 3421 1631 3482 et
1667 3436 1779 3484 ve-

241 3521 442 3588 ritate.

316 3627 640 3708 Secundo,
675 3631 789 3714 qui
815 3649 927 3696 661
952 3632 1430 3715 compleverunt
1469 3631 1655 3714 aquis
1679 3630 1784 3695 la-

241 3737 693 3819 crymabilium
736 3740 1301 3822 compunctionum
1323 3786 1346 3818 ,
1389 3742 1453 3803 et
1493 3738 1777 3803 retinue-

241 3848 388 3907 runt
403 3846 548 3909 sive
575 3844 983 3910 crediderunt
1007 3846 1301 3924 firmiter,
1330 3845 1596 3910 afferent
1613 3845 1781 3910 irue-

241 3952 374 4013 tum
410 3950 730 4015 claritatis
761 3955 826 4016 61
863 3951 1301 4034 intelligentias
1335 3951 1776 4017 illuminantis.

244 4051 414 4122 Unde
438 4057 682 4123 dicitur
707 4059 775 4122 in
807 4058 1059 4124 Psalmo
1086 4061 1153 4124 ²:
1192 4083 1224 4121 «1
1257 4058 1331 4123 16
1354 4058 1499 4139 lege
1530 4057 1780 4123 Domini

243 4161 356 4228 fuit
381 4164 688 4230 voluntas
713 4167 881 4248 eju5‚
909 4169 973 4230 et
997 4165 1069 4229 in
1092 4165 1240 4247 lege
1266 4166 1408 4247 eJ'us
1441 4163 1780 4230 meditabi-

241 4271 340 4332 tur
366 4269 470 4335 die
509 4289 590 4335 ac
616 4276 802 4335 116616
831 4289 850 4335 2
881 4275 946 4337 et
978 4271 1099 4337 erit
1135 4276 1441 4356 tanquam
1480 4271 1776 4353 lignum,

242 4376 402 4455 quod
422 4378 789 4459 plantatum
809 4385 905 4443 est
919 4397 1099 4444 secus
1117 4379 1420 4444 decursus
1435 4396 1776 4461 aquarum,

243 4483 402 4563 quod
429 4485 722 4550 tructam
750 4487 945 4551 ‘suum
970 4486 1144 4551 dabit
1163 4487 1232 4551 in
1263 4492 1546 4569 tempore
1572 4502 1710 4550 suo,
1738 4505 1771 4545 6

245 4584 450 4654 Primo
479 4592 661 4655 enim
690 4593 1064 4674 praedicator
1105 4594 1291 4668 debet
1320 4593 1637 4677 applicare
1662 4610 1777 4657 vo-

244 4691 549 4762 luntatem
579 4699 662 4764 ad
685 4698 903 4782 legem
930 4699 1237 4780 divinam,
1274 4704 1349 4764 ut
1385 4699 1556 4783 quod
1590 4698 1781 4764 16161-

243 4799 406 4884 ligit,
434 4823 636 4889 opere
671 4809 1012 4891 compleat;
1043 4812 1107 4873 et
1139 4808 1364 4873 deinde
1393 4807 1684 4871 meditari
1709 4805 1780 4869 16

247 4906 381 4990 lege
404 4915 552 4995 ejus
583 4914 686 4979 die
710 4933 786 4979 66
814 4920 1028 4995 66616,
1066 4914 1334 4998 qualiter
1373 4914 1597 4978 debeat
1623 4912 1779 4977 alios

250 5013 588 5100 instruere,
618 5020 773 5103 quia
795 5024 947 5086 11166
986 5023 1106 5085 erit
1149 5028 1458 5104 tanquam
1497 5020 1775 5103 liquam,

252 5125 412 5202 quod
446 5125 829 5208 plantatum
868 5134 958 5194 est
998 5144 1173 5195 secus
1226 5127 1526 5195 decursus
1575 5145 1779 5211 aqua-

311 5320 330 5354 ¹
353 5320 528 5382 Boeli„
559 5334 756 5387 mix,
785 5325 864 5376 17.
894 5348 956 5363 -—
981 5324 1005 5360 ²
1032 5323 1172 5375 Psal.
1200 5335 1253 5387 1,
1289 5325 1400 5375 2-3.
1430 5350 1484 5362 —
1525 5322 1549 5359 ⁸
1576 5323 1782 5389 nattis,

258 5401 403 5455 xxm,
439 5398 486 5445 1.
512 5422 583 5436 -
610 5396 637 5431 ⁸
662 5396 902 5460 Gregor„
927 5395 982 5445 in
1006 5396 1228 5460 Evanq„
1257 5394 1401 5447 11616.
1428 5409 1534 5460 111,
1559 5409 1613 5446 n.
1641 5398 1689 5447 1.
1722 5421 1777 5431 -

257 5458 276 5496 ⁸
305 5462 465 5532 Cant„
499 5480 565 5531 11,
603 5470 656 5520 3.
689 5493 752 5505 -
790 5467 814 5505 ⁸
847 5468 1023 5531 Exti„
1049 5479 1281 5532 mviii,
1308 5471 1388 5519 25.
1415 5493 1476 5507 -
1505 5470 1521 5501 ²
1551 5469 1699 5519 Hune
1723 5469 1777 5517 et

3293 500 3408 562 125

1876 639 2044 703 rum,
2074 623 2138 690 id
2163 628 2280 705 est,
2309 625 2669 708 divinarum
2699 626 3209 711 influentiarum,
3236 631 3407 714 quod

1876 732 2160 811 fructum
2202 749 2391 800 suum
2434 733 2620 801 dabit
2659 735 2735 801 in
2779 739 3049 819 tempore
3092 753 3230 805 suo.
3281 738 3406 804 Sed

1878 838 2065 903 multi
2091 839 2243 904 dant
2274 841 2555 906 fructum
2583 859 2712 906 non
2739 861 2953 924 suum,
2984 862 3061 909 eo
3088 845 3256 929 quod
3290 864 3405 911 vo-

1877 943 2019 1009 lunt
2062 945 2085 981 ⁸
2125 968 2156 1008 11
2198 947 2486 1013 humeris
2525 948 2798 1015 aliorum
2840 968 3037 1016 onera
3085 953 3313 1034 gravia
3347 960 3413 1019 et

1878 1052 2306 1135 importabilia
2340 1050 2669 1137 imponere
2691 1103 2708 1134 ,
2758 1056 2882 1139 ipsi
2921 1062 3139 1125 61116111
3185 1059 3412 1125 nolunt

1878 1159 2085 1241 digito
2131 1173 2225 1225 ea·
2255 1179 2532 1227 movere.
2582 1185 2613 1224 n
2659 1163 2785 1227 Alii
2826 1169 3041 1229 autem
3086 1166 3413 1249 proferunt

1879 1266 2159 1332 fructum
2185 1269 2409 1334 nonin
2437 1273 2721 1353 tempore
2756 1290 2896 1350 suo,
2927 1273 3038 1337 sed
3072 1277 3217 1338 ante
3243 1277 3413 1340 tem-

1883 1391 2005 1454 pus
2029 1392 2254 1454 suum,
2304 1394 2382 1441 eo
2421 1377 2594 1460 quod
2631 1397 2747 1443 sua
2778 1380 3145 1445 auctoritate
3182 1380 3414 1447 volunt

1887 1482 2070 1563 prius
2096 1480 2321 1548 docere
2346 1502 2539 1566 quam
2568 1484 2805 1550 discere
2838 1504 2855 1551 t
2887 1490 2951 1550 et
2977 1485 3117 1551 ideo
3143 1486 3415 1552 verbum

1883 1604 2134 1674 eorum,
2155 1607 2349 1673 saepe,
2369 1591 2612 1657 ratione
2633 1592 2909 1657 scandali
2926 1597 2989 1657 et
3008 1593 3412 1675 ignorantiae,

1886 1696 1950 1757 et
1990 1694 2178 1760 malae
2222 1697 2406 1775 vitre,
2436 1698 2677 1763 -dessuit
2716 1702 2785 1763 in
2829 1718 3070 1765 vanum
3107 1719 3222 1784 per
3263 1719 3416 1765 con-

1883 1806 2202 1885 temptum
2244 1804 2676 1879 audientium,
2721 1806 2874 1889 quia
2908 1807 2932 1844 ⁸
2979 1830 3010 1869 e
3058 1808 3243 1890 quus
3288 1807 3417 1873 vita

1886 1909 2253 1991 despicitur,
2283 1916 2477 1977 roetat
2500 1916 2574 1976 ut
2600 1914 2741 1996 ejus
2761 1914 3122 1996 praedicatio
3142 1920 3419 1981 contem-

1883 2020 2100 2081 natur.
2130 2039 2161 2078 ο

1963 2123 2198 2205 Τ61116,
2227 2126 2339 2209 qui
2382 2126 2942 2194 inflammaverunt
2979 2147 3088 2193 cor
3119 2127 3422 2195 incendiis

1886 2230 2255 2297 divinorum
2282 2233 2740 2299 desideriorum
2776 2239 2840 2299 et
2871 2234 3243 2316 intelligunt
3272 2254 3418 2303 ver-

1883 2338 2041 2401 bum
2071 2338 2417 2420 diligenter
2444 2358 2593 2405 cum
2621 2340 2829 2423 operis
2855 2342 3248 2422 executione,
3273 2343 3423 2409 affe-

1885 2450 2040 2510 runt
2056 2445 2493 2512 oblectabilem·
2519 2448 2799 2513 fructum
2825 2449 3266 2513 familiaritatis
3283 2450 3421 2515 dul·

1885 2553 2182 2618 corantis.
2213 2553 2389 2619 Unde
2406 2553 2639 2618 dicitur
2657 2558 2679 2594 ⁸
2701 2576 2716 2620 ι
2742 2578 2774 2615 ι
2802 2555 2937 2621 Sub
2963 2558 3195 2620 umbra
3218 2556 3416 2638 illius,

1885 2678 2082 2743 quem
2144 2660 2649 2725 desideraveram
2700 2660 2803 2743 (b),
2858 2661 3028 2742 sedi,
3071 2666 3136 2726 et
3175 2663 3421 2729 fructus

1884 2769 2027 2849 ejus
2054 2766 2255 2831 dulcis
2281 2767 2527 2848 gutturi
2557 2785 2718 2832 mee.
2756 2791 2787 2828 ι)
2826 2767 2951 2834 Sub
2992 2768 3215 2837 umbra
3238 2771 3423 2836 refri-

1891 2874 2176 2955 gerantis
2203 2875 2430 2955 gratiae
2458 2873 2540 2938 ab
2567 2877 2729 2937 aestu
2758 2874 2830 2956 (c)
2878 2876 3147 2940 carnalis
3187 2895 3423 2942 concu-

1887 2980 2233 3062 piscentiae,
2275 2985 2337 3045 et
2379 2981 2460 3045 ab
2508 2981 2734 3046 ardore
2770 2980 3040 3047 exitialis
3083 2984 3369 3049 avaritiae
3399 3003 3418 3050 ε

1888 3086 2092 3165 illius,
2122 3086 2355 3152 scilicet
2382 3086 2633 3169 Christi,
2660 3106 2809 3154 cum
2845 3090 3204 3155 vehementi
3232 3091 3420 3156 affec-

1887 3194 2058 3258 tione
2087 3194 2229 3260 36ἀὶ
2250 3213 2365 3277 per
2384 3195 2614 3260 mentis
2638 3195 3113 3279 quietationem‚
3141 3215 3271 3262 non
3297 3198 3426 3264 dis·

1887 3301 2059 3364 curri
2085 3318 2200 3384 per
2228 3301 2461 3365 mentis
2485 3301 2979 3382 distractionem,
3009 3305 3162 3386 quia
3182 3305 3204 3340 ⁸
3236 3327 3268 3367 ι
3308 3305 3423 3388 qui

1888 3407 2244 3472 minoratur
2284 3412 2466 3488 actu,
2509 3408 2810 3492 percipiet
2846 3409 3251 3491 sapientiam;
3290 3434 3323 3472 1>
3359 3415 3422 3478 et

1888 3517 2047 3578 11166
2069 3515 2315 3595 fructus
2340 3514 2478 3597 aius
2519 3515 2728 3582 dulcis
2771 3518 3023 3598 aunum·
3058 3534 3188 3585 meo
3230 3537 3422 3602 prop-

1887 3624 1984 3684 ter
2040 3622 2475 3704 sapientialem
2529 3623 3030 3690 oblectationem.
3095 3623 3421 3707 Rogemus

1886 3744 2068 3810 erg0,
2099 3732 2216 3793 616.

2415 3898 2706 3969 SERMO
2748 3901 2809 3969 ΙΙ
2841 3909 2889 3971 ⁷.

1967 4051 2164 4119 Exiit
2187 4053 2304 4134 qui
2330 4054 2604 4119 seminat
2639 4052 2685 4133 ⁸,
2722 4057 2843 4118 etc.
2886 4052 3171 4119 Seminat
3204 4055 3421 4127 doctor

1887 4159 2085 4223 verba
2113 4158 2261 4237 Dei;
2292 4159 2562 4223 seminat
2578 4160 2797 4241 justus
2820 4160 2991 4225 bona
3018 4179 3231 4243 opera.
3266 4162 3422 4229 Gon-

1886 4264 2296 4330 siderandum
2348 4269 2563 4331 autem
2614 4266 2767 4349 quid
2784 4314 2807 4345 ,
2851 4271 3164 4350 quantum
3187 4317 3203 4348 ,
3262 4270 3374 4334 ubi
3396 4319 3415 4348 ,

1885 4372 2140 4453 quando
2160 4373 2242 4436 sit
2265 4373 2729 4438 seminandum.
2754 4371 2931 4438 Sicut
2951 4375 3119 4438 enim
3141 4374 3210 4440 in
3229 4383 3420 4442 mate-

1886 4477 2053 4557 riali,
2082 4479 2174 4543 ita
2196 4481 2386 4544 etiam
2413 4481 2478 4544 in
2518 4480 2830 4563 spirituali
2873 4482 3287 4549 seminatione
3312 4503 3414 4549 re-

1886 4586 2170 4667 quiritur
2202 4586 2464 4651 seminis
2506 4586 2793 4666 bonitas,
2841 4587 3211 4654 seminantis
3256 4590 3412 4655 libe·

1886 4691 2133 4773 ralitas,
2172 4693 2416 4759 telluris
2457 4692 2866 4775 foecunditas‚
2914 4696 3220 4778 temporis
3263 4715 3412 4762 con·

1889 4800 2159 4881 gruitaS.

1965 4906 2053 4973 De
2080 4908 2288 4991 primo
2316 4912 2376 4971 ⁹:
2415 4930 2447 4968 «
2474 4906 2794 4972 Seminate
2822 4907 3004 4972 vohis
3036 4908 3103 4972 16
3131 4911 3412 4992 justitia,

1888 5018 1953 5079 et
1971 5015 2183 5078 metite
2200 5014 2392 5079 inore
2417 5012 2887 5091 misericordiae‚
2912 5013 3207 5081 innovate
3235 5018 3418 5083 vobis

1887 5121 2137 5199 novale,
2180 5142 2211 5180 n
2241 5123 2362 5184 etc.
2405 5119 2764 5198 seminate,
2793 5118 3089 5202 inquam,
3137 5122 3417 5189 docendo

1890 5237 2020 5288 duos
2052 5238 2325 5301 sequentes
2359 5234 2515 5286 babet
2555 5247 2758 5300 quoque
2795 5233 2914 5287 edit.
2957 5235 3115 5287 Paris.
3155 5251 3239 5290 611.
3273 5242 3413 5294 1521.

1893 5336 1943 5346 -
1979 5307 2002 5343 ⁸
2028 5307 2165 5371 Luc„
2193 5318 2240 5370 ν,
2269 5310 2316 5357 5.
2343 5333 2406 5345 -
2431 5307 2450 5337 ’
2484 5307 2613 5369 ose„
2645 5320 2700 5371 x,
2731 5309 2806 5357 12.

1956 5390 2018 5451 (a)
2060 5388 2173 5451 [Δρ.
2201 5400 2393 5438 earum.
2432 5412 2491 5426 -
2530 5387 2599 5453 (b)
2645 5386 2769 5437 Goet.
2800 5384 2920 5436 edit.
2958 5386 3326 5442 desiderabam.
3353 5419 3415 5432 -

1892 5461 1954 5525 (6)
1983 5461 2107 5510 Item
2126 5461 2261 5513 66111.
