4059 6317
631 416 750 478 592

631 548 779 605 dum
815 544 940 603 dno
981 540 1276 601 contraria
1308 538 1647 599 immediate
1691 555 1755 597 se
1793 539 2079 598 habentia
2104 540 2180 597 si-

634 639 762 700 mul
789 639 946 697 eirca
970 636 1132 694 idem
1175 650 1301 693 esse
1328 649 1451 692 non
1479 636 1744 708 possunt,
1792 650 1972 692 nemo
2000 633 2179 692 simul

632 751 756 793 esse
784 734 977 810 potest
1003 730 1229 790 amicus
1258 728 1486 798 Christi,
1508 730 1568 785 et
1594 728 1823 787 mundi.
1863 729 2179 803 Apostolus

633 844 799 900 ergo,
827 830 893 884 ut
929 842 1106 883 verus
1135 823 1234 882 Dei
1268 823 1494 881 amicus
1534 838 1659 880 esse
1699 826 1916 895 posset,
1947 821 2176 880 mundo

634 927 690 981 et
725 922 1008 979 omnibus
1034 918 1203 976 vanis
1236 917 1507 976 libellum
1548 915 1784 990 repudii
1830 916 2092 986 tradidit,
2122 918 2180 974 et

633 1016 859 1075 Christo
889 1017 1014 1072 toto
1043 1012 1223 1071 corde
1248 1011 1512 1069 adhaesit.
1540 1011 1701 1068 Unde
1731 1013 1857 1068 erat
1879 1009 1954 1067 de
1981 1010 2178 1067 dicen-

528 1170 532 1177 ,
631 1109 790 1167 tibus
818 1107 1013 1166 illud¹
1050 1126 1065 1164 :
1103 1126 1131 1160 ι
1174 1109 1316 1163 Ecce
1353 1121 1464 1162 nos
1509 1104 1858 1179 reliquimus
1889 1102 2113 1161 omnia.
2144 1123 2172 1157 n

632 1202 990 1275 Augustinus
1047 1201 1206 1259 enim
1262 1199 1406 1256 dicit
1443 1197 1466 1230 ²
1508 1216 1523 1256 z
1576 1216 1604 1251 α
1649 1197 1930 1255 Dominus
1975 1196 2180 1255 omnia

630 1297 796 1356 hona
838 1293 1191 1369 temporalia
1235 1292 1616 1366 contempsit,
1646 1295 1711 1349 ut
1745 1290 2180 1350 contemnenda

633 1406 758 1449 esse
805 1388 1140 1448 ostenderet
1153 1406 1172 1460 ;
1210 1389 1269 1444 et
1312 1385 1516 1444 omnia
1556 1385 1720 1444 mala
1763 1385 2070 1455 sustinuit,
2114 1389 2181 1442 ut

633 1483 974 1541 sustinenda
1001 1497 1126 1540 esse
1156 1481 1396 1539 doceret
1424 1499 1439 1537 ε
1473 1481 1539 1537 ut
1563 1495 1759 1553 neque
1781 1479 1845 1536 in
1871 1478 1988 1536 illis
2015 1495 2177 1553 qute-

635 1580 859 1635 teretur
888 1575 1154 1646 felicitas,
1182 1589 1292 1632 nec
1325 1573 1386 1630 in
1417 1572 1540 1630 istis
1577 1572 1704 1630 ulla
1743 1571 2048 1629 timeretur
2074 1571 2181 1630 ad-

632 1669 896 1728 versitas.
921 1690 951 1722 »
986 1671 1053 1726 Et
1074 1667 1216 1725 dicit
1249 1686 1262 1722 :
1300 1685 1329 1719 α
1374 1669 1678 1723 Peccatum
1707 1668 1796 1723 est
1819 1681 2018 1723 amare
2046 1680 2178 1739 quae

634 1763 890 1822 Christus
926 1761 1297 1835 contempsit,
1343 1763 1401 1817 et
1426 1759 1649 1832 fugere,
1682 1774 1815 1832 qum
1842 1758 1967 1832 ipse
2012 1757 2180 1815 susti-

634 1858 782 1915 nuit.
811 1879 840 1910 »
873 1859 918 1915 Ο
955 1856 1089 1930 quis
1113 1854 1295 1913 hodie
1334 1853 1396 1911 in
1430 1853 1547 1911 hoc
1574 1852 1838 1927 sequitur
1865 1852 2177 1923 Christum,

637 1951 733 2009 vel
761 1951 886 2025 ejus
922 1948 1314 2024 Apostolum?
1341 1947 1464 2005 imo
1502 1947 1637 2021 quis
1673 1950 1760 2004 est
1795 1946 1898 2020 qui
1935 1961 2058 2004 non
2086 1962 2179 2003 se·

636 2048 852 2120 quatur
879 2046 1004 2101 toto
1029 2041 1208 2100 corde
1237 2040 1588 2115 temporalia
1614 2040 1725 2098 ista
1750 2040 1935 2110 bona,
1972 2042 2030 2098 et
2055 2055 2179 2098 non

589 2146 594 2151 ’
633 2137 821 2211 fugiat
839 2136 1191 2212 temporalia
1206 2135 1414 2193 mala?
1442 2134 1663 2192 Nullus.
1688 2137 1810 2191 lmo
1834 2133 1957 2191 vita
1977 2135 2179 2191 nostra

635 2234 724 2289 est
747 2231 993 2289 omnino
1021 2229 1155 2287 vitae
1193 2229 1396 2286 Christi
1429 2227 1755 2296 contraria3
1794 2231 1850 2285 et
1874 2226 2014 2285 ideo
2042 2243 2180 2284 cum

633 2329 836 2384 sancto
863 2323 1146 2398 Apostolo
1172 2323 1298 2396 ejus
1322 2338 1445 2379 non
1482 2337 1686 2379 sumus
1718 2320 1916 2393 amici,
1942 2320 2051 2378 sed
2075 2320 2182 2377 ho-

635 2423 751 2478 stes
779 2422 836 2476 et
861 2416 1084 2476 inimici
1127 2434 1142 2473 ε
1186 2431 1308 2473 non
1346 2414 1499 2473 servi
1550 2414 1671 2484 Dei,
1718 2413 1826 2471 sed
1864 2412 2078 2471 mundi
2125 2417 2182 2471 et

636 2512 885 2571 diaboli.
927 2512 1146 2571 Orabat
1182 2509 1366 2568 semel
1397 2514 1565 2582 pater
1605 2507 1964 2577 Franciscus,
2011 2507 2180 2580 cujus

635 2623 840 2665 servus
861 2609 1042 2677 esset,
1068 2604 1181 2661 sibi
1226 2603 1534 2678 postulans
1569 2602 1841 2660 revelari.
1881 2602 1974 2661 Ad
2000 2617 2179 2675 quem

638 2701 714 2758 de
743 2699 904 2758 coelis
941 2715 1061 2757 vox
1107 2698 1261 2756 facta
1303 2701 1419 2765 est,
1466 2695 1668 2753 dicens
1707 2714 1722 2752 :
1760 2715 1791 2751 ι
1835 2695 2139 2753 Francisce
2162 2737 2180 2765 ,

637 2794 883 2868 quando
930 2792 1134 2850 divina
1166 2790 1502 2861 meditaris,
1548 2789 1753 2847 divina
1789 2788 2084 2862 loqueriS,
2125 2792 2184 2846 et

637 2888 965 2947 secundum
992 2902 1091 2944 me
1119 2884 1413 2960 operaris,
1443 2900 1648 2941 servus
1679 2886 1818 2940 tunc
1857 2899 2026 2940 meus
2054 2882 2179 2940 exi·-

637 2982 757 3039 stiS.
791 2983 936 3039 Cum
967 2985 1163 3038 autem
1191 2978 1283 3037 his
1311 2977 1606 3035 contraria
1628 2976 1911 3051 operaris,
1941 2976 2182 3033 alterius

638 3091 844 3134 servus
870 3073 1139 3144 efficeriS,
1170 3073 1273 3147 qui
1315 3088 1453 3129 meo
1496 3087 1599 3129 ore
1631 3069 1928 3128 nominari
1960 3069 2181 3143 dignus

638 3170 841 3244 utique
869 3183 993 3226 non
1021 3166 1229 3225 existit.
1254 3186 1283 3221 »
1314 3168 1474 3222 Tunc
1499 3168 1733 3222 sanctus
1751 3164 1832 3221 ait
1858 3183 1871 3221 ε
1903 3184 1930 3217 «
1956 3165 2022 3221 Et
2042 3179 2179 3237 ege,

639 3264 919 3336 Domine,
983 3279 1220 3339 semper
1267 3278 1366 3320 mc
1420 3261 1671 3320 alterum
1723 3260 1939 3318 horum
2000 3261 2180 3318 trium

639 3358 909 3433 spondeo
935 3357 1227 3415 facturum
1257 3376 1273 3412 ε
1322 3355 1421 3413 vel
1460 3355 1535 3412 de
1565 3358 1620 3413 te
1646 3353 1942 3425 meditari,
1978 3354 2078 3412 vel
2105 3353 2181 3411 de

639 3455 696 3509 te
723 3452 911 3525 loqui,
940 3450 1039 3509 vel
1076 3449 1307 3523 aliquid
1347 3452 1591 3523 propter
1636 3451 1690 3505 te
1722 3447 1976 3521 operari.
2007 3467 2038 3503 ι»
2071 3451 2181 3505 Ve-

637 3545 808 3603 niens
835 3560 977 3617 ergo
1002 3544 1081 3601 ad
1108 3543 1312 3601 fratres
1334 3544 1416 3599 ait
1445 3561 1459 3598 :
1500 3562 1527 3593 α
1561 3543 1805 3611 Fran-eS,
1833 3540 1974 3598 talia
1998 3557 2037 3599 a
2063 3544 2181 3599 Deo

639 3638 842 3697 audivi
874 3657 888 3695 :
915 3638 1056 3695 talia
1084 3637 1172 3694 illi
1200 3636 1446 3711 promisi
1478 3634 1685 3707 :n010,
1714 3639 1779 3692 ut
1803 3652 1912 3693 vos
1938 3635 2185 3710 promit-

640 3733 801 3805 tatis;
832 3731 936 3789 sed
959 3747 1108 3803 rogo
1137 3734 1204 3787 ut
1229 3744 1464 3805 semper
1486 3728 1737 3786 alterum
1761 3729 1977 3787 horum
2003 3730 2181 3787 trium

636 3826 829 3883 facere
857 3823 1157 3896 studeatiS,
1186 3828 1252 3881 ut
1283 3822 1432 3880 servi
1470 3822 1571 3880 Dei
1609 3838 1734 3880 esse
1761 3822 1986 3897 positis,
2011 3843 2040 3879 n
2069 3823 2184 3882 Sed

640 3920 775 3995 quis
800 3918 1245 3977 mundanorum
1287 3916 1404 3974 hoc
1443 3914 1616 3973 facit?
1659 3915 1822 3986 Quid
1855 3917 2041 3987 avari,
2070 3917 2184 3974 nisi

642 4014 716 4072 de
744 4013 1035 4088 pecunia?
1063 4011 1211 4087 quid
1235 4010 1394 4081 vani,
1424 4010 1539 4067 nisi
1569 4010 1813 4093 degula
1831 4014 1888 4068 et
1907 4010 2183 4068 luxuria?

639 4108 788 4182 quid
836 4106 1107 4181 superbi,
1148 4104 1258 4162 nisi
1305 4104 1379 4161 de
1428 4103 1813 4176 dignitatibus
1862 4108 1918 4162 et
1963 4104 2184 4178 gloria,

639 4202 1020 4271 meditantur,
1046 4199 1389 4273 loquuntur,
1420 4202 1476 4255 et
1503 4200 1861 4272 operantur?
1889 4201 2041 4271 Ergo
2061 4214 2185 4256 otn-

638 4312 745 4355 nes
772 4296 864 4354 isti
893 4311 1015 4353 non
1042 4293 1194 4351 servi
1220 4292 1449 4362 Christi,
1478 4292 1586 4350 sed
1612 4294 1768 4350 servi
1798 4292 2026 4352 diaboli
2057 4309 2184 4351 esse

641 4390 988 4466 probantur.
1024 4407 1053 4442 α
1093 4391 1140 4446 A
1166 4402 1290 4462 quo
1338 4387 1497 4444 enim
1542 4386 1675 4460 quis
1715 4390 2024 4460 superatus
2067 4390 2184 4459 est,

641 4485 769 4557 eius
816 4487 888 4541 et.
922 4497 1126 4539 servus
1177 4484 1296 4551 est,
1342 4500 1372 4536 n
1433 4479 1584 4539 sicut
1626 4480 1932 4555 apostolus
1984 4484 2186 4540 Petrus

642 4579 815 4637 docet
841 4579 884 4632 ⁸.

712 4670 1084 4742 Secundum,
1139 4666 1301 4725 unde
1354 4665 1646 4741 probatur
1692 4667 2011 4727 amicitiam
2061 4685 2185 4728 esse

643 4782 866 4837 veram,
896 4767 983 4822 est
1025 4758 1358 4820 communis
1400 4760 1777 4819 observantia
1821 4761 2182 4822 divinorum.

641 4863 738 4919 Est
764 4857 923 4917 enim
949 4855 1211 4916 officium
1238 4868 1395 4912 verae
1417 4853 1713 4927 amicitiae,
1743 4854 1904 4913 idem
1927 4856 2104 4930 velle,
2131 4859 2190 4916 et

575 4966 590 4980 ·
642 4952 810 5029 quod
838 4952 900 5011 in
921 4950 1100 5009 rebus
1129 4947 1366 5020 diviniS,
1395 4947 1830 5023 dominicisque
1855 4950 2188 5024 praeceptis,

641 5046 810 5106 nulla
855 5044 929 5103 sit
992 5042 1299 5102 diversitas
1355 5040 1750 5101 voluntatum.
1811 5045 1960 5101 Vera
2009 5043 2191 5117 igitur

705 5196 721 5231 ¹
760 5193 963 5255 unuh„
993 5205 1080 5245 xtx
1101 5229 1115 5256 ‚
1146 5194 1290 5245 27.-
1317 5192 1335 5223 ²
1360 5194 1490 5256 Aug.
1519 5217 1580 5229 -—-
1614 5191 1638 5227 ⁸
1667 5192 1706 5241 ll
1737 5192 1901 5256 Petr„
1931 5203 1989 5256 11,
2022 5196 2098 5244 19.
2126 5220 2189 5233 -

644 5266 663 5297 ⁴
690 5267 854 5321 Jocn„
883 5278 967 5329 xv,
996 5269 1070 5316 14.
1105 5292 1161 5302 —
1189 5266 1211 5301 ⁸
1240 5263 1449 5326 Salust„
1478 5262 1536 5312 in
1565 5261 1777 5314 Catilina.
1806 5288 1870 5300 —
1902 5265 1924 5300 ⁸
1957 5267 2089 5330 Act„
2116 5277 2189 5331 ιν,

644 5343 722 5390 32.
753 5365 812 5377 -
843 5339 859 5371 ⁷
888 5340 1123 5402 August„
1169 5337 1413 5401 Confess„
1454 5334 1543 5389 lib.
1586 5336 1671 5401 tv,
1714 5350 1761 5387 c.
1798 5347 1879 5401 vt,
1916 5350 1970 5388 n.
2009 5342 2087 5397 u.
2125 5351 2190 5389 ex

1650 401 2066 471 SERMONES
2109 404 2211 471 DE
2250 405 2602 474 SANCTIS.
2646 407 2801 474 XLI.

2282 542 2539 601 amicitia
2566 543 2718 601 inter
2734 542 3026 602 Christum
3048 545 3109 601 et
3132 559 3312 603 suum
3331 544 3680 620 Apostolum
3696 545 3823 620 tuit,

2284 637 2450 710 quia,
2480 637 2631 695 sicut
2656 636 2936 695 Dominus
2958 651 3085 695 non
3109 638 3271 695 venit
3296 654 3471 695 suam
3497 638 3691 697 tacere
3718 656 3828 697 vo·

2283 729 2591 801 luntatem,
2620 731 2725 787 sed
2756 731 2956 802 Patris,
2982 734 3066 788 sic
3095 735 3152 789 et
3175 731 3495 806 Apostolus
3536 732 3684 790 nihil
3717 733 3826 790 sibi

2284 822 2360 880 de
2388 824 2641 898 propria·
2656 823 2962 883 voluntate
2994 824 3260 895 retinuit,
3298 825 3409 882 sed
3448 827 3826 899 corporaliter

2285 916 2501 974 divinis
2540 918 2849 992 praeceptis
2894 934 2956 975 se
3000 918 3287 977 subdidit.
3342 919 3643 977 Audiebat
3676 921 3827 978 enim

2285 1011 2604 1069 Dominum
2633 1011 2929 1070 dicentem
2948 1011 2970 1046 '⁹
3000 1030 3015 1070 :
3053 1032 3082 1067 α
3116 1016 3230 1070 Vos
3257 1014 3436 1071 amici
3460 1014 3583 1071 mei
3613 1015 3769 1084 estis,
3792 1036 3818 1066 ι

2284 1108 2393 1163 etc.
2420 1105 2479 1163 Si
2505 1105 2663 1163 enim
2692 1106 3018 1164 amicorum
3058 1110 3145 1163 est
3170 1106 3329 1176 idem
3354 1107 3539 1177 velle,
3578 1111 3637 1165 et
3674 1107 3825 1165 idem

2282 1198 2442 1256 nolle
2469 1199 2513 1270 ⁸,
2540 1215 2707 1271 ergO,
2740 1199 3037 1274 quidquid
3061 1216 3216 1258 unus
3241 1201 3510 1273 mandat,
3549 1200 3701 1258 alter
3725 1201 3827 1258 ob-

2284 1296 2495 1351 servat.
2534 1296 2602 1351 Et
2622 1293 2769 1368 quid
2796 1294 3036 1363 mirum,
3066 1294 3115 1350 si
3144 1294 3257 1352 hoc
3290 1294 3367 1351 de
3405 1294 3700 1369 apostolis
3733 1311 3827 1352 ve·

2282 1402 2417 1443 rum
2444 1390 2551 1460 est,
2584 1388 2687 1462 qui
2714 1387 2951 1447 fuerunt
2986 1387 3211 1446 Christo
3244 1388 3473 1459 intimi,
3521 1391 3583 1445 et
3616 1389 3683 1446 in
3710 1389 3829 1461 ejus

2284 1480 2543 1539 amicitia
2562 1481 2871 1556 praecipui,
2899 1498 3037 1539 cum
3055 1481 3284 1540 dicatur
3305 1483 3348 1553 ⁸,
3369 1481 3541 1556 quod
3560 1483 3827 1539 omnium

2284 1573 2650 1633 credentium
2678 1580 2802 1633 erat
2827 1591 2932 1633 cor
2948 1591 3159 1648 unum,
3187 1580 3245 1634 et
3269 1577 3475 1633 anima
3498 1578 3664 1633 una?
3687 1578 3827 1634 Nam

2284 1667 2485 1742 etipse
2510 1668 2868 1741 Augustinus
2894 1668 3038 1728 dicit
3068 1671 3112 1741 ⁷,
3148 1684 3211 1727 se
3236 1668 3521 1727 habuisse
3547 1669 3824 1743 amicum,

2284 1759 2360 1819 de
2389 1777 2512 1836 quo
2535 1761 2852 1821 videbatur
2877 1762 3015 1835 sibi,
3042 1762 3208 1837 quod
3230 1762 3370 1820 licet
3389 1762 3514 1821 duo
3542 1762 3827 1821 haberent

2285 1871 2566 1930 corpora,
2613 1855 2817 1914 anima
2852 1860 3053 1914 tamen
3094 1860 3220 1915 erat
3258 1859 3491 1914 tantum
3533 1873 3676 1915 una.
3720 1861 3827 1915 Nec

2286 1949 2526 2021 mirum,
2555 1948 2605 2006 si
2642 1953 2805 2008 tanta
2846 1953 3043 2025 potest
3068 1966 3193 2008 esse
3236 1951 3430 2008 unitas
3469 1950 3824 2009 Christiano-

2284 2059 2417 2101 rum
2450 2060 2512 2101 se
2549 2043 2827 2101 charitate
2869 2042 3225 2115 amantium,
3270 2060 3409 2102 cum
3450 2060 3624 2103 amor
3670 2061 3827 2102 com-

2284 2137 2482 2195 munis
2517 2140 2741 2195 tantam
2773 2137 3059 2197 unitatem
3100 2139 3285 2212 possit
3322 2137 3519 2196 facere
3566 2155 3826 2213 pagano·

2284 2246 2443 2300 rum,
2476 2234 2542 2288 ut
2579 2231 2848 2288 dicantur
2892 2230 3044 2288 inter
3088 2248 3151 2289 se
3191 2247 3317 2289 esse
3357 2249 3573 2290 unum.
3615 2235 3763 2291 Nam
3786 2234 3827 2303 ⁸,

2285 2328 2605 2400 postquam
2639 2324 2995 2397 Alexander,
3033 2342 3138 2383 rex
3180 2326 3592 2398 Macedonum,
3632 2343 3827 2400 regem

2290 2419 2524 2475 Darium
2577 2418 2919 2492 devicisset,
2961 2424 3019 2477 et
3066 2435 3320 2493 regnum
3364 2423 3680 2478 Persarum
3722 2437 3826 2478 suo

2288 2510 2557 2569 dominio
2585 2512 2984 2586 subjugasset,
3021 2517 3080 2570 et
3105 2513 3187 2570 ad
3229 2513 3562 2588 quemdam
3599 2515 3828 2585 locum,

2286 2592 2541 2662 ubi'erat
2565 2610 2754 2664 mater
2782 2606 2957 2677 Darii,
2991 2605 3344 2678 devenisset,
3372 2606 3481 2665 illa
3510 2607 3826 2681 quemdam

2286 2698 2536 2756 militem
2560 2698 2792 2771 videns,
2835 2716 3015 2774 quem
3036 2705 3284 2773 propter
3309 2700 3677 2773 elegantiam
3714 2701 3827 2759 sor·

2287 2807 2429 2861 mae,
2470 2794 2530 2850 et
2570 2792 3042 2866 magnitudinem
3080 2809 3384 2866 personae,
3430 2792 3829 2852 Alexandrum

2288 2900 2414 2942 esse
2442 2885 2710 2958 credidit,
2741 2887 2939 2960 ipsum
2973 2890 3260 2961 tanquam
3296 2903 3500 2959 regem
3537 2886 3828 2945 salutavit.

2288 2980 2553 3053 Cumque
2583 2979 2831 3050 audiret,
2861 2980 3028 3054 quod
3062 2980 3196 3051 ille,
3236 2996 3420 3055 quem
3453 2980 3830 3052 salutaverat,

2286 3087 2395 3130 rex
2422 3088 2545 3130 non
2573 3076 2745 3144 esset,
2777 3072 3007 3144 timens,
3048 3075 3239 3131 verba
3265 3074 3593 3148 quaerebat,
3621 3074 3833 3149 quibus

2288 3181 2351 3223 se
2377 3169 2698 3224 excusaret.
2728 3167 2832 3223 Cui
2861 3183 2966 3224 rex
2992 3183 3007 3224 ε
3044 3167 3252 3225 «Nihil
3279 3172 3385 3239 est,
3430 3168 3603 3243 quod
3628 3168 3694 3226 in
3730 3168 3833 3225 hac

2288 3276 2353 3318 re
2378 3259 2598 3317 debeas
2642 3259 2968 3318 formidare
3012 3279 3028 3317 ε
3072 3260 3216 3335 quia
3257 3263 3316 3319 et
3359 3260 3459 3318 hic
3504 3261 3832 3320 Alexander

2290 3357 2395 3427 est,
2435 3356 2494 3411 et
2527 3370 2641 3427 ego
2683 3370 2818 3411 sum
2857 3354 2922 3411 id
2962 3353 3131 3429 quod
3172 3354 3299 3428 ipse
3341 3358 3445 3413 est.
3490 3376 3524 3412 n
3557 3358 3745 3430 Ergo,
3784 3355 3832 3412 si

2288 3449 2450 3505 tanta
2481 3448 2672 3522 potuit
2697 3463 2822 3505 esse
2860 3447 3119 3506 amicitia
3151 3464 3534 3522 paganorum
3570 3466 3637 3508 se
3674 3465 3830 3508 com-

2291 3541 2457 3600 muni
2497 3557 2699 3600 amore
2750 3541 3077 3599 amantium
3094 3584 3113 3614 ,
3157 3547 3379 3616 quanta
3428 3559 3571 3601 cum
3614 3543 3830 3602 Christo

2289 3635 2399 3694 fuit
2435 3634 2693 3694 amicitia
2732 3635 3161 3710 apostolorum,
3205 3651 3360 3711 quos
3384 3636 3630 3695 divinus
3673 3654 3833 3696 amor

2292 3729 2545 3788 totaliter
2595 3729 3031 3787 transformavit
3093 3729 3156 3787 in
3218 3729 3511 3787 Christum
3530 3731 3563 3787 Ἰ
3630 3733 3835 3790 Omnia

2292 3838 2435 3896 ergo
2463 3822 2720 3881 servavit
2752 3822 3239 3894 Bartholomaeus,
3274 3840 3413 3898 quat.²
3450 3841 3591 3883 eum
3630 3826 3831 3884 obser·

2290 3932 2433 3974 vare
2455 3915 2648 3974 voluit
2672 3916 2948 3975 Christus.
2981 3917 3097 3975 Sed
3132 3917 3267 3992 quis
3307 3920 3394 3975 est
3432 3918 3665 3978 Christo
3692 3919 3833 3977 ami-

2293 4026 2417 4082 cus,
2449 4010 2561 4069 nisi
2597 4009 2702 4084 qui
2740 4009 2946 4067 divina
2993 4010 3268 4069 observat
3304 4012 3632 4070 mandata?
3678 4012 3831 4071 Unde

2294 4104 2672 4178 conqueritur
2712 4103 3027 4176 Dominus,
3075 4103 3275 4162 dicens
3314 4106 3337 4140 ⁹
3381 4123 3397 4163 ε
3445 4124 3477 4160 α
3521 4110 3573 4165 A
3621 4105 3831 4164 saecuto

2293 4197 2630 4270 confregisti
2651 4197 2895 4269 jugum,
2931 4200 2989 4255 et
3029 4196 3225 4256 dixisti
3256 4217 3271 4256 ε
3314 4201 3447 4256 Non
3484 4200 3763 4258 serviam.
3798 4221 3824 4254 ι

2295 4290 2435 4360 Quis
2460 4305 2585 4348 non
2610 4290 2901 4363 confregit
2925 4290 3224 4365 quidquid
3257 4291 3321 4349 in
3359 4291 3665 4366 baptismo
3702 4308 3832 4367 pro-

2293 4384 2493 4442 misit?
2520 4383 2662 4454 Quis
2688 4384 3031 4458 poenitentia
3055 4383 3291 4457 dignus,
3318 4388 3377 4443 et
3397 4401 3525 4444 non
3546 4387 3716 4461 prius
3740 4387 3834 4446 ab·

2290 4477 2435 4551 J'icit,
2467 4492 2651 4551 quam
2689 4477 3045 4551 assumpsit?
3083 4478 3224 4548 Quis
3254 4494 3379 4536 non
3427 4479 3699 4555 diabolo,
3742 4481 3834 4538 vel

2293 4570 2544 4643 mundo,
2583 4570 2905 4646 plusquam
2943 4570 3168 4630 Christo
3217 4571 3469 4653 obedit?
3516 4576 3677 4647 Ergo
3718 4589 3833 4632 non

2295 4682 2519 4738 sumus,
2546 4664 2774 4735 fratres,
2821 4662 2998 4722 amici
3037 4663 3280 4738 Christi,
3329 4665 3436 4723 sed
3470 4667 3676 4741 potius
3712 4666 3831 4725 dia-

2295 4760 2446 4831 boli,
2473 4758 2597 4817 sive
2624 4757 2855 4817 mundi.

2367 4853 2621 4913 Tertium
2637 4894 2655 4925 ,
2684 4851 2845 4910 unde
2881 4852 3168 4927 probatur
3216 4851 3539 4912 amicitiam
3584 4869 3713 4913 οδε
3736 4870 3833 4912 ve·

2295 4963 2427 5007 ram
2438 4988 2461 5020 ‚
2506 4951 2593 5005 est
2628 4945 3085 5004 communicatio
3128 4945 3505 5016 animorum,
3552 4947 3681 5006 sive
3719 4963 3834 5007 om-

2296 5043 2466 5100 nium
2490 5043 2868 5099 secretorum.
2913 5041 3150 5098 Constat
3186 5039 3348 5098 enim
3365 5083 3387 5108 ,
3416 5039 3587 5116 quod
3616 5061 3650 5097 ι
3674 5057 3833 5100 amor

2301 5194 2505 5253 Horat„
2554 5189 2706 5241 Odor.
2742 5189 2830 5240 lib.
2876 5190 2926 5252 1,
2974 5200 3065 5253 111,
3106 5192 3165 5254 8,
3198 5194 3252 5240 et
3284 5189 3374 5240 lib.
3414 5190 3486 5255 n,
3523 5202 3671 5253 xvu,
3699 5192 3747 5240 5.
3780 5216 3829 5226 -

2303 5265 2321 5294 ⁸
2347 5263 2519 5315 valer.
2548 5262 2704 5325 Max„
2734 5260 2825 5312 lib.
2864 5260 2950 5322 lv,
2983 5273 3032 5309 c.
3066 5272 3167 5324 vn,
3195 5265 3393 5312 extem.
3422 5274 3479 5311 n.
3507 5266 3565 5327 23
3595 5262 3757 5326 Cart„
3777 5259 3832 5309 de

2303 5334 2409 5388 reb.
2440 5337 2569 5400 qest.
2596 5332 2764 5394 Ale-tn,
2792 5330 2883 5382 lib.
2918 5332 3002 5380 ΙΙΙ.
3031 5357 3092 5369 -—
3115 5332 3140 5368 θ
3165 5334 3367 5396 let-em„
3395 5343 3464 5397 ιι,
3493 5336 3576 5385 2⁰.
