4059 6317
754 474 872 535 ¹48

748 603 939 670 datur
962 601 1308 667 consolatio
1341 601 1611 669 coelcstis
1634 602 1789 683 cibi,
1818 602 1940 667 nisi
1969 602 2286 698 praecedat

747 709 1006 775 afflictio
1025 709 1151 773 cibi
1176 710 1509 775 terrestris.
1538 709 1716 775 Unde
1731 710 1881 774 filiis
1900 708 2095 774 Israel
2124 710 2285 792 pluit

677 875 682 884 .
743 834 984 881 manna
1020 816 1100 882 de
1138 816 1297 882 coelo
1321 818 1391 882 in
1412 818 1660 884 deserto
1685 820 2038 902 asperitatis
2072 824 2137 886 et
2170 839 2280 903 pe-

737 928 959 993 ‘nuriae
988 977 1011 1008 ,
1070 946 1203 994 non
1255 928 1326 993 in
1375 928 1657 1013 AEgypto
1703 930 2048 996 sterilitatis
2105 931 2185 1013 (a)
2222 935 2286 994 et

747 1034 1176 1099 abundantiae.
1216 1033 1505 1100 Secundo
1543 1035 1747 1101 voluit
1779 1037 1926 1102 duci
1963 1037 2030 1101 in
2069 1039 2280 1102 deser-

746 1144 912 1221 tum,
942 1141 1095 1224 qnia
1117 1142 1298 1207 locus
1322 1142 1849 1226 despectibilitatis
1885 1143 1986 1225 (b),
2016 1143 2094 1207 ad
2130 1162 2282 1208 con-

744 1248 1132 1315 fundendam
1159 1250 1522 1331 jactantiam
1548 1249 1871 1315 saecularis
1895 1250 2280 1315 ambitionis.

748 1354 926 1421 Unde
964 1355 1159 1422 Judas
1194 1356 1615 1436 Machabaeus,
1654 1380 1685 1418 α
1710 1358 1823 1440 qui
1843 1357 2127 1423 decimus
2152 1359 2285 1423 fue-

745 1465 848 1526 rat
886 1469 934 1542 ¹,
972 1464 1226 1528 recessit
1267 1463 1338 1527 in
1389 1463 1710 1528 desertum
1762 1462 1978 1528 locum
1996 1512 2014 1543 ,
2067 1464 2283 1545 ibique

745 1569 911 1634 inter
923 1570 1088 1634 teras
1104 1571 1177 1651 (c)
1204 1570 1403 1634 vitam
1432 1588 1580 1634 cum
1610 1571 1745 1635 suis
1765 1570 1850 1653 (d)
1872 1571 1942 1634 in
1958 1570 2283 1636 montibus

746 1677 1030 1756 gerebat.
1072 1697 1104 1737 n
1149 1674 1184 1741 J
1186 1677 1373 1756 udas,
1414 1678 1525 1760 qni
1553 1678 2006 1761 interpretatur
2031 1678 2283 1761 qlorifi-

742 1797 922 1862 cans,
965 1782 1210 1847 ratione
1259 1801 1395 1848 suae
1438 1783 1815 1850 humilitatis
1868 1788 1932 1848 et
1983 1784 2282 1848 virtuosi-

741 1889 912 1969 tatis,
955 1889 1168 1971 signat
1195 1890 1411 1955 Jesum
1461 1890 1778 1956 Christum
1798 1940 1815 1972 ,
1855 1892 2003 1975 qni,
2034 1891 2280 1955 ratione

741 1993 1119 2059 humilitatis
1147 2000 1211 2060 et
1255 1997 1557 2062 virmosae
1595 1998 2116 2077 conversationis,
2156 1997 2281 2061 fuit

744 2102 952 2183 gloria
995 2102 1105 2166 Dei
1149 2101 1355 2167 Patris
1396 2104 1464 2167 in
1503 2108 1831 2188 assumpta
1853 2104 2274 2170 humanitate.

741 2207 981 2274 Dicitur
1017 2214 1233 2275 antem
1263 2210 1547 2278 decimus
1572 2215 1817 2276 ratione
1852 2230 1987 2277 suae
2013 2211 2275 2276 humili-

739 2317 910 2397 tatis,
940 2322 1005 2381 et
1026 2317 1329 2383 virtuosae
1358 2320 1875 2396 conversationis,
1907 2324 1970 2384 et
1997 2320 2279 2384 eminen-

739 2425 821 2488 tis
845 2424 1266 2507 perfectionis.
1298 2425 1414 2489 Hic
1444 2430 1702 2490 notatur
1729 2448 1745 2490 t
1777 2426 1858 2492 ad
1883 2427 2272 2490 confunden-

740 2530 887 2595 dam
916 2531 1185 2596 totaliter
1212 2533 1585 2614 jactantiam
1613 2532 2014 2612 ambitionis,
2045 2534 2113 2596 in
2134 2537 2278 2596 tan-

601 2680 606 2684 -
740 2643 879 2701 tum
909 2654 977 2702 se
997 2637 1388 2720 humiliavit,
1417 2641 1531 2704 ut'
1560 2662 1592 2701 α
1624 2640 1893 2704 formam
1922 2640 2092 2706 servi
2118 2641 2277 2704 acci-

741 2749 921 2829 piens
964 2768 995 2808 1·
1041 2746 1209 2811 inter
1272 2748 1566 2813 homines
1631 2752 2156 2826 conversaretur3
2214 2753 2279 2813 et

739 2855 930 2918 etiam
981 2855 1050 2917 in
1099 2857 1358 2918 tantum
1411 2873 1480 2920 se
1530 2855 1860 2921 vilificavit
1882 2905 1902 2934 ,
1962 2861 2038 2921 ut
2089 2857 2278 2922 vellet

739 2961 880 3025 fleri
902 2966 926 3003 ⁸
963 2984 993 3022 α
1020 2961 1434 3044 opprobrium
1475 2961 1811 3026 hominum
1835 3012 1854 3043 ,
1897 2969 1961 3028 et
2010 2963 2276 3045 abiectio

739 3069 960 3152 plebis,
990 3090 1021 3130 n
1061 3070 1261 3134 vitam
1290 3088 1476 3134 suam
1502 3070 1570 3135 in
1599 3071 1847 3136 deserto
1887 3090 2037 3136 cum
2064 3071 2278 3135 bestiis

740 3176 1042 3257 gerendo.
1097 3176 1441 3243 Erubescat
1481 3197 1640 3260 ergo
1678 3179 2040 3244 membrum
2061 3227 2080 3259 ,
2106 3179 2276 3261 quod

736 3301 806 3348 se
831 3284 1037 3350 elevat
1063 3284 1130 3348 in
1152 3284 1354 3350 altum
1371 3303 1488 3368 per
1503 3286 1936 3365 ambitionem,
1967 3303 2115 3349 cum
2136 3288 2277 3366 ejus

735 3396 928 3475 caput
970 3391 1172 3457 voluit
1196 3391 1466 3475 deprimi
1493 3393 1565 3456 in
1589 3393 1796 3457 imum
1824 3410 1941 3475 per
1969 3392 2276 3457 humilia-

738 3499 1004 3564 tionem.
1034 3498 1336 3582 Alioquin
1362 3503 1772 3565 monstruosa
1794 3517 1898 3562 res
1923 3503 2039 3577 est,
2063 3499 2117 3562 si
2138 3517 2270 3581 peS‚

737 3606 847 3689 qui
881 3605 1065 3670 debet
1106 3607 1362 3671 subesse
1379 3654 1401 3686 ,
1434 3606 1539 3672 vel
1579 3605 1832 3689 aliquod
1862 3605 2035 3671 aliud
2065 3624 2273 3670 mem-

737 3713 926 3777 brum
969 3717 1434 3796 superponatur
1478 3715 1551 3795 (e)
1599 3713 1821 3794 capiti,
1877 3713 2051 3796 quod
2090 3713 2275 3778 debet

735 3837 1029 3902 praeesse.
1058 3818 1271 3884 Tertio
1286 3820 1491 3884 voluit
1505 3818 1652 3886 duci
1669 3820 1738 3883 in
1755 3821 2100 3899 desertum,
2123 3821 2275 3904 quia

735 3925 908 3991 locus
950 3926 1293 3991 sterilitatis
1313 3974 1334 4006 ,
1373 3926 1454 3991 ad
1495 3926 2020 4009 suppeditandam
2062 3929 2270 3993 avari-

736 4035 893 4097 tiam
919 4032 1192 4098 exitialis
1216 4032 1729 4115 aggregationis.
1754 4032 1931 4098 Unde
1954 4033 2190 4100 dicitur
2203 4038 2227 4070 ⁸
2254 4055 2269 4095 ε

742 4162 776 4198 «ι
799 4139 1189 4205 Exclamavit
1218 4157 1375 4204 voce
1401 4157 1644 4221 magna
1670 4137 2001 4205 Mathatias
2029 4140 2098 4204 in
2125 4142 2275 4205 civi-

738 4250 865 4310 tate
916 4245 1127 4311 dicens
1158 4267 1175 4310 :
1204 4244 1422 4310 Omnis
1466 4245 1581 4328 qui
1620 4246 1827 4311 zelum
1873 4246 2067 4312 habet
2109 4247 2274 4329 legis

739 4362 1022 4424 statuens
1070 4361 1514 4423 testamentum
1534 4404 1556 4436 ‚
1598 4362 1784 4422 exeat
1835 4361 1979 4440 post
2021 4375 2148 4422 me.
2196 4356 2274 4423 Et

737 4465 906 4547 fugit
925 4465 1082 4549 ipse,
1113 4470 1177 4529 et
1199 4464 1315 4528 fflii
1337 4466 1479 4546 ejus
1503 4463 1573 4526 in
1599 4468 1882 4528 montes:
1906 4466 1970 4528 et
1994 4463 2269 4547 relique·-

737 4576 893 4639 runt
937 4589 1362 4655 quaecumque
1412 4569 1732 4635 habebant
1777 4570 1845 4633 in
1892 4569 2183 4648 civitate,
2211 4574 2275 4634 et

738 4687 891 4745 tunc
932 4679 1393 4744 descenderunt
1435 4676 1625 4741 multi
1663 4693 1810 4739 cum
1857 4694 1933 4740 eo
1964 4675 2034 4739 in
2060 4676 2274 4740 deser-

736 4792 876 4852 tum
905 4787 1300 4870 requirentes
1316 4784 1655 4870 Judicium‚
1685 4786 1760 4846 ut
1785 4784 2076 4847 sederent
2099 4781 2209 4846 ibi.
2231 4803 2263 4842 n

736 4893 1142 4975 Mathathias,
1172 4894 1286 4976 qui
1312 4893 1765 4974 interpretatur
1819 4888 2119 4968 donatus,
2166 4906 2269 4952 ra-

737 5002 910 5066 tione
936 5019 1075 5065 snae
1101 4998 1436 5066 eminentis
1462 4995 1806 5062 sanctitatis
1832 4995 2048 5077 signat
2073 4993 2273 5060 Chris-

737 5114 902 5191 tum,
931 5109 1041 5194 qui
1076 5113 1172 5175 est
1205 5108 1489 5173 humano
1528 5104 1752 5187 generi
1783 5103 2055 5171 donatus
2082 5121 2121 5168 a
2144 5102 2271 5169 Deo

799 5313 818 5347 ¹
845 5309 1029 5375 nacta„
1054 5321 1108 5374 v,
1134 5311 1214 5361 27.
1240 5333 1303 5345 -
1327 5307 1351 5342 ²
1374 5267 1582 5371 Philip„
1611 5317 1684 5372 11,
1711 5306 1759 5357 7.
1786 5329 1837 5340 -
1868 5307 1887 5337 ⁸
1909 5304 2048 5356 psat.
2076 5315 2190 5366 m,
2216 5307 2264 5357 τ.

741 5409 796 5421 -
818 5382 837 5414 ⁴
866 5383 886 5433 l
914 5382 1096 5444 Maeli„
1123 5394 1184 5446 ιι,
1212 5381 1378 5431 27·29.
1405 5404 1469 5418 -
1494 5377 1516 5413 ⁸
1537 5378 1712 5444 Greg.,
1741 5375 1947 5440 uorat„
1973 5373 2062 5427 lib.
2098 5371 2180 5426 tx,
2205 5401 2265 5413 —

737 5453 1044 5528 'xlimbrom⁸
1070 5453 1124 5503 in
1148 5453 1288 5517 lanc„
1317 5450 1408 5502 lib.
1438 5449 1552 5504 vu.

1839 463 2262 533 SERMONES
2302 464 2405 532 DE
2446 463 2840 532 TEMPORE.

2396 599 2583 667 Patre
2614 601 2769 667 :hic
2817 601 3053 667 clamat
3101 604 3504 686 praedieando
3517 654 3541 685 ‚
3596 614 3669 674 ut
3712 612 3907 677 omnis

2393 709 2504 792 qui
2520 709 2714 774 habet
2733 710 2940 773 zelum
2961 709 3130 792 legis
3150 712 3562 795 evangelicae,
3592 735 3706 799 per
3727 737 3906 802 qnam

2392 817 2690 880 statuitur
2714 820 3166 882 testamentum
3191 820 3442 901 paciset
3450 823 3747 890 amicitiae
3772 845 3908 892 cum

2396 920 2541 1001 Deo,
2570 930 2756 988 exeat
2778 929 2916 1006 post
2941 943 3094 990 enm
3130 926 3208 991 de
3238 930 3564 995 mundana
3590 950 3907 998 conversa-

2391 1029 2585 1110 tione,
2633 1031 2872 1110 omnia,
2922 1032 3144 1097 saltem
3186 1034 3417 1100 affectu
3432 1085 3454 1117 ,
3486 1037 3908 1123 relinquendo.

2391 1134 2553 1200 Nam
2582 1139 2719 1219 ipse
2744 1143 2805 1204 et
2827 1138 2960 1218 filii
2986 1138 3151 1219 eius,
3175 1140 3241 1205 id
3266 1147 3359 1206 oet
3378 1146 3664 1226 apostoli,
3685 1148 3908 1228 omnia,

2390 1244 2626 1325 quaein
2650 1243 2891 1309 mundo
2924 1250 3139 1323 erant,
3171 1251 3714 1332 contempserunt,
3748 1258 3818 1318 ut
3842 1255 3916 1318 ci-

2389 1349 2521 1413 tius
2548 1355 2686 1432 post
2722 1370 2875 1415 eum
2917 1361 3246 1417 currerent
3282 1372 3434 1419 cnm
3470 1360 3678 1422 cordis
3700 1360 3915 1425 dilata-

2389 1456 2563 1521 tione
2588 1457 2669 1522 ad
2694 1464 3016 1537 montana,
3047 1459 3115 1524 id
3140 1464 3235 1524 est
3259 1462 3675 1530 eminentiam
3702 1470 3918 1549 perrec-

2385 1562 2582 1628 tionis
2638 1566 3053 1647 evangelicae.
3118 1569 3196 1632 Et
3241 1572 3397 1634 tunc
3460 1571 3920 1642 descendemus

2388 1670 2601 1751 multi,
2633 1671 2871 1738 scilicet
2893 1674 3155 1756 perfecti
3188 1674 3493 1758 religion,
3527 1680 3760 1745 relictis
3785 1700 3921 1746 om-

2388 1777 2602 1858 nibus,
2620 1781 2754 1843 tam
2792 1780 2860 1843 in
2899 1784 3260 1862 communi,
3291 1802 3487 1866 quam
3527 1786 3601 1850 in
3646 1789 3919 1872 proprio,

2387 1888 2529 1966 post
2570 1902 2721 1950 eum
2755 1886 2824 1949 in
2868 1887 3188 1954 desertum
3213 1907 3387 1954 verae
3415 1893 3837 1959 mendicitatis
3866 1900 3925 1959 et

2386 1991 2621 2074 inopiae
2642 2042 2661 2072 ‚
2710 1995 3094 2077 requirentes
3121 1996 3456 2078 judicium
3492 2017 3610 2082 per
3656 2004 3927 2081 punitio-

2386 2116 2537 2164 nem
2578 2100 2953 2167 delictorum
2973 2151 2991 2181 ,
3022 2111 3084 2170 et
3098 2103 3434 2185 justitiam
3473 2125 3588 2189 per
3612 2109 3918 2193 adimple-

2383 2206 2626 2270 tionem
2677 2213 3138 2291 praeceptorum
3157 2258 3179 2290 ,
3235 2218 3309 2278 ut
3357 2212 3618 2281 sedeant
3674 2217 3774 2283 ibi
3818 2236 3927 2299 per

2384 2314 2615 2377 mentis
2660 2316 3100 2397 quietudinem
3153 2324 3219 2384 et
3272 2323 3551 2404 corporis
3598 2327 3917 2408 requiem,

2383 2421 2629 2486 nullam
2670 2441 2892 2487 curam
2933 2425 3276 2491 mundanae
3320 2428 3768 2496 sollicitudinis
3812 2434 3927 2498 ad-

2384 2528 2715 2608 mittendo,
2745 2531 2855 2594 sed
2885 2533 3323 2599 tantummodo
3344 2534 3591 2601 devotae
3620 2540 3930 2604 orationis

2384 2639 2451 2699 et
2475 2654 2670 2701 sacrae
2700 2635 2986 2703 lectionis
3014 2639 3225 2704 studio
3252 2640 3621 2709 insistendo.
3661 2645 3793 2711 Sed
3824 2647 3930 2713 ho-

2386 2743 2489 2809 die
2509 2748 2658 2809 sunt
2684 2746 3014 2827 nonnulli,
3045 2748 3163 2830 qui
3188 2747 3578 2816 descendunt
3608 2752 3680 2817 in
3704 2756 3928 2822 deser-

2385 2857 2526 2917 tum
2580 2852 2910 2933 religionis
2934 2902 2953 2933 ,
3010 2872 3142 2918 non
3194 2861 3268 2920 nt
3330 2857 3627 2939 sedeant,
3683 2864 3806 2928 sed
3864 2871 3933 2928 ut

2385 2956 2761 3035 discurrant,
2792 2977 2906 3041 per
2932 2961 3164 3025 mentis
3186 2962 3656 3031 distractionem
3702 2976 3774 3034 et
3803 2989 3933 3036 cor-

2384 3064 2560 3146 poris
2630 3066 3135 3148 inquietudinem
3162 3116 3181 3147 ,
3239 3087 3491 3154 semper
3550 3078 3933 3159 temporalia

2384 3172 2847 3252 aggregandO,
2879 3178 2942 3237 et
2982 3174 3096 3238 vix
3141 3180 3255 3240 aut
3296 3195 3627 3262 nunquam
3673 3183 3934 3251 devotae

2382 3278 2653 3343 orationi
2707 3284 3005 3345 vacantes
3019 3329 3040 3360 ,
3104 3301 3235 3346 non
3287 3287 3681 3352 attendentes
3699 3338 3725 3369 ,
3792 3292 3938 3357 licet

2381 3388 2961 3469 experimentaliter
3025 3399 3413 3473 cognoscant
3449 3442 3467 3474 ,
3535 3399 3713 3481 qnod
3785 3403 3939 3467 dicit

2382 3492 2730 3574 Gregorius
2767 3514 2940 3561 nono
2971 3497 3318 3567 Moralium
3346 3509 3368 3542 ⁸
3400 3525 3416 3567 :
3459 3526 3491 3564 α
3531 3503 3939 3574 Perturbat-se

2383 3607 2625 3667 mentes
2665 3604 3072 3669 saecnlarium
3118 3625 3194 3672 eo
3236 3609 3374 3690 ipso
3421 3611 3727 3696 clamant,
3758 3618 3938 3700 quod

2381 3708 2679 3792 inquietae
2704 3715 2857 3775 sunt
2872 3760 2889 3790 ‚
2929 3714 3081 3796 quia
3107 3733 3147 3778 a
3170 3721 3344 3780 recta
3368 3719 3675 3801 sapientia
3700 3723 3936 3790 divisae

2380 3823 2548 3881 sunt.
2596 3840 2628 3879 n
2668 3819 2846 3885 Unde
2885 3839 3017 3886 non
3056 3826 3152 3887 est
3190 3826 3581 3906 reputandus
3632 3830 3894 3896 otiosus
3914 3881 3934 3912 ,

2379 3925 2494 4005 qni
2519 3925 2747 3990 insistit
2780 3926 2981 3993 labori
3010 3932 3462 4011 cognoscendae
3504 3936 3829 4018 veritatiS,
3862 3958 3939 4004 eo

2377 4031 2551 4111 quod
2584 4030 2784 4113 pluris
2812 4034 3028 4099 meriti
3058 4038 3177 4113 est,
3210 4055 3408 4120 quam
3436 4042 3820 4109 exercItatio
3842 4046 3938 4128 (f)

2378 4138 2741 4217 corporalis.
2764 4138 2943 4205 Unde
2963 4140 3343 4208 Ambrosius
3360 4146 3422 4208 ⁸:
3457 4168 3490 4208 ι
3508 4144 3771 4214 Otiosus
3800 4170 3938 4217 non

2377 4248 2494 4322 est,
2535 4245 2644 4328 qui
2681 4246 2878 4310 verbo
2910 4245 3015 4310 Dei
3048 4249 3289 4327 studet;
3322 4268 3441 4315 nec
3475 4251 3679 4334 pluris
3708 4257 3939 4323 meriti

2376 4353 2505 4427 est,
2536 4352 2646 4433 qui
2685 4350 2929 4416 laborat
2973 4357 3157 4418 extra
3176 4402 3194 4431 ‚
3242 4373 3438 4438 quam
3480 4359 3593 4441 qni
3633 4359 3939 4430 laborem

2377 4456 2723 4522 divinitatis
2739 4459 3194 4539 cognoscendae
3218 4467 3493 4529 exercet.
3515 4486 3547 4524 ιι

2457 4563 2688 4630 Ultimo
2714 4570 2972 4630 notatur
2997 4567 3229 4633 diaboli
3251 4572 3530 4638 exterior
3565 4572 3939 4660 impugna-

2377 4671 2466 4736 tio
2490 4672 2574 4737 ad
2601 4672 3100 4737 subvertendum
3119 4721 3143 4752 ,
3179 4693 3331 4741 cum
3375 4678 3525 4745 dicit
3553 4701 3570 4744 t
3613 4680 3692 4745 Ut
3717 4691 3945 4757 tama-

2376 4787 2556 4847 retur
2606 4795 2649 4845 a
2693 4778 2962 4846 diabolo.
3018 4778 3311 4847 Tentavit
3362 4789 3577 4850 autem
3627 4787 3944 4860 diabolus

2376 4885 2692 4952 Christum
2732 4888 2811 4952 de
2848 4888 3085 4964 tribus,
3113 4889 3190 4953 de
3218 4890 3456 4972 quibus
3484 4897 3757 4962 tentavit
3787 4905 3943 4984 pri..

2379 5012 2557 5059 mum
2583 4998 2932 5077 parentem,
2964 5012 3161 5077 quem
3197 4996 3463 5081 decepit.
3495 4998 3716 5068 Primo
3744 5010 3942 5075 enim

2373 5101 2640 5166 tentavit
2661 5100 2980 5166 Christum
3006 5102 3086 5167 de
3101 5101 3262 5184 gula
3284 5103 3353 5168 in
3374 5105 3625 5173 deserto
3647 5128 3666 5189 ς
3696 5129 3942 5181 secun.

2436 5297 2502 5363 (a)
2532 5299 2647 5363 Leq.
2674 5298 2961 5350 fertilitatis.
2991 5324 3053 5338 —
3084 5298 3152 5364 (ὁ)
3180 5300 3333 5351 Forte
3360 5301 3461 5367 leq.
3487 5304 3852 5371 despicabilis.
3876 5343 3937 5354 ...

2373 5370 2436 5435 (c)
2467 5371 2586 5421 Coet.
2606 5368 2727 5422 edit.
2756 5369 3071 5422 interfectus.
3103 5395 3167 5408 —
3196 5370 3280 5436 (d)
3299 5373 3456 5424 Feris.
3484 5401 3548 5413 —
3566 5380 3633 5440 (e)
3671 5380 3764 5430 Vel
3785 5397 3942 5447 prae-

2368 5445 2607 5507 ponatur.
2636 5442 2759 5492 Coet.
2788 5441 2908 5492 edit.
2940 5444 3271 5505 supponatur.
3289 5469 3355 5483 -
3372 5445 3449 5509 (f)
3469 5446 3597 5498 Item
3618 5451 3906 5510 excitatio.
