4059 6317
682 526 802 588 31²

679 659 1029 741 praesumat
1091 674 1249 740 ergo
1311 659 1426 743 qui
1495 660 1688 726 habet
1739 662 1914 730 hunc
1984 663 2214 728 fortem

681 787 958 853 equum,
1007 785 1241 852 corpus
1283 771 1518 837 scilicet
1558 773 1899 840 robustum
1954 797 1970 841 ε
2028 774 2215 839 multi

682 877 859 942 enim
882 875 1147 944 credunt
1171 895 1240 944 se
1266 878 1514 945 fortiter
1538 880 1609 945 in
1636 881 1791 946 sella
1818 882 2068 964 sedere,
2103 881 2216 966 qui

532 1000 541 1008 ·
664 986 842 1060 ¹forte
867 984 1039 1050 intra
1064 1002 1300 1068 paucos
1339 985 1473 1051 dies
1508 1005 1623 1070 per
1650 992 1923 1056 mortem
1959 989 2217 1073 ejicien-

496 4010 697 4303 {aa

684 1097 816 1158 tur.
847 1091 1081 1158 Omnes
1106 1093 1280 1158 enim
1308 1111 1428 1158 nos
1455 1093 1533 1159 de
1558 1094 1660 1162 his
1685 1097 1868 1180 equis
1883 1097 2220 1182 ejiciemur

1767 525 2184 594 SERMONES
2226 523 2327 592 DE
2367 523 2765 593 TEMPORE.

2323 641 2517 746 opera
2556 663 2836 727 fructum
2869 659 3033 744 legis
3071 678 3207 728 suae
3219 683 3237 743 3
3271 661 3495 730 liberat
3521 665 3613 748 (a)
3641 668 3856 731 autem

2326 767 2658 833 reddentes
2674 772 2697 809 ⁸
2724 790 2740 832 z
2764 791 2797 828 α
2823 767 3021 834 Malos
3047 768 3213 836 male
3239 771 3497 853 perdet,
3518 779 3584 837 et
3603 773 3855 839 vineam

2326 893 2512 939 suam
2540 874 2774 940 locabit
2796 875 2935 941 aliis
2977 875 3306 957 agricolis,
3336 877 3450 962 qui
3490 878 3760 945 reddant
3797 881 3858 944 ei

2327 980 2611 1047 fructum
2639 979 3043 1064 'temporibus
3085 983 3241 1048 suis.
3288 1003 3320 1042 n
3355 983 3534 1049 Sicut
3576 986 3749 1050 enim
3790 985 3860 1051 in

2329 1088 2571 1154 diluvio
2606 1087 2803 1172 aliqui
2824 1089 2985 1173 justi
3022 1107 3136 1174 per
3168 1108 3382 1156 arcam
3421 1090 3712 1172 liberati,
3753 1094 3863 1158 in-

685 1199 755 1265 in
807 1203 1005 1265 morte
1027 1247 1047 1278 ‚
1109 1218 1260 1266 cum
1300 1200 1585 1267 lanceam
1647 1203 1883 1270 seilicet
1936 1222 2113 1270 mors
2153 1204 2222 1268 in
2324 1196 2486 1279 justi
2515 1199 2699 1261 extra
2726 1214 2940 1261 arcam
2969 1197 3192 1279 perditi
3220 1202 3369 1263 sunt
3395 1198 3460 1262 ⁰:
3496 1220 3529 1259 α
3552 1197 3737 1265 Venit
3761 1201 3861 1266 di-

687 1325 798 1372 cor
841 1310 1135 1372 nostrum
1177 1309 1413 1373 fixerit.
1460 1307 1704 1374 Lancea
1737 1313 1911 1376 enim
1937 1313 2072 1375 tam
2098 1329 2222 1375 au-

687 1413 901 1479 dacter
928 1414 1254 1496 transflgit
1299 1432 1543 1498 equum
1585 1416 2020 1501 imperatoris,
2062 1417 2227 1484 sicut

689 1522 982 1605 pastoris.
1012 1521 1375 1588 Bernardus
1402 1524 1422 1559 ¹
1457 1543 1474 1590 :
1514 1547 1545 1586 c
1569 1523 1733 1602 Quid
1776 1526 1845 1590 in
1882 1527 2075 1592 rebus
2100 1527 2228 1592 hu·

692 1628 901 1696 manis
935 1629 1171 1696 certius
1209 1633 1458 1696 morte?
1485 1631 1643 1715 quid
1668 1632 1831 1698 hora
1867 1634 2093 1700 mortis
2125 1634 2228 1698 in·-

693 1735 970 1802 certius?
998 1734 1141 1801 Non
1181 1738 1520 1803 miseratur
1546 1738 1854 1821 inopiam,
1902 1757 2035 1805 non
2062 1740 2226 1806 divi-

693 1841 815 1907 tias
839 1846 1192 1908 reveretur.
1237 1843 1377 1909 Non
1403 1845 1634 1926 gratiae
1676 1846 2051 1930 cujuslibet,
2098 1865 2230 1912 non

695 1950 986 2016 moribus
1000 1998 1019 2029 ‚
1060 1968 1193 2017 non
1245 1952 1370 2035 ipsi
1413 1952 1686 2038 denique
1727 1955 1927 2038 parcit
1971 1957 2164 2022 aetati.
2191 1977 2223 2016 ι

698 2056 821 2123 Sed
845 2057 915 2122 in
939 2058 1401 2125 resurrectione
1426 2078 1649 2125 omnes
1675 2061 1754 2126 ad
1779 2080 1979 2146 equos
2006 2063 2236 2129 redibi-

699 2166 1156 2246 mus‚boniad
1183 2166 1385 2248 albos,
1422 2168 1681 2235 maliad
1711 2170 1937 2253 nigros
1964 2171 2237 2238 ¹:1Fa-

700 2272 827 2337 cies
850 2271 1143 2337 omnium
1167 2271 1330 2338 sicut
1355 2274 1629 2356 nigredo
1656 2276 1821 2341 ollae.
1842 2297 1875 2336 n

783 2378 871 2443 De
917 2381 1149 2462 quarto
1186 2379 1210 2416 ⁸
1255 2380 1443 2448 :cui
1487 2385 1675 2464 sunt,
1720 2383 1839 2467 'qui
1881 2391 2240 2469 sequuntur

706 2486 968 2568 Agnum
1011 2504 1416 2570 quocumque
1459 2489 1630 2554 ierit.
1674 2511 1706 2550 ι
1741 2489 1818 2560 Et
1859 2495 2001 2575 post
2039 2511 2242 2578 pauca

708 2593 941 2658 dicitur
966 2614 983 2656 ε
1020 2614 1051 2654 ι
1071 2592 1144 2658 ln
1168 2611 1281 2660 ore
1306 2595 1596 2678 ipsorum
1621 2614 1753 2663 non
1779 2602 1877 2663 est
1903 2599 2240 2666 inventum

710 2699 1110 2765 mendacium
1126 2747 1145 2778 ,
1190 2701 1328 2767 sine
1379 2702 1630 2768 macula
1685 2704 1858 2770 enim
1899 2710 2050 2771 sunt
2098 2712 2245 2773 ante

711 2806 1019 2871 thronum
1042 2806 1174 2872 Dei.
1197 2828 1229 2868 n
1254 2807 1413 2873 Ecce
1439 2810 1658 2894 quales
1679 2829 1817 2876 esse
1844 2811 2108 2892 debent,
2132 2814 2243 2896 qui

713 2913 1036 2981 Christum
1074 2914 1303 2979 volunt
1342 2916 1524 2999 sequi
1561 2918 1631 2982 in
1675 2918 1932 2984 coelum.
1979 2919 2046 2984 Si
2084 2938 2246 3003 ergo

714 3021 980 3102 Agnum
1005 3020 1145 3085 sine
1169 3022 1419 3087 macula
1442 3024 1623 3110 sequi
1649 3025 1930 3091 volueris
1946 3071 1965 3103 ‚
2003 3030 2250 3114 oportet

717 3133 781 3193 te
808 3126 1042 3194 coelum
1070 3128 1312 3195 intrare
1337 3131 1474 3196 sine
1499 3131 1772 3198 macula.
1812 3133 2147 3200 Psalmista
2171 3135 2194 3171 ⁸
2228 3156 2243 3200 ε

727 3259 758 3298 c
789 3234 913 3315 Qui
941 3235 1308 3319 ingreditur
1334 3237 1470 3303 sine
1497 3239 1766 3305 macula.
1801 3262 1832 3301 n

1275 3413 1564 3485 SERMO
1608 3416 1693 3486 11.

800 3561 941 3626 F‘ur
965 3573 1097 3627 non
1121 3560 1329 3639 venit,
1358 3561 1497 3627 nisi
1520 3567 1593 3628 ut
1621 3561 1897 3643 furetur,
1929 3567 1988 3631 et
2009 3570 2256 3642 mactet,

726 3672 784 3734 et
821 3665 1049 3749 perdat
1096 3667 1142 3732 ¹⁵.
1186 3666 1364 3733 Sicut
1392 3651 1732 3751 perversus
1767 3673 1982 3754 pastor
2027 3671 2260 3740 dicitur

728 3773 1048 3855 diabolus,
1077 3775 1167 3840 ita
1209 3773 1402 3840 etiam
1429 3775 1534 3841 fur
1559 3775 1825 3855 dicitur,
1869 3777 1984 3861 qui
2010 3778 2263 3845 hiratur

731 3884 946 3949 nostra
987 3881 1249 3960 merita,
1296 3886 1530 3947 mactat
1573 3882 1642 3947 in
1678 3882 1864 3967 culpa
1886 3931 1904 3964 ‚
1948 3886 2156 3968 perdit
2193 3886 2264 3951 in

684 4029 705 4041 -
730 3989 1023 4073 gehenna
1033 4037 1049 4054 .
1075 3988 1440 4055 Perduntur
1450 3994 1667 4056 autem
1681 3996 2039 4074 peccatores
2055 4012 2096 4058 a
2113 3994 2261 4075 Deo,

733 4099 814 4163 ab
840 4095 1094 4179 angelo,
1127 4113 1167 4161 a
1190 4095 1508 4180 proximo,
1537 4114 1577 4162 a
1603 4096 1874 4163 diabolo.
1904 4098 2267 4167 Perduntur

734 4224 776 4271 a
808 4204 937 4270 Deo
976 4204 1337 4288 judicante,
1393 4204 1476 4270 ab
1517 4204 1747 4288 angelo
1797 4212 2181 4290 exequente,
2228 4227 2269 4274 a

736 4310 1029 4396 proximo
1054 4309 1510 4376 scandalizante
1526 4358 1543 4391 ‚
1572 4330 1614 4376 a
1636 4312 1887 4378 diabolo
1915 4317 2216 4382 tentante.

816 4416 906 4482 De
929 4418 1169 4501 primo⁸
1199 4437 1216 4482 ε
1248 4440 1279 4478 ι
1302 4416 1478 4483 Unus
1497 4422 1593 4483 est
1613 4417 1943 4500 legislator
1960 4425 2023 4486 et
2040 4421 2267 4503 Judex‚

740 4526 853 4610 qui
880 4526 1087 4609 potest
1110 4524 1372 4608 perdere
1414 4527 1479 4589 et
1517 4524 1809 4591 liberare.
1835 4549 1866 4587 n
1902 4526 2018 4593 Hic
2054 4533 2271 4595 autem

740 4635 837 4697 est
886 4630 1174 4696 Christus
1213 4627 1236 4667 '¹
1282 4652 1299 4696 z
1341 4654 1372 4692 α
1398 4631 1703 4697 Dominus
1744 4633 1949 4716 judex
2013 4638 2229 4701 noster
2247 4684 2270 4717 ‚

741 4740 906 4806 Deus
929 4739 1154 4822 legifer
1180 4746 1415 4820 noster,
1452 4738 1755 4804 Dominus
1790 4758 1908 4805 rex
1942 4745 2157 4808 noster
2188 4766 2205 4808 ε
2232 4767 2264 4804 n

740 4848 966 4933 leuiter
1010 4850 1223 4915 noster
1247 4845 1315 4910 in
1353 4844 1633 4925 mundo,
1665 4844 1881 4928 ,iudex
1908 4847 2271 4931 injudicio,

688 5043 694 5048 η
743 4973 861 5025 rex
897 4956 966 5021 in
996 4954 1178 5021 coelo.
1226 4952 1393 5019 Bene
1433 4956 1651 5020 autem
1687 4953 1884 5019 dicit:
1914 4955 2176 5024 Perdere
2215 4963 2277 5027 et

744 5053 1011 5170 liberare
1033 5085 1049 5131 ε
1070 5063 1286 5148 perdet
1301 5062 1473 5127 enim
1486 5079 1619 5126 non
1636 5060 1968 5127 reddentes
1984 5082 2100 5147 per
2113 5066 2279 5131 bona

812 5227 832 5264 ¹
862 5224 1129 5290 Bernard„
1151 5222 1317 5289 Epist.
1349 5232 1570 5286 ccccm,
1597 5235 1653 5273 n.
1684 5226 1731 5289 ί,
1757 5224 1925 5289 quoad
1954 5238 2182 5279 sensum.
2215 5251 2281 5265 —

754 5299 772 5330 ²
799 5296 950 5361 Natu„
979 5307 1019 5348 11
1030 5331 1048 5361 ,
1082 5299 1156 5348 10.
1181 5322 1246 5336 -
1267 5294 1292 5331 ⁸
1311 5295 1480 5359 apoc„
1505 5305 1619 5357 xiv,
1641 5296 1690 5359 4,
1719 5297 1767 5346 5.
1788 5320 1850 5333 —
1876 5296 1899 5332 δ
1926 5295 2062 5350 Psal.
2090 5309 2200 5361 xiv,
2228 5301 2275 5349 2.

748 5395 810 5408 —
840 5370 861 5400 ⁸
884 5370 1049 5427 lm..
1074 5378 1137 5430 x,
1168 5369 1245 5418 10.
1273 5391 1335 5404 —
1367 5366 1388 5398 ⁸
1423 5369 1551 5422 Jac..
1582 5375 1654 5429 iv,
1683 5368 1761 5417 12.
1787 5390 1849 5404 —
1870 5367 1893 5403 '¹
1924 5367 2058 5430 Ira„
2087 5380 2278 5434 ιιιιη,

751 5442 830 5490 22.
851 5466 914 5478 —
932 5440 950 5470 ⁸
971 5436 1177 5498 natta..
1202 5449 1317 5498 ιιι,
1339 5436 1494 5488 41.-
1519 5436 1539 5467 ⁰
1559 5436 1694 5498 luc..
1720 5448 1853 5499 ινιι,
1875 5439 1953 5488 2⁷.
1976 5465 2042 5477 —
2071 5440 2111 5476 ¹·
2140 5440 2279 5491 Pmt.

753 5522 875 5580 xxv,
902 5512 951 5562 9.
981 5537 1037 5550 -
1066 5510 1106 5549 ¹¹
1135 5507 1336 5576 uuum,
1363 5518 1492 5568 ιιιι,
1525 5507 1574 5558 7.
1600 5532 1663 5546 —
1692 5507 1730 5545 ¹²
1759 5509 1777 5559 Ι
1804 5509 1969 5572 lom„
1996 5522 2084 5576 ιιι,
2114 5514 2194 5564 15.
2217 5538 2280 5554 -

2330 1303 2587 1369 luvium
2609 1352 2627 1383 ,
2660 1308 2724 1369 et
2755 1303 3026 1389 perdidit
3052 1321 3306 1384 omnes;
3335 1327 3367 1366 ι
3401 1306 3494 1370 ita
3519 1306 3590 1370 in
3624 1307 3866 1389 judicio

2332 1408 2507 1492 ignis
2523 1457 2546 1490 ,
2569 1411 2660 1494 pii
2689 1428 2730 1474 a
2755 1410 2993 1476 dextris
3018 1410 3482 1492 liberabuntur,
3507 1412 3690 1496 impii
3712 1432 3868 1479 vero

2337 1533 2375 1580 a
2399 1514 2671 1580 sinistris
2703 1516 3047 1599 perdentur
3080 1536 3231 1582 cum
3266 1519 3652 1586 occisoribus
3680 1519 3871 1585 Chri-

2335 1622 2418 1686 sti
2444 1625 2508 1687 ot
2531 1621 2672 1687 aliis
2699 1622 3056 1688 homicidia
3088 1623 3316 1690 Contra
3345 1644 3508 1711 quos
3531 1630 3674 1691 orat
3703 1625 3872 1694 Psal-

2337 1728 2527 1793 mista
2559 1729 2607 1765 ¹⁰
2646 1747 2665 1794 ε
2699 1755 2725 1786 α
2754 1728 2848 1795 Ne
2887 1730 3113 1813 perdas
3150 1749 3299 1797 cum
3351 1733 3566 1817 impiis
3589 1782 3609 1814 ‚
3636 1754 3668 1793 ι
3721 1738 3873 1814 etc.,

2339 1852 2546 1918 usque
2576 1856 2592 1898 ι
2629 1859 2661 1898 α
2686 1836 2885 1902 vitam
2912 1855 3141 1903 meam.
3169 1860 3202 1901 ι

2421 1942 2511 2007 De
2535 1941 2812 2008 secundo
2838 1943 3074 2010 dicitur
3092 1945 3131 1982 ¹¹
3165 1961 3228 2010 :a
3254 1944 3390 2010 Rex
3412 1963 3567 2012 vero
3594 1965 3745 2012 cum
3763 1965 3880 2012 au-

2342 2049 2572 2129 disset,
2604 2050 2809 2115 iratus
2830 2054 2959 2132 est,
2990 2055 3055 2117 et
3074 2051 3287 2117 missis
3308 2054 3689 2120 exercitibus
3715 2055 3875 2137 suis,

2342 2157 2612 2241 perdidit
2632 2157 2982 2224 homicidas
2998 2159 3160 2239 illos,
3182 2164 3244 2225 et
3265 2160 3586 2227 civitatem
3615 2162 3882 2229 illorum

2345 2263 2690 2361 succendit.
2716 2285 2750 2324 n
2785 2263 2903 2330 Hic
2928 2266 3011 2349 (b)
3052 2266 3286 2334 dicitur
3323 2268 3404 2333 de
3439 2268 3563 2333 illis
3581 2318 3598 2350 ‚
3648 2271 3764 2353 qui
3804 2270 3888 2335 ad

2346 2370 2602 2454 nuptias
2628 2370 2854 2437 Christi
2872 2375 2937 2437 et
2957 2371 3249 2440 Ecclesiae
3272 2391 3382 2458 per
3400 2375 3594 2440 fldem
3619 2381 3684 2441 et
3706 2396 3887 2442 amo-

2348 2493 2486 2544 rem
2529 2497 2662 2544 non
2685 2486 3023 2545 venerunt.
3067 2479 3417 2548 Homicidae
3462 2487 3681 2548 autem
3734 2488 3892 2549 sunt

2348 2603 2481 2650 non
2506 2585 2713 2651 solum
2739 2586 2852 2670 qui
2879 2586 3039 2652 facto
3061 2635 3079 2667 ,
3119 2585 3224 2654 vel
3264 2589 3496 2669 verbo,
3540 2590 3655 2655 sed
3693 2591 3894 2656 etiam

2350 2693 2562 2758 animo
2615 2694 2986 2776 proximum
3032 2695 3327 2760 occidunt
3369 2696 3417 2732 ¹¹
3456 2717 3474 2761 ε
3525 2719 3558 2758 α
3588 2697 3713 2776 Qui
3757 2698 3898 2765 odit

2348 2800 2612 2864 fratrem
2638 2818 2829 2864 suum
2843 2849 2864 2880 ‚
2896 2800 3215 2866 homicida
3240 2805 3356 2866 est.
3382 2822 3414 2861 n
3441 2802 3601 2868 ltem
3627 2803 3736 2871 vel
3758 2805 3899 2887 gla-

2352 2906 2457 2970 dio
2489 2906 2747 2972 malitiae
2773 2907 3009 2991 seipsos
3033 2908 3078 2947 ¹⁸
3109 2928 3173 2970 ιιι
3191 2907 3397 2972 Homo
3420 2915 3641 2975 autem
3665 2913 3902 2978 occidit

2353 3033 2469 3099 per
2500 3015 2806 3080 malitiam
2848 3016 3128 3081 animam
3174 3035 3381 3083 suam.
3420 3040 3452 3079 n
3489 3018 3649 3100 Sed,
3716 3021 3898 3087 heu!

2354 3142 2487 3190 non
2510 3126 2740 3192 sufficit
2772 3128 3086 3210 perversis
3111 3129 3394 3194 occidere
3433 3148 3503 3196 se
3527 3130 3634 3197 vel
3661 3133 3899 3216 proxi-

2357 3249 2568 3312 mum;
2607 3232 2766 3326 quin
2790 3233 3007 3313 etiam,
3042 3240 3358 3318 quantum
3381 3235 3453 3301 in
3482 3255 3551 3301 se
3571 3242 3698 3318 est,
3730 3239 3904 3305 occi-

2359 3337 2509 3405 dere
2533 3343 2777 3436 teutant
2800 3359 3046 3423 agnum
3070 3341 3286 3422 illum,
3322 3342 3400 3408 de
3434 3362 3564 3427 quo
3591 3343 3680 3410 ¹⁶:
3717 3367 3751 3408 ι
3779 3346 3909 3424 Qui

2362 3447 2604 3513 occisus
2627 3451 2726 3537 est
2750 3449 2832 3513 ab
2862 3450 3117 3532 origine
3143 3452 3391 3517 mundi.
3410 3473 3442 3512 ι
3479 3451 3558 3517 Et
3579 3452 3625 3489 ¹⁸
3651 3475 3709 3519 :a
3742 3452 3912 3519 Rur-

2363 3573 2508 3621 sum
2535 3533 2977 3640 crffeiflgentes
2998 3605 3016 3636 ‚
3031 3580 3064 3618 1>
3086 3563 3206 3623 etc.
3231 3557 3413 3625 Tales
3440 3578 3603 3643 ergo
3628 3562 3914 3646 perdun-

2364 3666 2471 3728 tur
2517 3663 2587 3727 in
2620 3646 2862 3754 ,Ῐῆςᾲἰοίο
2881 3710 2902 3743 ,
2946 3665 3152 3730 missis
3208 3667 3587 3732 exercitibus
3631 3669 3912 3752 angelo-

2365 3789 2517 3836 rum
2536 3771 2580 3809 ¹⁸
2602 3793 2665 3837 :a
2687 3754 2891 3870 341¹th
2912 3771 3083 3836 tilius
3106 3771 3386 3838 hominis
3410 3773 3703 3858 angelos,
3729 3802 3755 3833 ι
3781 3782 3911 3843 etc.

2368 3880 2832 3965 perduntur-(c)
2860 3899 2975 3965 per
3010 3882 3278 3965 angelos
3303 3884 3585 3966 perversi
3599 3931 3618 3963 ‚
3653 3902 3785 3951 non
3815 3904 3919 3951 so-

2368 3987 2508 4052 lum
2532 3988 2602 4052 in
2621 3989 2865 4071 judicio
2889 4038 2909 4070 ‚
2949 3990 3061 4055 sed
3085 3990 3278 4055 etiam
3303 3992 3371 4057 in
3404 3992 3644 4058 mundo
3667 4012 3687 4074 ;
3737 3994 3922 4059 unde

2372 4094 2450 4159 de
2476 4093 2813 4160 Sodomitis
2833 4095 3137 4162 dixerunt
3160 4097 3374 4180 angeli
3387 4098 3430 4135 ¹⁷
3463 4117 3526 4164 ει
3547 4099 3923 4167 Delebimus

2370 4201 2581 4267 locum
2607 4203 2805 4268 istum
2825 4252 2845 4284 ‚
2883 4222 2960 4269 eo
2987 4205 3160 4289 quod
3185 4205 3531 4272 increverit
3557 4205 3807 4272 clamor
3834 4207 3918 4272 il-

2371 4309 2582 4375 lorum
2610 4309 2876 4377 Domino
2892 4359 2915 4391 ‚
2946 4313 3062 4395 qui
3090 4313 3263 4378 misit
3286 4331 3406 4402 nos
3451 4317 3526 4380 ut
3561 4315 3918 4399 perdamus

2373 4417 2538 4483 illos.
2574 4439 2606 4478 n
2725 4443 2730 4448 ·
3313 4430 3317 4434 ·

2456 4525 2541 4591 De
2562 4525 2750 4591 tertio
2772 4528 2818 4567 ¹⁸
2848 4547 2864 4590 ε
2892 4525 3077 4593 «Noli
3105 4528 3248 4595 cibo
3270 4532 3386 4595 tuo
3410 4529 3596 4596 illum
3619 4531 3922 4614 perdere,

2376 4650 2493 4716 pro
2518 4649 2647 4715 quo
2676 4632 2959 4698 Christus
2985 4641 3275 4700 mortuus
3297 4643 3414 4701 est.
3439 4658 3471 4697 n
3498 4634 3930 4722 Quocumque

2379 4740 2567 4806 modo
2589 4738 2750 4804 alius
2770 4738 2968 4804 alium
2983 4787 3005 4819 ,
3035 4741 3362 4825 exemplo,
3394 4743 3629 4823 verbo,
3655 4742 3928 4811 blandi-

2379 4847 2515 4928 tiis,
2544 4846 2895 4912 terroribus
2902 4895 2925 4928 ,
2958 4846 3376 4930 negligentiis
3403 4849 3484 4915 ad
3524 4852 3931 4933 peccandum

2380 4953 2659 5034 inducit,
2686 4954 2968 5020 animam
3006 4973 3193 5020 suam
3219 4955 3449 5039 perdit.
3497 4954 3702 5034 Quam
3749 4960 3931 5041 peri-

2381 5063 2672 5127 culosum
2712 5062 2794 5126 sit
2829 5080 2943 5146 per
2985 5061 3358 5127 scandalum
3403 5063 3667 5145 perdere
3706 5067 3937 5147 proxi·

2383 5205 2424 5241 1⁸
2451 5173 2592 5270 Sap..
2619 5217 2726 5269 xvi,
2753 5207 2826 5256 14.
2847 5231 2909 5244 —
2940 5207 2980 5243 ¹¹
2998 5205 3176 5270 Aper..
3197 5218 3323 5270 ιιιι,
3346 5209 3396 5258 8.
3424 5232 3486 5245 -
3508 5207 3549 5243 ¹⁸
3572 5206 3750 5270 Reor..
3773 5221 3856 5275 vr,
3881 5215 3935 5262 6.

2383 5278 2509 5401 -Χ-Ι-Ῡί*
2528 5276 2738 5401 ¹agnuli..
2765 5287 2883 5341 ¹111,
2915 5281 2991 5329 n.
3013 5303 3078 5316 -
3107 5278 3151 5315 ¹¹
3184 5278 3326 5342 Gen„
3354 5290 3463 5341 ιιι,
3494 5281 3571 5330 13.
3595 5306 3656 5318 —
3689 5278 3734 5316 ¹⁸
3760 5280 3935 5343 Rom„

2479 5385 2496 5413 ‚
2591 5387 2604 5399 .

2449 5441 2515 5504 (a)
2547 5439 2696 5490 Forte
2719 5441 2815 5506 leq.
2843 5441 3095 5492 liberabit.
3122 5467 3184 5481 —
3213 5440 3288 5509 (ὁ)
3312 5441 3440 5495 Hoc.
3467 5466 3529 5479 —
3557 5441 3620 5507 (c)
3645 5442 3934 5500 eat..edir.

2386 5513 2686 5565 inter-serunt
2708 5517 2806 5564 etc.
2838 5513 3143 5567 perduntur.
