4059 6317
829 461 930 529 DE
970 462 1082 529 SS.
1125 459 1497 528 PHILIPPO
1539 460 1642 527 ET
1680 460 1971 530 JAcoBO
2012 460 2463 529 APOSToLts.
2510 461 2775 530 SERMO
2819 466 2866 530 1.

245 600 471 660 habere
496 598 1064 672 oerttouishodie
1101 599 1365 660 nundus
1398 615 1436 658 a
1471 599 1795 658 sordibus?

244 694 563 754 immunda
604 698 743 757 sunt
790 695 973 755 hodie
1024 698 1212 757 eorda
1223 739 1242 770 ,
1299 695 1612 757 immunda
1657 696 1794 757 stmt

244 789 458 861 verba,
481 788 797 851 immunda
821 796 959 849 sunt
997 807 1203 867 opera.
1250 789 1565 862 Quomodo
1598 793 1797 864 posset

245 883 373 943 vita
396 882 712 942 hominum
737 900 863 942 esse
881 884 1128 957 munda,
1151 884 1247 943 vel
1265 885 1448 943 vitare
1468 882 1793 954 luxuriam,

246 993 390 1037 eum
411 975 499 1036 sie
519 980 732 1051 regnet
753 977 818 1035 in
842 977 929 1036 eis
955 978 1135 1052 gula?
1159 977 1303 1037 Dicit
1329 978 1486 1036 enim
1513 977 1793 1051 Hierony-

245 1087 386 1130 mus
425 1074 478 1145 ¹,
518 1073 586 1129 de
626 1072 965 1144 νίν-οἰκῆας
1004 1073 1272 1130 masada
1313 1090 1329 1130 ε
1383 1091 1413 1127 α
1450 1071 1661 1129 Libido
1709 1074 1796 1131 est

241 1166 449 1241 Juncta
484 1165 775 1225 luxuriae:
803 1167 971 1240 prius
1008 1166 1169 1224 enim
1194 1169 1398 1225 venter
1438 1164 1791 1237 extenditur,

247 1262 309 1319 et
340 1260 427 1317 sic
441 1263 652 1319 coetera
687 1260 962 1319 membra
988 1259 1375 1318 concitantur.
1405 1262 1616 1317 Venter
1656 1275 1795 1317 oum

248 1353 584 1413 inordinate
605 1353 885 1425 refieitur,
913 1353 1195 1428 genitalia
1222 1354 1303 1412 ad
1327 1352 1630 1411 luxuriam
1652 1367 1795 1427 pro·

248 1450 559 1510 vocantur.
588 1467 619 1503 r
650 1450 718 1507 Et
742 1447 913 1506 addit
940 1468 956 1506 z
991 1466 1023 1502 α
1050 1447 1209 1505 Sicut
1227 1446 1382 1522 ignis
1408 1461 1483 1504 ex
1509 1445 1646 1505 oleo
1675 1461 1797 1504 cre-

248 1540 358 1600 scit
377 1544 440 1600 et
461 1540 659 1616 lignis,
676 1540 760 1599 sic
780 1541 972 1601 libido
998 1558 1073 1600 ex
1100 1541 1318 1599 cibis.»
1342 1540 1431 1600 Ob
1455 1541 1610 1599 hano
1634 1540 1795 1599 enim

249 1649 494 1693 oausam
526 1634 847 1710 antiquitus
888 1638 1173 1694 Romame
1212 1637 1525 1705 matronae,
1554 1636 1622 1690 ut
1658 1648 1796 1707 pos-

249 1731 378 1787 sent
402 1745 530 1788 eme
554 1734 747 1800 casae,
775 1729 838 1787 in
863 1729 1034 1789 nullo
1061 1728 1452 1802 indulgebant
1478 1726 1661 1801 gu1oe3
1688 1726 1796 1785 sed

250 1839 288 1882 a
311 1822 490 1896 vino,
522 1822 587 1881 in
629 1838 752 1899 quo
796 1824 885 1881 ed
923 1822 1160 1881 luxuria
1187 1824 1234 1894 ⁸,
1267 1821 1503 1896 penitus
1539 1820 1795 1879 abstine-

187 1964 204 1979 .
249 1917 413 1977 bant.
443 1916 608 1976 Unde
634 1932 891 1992 magnus
913 1917 1163 1993 quidam
1182 1919 1485 1975 Romanus
1500 1912 1525 1951 ὅ
1543 1931 1794 1973 uxorem

248 2011 487 2084 oceidit,
532 2010 677 2086 quia
720 2027 856 2070 eam
897 2011 1108 2069 vinum
1145 2008 1352 2068 bibere
1393 2008 1571 2082 vidit,
1600 2010 1795 2068 existi·

246 2121 441 2178 mans,
474 2104 642 2181 quod
666 2104 903 2176 mulier,
941 2120 1077 2179 quas
1100 2101 1482 2162 sobrietatem
1508 2103 1713 2176 abjicit
1739 2108 1797 2162 et

244 2199 460 2259 vinum
491 2198 881 2257 immoderate
930 2197 1113 2269 bibit,
1159 2196 1475 2256 virtutibus
1517 2197 1796 2256 omnibus

241 2293 493 2367 januam
519 2291 765 2365 claudit,
791 2295 850 2350 et
873 2307 1008 2351 eam
1035 2291 1192 2351 vitiis
1221 2291 1427 2364 aperit.

317 2385 595 2447 Secundo
620 2385 947 2461 aequiritur
969 2384 1175 2444 divina
1200 2384 1460 2445 amicitia
1485 2400 1594 2461 per
1617 2385 1796 2445 afflic-

246 2481 474 2540 tionem
495 2495 653 2539 veroe
678 2479 1067 2554 poenitentiae,
1104 2483 1200 2551 ut,
1245 2479 1352 2554 qui
1392 2479 1668 2539 inimicus
1699 2482 1796 2539 Dei

245 2579 377 2634 erat
399 2590 509 2649 per
533 2574 795 2650 culpam,
823 2572 930 2633 fiat
953 2574 1179 2633 amicus
1205 2576 1264 2632 et
1287 2573 1448 2632 filius
1476 2590 1585 2649 per
1610 2575 1797 2649 poeni-

239 2667 517 2742 tentiam,
546 2668 596 2725 si
626 2668 701 2726 sit
723 2683 898 2738 vera,
934 2667 985 2725 si
1016 2683 1126 2743 per
1165 2666 1626 2726 amaritudinem
1667 2684 1796 2728 cor-

243 2763 364 2834 dis,
392 2761 443 2820 si
469 2777 574 2837 per
594 2760 1028 2821 confessionem
1059 2761 1202 2831 oris,
1230 2765 1290 2819 et
1319 2777 1429 2837 per
1454 2761 1798 2822 satisfactio-

133 2926 140 2933 ,
241 2872 393 2916 uem
431 2855 648 2931 operis.
684 2855 776 2916 Ad
811 2855 937 2914 haec
991 2854 1153 2914 enim
1192 2855 1304 2914 tria
1344 2855 1685 2915 studeamus
1733 2857 1799 2915 in

241 2949 569 3028 prudentia
613 2948 984 3025 serpentina,
1030 2947 1109 3008 de
1163 2965 1289 3025 qua
1330 2950 1612 3008 Dominus
1657 2950 1800 3010 dicit

241 3044 544 3120 Apostolis
560 3046 583 3081 ⁸
600 3063 617 3103 ε
647 3062 678 3099 α
693 3046 883 3102 Estote
899 3043 1222 3119 prudentes
1248 3044 1398 3103 sieut
1420 3049 1741 3120 serpentes.
1763 3067 1792 3101 ι

41 3163 217 3205 gm-
243 3142 398 3198 Nam
417 3153 681 3214 serpens,
712 3154 851 3196 cum
867 3154 931 3197 se
957 3154 1186 3197 veneno
1209 3139 1381 3198 sentit
1423 3155 1550 3197 esse
1591 3155 1801 3213 grava-

0 3224 129 3269 Μ’·
243 3237 400 3304 tum,
425 3232 755 3308 quamdam
787 3232 1038 3291 herbam
1064 3247 1334 3291 amaram
1376 3232 1655 3306 eomedit,
1698 3249 1799 3292 cu-

145 3362 158 3374 ·
239 3327 345 3402 jus
391 3326 607 3385 virtute
659 3341 961 3385 venenum
1012 3326 1235 3399 vomit,
1286 3327 1452 3401 quod
1507 3327 1622 3386 sibi
1675 3332 1802 3387 erat

246 3436 434 3480 cauea
469 3420 824 3479 infirmitatis
855 3438 870 3478 ε
902 3436 1026 3494 quo
1070 3420 1228 3480 facto
1261 3420 1537 3496 pluribus
1584 3421 1800 3480 diebus

239 3516 498 3590 ieiunat,
524 3518 584 3573 et
606 3514 692 3572 sic
718 3517 914 3572 cutem
937 3530 977 3572 a
1007 3529 1186 3573 carne
1221 3515 1468 3587 relaxat,
1501 3520 1710 3590 postea
1734 3517 1799 3574 in

245 3625 416 3685 aqua
437 3623 504 3666 se
539 3607 783 3667 balneat
824 3627 839 3666 ε
881 3608 1084 3683 sicque
1124 3624 1235 3683 par
1263 3613 1491 3668 archim
1525 3609 1800 3669 toramen

245 3702 469 3780 lapidis
501 3702 709 3773 intrat,
746 3705 805 3760 et
833 3701 920 3760 ibi
952 3706 1215 3760 veterem
1254 3703 1477 3778 pellem
1514 3704 1797 3779 expoliat,

248 3802 320 3857 ut
340 3812 568 3856 novam
591 3796 821 3868 induat,
849 3799 909 3855 et
941 3796 1025 3854 sic
1050 3800 1241 3857 totum
1265 3812 1330 3856 se
1358 3804 1608 3857 renovat
1636 3800 1679 3867 θ..
1707 3798 1798 3860 Sic

247 3897 311 3951 et
360 3892 545 3950 homo
587 3890 796 3951 volens
835 3906 913 3949 ex
954 3892 1141 3951 veteri
1183 3892 1316 3951 fieri
1356 3908 1550 3951 novus
1588 3893 1798 3965 homo,

249 3988 512 4062 oportet,
529 3984 700 4060 quod
727 4000 866 4043 cum
905 3988 1174 4059 serpente
1211 4001 1275 4044 se
1301 3986 1498 4060 primo
1528 3985 1702 4060 lavet,
1733 3987 1800 4046 id

249 4084 361 4151 est,
395 4094 510 4155 pro
549 4081 794 4154 peccato
830 4079 1169 4154 lachrymas
1204 4079 1676 4154 compunctionis
1713 4081 1799 4139 et-

246 4174 483 4247 fundass
513 4174 681 4233 etsie
705 4174 956 4233 herbam
982 4190 1253 4233 amaram
1279 4174 1573 4248 comedat,
1598 4174 1664 4233 id
1691 4179 1797 4249 est,

247 4285 366 4345 pro
390 4270 635 4344 peccato
663 4283 901 4327 amaros
929 4268 1200 4343 planctus
1226 4268 1367 4327 edat
1395 4285 1411 4326 ε
1456 4272 1667 4344 postea
1692 4269 1799 4328 de-

247 4365 358 4423 bet
379 4377 680 4421 venenum
715 4377 1022 4435 evomere,
1063 4362 1128 4419 id
1159 4364 1275 4432 est,
1313 4367 1556 4437 peccata
1599 4363 1801 4422 omnia

250 4456 595 4517 confitendo
621 4470 865 4514 narrare
893 4473 924 4541 :-
953 4470 1078 4531 quo
1104 4454 1282 4525 facto,
1318 4472 1428 4531 per
1455 4459 1684 4515 arctum
1708 4457 1799 4517 fo-

245 4567 463 4615 ramen
493 4549 902 4611 satisfactionis
935 4550 1115 4609 debet
1137 4550 1403 4623 transire,
1442 4550 1611 4610 etsie
1644 4556 1801 4610 vete·

247 4664 384 4709 rem
424 4647 666 4722 eulpam
711 4645 1011 4721 deponere
1028 4690 1050 4719 ,
1104 4645 1355 4720 gratiam
1404 4644 1670 4705 divinam
1708 4647 1801 4705 in-

251 4743 441 4803 duere
451 4783 474 4815 ,
513 4744 569 4800 et
613 4740 908 4816 perditam
946 4739 1269 4799 amicitiam
1306 4755 1604 4815 reparare.
1653 4743 1800 4800 Nam

243 4852 365 4914 per
395 4834 805 4911 poenitentiam
846 4836 1152 4915 reparatur
1197 4833 1382 4893 homo
1418 4834 1499 4892 ad
1536 4833 1801 4894 divinam
1830 4826 1838 4834 '

251 4929 611 5002 amicitiam,
666 4944 802 5005 quae
852 4926 1044 4986 fuerat
1104 4928 1321 4987 amissa
1374 4942 1485 5002 per
1539 4928 1796 5004 culpam.

249 5024 420 5084 Unde
452 5023 529 5083 de
563 5023 677 5084 hae
700 5025 894 5098 potest
919 5022 1139 5098 exponi
1173 5021 1369 5081 illud⁷
1408 5041 1426 5082 ε
1459 5043 1487 5078 α
1522 5024 1614 5083 Ad
1652 5025 1799 5083 ami-

323 5203 340 5236 ¹
369 5200 537 5261 Pron..
560 5210 648 5261 xx,
668 5201 717 5250 9.
740 5225 798 5234 ——
823 5198 847 5233 ¹
871 5197 1104 5260 Hieron„
1124 5196 1195 5247 ad
1215 5196 1471 5259 Eunoen„
1496 5196 1644 5262 epist.
1667 5210 1799 5262 xxn,

248 5273 358 5325 col.
380 5285 454 5322 m.
481 5272 594 5322 173.
615 5296 677 5308 -
701 5270 722 5300 ⁸
744 5268 951 5334 Ephes„
973 5281 1024 5333 v,
1051 5271 1130 5320 18.
1150 5294 1213 5306 -
1234 5268 1252 5299 ¹
1279 5268 1521 5336 Egnatius
1546 5270 1798 5336 Metellae,

251 5344 393 5408 apud
422 5343 593 5394 valer.
627 5342 788 5404 Max„
819 5340 906 5391 lib.
942 5340 1040 5404 Vl,
1077 5353 1125 5390 e.
1163 5351 1218 5390 111
1231 5376 1249 5403 ,
1287 5353 1343 5391 n.
1374 5343 1421 5390 9.
1449 5366 1509 5379 -
1545 5342 1565 5373 ⁸
1593 5342 1799 5407 Mallia„

253 5429 322 5481 x,
365 5416 443 5466 16.
472 5441 532 5452 —
571 5414 590 5445 ⁸
631 5412 804 5481 Arist„
844 5412 975 5466 Hist.
1012 5410 1257 5473 Animal„
1294 5410 1382 5462 lib.
1420 5413 1562 5475 vm,
1590 5426 1637 5467 c.
1671 5424 1798 5478 xvu,

3324 474 3434 537 551

1903 614 2044 659 cum
2062 596 2116 657 si
2142 598 2217 675 (a)
2243 598 2600 675 produxeris
2624 600 2922 675 gladium,
2960 618 3085 662 nen
3121 604 3397 681 desperes
3424 624 3444 665 ι

1904 695 1991 751 est
2017 695 2178 755 enim
2201 694 2463 757 reversio
2491 694 2573 752 ad
2597 693 2858 755 amicum
2878 697 2970 771 (b).
2996 716 3028 753 ιο
3050 698 3191 768 Quis
3217 700 3446 759 amicus

1903 789 1971 844 ut
1995 789 2167 860 Deus,
2205 804 2245 845 a
2279 803 2401 862 quo
2429 787 2752 862 accipimus
2794 805 2975 848 omne
3010 792 3179 866 quod
3219 809 3446 868 sumus,

1906 896 2086 939 omne
2114 881 2281 956 quod
2307 880 2545 957 ecimus,
2578 898 2757 941 omne
2782 883 2954 959 quod
2981 885 3295 959 habemus,
3321 886 3446 947 sive

1903 974 1970 1032 in
2004 973 2183 1033 bonis
2217 977 2473 1048 naturae,
2516 976 2638 1036 sive
2682 977 2747 1034 in
2785 977 2962 1036 bonis
2995 977 3273 1053 fortuna,
3320 981 3447 1041 sive

1904 1067 1970 1125 in
1994 1068 2172 1127 bonis
2200 1069 2438 1142 gratim?
2473 1069 2582 1129 Sed
2622 1071 2702 1129 ad
2746 1087 2885 1130 eum
2924 1072 3192 1146 gladium
3223 1074 3448 1148 produ-

1905 1162 2117 1234 cimus,
2162 1179 2300 1222 cum
2324 1179 2640 1238 peccamus
2669 1183 2686 1223 z
2715 1165 2823 1223 sed
2850 1182 2972 1224 non
2998 1170 3085 1225 est
3136 1168 3449 1243 desperan-

1907 1255 2075 1329 dum,
2105 1256 2270 1331 quia,
2299 1256 2447 1316 dum
2475 1273 2615 1316 vere
2640 1259 3026 1333 poenitemus,
3054 1260 3117 1317 in
3139 1261 3447 1335 pristinam

1903 1349 2226 1410 amicitiam
2250 1365 2618 1425 reparamur,
2646 1351 2768 1410 imo
2799 1353 3128 1428 aliquando
3154 1354 3218 1413 in
3259 1357 3449 1431 maJo-

1904 1460 2052 1502 rem.
2082 1443 2432 1520 Exemplum
2459 1445 2536 1504 de
2562 1447 2767 1520 David,
2791 1450 2981 1523 Petro,
3000 1452 3059 1507 et
3072 1450 3441 1524 magdalena.

1907 1538 2071 1596 Unde
2097 1537 2380 1598 Dominus
2409 1539 2551 1598 dicit
2569 1541 2627 1597 ⁸:
2665 1559 2695 1595 α
2735 1541 2872 1600 Mihi
2899 1543 3249 1618 alienigenas
3271 1546 3448 1606 amici

1904 1632 2043 1690 tacti
2069 1635 2225 1705 sunt,
2252 1653 2281 1689 n
2313 1632 2378 1690 id
2406 1636 2511 1706 est,
2538 1633 2644 1708 qui
2682 1650 2792 1709 per
2815 1640 3127 1711 peceatum
3154 1644 3320 1698 erant
3346 1655 3445 1699 ex-

1904 1727 2115 1798 tranei,
2139 1742 2250 1801 par
2288 1727 2694 1801 poenitentiam
2729 1727 2792 1786 in
2830 1729 3151 1789 amicitiam
3184 1736 3321 1791 sunt
3352 1749 3448 1792 re-

1903 1821 2115 1895 parati.
2148 1824 2225 1879 De
2249 1821 2594 1896 poenitentIa
2619 1826 2678 1883 et
2713 1825 3027 1899 asperitate
3052 1824 3190 1884 vide
3217 1828 3445 1900 Legen-

1903 1915 2049 1973 dam
2070 1916 2254 1974 sancti
2271 1916 2476 1974 iacobi
2487 1918 2533 1988 ¹,
2552 1921 2784 1991 quantun
2802 1918 3188 1991 abstinentias,
3214 1926 3450 1995 quanta

1903 2010 2225 2083 orationis,
2277 2014 2628 2085 quantisque
2688 2010 2865 2070 fuerit
2910 2014 3245 2073 sanctitatis.
3300 2018 3446 2075 Nam

1903 2106 2149 2179 propter
2194 2104 2322 2177 ejus
2356 2104 2628 2179 iniquam
2672 2110 2926 2164 mortem
2970 2106 3113 2166 dicit
3158 2109 3446 2185 Iosephus

1899 2198 2228 2256 Jerusalem
2253 2196 2432 2256 tuisse
2458 2214 2496 2257 a
2520 2198 2645 2257 Tito
2671 2199 3041 2259 subversam.

1975 2290 2166 2348 Tertio
2204 2291 2528 2366 acquiritur
2570 2292 2778 2352 divina
2825 2294 3084 2353 amicitia
3134 2311 3245 2371 per
3283 2312 3447 2356 amo-

1904 2399 2034 2442 rem
2060 2383 2412 2443 obedientioe
2440 2403 2455 2442 ε
2496 2386 2750 2444 multum
2782 2387 2940 2444 enim
2977 2388 3292 2464 principes,
3322 2391 3447 2451 sive

1861 2535 1868 2544 ,
1905 2493 2105 2552 reges,
2148 2483 2348 2537 amant
2386 2494 2589 2539 servos
2633 2479 2788 2538 bene
2832 2480 3199 2556 obedientes,
3245 2487 3303 2543 et
3344 2500 3449 2544 eos

1906 2574 2019 2631 sibi
2050 2574 2273 2632 faciunt
2296 2574 2475 2633 valde
2508 2568 2829 2635 familiares
2866 2594 2881 2633 :
2912 2578 2980 2633 ut
3012 2577 3141 2650 jam
3180 2594 3308 2641 uon
3354 2579 3449 2637 di.-

1907 2670 2116 2726 eantur
2142 2667 2326 2740 servi,
2353 2668 2459 2726 sed
2482 2668 2739 2726 maxime
2771 2668 2976 2741 amici,
3014 2669 3163 2728 dum
3184 2670 3338 2730 fiunt
3358 2687 3450 2731 re·

1907 2761 1998 2835 gis
2020 2761 2358 2823 consiliarii.
2380 2760 2545 2820 Unde
2562 2762 2845 2820 Dominus
2871 2760 3013 2820 dicit
3039 2764 3331 2838 Apostolis
3356 2768 3403 2806 ¹⁰
3426 2784 3443 2825 :

1911 2876 1940 2911 α
1962 2860 2093 2914 lam
2120 2872 2245 2915 non
2263 2856 2462 2915 dicam
2477 2872 2590 2915 vos
2616 2872 2836 2927 servoS,
2860 2857 3004 2931 quia
3017 2873 3222 2917 servus
3242 2861 3449 2935 nescit,

1906 2951 2056 3024 quid
2081 2950 2221 3009 facit
2241 2952 2304 3026 (c)
2336 2949 2617 3009 Dominus
2638 2951 2793 3024 ejus3
2809 2966 2920 3010 vos
2946 2955 3144 3010 autem
3160 2951 3286 3011 dixi
3301 2954 3450 3012 ami-

1907 3062 2031 3117 coS,
2061 3044 2206 3120 quia
2228 3045 2454 3116 omnia,
2480 3061 2617 3120 quaa
2642 3043 2842 3103 audivi
2867 3062 2903 3105 a
2926 3049 3089 3105 Patre
3116 3062 3276 3119 meo,
3305 3052 3452 3107 nota

1905 3139 2042 3200 fecit
2059 3140 2251 3199 vobis.
2283 3161 2312 3199 a·
2343 3139 2458 3199 Sed
2492 3141 2662 3214 cujus
2696 3141 2946 3200 merito?
2983 3144 3137 3200 certe
3164 3140 3451 3201 obedien-

1907 3234 2021 3305 tiae,
2050 3234 2194 3309 quia
2222 3249 2319 3292 me
2344 3239 2661 3294 vocantem
2694 3235 2877 3294 secuti
2915 3235 3080 3307 estis,
3125 3235 3267 3310 quia
3291 3251 3449 3311 pro·-

1907 3334 2079 3405 cepta
2097 3344 2237 3387 mea
2264 3329 2562 3399 servastiS,
2599 3332 2657 3387 et
2694 3330 2838 3404 quia
2863 3346 2976 3405 pro
3002 3346 3099 3388 me
3124 3329 3335 3389 omnia·
3356 3345 3450 3389 re-
3548 3348 3553 3353 ·

1905 3423 2177 3499 liquistis.
2218 3422 2698 3482 UndeDominus
2736 3423 2878 3480 dicit
2915 3422 2992 3480 de
3030 3423 3116 3481 eis
3153 3425 3195 3461 ¹¹
3224 3441 3239 3481 z
3276 3443 3305 3478 α
3334 3426 3450 3483 Vos

1905 3518 2082 3576 amici
2101 3517 2217 3576 mei
2238 3516 2393 3589 estis,
2423 3515 2474 3574 si
2497 3516 2747 3575 feceritis
2764 3532 2899 3591 quae
2910 3516 3189 3592 praeeipio
3205 3517 3443 3577 vobis.»

1906 3615 2240 3686 Propterea,
2282 3610 2390 3686 qui
2417 3611 2663 3669 obedire
2709 3610 2943 3680 nolunt,
2970 3611 3315 3685 gravissime
3344 3627 3452 3686 pu-

1904 3705 2110 3765 niendi
2147 3708 2304 3763 sunt.
2351 3704 2700 3779 Exemplum
2733 3704 2810 3762 de
2852 3704 3026 3764 Saule
3049 3719 3192 3779 rege
3230 3704 3297 3778 ¹¹,
3321 3705 3446 3780 qui,
3534 3730 3688 3773 axom-

1906 3800 2053 3876 quia
2078 3799 2324 3859 obedire
2349 3798 2566 3869 renuit,
2594 3797 2857 3872 dejectus
2884 3814 2922 3856 a
2937 3813 3124 3872 regno
3148 3797 3275 3856 fuit.
3296 3804 3448 3873 Lege
3475 3791 3617 3849 plum.

1905 3894 2234 3954 historiam.
2274 3892 2439 3953 Adeo
2490 3892 2651 3951 enim
2695 3892 3101 3951 inobedientia
3142 3896 3230 3953 est
3269 3909 3449 3966 grave

1905 3993 2212 4065 peccatum
2235 4026 2255 4058 ,
2310 3991 2375 4045 ut
2415 3991 2661 4062 propter
2699 4001 2835 4045 eam
2886 3986 3124 4060 eJeeerit
3168 3987 3450 4047 Dominus

1904 4082 2212 4142 hominem
2235 4080 2498 4157 primum
2527 4081 2604 4139 de
2631 4079 2934 4155 paradiso,
2965 4095 3105 4138 cum
3129 4079 3294 4138 omni
3313 4096 3446 4156 pos-

1905 4176 2131 4235 teritate
2178 4192 2288 4234 sua
2329 4176 2506 4234 morti
2543 4173 2970 4248 adjudicatum.
3027 4177 3144 4232 Nec
3186 4174 3406 4232 mirum
3427 4216 3448 4246 ‚

1907 4271 2053 4347 quia
2095 4269 2322 4345 antiqui
2363 4269 2662 4345 principes
2685 4268 2935 4327 Romani
2977 4268 3135 4326 filios
3172 4269 3449 4344 proprios

1905 4364 2195 4424 bellantes
2222 4367 2427 4422 contra
2451 4361 2854 4422 obedientiam
2883 4362 3244 4435 occiderunt,
3273 4378 3447 4437 repu-

1906 4462 2095 4518 tantes
2135 4456 2553 4532 gravissimum
2599 4471 2724 4514 esse
2741 4497 2764 4529 ,
2811 4455 3110 4531 valdeque
3153 4454 3449 4531 periculo-

1905 4569 2069 4625 sum,
2118 4567 2244 4619 non
2293 4551 2699 4624 obtemperare
2741 4549 3091 4623 maioribus.
3128 4552 3274 4609 Nam
3305 4552 3445 4611 Tor'-
3472 4561 3665 4678 Jam-

1907 4651 2123 4724 quatus
2142 4688 2162 4717 ,
2216 4645 2466 4704 dictator
2516 4643 2920 4703 nobilissimus
2934 4687 2955 4717 ,
3026 4642 3219 4701 fllium
3270 4660 3448 4703 suum

1908 4742 2211 4811 Manlium,
2238 4755 2421 4815 quem
2448 4737 2528 4797 ad
2545 4737 2991 4813 prorogandam
3012 4737 3448 4799 successionem

1907 4840 2220 4911 genuerat,
2247 4849 2430 4910 quem
2469 4831 2534 4890 in
2558 4830 2693 4890 sinu
2735 4846 2845 4888 suo
2882 4830 3226 4903 nutriverat,
3263 4848 3449 4907 quem

1905 4930 2109 4991 litteris
2134 4929 2448 4999 imbuerat,
2476 4943 2656 5003 quem
2682 4925 2863 4985 armis
2889 4926 3261 5001 instruxerat,
3282 4927 3446 4986 dein-

1905 5123 2018 5173 par.
2055 5113 2103 5160 5.
2131 5134 2196 5147 -
2221 5106 2245 5143 ‘¹
2281 5105 2461 5169 flecti„
2490 5117 2633 5168 1¹11,
2661 5107 2741 5159 26.
2773 5131 2837 5142 —
2871 5103 2894 5139 ⁸
2925 5103 3063 5155 Paul.
3100 5114 3235 5165 cvn,
3276 5108 3353 5156 1ο.
3387 5130 3444 5143 —

1905 5180 1928 5216 ⁹
1962 5179 2184 5243 Lipom.‚
2218 5181 2239 5228 t
2280 5176 2416 5229 Maii.
2445 5204 2508 5217 -
2537 5177 2579 5212 ¹⁰
2602 5176 2770 5240 laen„
2801 5186 2886 5237 ιν,
2920 5179 2998 5227 15.
3029 5201 3093 5215 —
3116 5176 3159 5211 1¹
3186 5175 3335 5239 thid..
3364 5177 3444 5228 14.

1905 5278 1969 5290 -
1995 5254 2077 5303 ¹²1
2106 5251 2244 5315 Περ..
2276 5261 2363 5313 xv,
2393 5251 2474 5299 22.

1969 5343 2039 5406 (a)
2090 5340 2235 5406 Vulq.
2293 5338 2407 5389 etsi.
2436 5362 2498 5377 -
2548 5336 2617 5397 (b)
2674 5335 2819 5402 ναῖς.
2868 5351 3147 5405 regressus.
3204 5337 3281 5389 Ad
3321 5336 3446 5391 emi·

1910 5426 2045 5478 cum,
2075 5415 2165 5465 etc.
2183 5440 2236 5450 --
2268 5412 2325 5477 (c)
2365 5409 2515 5474 Vulq.
2540 5407 2708 5459 iaciat.
