4059 6317
788 430 1167 499 DOMINICA
1207 432 1363 500 INF.
1407 434 1578 500 OCT.
1620 432 1964 504 NATIVIT.
2015 437 2315 506 nomm.
2359 439 2622 510 SERMO
2661 443 2712 508 Ι.

200 568 713 651 domeejnsae
736 566 1061 651 producta.
1106 566 1179 633 Si
1214 587 1369 635 vero
1412 570 1514 636 vis
1552 569 1694 635 dili·-

200 691 329 756 gere
361 690 528 752 enm,
574 674 657 739 de
700 677 889 759 cujus
925 694 1116 741 carne
1158 694 1249 755 es,
1279 676 1383 741 vel
1407 693 1560 742 eum
1585 677 1697 762 qui

196 781 259 846 de
296 784 407 845 tua
449 798 637 846 carne
688 785 809 862 est,
866 781 1067 864 dilige
1110 782 1453 848 Christum.
1501 782 1700 847 Filius

196 888 343 953 enim
366 886 472 952 Dei
498 886 575 951 de
598 889 710 952 tua
732 906 924 954 carne
948 890 1152 954 factus
1178 893 1275 954 est
1300 890 1473 953 filius
1494 890 1699 955 homi«

194 999 278 1063 nis
306 997 745 1082 corporaliter,
785 1003 860 1064 ut
896 1003 971 1065 tu
1008 999 1090 1065 de
1128 1018 1317 1065 carne
1342 1002 1486 1083 ejus
1510 1001 1700 1065 fleres

195 1105 592 1188 spiritualiter.
630 1104 909 1171 Joannes
933 1107 1420 1190 Chrysostomus
1448 1113 1468 1149 ¹
1502 1107 1702 1172 ιαΗο·

197 1230 285 1277 mo
306 1212 647 1295 appellatus
660 1217 781 1293 est,
806 1220 885 1278 ut
900 1216 963 1279 te
981 1213 1185 1279 Deum
1208 1219 1496 1294 vocaret3
1528 1214 1702 1280 filius

196 1318 441 1385 hominis
481 1319 687 1386 dictus
703 1369 725 1398 ,
761 1324 838 1386 ut
864 1324 928 1386 te
950 1321 1021 1388 in
1046 1321 1257 1387 fllium
1283 1321 1629 1405 adoptaret.
1661 1342 1694 1381 11

258 1424 561 1491 Ρο881111118
586 1426 783 1492 etiam
810 1431 908 1491 est
931 1446 1081 1494 caro
1107 1428 1339 1494 Christi
1358 1429 1440 1495 ad
1458 1429 1703 1494 redem-

194 1533 466 1618 ptionem,
485 1537 563 1598 nt
578 1534 1093 1618 carnispassione
1110 1535 1189 1600 de
1204 1536 1455 1602 diabolo
1480 1538 1705 1601 trium-

195 1643 421 1725 pharet,
467 1659 620 1705 cum
658 1640 953 1706 diabolus
998 1641 1440 1708 infirmitatem
1494 1644 1705 1710 carnis

195 1752 313 1832 ejus
348 1750 803 1829 contemneret,
843 1748 1009 1814 sicut
1048 1750 1098 1813 si
1105 1750 1486 1832 gnificatum
1526 1756 1623 1815 est
1655 1753 1701 1831 ²,

195 1855 288 1919 ubi
316 1855 400 1920 ait
439 1854 653 1921 Golias
689 1855 773 1922 ad
810 1856 1060 1923 David:
1099 1880 1132 1918 α
1150 1855 1311 1924 Veni
1351 1858 1433 1922 ad
1473 1875 1600 1938 me,
1644 1862 1708 1924 et

194 1962 333 2029 dabo
368 1981 592 2028 carnes
632 1965 783 2028 tuas
824 1963 1187 2030 volatilibus
1222 1964 1366 2029 coeli
1399 1968 1465 2029 et
1489 1964 1708 2029 bestiis

194 2074 354 2136 terrae
382 2092 400 2132 ι
426 2092 459 2130 n
493 2073 560 2136 et
587 2087 735 2136 ecce
759 2088 932 2151 caro,
964 2089 1159 2154 quam
1178 2071 1575 2154 contempsit,
1605 2071 1705 2138 vi·

193 2179 261 2242 cit
282 2179 505 2261 ipsum.
537 2176 754 2242 Golias
769 2177 1122 2259 diabolum,
1142 2177 1341 2244 David
1364 2177 1706 2259 Christum,

196 2287 445 2356 volatilia
473 2287 736 2354 Judaeos
774 2291 1252 2371 persequentes,
1284 2287 1503 2353 bestiae
1535 2287 1709 2354 Gen-

195 2395 312 2460 tiles
348 2394 806 2476 crucifigentes
853 2395 1221 2477 significare
1262 2400 1551 2479 possunt.
1611 2396 1711 2462 Ad

194 2500 433 2567 litteram
475 2504 706 2567 autem
724 2549 742 2581 ,
787 2501 1060 2567 libenter
1112 2501 1369 2567 vidisset
1420 2501 1712 2568 diabolus

194 2610 335 2690 quod
368 2627 517 2675 caro
557 2608 797 2675 Christi
840 2610 923 2675 ab
956 2609 1186 2675 avibus
1209 2611 1283 2674 in
1310 2628 1520 2689 cruce,
1550 2611 1713 2676 vela

194 2715 397 2797 hestiis,
436 2716 735 2800 deposita
772 2718 847 2780 in
888 2719 1082 2796 terra,
1123 2716 1427 2783 devorata
1453 2717 1707 2797 suisset3

198 2824 282 2888 sed
299 2842 436 2889 caro
455 2844 499 2889 a
516 2823 783 2890 diabolo
812 2825 1179 2908 contempta
1202 2823 1529 2889 diabolum
1555 2829 1713 2889 stra-

196 2932 288 3011 vit,
311 2932 620 3000 invadens
641 2949 799 2997 eum
822 2930 1052 2996 baculo
1079 2932 1307 3014 crucis,
1336 2932 1491 2997 item
1524 2932 1716 3016 quin-

196 3059 298 3126 que
314 3040 630 3125 lapidibus
658 3042 730 3106 in
757 3059 978 3125 peram
996 3041 1294 3122 collectis,
1321 3041 1387 3108 id
1414 3045 1511 3107 est
1534 3042 1715 3108 duris

195 3151 445 3234 quinque
502 3149 894 3216 vulneribus
949 3150 1018 3214 in
1078 3167 1341 3234 corpore
1404 3166 1521 3215 suo
1573 3168 1714 3216 sus·

196 3259 383 3341 ceptis.

259 3364 497 3430 Esibilis
525 3368 629 3430 est
660 3381 811 3429 earo
842 3363 923 3429 ad
949 3364 1377 3443 refectionem,
1407 3366 1471 3430 et
1497 3367 1715 3449 [110111-

192 3477 395 3552 sumta
432 3476 523 3538 est
564 3473 642 3537 in
680 3469 1720 3555 carne‚quapassusestEliasin

195 3583 440 3646 torrente
472 3579 724 3657 Garith,
757 3579 839 3645 de
882 3597 1012 3663 quo
1048 3584 1071 3621 ·
1115 3601 1130 3645 ε
1180 3603 1212 3641 α
1247 3579 1432 3646 Corvi
1476 3580 1714 3647 defere-

196 3686 668 3755 1100101001·οω
695 3690 760 3752 et
784 3705 1017 3770 panem
1043 3706 1255 3769 mane,
1276 3709 1309 3748 1)
1342 3692 1463 3753 010.
1498 3689 1717 3755 Sacra·

196 3801 457 3861 mentum
492 3795 788 3879 eorporis
824 3794 1053 3861 Christi
1081 3796 1313 3861 dicitur
1351 3797 1532 3880 panis
1567 3815 1716 3880 pro-

195 3906 315 3984 pter
346 3903 627 3987 speciem
648 3949 671 3981 ,
714 3921 866 3968 caro
906 3906 1162 3987 propter
1207 3922 1371 3969 rem.
1422 3903 1607 3971 Mane
1659 3911 1724 3971 et

194 4025 429 4094 vespere
470 4010 889 4075 ministratur
929 4010 1071 4076 haec
1110 4028 1261 4076 caro
1283 4061 1301 4093 ‚
1342 4013 1648 4095 quoniam
1681 4032 1721 4078 a

194 4117 477 4201 principio
544 4117 857 4183 Ecclesiae
918 4135 1123 4201 usque
1183 4119 1265 4183 ad
1326 4120 1524 4184 finem
1590 4138 1723 4185 non

196 4220 369 4289 deerit
388 4223 517 4291 hoc
538 4227 1017 4290 sacramentum
1043 4225 1068 4260 ⁸
1098 4242 1116 4289 z
1154 4247 1188 4288 α
1211 4223 1549 4291 Vobiscum
1576 4245 1723 4291 sum

198 4331 468 4397 omnibus
491 4331 730 4397 diebus
769 4349 977 4415 usque
1003 4331 1085 4397 ad
1106 4333 1724 4399 consummationem

194 4438 406 4503 seculi.
435 4461 469 4500 ι
504 4438 636 4505 Per
680 4441 1031 4505 torrentem
1067 4438 1279 4504 Carith
1324 4441 1618 4507 contritio
1644 4442 1725 4506 si-

197 4544 521 4624 gnificatur
547 4552 573 4587 ⁸
607 4567 625 4611 ε
677 4568 711 4607 c
751 4545 961 4612 Deduc
1005 4546 1191 4631 quasi
1243 4551 1594 4615 torrentem
1640 4549 1726 4614 la-

199 4669 445 4735 crymas.
474 4676 508 4715 1
564 4652 791 4719 Garith
839 4652 1011 4717 enim
1053 4652 1299 4721 divisio
1343 4655 1724 4739 interpreta-

201 4760 312 4827 tur.
344 4759 418 4826 ln
442 4760 838 4827 contritione
872 4759 1045 4824 enim
1090 4760 1287 4826 homo
1330 4768 1660 4845 separatur
1687 4784 1729 4829 a

201 4868 443 4947 peccatis
477 4874 547 4933 et
592 4886 638 4932 a
686 4865 964 4932 diabolo.
1011 4864 1186 4932 Unde
1221 4865 1245 4903 ⁸
1297 4888 1314 4932 ε
1354 4889 1387 4930 c
1425 4867 1728 4952 Lapidem

205 4972 477 5057 caliginis
515 4978 585 5040 et
621 4973 932 5038 umbram
959 4973 1205 5054 mortis,
1243 4994 1276 5035 υ
1306 4974 1372 5040 id
1393 4980 1489 5041 est
1514 4995 1729 5059 pecca·

213 5081 351 5159 tum,
404 5106 436 5144 ι
467 5080 712 5146 dividit
756 5083 1033 5160 torrens,
1061 5101 1091 5138 n
1127 5080 1195 5145 id
1239 5085 1357 5162 est,
1409 5083 1722 5165 contritio,

265 5207 284 5240 ¹
324 5207 427 5257 lmo
468 5207 659 5257 auctor
707 5201 965 5253 sermonis
1004 5203 1056 5252 in
1105 5203 1280 5254 Vmer-
1322 5205 1557 5267 crucan.
1595 5208 1731 5260 inter

216 5278 360 5340 open
388 5277 682 5343 Chrysost„
708 5273 948 5339 Append.
976 5276 1098 5324 tom.
1130 5275 1195 5339 ll,
1225 5290 1347 5343 pag.
1379 5281 1489 5342 822,
1518 5287 1586 5330 01.
1619 5282 1729 5332 988.

216 5373 270 5386 -
290 5347 313 5382 ¹
336 5350 352 5400 l
377 5347 513 5415 fleg„
535 5357 677 5412 ml,
705 5347 787 5396 44.
807 5371 869 5382 —
892 5343 916 5380 ⁸
938 5343 1002 5394 111
1025 5345 1159 5410 neq„
1179 5359 1311 5412 xvn,
1334 5351 1383 5400 6.
1398 5377 1461 5388 —
1481 5349 1500 5382 ⁴
1524 5351 1734 5417 uatem,

220 5431 394 5485 xmn,
419 5424 498 5472 2⁰.
525 5445 591 5458 —
619 5420 645 5455 ⁸
682 5415 887 5482 ram,
913 5426 971 5480 u,
1002 5417 1075 5468 18.
1105 5444 1161 5457 —-
1192 5420 1212 5450 ⁸
1239 5419 1347 5486 Job,
1375 5433 1562 5490 xxvm,
1591 5426 1639 5476 4.
1666 5448 1730 5462 —

3259 450 3340 513 55

1810 592 1847 634 c
1882 591 1925 637 a
1966 574 2199 657 populo
2248 578 2719 660 perag-fimum,
2757 599 2790 641 n
2818 579 2884 645 id
2928 583 3028 644 est
3060 582 3335 664 ajustis.

1804 679 2072 746 Carnem
2110 700 2278 765 ergo·
2311 683 2541 749 Christi
2587 686 2660 750 in
2708 683 2999 752 torrente*
3038 688 3337 767 comedit,

1804 788 1918 870 qui
1940 788 2064 852 hoc
2082 794 2547 857 sacramentum
2561 792 2631 856 in
2651 792 3026 858 eontritione
3040 793 3334 859 comedit.

1805 892 2131 961 Sensibilis
2172 915 2430 980 quoque
2469 898 2590 964 1011
2629 900 2711 964 ad
2749 900 3170 965 imitationem
3194 949 3213 979 ,
3264 904 3343 967 ut

1805 1002 2097 1086 exemplo
2121 1005 2261 1087 ejus
2285 1005 2356 1068 in
2386 1005 2495 1071 via
2523 1023 2636 1089 per
2662 1008 3238 1089 sanctificationem,
3269 1008 3342 1073 in

1806 1106 2012 1188 patria
2035 1124 2150 1190 per
2176 1106 2700 1188 glorificationem
2738 1112 3183 1176 reformemur.
3217 1110 3343 1177 Un-

1806 1211 1884 1276 de
1910 1212 2073 1277 11000
2089 1213 2371 1295 figurata
2392 1219 2486 1281 est
2504 1263 2523 1295 ‚
2550 1217 2663 1282 ubi
2688 1217 2767 1284 de
2792 1218 3079 1283 Naaman
3113 1218 3344 1302 septies

1806 1317 1936 1384 loto
1958 1320 2028 1384 in
2054 1320 2326 1388 Jordane
2350 1322 2660 1389 dicitnr⁷z
2691 1347 2723 1386 c
2747 1324 3054 1390 Restituta
3077 1328 3172 1389 est
3194 1341 3344 1390 caro

1808 1429 1951 1510 ejus
1965 1428 2132 1494 sicut
2142 1447 2290 1495 caro
2307 1430 2559 1514 parvuli
2582 1432 2787 1515 pueri.
2801 1453 2831 1491 n
2854 1431 3019 1498 Puer
3037 1433 3345 1516 parvulus

1809 1538 1906 1598 est
1933 1535 2222 1601 Christus
2242 1535 2266 1571 ⁸
2295 1558 2312 1602 ε
2350 1559 2383 1598 <1
2404 1536 2718 1604 Parvulus
2744 1543 2933 1605 natus
2959 1541 3283 1605 0811101118.
3306 1562 3339 1602 ι

1810 1640 2019 1725 Hujus
2043 1643 2227 1726 pueri
2249 1662 2395 1709 caro
2424 1645 2845 1712 mundissima
2875 1647 3016 1712 fuit.
3046 1643 3347 1713 Foetidior

1810 1753 1908 1814 est
1939 1750 2158 1815 anima
2195 1750 2510 1834 peccatrix
2548 1770 2813 1835 corpore
2853 1752 3127 1838 leproso.
3178 1754 3347 1820 Bene

1811 1856 2098 1924 Naaman
2123 1859 2412 1941 leprosus
2438 1862 2829 1942 peccatorem
2853 1860 3193 1944 significat.
3230 1861 3347 1927 Le-

1812 1982 2042 2050 prosus
2067 1983 2224 2046 ergo
2262 1965 2344 2029 ad
2386 1966 2648 2030 modum
2684 1966 2936 2049 parvuli
2970 1969 3348 2050 restituitur,

1813 2070 2068 2155 quando
2116 2076 2406 2155 peccator
2442 2072 2512 2137 in
2561 2073 2873 2138 munditia
2919 2078 2983 2140 et
3026 2075 3352 2142 sanctitate

1815 2196 2071 2244 carnem
2122 2177 2350 2244 Christi
2394 2179 2886 2246 mundissimam
2935 2182 3223 2248 imitatur
3242 2230 3259 2263 ‚
3289 2189 3353 2250 et

1814 2286 1905 2351 sic
1941 2285 2235 2368 exemplo
2279 2286 2573 2371 puritatis
2603 2287 2855 2371 parvuli
2897 2293 3179 2355 sanatur.
3212 2290 3354 2356 Non

1817 2393 2026 2459 solum
2061 2397 2278 2458 autem
2320 2393 2616 2477 exemplo
2655 2395 2970 2478 puritatiS,
3014 2397 3124 2462 sed
3158 2399 3353 2464 etiam

1814 2499 2193 2565 humilitatis
2223 2521 2238 2564 2
2271 2504 2518 2566 arctum
2556 2504 2654 2566 est
2677 2501 2854 2567 enim
2878 2504 3113 2568 ostium
3148 2503 3230 2570 ad
3255 2505 3357 2570 vi·-

1818 2611 1949 2673 tam
1976 2608 2025 2687 ⁹,
2054 2612 2119 2673 et
2142 2625 2274 2674 non
2298 2612 2503 2691 potest
2526 2609 2766 2674 intrare
2784 2610 2908 2674 nisi
2930 2611 3240 2694 parvulus
3261 2613 3310 2654 ²·
3334 2634 3350 2676 ε

1826 2738 1858 2778 c
1900 2714 2201 2798 Quisquis
2250 2733 2382 2779 non
2429 2715 2654 2799 recipit
2695 2735 2975 2799 regnum
3027 2716 3136 2784 Dei
3182 2721 3358 2785 velut

1817 2821 2148 2907 parvulus,
2176 2841 2305 2887 non
2330 2822 2592 2888 intrabit
2620 2824 2686 2887 in
2712 2823 2893 2890 illud.
2913 2847 2946 2885 1
2977 2823 3359 2909 Eccequan·

1819 2937 1885 2996 ta
1899 2930 2208 2996 beneficia
2216 2929 2400 2995 nobis
2421 2929 2717 2996 exhibuit
2731 2930 2894 2997 Deus
2919 2932 2986 2997 in
3001 2950 3189 2998 carne
3215 2951 3352 2999 sua.

1820 3036 2181 3102 Bernardus
2199 3038 2243 3079 ¹⁸
2277 3058 2339 3101 :c
2359 3037 2592 3103 videns
2608 3037 2773 3104 Deus
2788 3039 3083 3106 homines
3099 3039 3361 3108 omnino

1821 3144 2103 3210 carnales
2147 3144 2424 3225 effectos,
2460 3148 2705 3210 tantam
2733 3145 2825 3211 eis
2860 3147 3261 3214 dulcedinem
3293 3149 3361 3216 iu

1822 3269 2011 3318 carne
2044 3251 2360 3329 exhibuit,
2390 3255 2466 3316 ut
2490 3253 2818 3318 durissimi
2850 3255 3059 3319 cordis
3080 3256 3159 3321 sit
3186 3256 3360 3341 quis-

1824 3360 1972 3444 quis
1999 3375 2154 3425 eum
2178 3378 2263 3425 ex
2287 3362 2420 3425 toto
2450 3359 2684 3425 affectu
2705 3378 2836 3426 non
2861 3360 3091 3444 diligit.
3123 3384 3156 3424 ι

1825 3596 2208 3676 DOMINIGA
2254 3595 2402 3672 INF.
2453 3596 2631 3678 OCT.
2678 3596 3018 3679 NATIVIT.
3065 3597 3361 3675 DOMINI.

2224 3763 2514 3837 SERMO
2557 3765 2882 3838 PRIMUS
2912 3767 2978 3837 ¹².

1909 3903 2165 3971 Positus
2193 3906 2290 3971 cst
2313 3901 2417 3968 hic
2442 3902 2519 3969 in
2549 3902 2813 3969 ruinam
2834 3951 2851 3983 ,
2884 3908 2948 3971 et
2969 3905 3371 3972 111811πο0110-

1829 4028 1973 4079 nem
2005 4010 2344 4078 munorum
2375 4009 2451 4075 in
2477 4008 2896 4090 Hierusalevn,
2929 4010 3086 4077 etin
3112 4012 3369 4093 sianum

1829 4121 1938 4185 cui
1961 4116 2436 4184 contradicetur
2455 4116 2522 4179 ¹⁸.
2552 4113 2867 4190 Quoniam
2891 4117 2960 4180 in
2987 4122 3367 4199 aspectuso-

1829 4226 1910 4290 lis
1926 4223 2290 4303 materialis,
2322 4222 2672 4287 secundum
2698 4221 2909 4287 varias
2932 4223 3370 4307 dispositiones

1831 4332 2219 4398 intuentium
2239 4378 2258 4410 ,
2293 4332 2540 4413 oportet
2582 4328 2739 4393 alios
2766 4331 3152 4397 constristari
3165 4382 3183 4414 ,
3213 4334 3372 4399 alios

1833 4458 1987 4505 vero
2013 4437 2305 4504 delectari
2322 4460 2339 4515 ;
2372 4435 2521 4500 hinc
2540 4436 2821 4520 estquod
2840 4443 3095 4504 sanctus
3111 4438 3369 4507 Simeon

1828 4548 2001 4613 dono
2026 4543 2377 4629 111-0111101100
2418 4542 2771 4608 illustratus
2787 4591 2810 4623 ‚
2842 4543 3063 4610 videns
3091 4548 3371 4613 exterius

1836 4652 2239 4721 sermonibus
2279 4649 2596 4730 honestis,
2625 4650 2934 4734 exemplis
2972 4654 3037 4716 01
3074 4654 3371 4737 operibus

1835 4762 2082 4843 lucidis,
2113 4756 2593 4843 procedentibus
2609 4774 2650 4821 0
2667 4756 2800 4822 8010
2814 4757 3080 4840 justitiae
3100 4759 3367 4843 Christo,

1837 4871 2096 4954 propter
2111 4865 2458 4932 caecitatem
2470 4862 2730 4928 malitiae
2746 4864 2983 4930 multos
2997 4868 3370 4951 perturban-

1838 4978 1974 5053 dos,
2012 4993 2086 5040 ac
2115 4992 2227 5056 per
2251 4973 2377 5038 hoc
2392 4971 2462 5034 in
2480 4969 2907 5054 praecipitium
2934 4972 3138 5056 culpae
3154 4992 3367 5054 ruere,

1840 5082 2001 5148 alios
2030 5099 2186 5147 vero
2222 5077 2678 5158 rectiflcendos,
2708 5078 2873 5143 etad
2898 5078 3117 5144 lumen
3141 5082 3370 5164 gratiae

1839 5210 1863 5246 '¹
1888 5208 1955 5260 lv
1984 5206 2122 5271 Rem,
2143 5215 2196 5268 v,
2224 5207 2301 5256 10.
2331 5227 2395 5239 -
2423 5203 2444 5233 ·
2474 5201 2595 5266 Ita„
2624 5213 2699 5265 ιι,
2727 5204 2778 5254 6.
2802 5229 2864 5241 -
2890 5204 2913 5239 ⁹
2937 5203 3141 5268 naula„
3168 5218 3262 5270 vu,
3291 5211 3371 5262 14.

1838 5304 1902 5317 —
1944 5279 1985 5315 ¹⁰
2010 5277 2191 5338 Marc„
2228 5288 2292 5341 x,
2333 5276 2410 5326 16.
2447 5299 2511 5311 -
2547 5275 2581 5310 ¹¹
2611 5274 2787 5338 Bora„
2814 5275 2868 5326 in
2900 5275 3068 5342 (lant.²
3095 5291 3250 5330 serm·
3277 5293 3371 5347 Π,

1838 5365 1893 5402 0.
1920 5353 1969 5414 6,
1992 5347 2162 5414 quoad
2187 5359 2414 5398 sensum.
2430 5371 2496 5384 —
2520 5344 2563 5381 ¹²
2581 5345 2738 5398 Hunc
2757 5358 2865 5400 non
2884 5345 3177 5402 1100010011.
3208 5350 3369 5408 Paris.

1840 5436 1926 5476 an.
1956 5424 2094 5473 1521.
2124 5444 2184 5456 --
2207 5419 2248 5458 ¹⁸
2273 5418 2410 5482 Luc„
2440 5429 2502 5483 n,
2533 5418 2615 5468 at.
