4059 6317
954 443 1331 512 DOMlNICA
1372 442 1533 510 XXII
1580 442 1778 511 POST
1828 441 2404 511 PENTECOSTEN.
2447 441 2710 508 SERMO
2753 441 2858 510 Π.

303 594 587 661 praesens
615 577 781 660 vita,
809 598 939 664 qua
965 581 1044 646 ad
1092 581 1363 664 patriam
1391 580 1495 648 vel
1521 581 1845 645 infernum

299 685 652 769 pergimus,
700 686 910 752 ,Iudex
950 692 1045 752 est
1072 687 1375 753 Christus,
1431 688 1712 754 Minister
1754 693 1848 753 est

298 792 611 856 diabolus.
660 791 884 857 Carcer
925 800 1021 858 est
1064 794 1351 859 infernus
1391 796 1410 832 ¹
1446 818 1460 859 ε
1505 818 1535 855 11
1563 795 1844 876 Congre-

298 898 630 980 gabuntur
672 899 1295 983 incongregatione
1330 901 1523 966 unius
1567 903 1753 967 fascis
1775 903 1846 967 in

297 1005 535 1087 lacum,
568 1011 633 1072 et
659 1007 1034 1073 claudentur
1078 1010 1170 1073 ibi
1205 1010 1274 1073 in
1300 1028 1572 1075 carcere.
1604 1031 1634 1068 n
1671 1011 1845 1088 Qua-

298 1098 531 1195 drans',
581 1115 728 1181 dicit
774 1115 1030 1194 Glossa,
1081 1123 1234 1183 sunt
1276 1120 1523 1183 minuta
1567 1125 1841 1203 peccata,

287 1229 451 1310 quia
476 1227 640 1292 nihil
665 1230 787 1293 erit
813 1230 1229 1313 impunitum.
1265 1229 1450 1312 Elige
1479 1250 1673 1312 nunc,
1705 1250 1844 1315 pec-

298 1340 492 1414 cator,
513 1336 625 1399 ubi
648 1340 787 1417 post
804 1338 1029 1401 reddas
1048 1337 1355 1417 debitum,
1383 1357 1466 1402 an
1486 1338 1554 1402 in
1576 1338 1839 1418 mund0‚

297 1442 410 1505 ubi
437 1443 655 1507 decem
685 1442 884 1508 millia
910 1444 1149 1509 talenta
1174 1445 1620 1524 dimittuntur,
1662 1463 1748 1508 an
1771 1445 1839 1508 in

296 1549 568 1630 inferno,
601 1550 712 1614 ubi
740 1570 951 1634 neque
992 1570 1165 1617 unus
1210 1554 1532 1636 quadrans
1574 1552 1843 1618 dimitte-

296 1660 424 1719 tur.
457 1655 635 1721 Patet
657 1661 1008 1741 utrumque
1051 1660 1119 1723 in
1156 1678 1344 1724 servo
1386 1678 1668 1745 nequam
1690 1709 1706 1739 ,
1739 1661 1841 1725 cui

295 1765 504 1847 primo
532 1769 742 1830 totum
782 1762 1160 1848 dimittitur;
1192 1773 1410 1852 postea
1450 1788 1636 1849 vero,
1686 1788 1845 1853 quo-

295 1871 472 1935 niam
519 1872 798 1937 nonfuit
833 1876 1232 1939 consentiens
1278 1876 1642 1942 adversario
1687 1895 1837 1955 5110,

294 1981 502 2042 totum
534 1981 615 2044 ab
664 1999 740 2046 eo
776 1982 1064 2063 exigitur
1103 1984 1126 2018 ¹
1168 2004 1183 2046 :
1224 1983 1485 2049 «Iratus
1532 1984 1840 2051 Dominus

295 2085 549 2150 tradidit
600 2106 751 2152 eum
803 2089 1184 2168 tortoribus,
1227 2112 1259 2150 ι)
1296 2090 1359 2155 id
1387 2096 1512 2172 est,
1542 2094 1832 2157 tartareis

297 2192 624 2273 ministris,
663 2194 817 2260 dicit
843 2195 1079 2260 Glossa.

839 2374 1131 2445 SERMO
1174 2377 1270 2448 lv
1278 2431 1294 2445 .

378 2516 575 2599 Cujus
620 2520 716 2585 est
753 2518 1008 2601 imeae,
1064 2525 1126 2587 et
1164 2523 1627 2604 superscriptio
1672 2524 1740 2588 ⁸?
1788 2521 1836 2589 Ο

293 2642 489 2706 quam
519 2624 801 2689 timenda
827 2631 923 2689 est
949 2626 1219 2709 quaestio
1262 2627 1426 2709 haec,
1468 2632 1724 2712 quando
1771 2633 1839 2696 in

285 2731 529 2813 judicio
558 2731 901 2813 diligenter
927 2733 1333 2799 examinatur
1372 2737 1610 2817 anima,
1651 2741 1837 2822 cujus

293 2841 649 2922 imaginem
675 2842 938 2921 habeat,
969 2843 1074 2908 Dei
1096 2892 1115 2923 ,
1146 2862 1232 2908 an
1258 2845 1520 2910 diaboli!
1571 2848 1693 2913 Sed
1736 2853 1838 2914 at·-

295 2948 481 3013 tende
509 2949 680 3031 quod
702 2950 919 3031 imago
956 2950 1065 3015 Dei
1105 2951 1338 3034 triplex
1365 2957 1495 3035 est,
1545 2956 1838 3022 videlicet

295 3056 627 3136 naturaliS,
655 3057 1001 3140 spiritualis
1027 3064 1091 3123 et
1116 3061 1455 3127 aeternalis,

379 3162 462 3226 De
490 3163 702 3245 primo
731 3164 754 3198 ⁸
781 3185 798 3228 :
829 3187 860 3225 α
877 3163 1210 3231 Faciamus
1222 3168 1554 3236 hominem
1574 3173 1654 3236 ad
1673 3173 1836 3237 ima-

296 3269 521 3351 ginem
546 3274 854 3335 nostram.
882 3295 912 3331 n
953 3271 1124 3353 Haec,
1157 3274 1318 3339 sicut
1349 3276 1500 3341 dicit
1526 3277 1839 3361 Augusti-

294 3394 420 3440 nus
442 3368 492 3455 ὓ,
514 3377 873 3442 consistitin
900 3381 1230 3459 memoria,
1252 3384 1498 3450 ratione
1526 3390 1588 3449 et
1614 3387 1838 3451 volun·

293 3488 446 3563 tate,
460 3502 574 3566 per
602 3503 748 3567 quae
765 3486 886 3549 tria
904 3487 1117 3551 anima
1135 3496 1231 3552 est
1246 3488 1465 3571 imago
1483 3489 1830 3560 Trinitatis·

296 3591 369 3655 ln
389 3591 509 3655 hac
530 3593 811 3657 trinitate
822 3599 1011 3677 caput
1035 3601 1129 3660 est
1157 3597 1318 3661 ratio
1344 3620 1359 3661 ε
1380 3598 1504 3663 1100
1517 3602 1834 3682 caputmi-

291 3698 372 3760 sit
405 3696 674 3762 Samson
697 3698 720 3734 ⁶
747 3700 815 3763 in
843 3699 1323 3782 sinum'Dalil‘ae,
1357 3708 1421 3768 et
1449 3707 1719 3788 perdidit
1745 3709 1836 3773 vi-

292 3823 417 3881 reS,
449 3808 511 3868 et
538 3809 888 3870 excaecatus
925 3810 1022 3871 est
1062 3826 1102 3871 a
1148 3807 1487 3876 Philistaeis
1509 3860 1526 3891 ‚
1557 3814 1621 3878 id
1650 3821 1766 3896 est,
1795 3836 1836 3882 a

290 3911 711 3976 daemonibus.
753 3910 953 3977 Dalila
999 3932 1256 3979 carnem
1303 3918 1406 3982 vel
1453 3923 1828 3988 sensualita-

289 4022 421 4083 tem
447 4018 789 4100 significat,
822 4020 899 4083 ad
929 4039 1126 4104 quam
1154 4023 1312 4088 dum
1343 4031 1537 4109 caput
1566 4030 1831 4095 rationis

287 4126 482 4189 nimis
523 4125 902 4205 inclinatur,
935 4145 975 4191 a
1000 4126 1403 4195 daemonibus
1444 4142 1827 4205 excaecatur.

286 4231 452 4297 Huic
484 4233 625 4297 haec
661 4235 966 4298 meretrix
1007 4236 1204 4300 nimis
1254 4238 1634 4322 insidiatur,
1667 4246 1829 4313 sicut

287 4338 593 4404 Herodias
618 4338 641 4373 ⁷
667 4340 853 4423 capiti
888 4340 1153 4407 Joannis
1189 4363 1302 4428 per
1329 4347 1528 4413 filiam
1557 4351 1831 4419 saltatri-

285 4466 450 4527 cem,
480 4448 542 4513 id
571 4451 697 4529 est,
730 4468 844 4531 per
887 4453 1465 4535 concupiscentiam
1505 4458 1832 4531 lascivien-

284 4560 440 4620 tem.
480 4553 715 4619 Venter
753 4555 953 4638 hujus
998 4558 1304 4640 imaginis
1352 4568 1448 4627 est
1492 4569 1825 4650 memoria,

283 4681 438 4745 quae
477 4667 572 4727 est
616 4663 1088 4746 receptaculum
1131 4667 1385 4733 animae.
1431 4668 1723 4738 Psalmus
1756 4676 1826 4742 ⁸:

294 4794 328 4831 α
356 4770 780 4837 conturbatus
825 4772 1020 4835 estin
1061 4774 1158 4837 ira
1200 4779 1315 4840 tua
1350 4781 1573 4846 oculus
1617 4803 1821 4867 mene,

265 4878 501 4942 'anima
528 4896 691 4955 mea,
722 4883 785 4943 et
805 4884 1029 4943 venter
1045 4898 1249 4947 1110115.
1286 4906 1316 4944 ο
1348 4884 1583 4953 Oculus
1606 4898 1701 4955 est
1728 4912 1826 4957 ra·
1923 4898 1931 4906 '

349 5076 368 5110 ¹
397 5076 519 5139 Im„
551 5086 694 5136 xxxv,
730 5077 812 5125 22.
839 5099 901 5113 -
938 5076 958 5105 ²
984 5076 1189 5139 Matth„
1225 5091 1396 5142 xviii„
1415 5087 1496 5138 34.
1523 5112 1588 5125 —
1617 5087 1640 5123 ⁸
1673 5088 1825 5153 ibid„

282 5158 428 5210 xxti,
469 5150 548 5198 20.
575 5174 639 5185 -
677 5149 695 5178 ⁴
731 5147 876 5205 Gen..
911 5157 957 5204 1,
996 5149 1077 5198 26.
1108 5176 1162 5185 --
1199 5152 1221 5186 ⁸
1257 5150 1491 5219 Augustl,
1522 5158 1583 5207 de
1621 5160 1826 5221 Trahit..

281 5216 375 5268 lib.
410 5220 538 5278 xlv,
567 5234 615 5269 c.
644 5231 715 5276 vx,
741 5232 798 5267 n.
827 5219 875 5280 8,
901 5219 954 5268 et
980 5217 1106 5268 alias
1129 5223 1340 5284 passim.
1367 5253 1428 5264 —
1455 5228 1478 5264 ⁰
1501 5229 1687 5291 ludic„
1717 5244 1823 5296 xvi,

281 5303 379 5354 per
400 5293 582 5342 totum.
610 5316 669 5327 —-
698 5292 715 5323 ⁷
741 5291 919 5350 Mam„
954 5300 1034 5352 vi,
1066 5292 1148 5341 25.
1175 5319 1238 5332 -—
1265 5297 1284 5326 ⁸
1315 5299 1462 5349 Psal.
1490 5313 1596 5353 xxx
1615 5340 1627 5359 .
1658 5305 1734 5353 10.
1764 5330 1827 5341 -

283 5362 305 5392 ⁹
330 5360 471 5427 laic„
498 5372 577 5424 xl,
602 5364 682 5412 27.
705 5387 769 5398 -
804 5360 842 5396 ¹⁰
867 5361 1100 5425 August„
1127 5362 1188 5413 de
1215 5365 1336 5419 Gen.
1367 5371 1437 5421 ad
1460 5371 1587 5432 liet„
1616 5373 1705 5424 lib.
1740 5375 1826 5439 tx,

286 5446 334 5483 0.
369 5443 479 5496 xiv,
516 5446 569 5485 n.
608 5435 667 5484 25
701 5447 716 5483 2
749 5448 778 5481 α
804 5433 910 5483 Nec
939 5429 994 5480 in
1026 5436 1279 5495 potestate
1309 5439 1456 5493 ullius
1491 5444 1681 5495 animae
1717 5451 1824 5507 est,

3380 449 3497 511 477

1957 579 2081 659 tio;
2112 579 2329 645 anima
2343 628 2364 659 ,
2391 579 2726 657 voluntas3
2758 577 2987 642 venter
3000 625 3019 655 ,
3057 579 3393 645 memoria.
3425 580 3497 647 In

1955 689 2077 753 hoc
2104 694 2356 767 ventre,
2392 706 2521 751 non
2551 692 2906 770 serpenteS,
2937 705 3071 752 non
3110 707 3366 754 vermes
3390 690 3497 755 vi·-

1954 797 2218 872 tiorum,
2250 795 2358 860 sed
2389 795 2729 860 Dominum
2750 798 3078 877 portemus
3100 800 3125 836 ⁹
3157 817 3172 860 :
3213 818 3244 857 α
3270 795 3499 862 Beatus

1955 906 2208 978 venter,
2239 924 2269 961 1>
2304 905 2424 966 etc.
2462 900 2578 966 Pes
2605 902 2803 984 hujus
2831 902 3135 983 imaginis
3154 907 3249 967 est
3274 903 3499 968 volun-

1953 1011 2052 1072 tas
2099 1010 2499 1073 consentiens
2524 1058 2543 1089 ,
2591 1008 2696 1075 vel
2738 1009 3140 1074 dissentiens,
3181 1010 3495 1092 Augusti-

1954 1135 2079 1180 nus
2102 1116 2187 1180 ¹⁰:
2227 1139 2258 1177 a
2287 1114 2490 1181 Nemo
2516 1117 2585 1181 in
2615 1120 2917 1199 potestate
2944 1117 3139 1181 habet
3164 1118 3321 1201 quid
3340 1119 3400 1182 ei
3427 1118 3497 1182 in

1954 1231 2166 1290 mente
2193 1226 2429 1291 veniat.
2450 1248 2481 1286 n
2513 1225 2635 1291 Sed
2654 1226 2732 1309 (a)
2761 1226 2935 1309 quod
2961 1226 3251 1309 Angelus
3266 1229 3309 1265 ¹¹
3336 1251 3369 1289 α
3387 1246 3497 1310 po-

1953 1334 2082 1398 suit
2106 1354 2313 1399 unum
2348 1334 2419 1417 (b)
2455 1335 2679 1418 pedem
2701 1353 2895 1418 super
2915 1353 3114 1413 mare,
3130 1334 3401 1399 alterum
3421 1334 3491 1418 (c)

1951 1446 2405 1525 superterram
2436 1465 2450 1506 ε
2483 1464 2512 1501 11
2547 1442 2671 1525 per‘
2689 1461 2886 1521 mare,
2914 1443 2983 1506 in
3007 1461 3137 1525 quo
3159 1445 3335 1525 porci
3350 1444 3495 1508 sub-

1952 1553 2362 1631 merguntur,
2396 1549 2559 1613 sicut
2582 1549 2812 1613 dicitur
2834 1550 2902 1626 ¹¹,
2935 1549 3104 1613 mala
3131 1548 3263 1613 vita
3285 1549 3491 1631 signi-

1949 1657 2209 1735 ficatur;
2243 1674 2357 1739 per
2394 1659 2630 1720 terram
2654 1704 2671 1732 ‚
2721 1673 2869 1738 quae
2914 1656 3193 1719 fructum
3229 1656 3488 1738 profert,

1950 1764 2119 1828 bona
2146 1762 2301 1827 vita.
2345 1762 2463 1827 Pes
2497 1761 2832 1827 irascibilis
2880 1779 3075 1845 super
3111 1779 3286 1827 mare
3323 1763 3492 1827 mitti

1950 1870 2169 1949 debet;
2225 1888 2336 1954 pes
2380 1869 2916 1952 concupiscibilia,
2962 1888 3159 1952 super
3207 1873 3487 1950 terram,

1950 1983 2027 2043 ut
2085 1979 2260 2042 vitiis
2317 1980 2705 2060 irascamur,
2764 1980 3035 2044 virtutes
3086 1980 3490 2063 concupisca-

1949 2106 2121 2153 111115.

2031 2196 2118 2261 De
2146 2195 2424 2260 secundo
2451 2195 2495 2232 ¹⁸
2525 2218 2541 2259 :
2579 2219 2609 2257 a
2635 2195 2813 2261 Sicut
2842 2196 3238 2279 portavimus
3263 2196 3492 2277 imagi-

1948 2323 2101 2369 nem
2127 2303 2388 2381 terreni,
2411 2305 2501 2367 sic
2530 2307 2855 2385 portemus
2884 2304 3238 2385 imaginem
3268 2304 3487 2369 010105-

1947 2414 2052 2477 tis,
2092 2433 2123 2471 n
2176 2410 2338 2476 Nota
2382 2410 2553 2495 quod
2588 2428 2862 2475 caesarea
2894 2414 2958 2474 et
2999 2410 3234 2492 regalis
3270 2410 3490 2493 imago

1950 2520 2153 2585 tribus
2183 2520 2541 2603 perficitur,
2570 2519 2805 2584 scilicet
2831 2521 3068 2602 figura,
3098 2520 3339 2599 colore,
3379 2538 3486 2585 or-

1947 2631 2108 2692 natu
2154 2625 2380 2709 regali.
2428 2624 2671 2707 Figura
2716 2627 2990 2708 pertinet
3027 2626 3108 2691 ad
3133 2626 3489 2708 imaginem

1947 2733 2348 2812 naturalem,
2381 2732 2458 2797 de
2494 2751 2624 2816 qua
2645 2734 2779 2814 jam
2808 2732 3050 2798 dictum
3078 2738 3210 2812 est3
3240 2734 3488 2799 colora·-

1945 2843 2067 2924 tio,
2126 2843 2207 2907 ad
2252 2842 2691 2925 spiritualem;
2744 2840 3027 2923 insignia
3078 2843 3357 2924 regalia,
3406 2842 3487 2907 ad

1948 2949 2339 3015 aeternalem.
2387 2948 2730 3014 Videamus
2766 2948 3039 3012 colorem
3066 2949 3242 3030 regis
3264 2949 3484 3014 0111105-

1945 3058 2051 3136 tis,
2082 3060 2269 3140 cujus
2290 3056 2644 3139 imaginem
2673 3058 2925 3139 portare
2941 3055 3319 3121 debemus·¹¹⁸
3340 3079 3371 3118 0
3394 3054 3487 3120 Di-

1945 3165 2146 3229 lectus
2172 3182 2357 3229 meus
2378 3164 2681 3228 candidus
2705 3167 2769 3228 et
2796 3163 3212 3241 rubicundus,
3244 3163 3482 3229 electus

1946 3290 2028 3335 ex
2072 3272 2376 3336 millibus.
2427 3271 2626 3354 Caput
2666 3273 2808 3353 ejus
2850 3289 3085 3335 aurum
3111 3273 3426 3354 optimum
3460 3294 3477 3336 z

1946 3396 2150 3444 comae
2197 3381 2341 3462 ejus
2386 3380 2550 3444 sicut
2602 3379 2785 3444 elatae
2831 3378 3227 3461 palmarum,
3276 3380 3485 3461 nigrae

1945 3487 2130 3569 quasi
2170 3504 2424 3551 corvus,
2456 3507 2487 3546 n
2541 3484 2906 3551 Secundum
2953 3486 3129 3551 hunc
3172 3486 3485 3569 triplicem

1944 3595 2221 3659 colorem
2250 3594 2436 3658 debet
2458 3593 2676 3676 imago
2707 3593 3054 3658 christiana
3074 3593 3317 3658 Christo
3339 3611 3485 3658 con-

1943 3702 2231 3767 formari.
2279 3701 2638 3766 Bernardus
2685 3702 2729 3737 ¹⁸
2780 3721 2796 3765 ε
2862 3723 2893 3762 a
2927 3701 3025 3765 Ad
3069 3701 3489 3766 humanitatis

1944 3812 2086 3893 eJus
2131 3811 2491 3891 imaginem
2534 3813 2780 3891 oportet
2834 3828 2951 3873 nos
2995 3808 3399 3873 conformari.
3447 3830 3478 3870 n

1945 3917 2261 3983 Debemus
2289 3935 2451 4000 ergo
2478 3916 2557 3980 ad
2602 3915 3022 3980 imitationem
3070 3914 3297 3980 Christi
3337 3933 3490 3979 can-

1943 4024 2075 4089 didi
2129 4042 2266 4090 esse
2313 4041 2428 4108 per
2482 4022 2823 4107 puritatem
2871 4022 2940 4085 in
2982 4021 3482 4099 conversatione,

1942 4132 2287 4197 rubicundi
2324 4136 2541 4196 antem
2577 4148 2690 4214 per
2721 4130 3090 4195 charitatem
3115 4179 3132 4210 ‚
3175 4129 3400 4206 etiam,
3432 4131 3486 4194 si

1941 4257 2193 4304 necesse
2231 4239 2450 4318 fuerit,
2507 4238 2576 4302 in
2630 4235 2966 4319 sanguinis
3008 4233 3343 4299 effusione.
3397 4233 3484 4300 De
3537 4250 3545 4259 ·

1942 4352 2219 4430 utroque
2246 4347 2455 4411 colore
2480 4344 2713 4409 dicitur
2740 4343 2785 4380 ²⁸
2815 4365 2830 4407 ε
2883 4366 2914 4403 11
2942 4337 3344 4408 candidiores
3367 4340 3483 4408 Na·

1941 4457 2131 4521 zaraei
2157 4458 2319 4536 ejus.
2349 4476 2379 4513 n
2420 4452 2578 4517 Item
2620 4451 2800 4533 nigri
2846 4451 3151 4516 debemus
3194 4467 3332 4514 esse
3370 4469 3484 4534 per

1939 4563 2390 4641 humilitatem,
2408 4578 2659 4644 semper
2680 4560 3101 4641 nosmetipsos
3120 4558 3483 4623 vilificando

1939 4681 2003 4736 et
2026 4669 2444 4753 despiciendo.
2476 4666 2583 4732 Sic
2610 4668 2807 4744 enim,
2831 4671 3151 4749 quantum
3169 4666 3339 4749 apud
3365 4682 3483 4729 nos

1939 4779 2143 4843 simus
2168 4777 2369 4859 nigri,
2402 4782 2649 4843 tantum
2680 4775 2851 4859 apud
2884 4774 3085 4840 Deum
3118 4774 3483 4840 5111105101·-

1938 4937 2054 4989 quoe
2082 4922 2153 4973 ini
2182 4921 2288 4971 visa
2308 4921 2580 4971 veniant.»
2599 4947 2661 4957 —
2687 4920 2727 4955 ¹¹
2759 4920 2930 4984 Apoc„
2960 4931 3015 4983 x,
3043 4922 3091 4970 2.
3119 4946 3182 4957 -
3211 4918 3254 4953 ¹¹
3278 4916 3480 4987 Mutela,

1942 5007 2053 5059 vm,
2080 4996 2159 5044 32.
2182 5019 2243 5030 -
2277 4993 2312 5027 '³
2346 4995 2361 5042 l
2396 4992 2537 5051 Corn,
2561 5004 2645 5055 xv,
2674 4997 2752 5042 49.
2775 5017 2839 5030 --
2870 4991 2914 5028 ¹⁸
2941 4991 3113 5054 Cant„
3138 5005 3191 5054 v,
3221 4992 3480 5040 1041.-

1941 5069 1980 5103 ¹⁸
2003 5066 2248 5117 Bernard.
2272 5091 2332 5103 —
2360 5066 2404 5100 ¹⁶
2432 5065 2631 5128 Thr-en„
2665 5076 2738 5127 1v,
2768 5067 2819 5115 7.

2003 5157 2070 5222 (τι)
2106 5154 2308 5205 Videtur
2327 5168 2498 5205 sensus
2515 5154 2872 5218 propositionis
2898 5153 2987 5202 hoc
3014 5153 3117 5202 loco
3144 5154 3474 5217 interruptus,

1938 5230 2011 5279 ila
2041 5231 2097 5279 ut
2132 5224 2413 5292 conjunctio
2446 5227 2537 5276 sed
2572 5225 2820 5290 pertineat
2855 5225 2924 5273 ad
2954 5228 3146 5274 textum
3178 5225 3446 5289 Augustini
3463 5264 3478 5286 ‚

1937 5315 2082 5367 quem
2097 5301 2239 5363 sequi
2257 5296 2502 5347 debuisset
2515 5299 2637 5356 etc.,
2656 5297 2744 5344 hoc
2768 5295 2915 5345 modo
2928 5310 2947 5347 .·
2966 5297 3077 5359 sed,
3109 5300 3230 5360 etc.,
3250 5295 3439 5346 scilicet
3458 5312 3479 5348 .-

1936 5372 2028 5421 sed
2055 5368 2345 5421 consentire
2371 5367 2518 5429 visis,
2546 5365 2630 5416 vel
2655 5365 2950 5430 dissentire,
2982 5366 3260 5416 voluntatis
3286 5370 3382 5419 est.
3419 5392 3483 5406 —

1938 5470 2001 5481 —
2031 5441 2096 5506 (ὁ)
2135 5439 2283 5504 Vulq.
2314 5440 2568 5490 dextrum.
2596 5464 2659 5511 ft-
2689 5437 2749 5501 (c)
2781 5438 2901 5487 Item
2929 5437 3208 5490 sinistrum.
