4059 6317
837 547 958 609 468

836 680 1053 758 tismo,
1084 675 1190 741 vel
1241 675 1310 740 in
1358 675 1691 757 martyrio.
1738 698 1770 735 n
1823 681 1842 717 ¹
1903 697 1935 736 α
1974 676 2264 759 Suscepit
2305 676 2383 741 de

835 804 1031 851 manu
1055 784 1302 850 Domini
1315 784 1614 866 duplicia,
1629 806 1661 843 ι
1683 783 1920 849 scilicet
1935 783 2245 866 supplicia
2266 802 2383 866 pro

834 895 1141 958 omnibus
1165 892 1469 975 peccatiS,
1513 914 1544 951 n
1595 892 1831 956 scilicet
1870 893 1948 955 de
1993 891 2368 957 Jerusalem.

832 1000 1188 1067 Jerusalem
1212 1004 1432 1064 autem
1461 999 1804 1064 Ecclesiam
1831 1001 2065 1080 signat,
2094 1018 2239 1081 quae
2268 1018 2381 1080 pro

833 1110 1104 1191 peccatis
1130 1108 1441 1191 supplicia
1467 1109 1767 1190 suscepit,
1798 1108 2056 1191 quando
2086 1108 2153 1170 in
2186 1126 2385 1170 mem-

833 1215 971 1280 bris
1001 1219 1174 1299 ejuS,
1223 1218 1285 1280 et
1325 1216 1398 1279 in
1445 1216 1682 1280 mundo
1702 1263 1723 1294 ,
1770 1220 1834 1279 et
1874 1215 1943 1279 in
1998 1215 2380 1298 purgatorio

837 1322 1004 1387 Deus
1032 1323 1234 1404 ipsam
1259 1322 1512 1403 affligit.
1553 1322 1650 1387 Ex
1677 1322 1996 1405 praedictis
2023 1340 2182 1403 ergo
2206 1308 2382 1404 pa'tet

836 1429 1008 1514 qnod
1034 1429 1388 1512 specialiter
1410 1430 1479 1493 in
1505 1430 1736 1513 triplici
1756 1430 2189 1507 tribulatione,
2208 1430 2382 1493 vide-

834 1535 982 1600 licet
993 1554 1106 1619 per
1123 1537 1422 1618 spiritum
1444 1538 1814 1617 contritum,
1835 1556 1946 1621 per
1967 1538 2376 1621 martyrium,

833 1659 953 1724 per
978 1641 1429 1724 purgatorium
1460 1640 1804 1705 dimittitur
1840 1647 2056 1706 reatus
2093 1645 2378 1725 peccato-

835 1767 1010 1814 rum.

1355 1918 1786 1989 SERMOIV
1818 1933 1864 1986 ².

916 2074 1102 2139 Serve
1130 2088 1426 2157 nequam,
1457 2088 1637 2138 omne
1665 2071 1949 2139 debitum
1961 2071 2196 2138 dimisi
2224 2072 2373 2145 tibi,

837 2182 1148 2264 quoniam
1174 2181 1420 2262 roqasti
1455 2197 1552 2244 me
1582 2184 1626 2242 ⁸.
1657 2179 1973 2255 Quoniam
2004 2180 2379 2261 malignita-

838 2289 922 2352 tis
941 2294 1037 2353 est
1063 2288 1381 2369 denegare
1408 2286 1612 2365 alteri,
1642 2287 1812 2369 quod
1850 2287 1971 2351 sibi
2009 2289 2167 2370 petit
2193 2288 2379 2352 exhi·-

839 2395 1008 2473 beri;
1039 2396 1194 2459 hinc
1229 2397 1325 2457 est
1367 2393 1538 2476 quod
1587 2393 1896 2457 Dominus
1939 2400 2153 2458 noster
2186 2395 2381 2458 istum

840 2521 1102 2567 servum
1130 2501 1452 2566 nolentem
1479 2501 1580 2564 sui
1608 2500 1900 2566 conservi
1930 2502 2239 2581 misereri,
2267 2503 2381 2586 qui

839 2610 921 2674 ad
945 2628 1128 2673 suam
1157 2608 1528 2692 petitionem
1555 2609 1792 2672 meruit
1814 2608 2003 2671 totius
2020 2608 2211 2672 debiti
2232 2628 2380 2671 con-

839 2716 1270 2795 donationem,
1302 2715 1462 2779 dure
1477 2715 1884 2797 reprehendit
1903 2734 2052 2779 eum
2082 2716 2153 2778 in
2179 2716 2375 2780 verbo

836 2823 1160 2907 proposito
1181 2848 1210 2899 ,·
1242 2841 1390 2886 cum
1431 2822 1582 2886 dicit
1620 2843 1636 2886 τ
1691 2822 1872 2888 Serve
1910 2839 2187 2904 nequam
2209 2872 2225 2899 ,
2257 2832 2375 2888 etc.

839 2929 956 2994 Ubi
984 2931 1249 2994 discrete
1293 2929 1595 3011 procedit.
1635 2927 1798 2994 Nam
1838 2930 2048 3012 primo
2094 2930 2380 3013 increpat

836 3038 1174 3101 excitatam
1222 3036 1573 3118 nequitiam
1615 3035 1920 3116 malignae
1955 3037 2369 3117 operationis;

836 3144 1114 3209 secundo
1154 3144 1426 3226 explicat
1472 3142 1823 3206 exhibitam
1871 3143 2375 3208 misericordiam

835 3252 1069 3316 divinae
1097 3249 1592 3334 propitiationis3
1623 3250 1809 3313 tertio
1833 3249 2068 3314 iudicat
2095 3251 2375 3316 debitam

831 3359 1301 3440 indulgentiam
1319 3357 1544 3421 alienae
1564 3356 1952 3421 offensionis.
1979 3358 2197 3422 Primo
2211 3378 2375 3441 ergo

834 3466 1117 3530 cavenda
1140 3467 1236 3529 est
1267 3464 1648 3546 perpetratio
1684 3462 1930 3542 delicti,
1961 3465 2117 3547 quia
2155 3484 2372 3547 repre-

831 3576 1155 3653 henditur,
1175 3592 1324 3639 cum
1344 3573 1528 3637 dicit:
1556 3572 1737 3638 Serve
1756 3589 2055 3665 nequam.
2081 3574 2374 3639 Secundo

833 3684 1101 3767 petenda
1126 3685 1221 3747 est
1259 3680 1565 3745 relaxatio
1608 3679 1840 3759 debiti,
1888 3681 2043 3762 quia
2088 3682 2375 3774 concedi-

830 3794 959 3870 tur,
988 3809 1137 3855 cum
1164 3788 1418 3853 subdit:
1446 3787 1639 3853 Omne
1667 3787 1952 3853 debitum
1967 3787 2200 3855 dimisi
2225 3788 2369 3871 tibi,

830 3898 1136 3981 quoniam
1165 3897 1411 3978 rogasti
1453 3911 1570 3961 me.
1613 3894 1824 3960 Tertio
1869 3898 2249 3962 remittenda
2278 3903 2374 3963 est

830 4006 1094 4070 offensio
1121 4005 1398 4088 proximi
1431 4023 1451 4068 ι
1481 4004 1656 4088 quod
1681 4005 1934 4085 dicitur,
1965 4024 2116 4071 cum
2144 4007 2366 4072 subin-

830 4114 1030 4179 fertur
1058 4135 1073 4178 :
1107 4113 1328 4181 Nonne
1358 4118 1418 4181 te
1446 4114 1731 4196 oportuit
1757 4114 2054 4180 misereri
2079 4119 2372 4183 conservi

831 4222 952 4301 tui,
981 4222 1240 4307 sicutet
1263 4236 1372 4303 eqo
1401 4222 1505 4288 tui
1537 4221 1838 4287 misertus
1866 4223 2056 4287 eum?

902 4328 1118 4394 Primo
1149 4328 1357 4409 igitur
1378 4330 1449 4392 in
1486 4330 1682 4394 verbo
1718 4329 2041 4412 proposito
2088 4330 2372 4414 increpat

829 4440 1253 4519 perpetratam
1296 4436 1648 4518 nequitiam
1697 4437 2004 4517 malignae
2055 4438 2365 4519 operatio-

825 4544 949 4623 niS,
978 4548 1044 4608 et
1066 4543 1190 4608 boc
1217 4544 1287 4607 in
1313 4543 1495 4627 proxi
1507 4543 1590 4606 mi
1616 4543 2049 4624 suffocatione,
2088 4563 2237 4609 cum
2270 4547 2368 4609 di-

826 4651 912 4714 cit
949 4672 965 4713 2
1019 4650 1204 4718 Serve
1244 4667 1537 4733 nequam.
1590 4649 1863 4716 Incurrit
1899 4651 2132 4734 aliquis
2178 4654 2365 4717 istam

824 4758 1208 4840 nequitiam,
1270 4762 1529 4840 propter
1575 4777 1770 4841 quam
1811 4759 2195 4842 increpatur,
2248 4761 2368 4824 tri-

825 4865 970 4949 plici
1020 4865 1098 4931 de
1151 4884 1346 4930 causa
1401 4883 1418 4925 :
1477 4865 1687 4948 primo
1739 4871 1996 4949 propter
2053 4868 2363 4934 malitiam

824 4990 1044 5056 pravae
1067 4971 1474 5055 cogitationis
1501 4973 1569 5034 in
1612 4972 1839 5051 corde3
1871 4975 2148 5040 secundo
2176 4995 2365 5060 prop-

822 5085 923 5146 ter
949 5080 1440 5146 fraudulentiam
1495 5081 1869 5163 deceptoriae
1895 5081 2233 5148 locutionis
2288 5086 2359 5149 in

823 5207 934 5253 ore
954 5210 972 5267 ;
996 5190 1184 5255 tertio
1211 5194 1468 5272 propter
1493 5189 1807 5255 saevitiam
1827 5189 2052 5256 alienae
2070 5192 2364 5258 offensio-

825 5296 927 5360 nis
953 5296 1024 5359 in
1050 5314 1261 5380 opere.

892 5457 907 5490 ¹
947 5459 1197 5519 lea-411„
1240 5460 1288 5508 2.
1333 5483 1385 5493 —
1431 5458 1456 5493 ¹
1499 5458 1648 5508 Hunc
1689 5471 1798 5509 non
1839 5458 1995 5510 habet
2034 5460 2157 5512 edit.
2200 5461 2363 5515 Paris.

824 5544 909 5582 an.
943 5531 1086 5580 1521.
1111 5554 1174 5569 -
1200 5529 1219 5560 ⁸
1245 5529 1453 5591 Matrix„
1481 5540 1644 5593 xvm,
1672 5532 1752 5582 32.
1793 5557 1848 5568 —
1892 5532 1911 5563 ⁴
1941 5533 2120 5593 Eccli„
2159 5545 2252 5597 111,
2279 5536 2360 5588 29.

1937 538 2357 606 SERMONES
2404 540 2503 607 DE
2540 541 2939 608 TEMPORE.

2575 678 2796 744 Primo
2820 678 3053 744 dicitur
3074 674 3308 759 aliquis
3334 692 3633 759 nequam,
3662 684 3717 744 et
3732 680 3917 764 ina-epa.

2494 790 2603 851 tur
2659 792 2921 870 propter
2973 784 3285 849 malitiam
3337 801 3562 867 pravae
3612 788 3917 868 cogitationis.

2496 890 2674 956 Unde
2706 910 2858 956 vere
2902 895 3052 954 tunc
3072 900 3094 930 ⁶
3130 907 3290 952 «cor
3316 908 3595 973 nequam
3608 895 3920 973 gravaturdo

2491 996 2774 1078 loribus,
2809 1020 2841 1057 n
2879 997 3263 1080 quandoque
3304 999 3697 1079 cogitationis
3722 1001 3921 1083 maligni·

2492 1107 2642 1179 tate,
2669 1104 2895 1187 judieii
2928 1104 3197 1168 salsitate
3220 1152 3239 1183 ‚
3281 1110 3343 1168 et
3369 1106 3777 1188 suspicationis
3796 1112 3921 1170 tenne-

2493 1211 2701 1289 ritate,
2732 1230 2884 1274 cum
2918 1216 3176 1294 propter
3216 1210 3493 1276 livorem
3532 1213 3761 1277 invidiae
3789 1220 3921 1276 conla-

2492 1319 2722 1397 bescit,
2784 1319 3136 1400 affligitur,
3190 1323 3253 1382 et
3302 1320 3597 1384 tristatur
3636 1322 3707 1384 de
3744 1321 3919 1403 proximi

2494 1426 2933 1508 prosperitate.
2968 1426 3048 1491 Et
3074 1431 3331 1510 propter
3370 1428 3501 1491 boc
3540 1427 3760 1492 dicebat
3794 1427 3921 1491 Domi-

2491 1550 2617 1596 nus
2641 1533 2663 1567 ⁸
2696 1556 2732 1601 z.
2750 1556 2781 1593 α
2806 1533 2908 1597 Ab
2937 1534 3113 1597 intus
3140 1533 3215 1598 de
3242 1534 3433 1597 corde
3452 1534 3767 1598 hominum
3786 1552 3920 1617 prooe·

2490 1640 2651 1705 dunt
2678 1641 3100 1721 cogitationes
3128 1641 3336 1719 malae,
3366 1641 3487 1720 ira,
3512 1642 3792 1723 nequitia,
3808 1641 3920 1704 eido

2491 1746 2617 1813 lus.
2646 1769 2677 1808 n
2714 1747 2792 1813 Et
2838 1748 2919 1813 de
2947 1749 3069 1813 hoc
3111 1749 3400 1813 similiter
3440 1754 3647 1831 potest
3686 1748 3862 1831 exponi
3884 1747 3921 1808 il·

2491 1856 2605 1921 lud
2630 1857 2654 1893 ⁸
2687 1879 2756 1917 :a
2782 1856 2852 1921 Si
2870 1856 3095 1922 oculus
3120 1863 3270 1921 tuus
3294 1858 3491 1921 fuerit
3505 1876 3783 1941 nequam,
3805 1860 3923 1919 totum
4004 1914 4005 1927 ἶ

2493 1982 2725 2047 corpus
2782 1970 2971 2029 tuum
3020 1964 3432 2029 tenebrosum
3481 1967 3623 2029 erit.
3674 1987 3701 2025 ι
3756 1961 3925 2028 Nomine
4004 1974 4005 2019 1

2492 2071 2659 2134 oculi
2689 2070 3000 2154 accipitur
3024 2070 3132 2135 bic
3159 2070 3427 2135 intentio
3465 2071 3820 2148 voluntatis,
3845 2084 3927 2149 qus
4004 2064 4005 2067 ’

2492 2178 2547 2241 si
2574 2196 2852 2261 nequam
2877 2179 3089 2257 fuerit,
3121 2179 3185 2242 id
3212 2182 3343 2257 est,
3387 2183 3714 2262 corrupta,
3758 2178 3849 2242 hoc
3874 2180 3926 2237 to
4004 2248 4005 2255 ἵ

2489 2288 2655 2365 tum,
2679 2286 2848 2368 qnod
2868 2285 3149 2368 procedit
3172 2286 3340 2364 inde,
3363 2286 3665 2350 vitiatum
3690 2291 3770 2350 est
3788 2290 3834 2348 et
3850 2299 3928 2345 ma·
4004 2346 4005 2379 ἢ

2490 2391 2651 2471 lum,
2683 2393 2847 2457 sicut
2878 2394 3039 2457 rami
3082 2396 3147 2456 et
3179 2393 3426 2456 fructus
3455 2393 3612 2458 mali
3640 2392 3928 2476 judicantur,
4004 2384 4005 2389 ’

2492 2499 2605 2580 qui
2635 2500 2987 2581 procedunt
3011 2517 3095 2563 ex
3123 2499 3335 2564 radice
3363 2501 3607 2564 vitiata.
4004 2548 4005 2561 ,

2573 2603 2864 2669 Secundo
2902 2605 3269 2688 increpatur
3304 2608 3453 2690 quis
3470 2656 3497 2689 ,
3546 2613 3611 2673 et
3642 2608 3835 2671 dicitur
3869 2622 3931 2667 ne·
4004 2584 4005 2631 ³

2491 2731 2687 2794 quam
2727 2713 3067 2795 aliquando
3119 2719 3378 2797 propter
3411 2711 3935 2781 fraudulentiam&

2488 2821 2786 2904 ceptoriae
2809 2822 3145 2886 locutionis
3168 2823 3233 2886 in
3255 2841 3389 2888 ore.
3414 2823 3599 2890 Unde
3616 2825 3681 2888 in
3699 2822 3931 2888 Psalmoi:
4004 2858 4005 2911 ς

2496 2951 2528 2989 α
2576 2927 3025 2994 Firmaverunt
3097 2931 3217 2995 sibi
3292 2950 3659 2998 sermonem
3724 2944 3931 3013 nequam·
4002 2922 4005 3007 ζ

2489 3034 2797 3100 Dixerunt
2820 3042 2894 3101 ut
2918 3035 3375 3103 absconderent
3402 3038 3688 3122 laqueos.
3720 3060 3747 3098 ι
3768 3040 3933 3103 fem

2485 3151 2714 3208 verunt
2738 3143 2871 3210 sibi
2914 3160 3261 3211 sermonem
3301 3162 3585 3229 nequam
3631 3166 3736 3231 per
3770 3145 3930 3209 detrac-

2482 3250 2674 3313 tionis
2708 3254 2773 3317 et
2822 3251 3253 3316 infamationis
3293 3256 3780 3319 assuetudinem.
3823 3247 3933 3313 Unde

2484 3356 2683 3439 aliqui
2728 3362 2979 3422 tantum
3036 3364 3408 3423 assuescunt
3454 3362 3740 3443 quotidie
3773 3360 3932 3423 deme·

2482 3463 2638 3527 tioni
2663 3470 2727 3528 et
2755 3464 3153 3529 infamationi
3172 3516 3189 3545 ‚
3233 3471 3296 3530 et
3321 3467 3410 3530 ita
3436 3467 3703 3533 firmant
3736 3461 3932 3552 proposi·

2481 3574 2619 3634 tum
2646 3570 2713 3635 in
2738 3572 2854 3648 εἰς,
2886 3577 2959 3636 ut
2988 3573 3221 3638 vitium
3261 3580 3558 3639 vertatur
3596 3577 3663 3639 in
3701 3580 3931 3638 naturam.
4004 3656 4005 3659 Ἴ

2479 3678 2811 3744 Dixerzmt
2836 3698 2950 3761 per
2989 3685 3234 3745 mutuae
3264 3680 3620 3747 voluntatis
3655 3679 3933 3746 insinuatio
4004 3674 4005 3711 ¹

2480 3804 2663 3865 nem,
2708 3791 2779 3851 ut
2826 3786 3282 3853 absconderent
3336 3786 3640 3873 laqueos,
3694 3786 3839 3871 quod
3872 3784 3933 3855 fit,

2479 3893 2736 3975 quando
2763 3892 2921 3958 alios
2967 3895 3090 3958 sub
3137 3893 3547 3962 simulatione
3581 3897 3694 3962 zeli
3725 3890 3933 3978 Jusfitiae.
4004 3926 4005 3969 χ

2475 4005 2540 4066 et
2566 4002 2796 4084 spiritu
2826 4003 3175 4067 sanctitatis
3223 4005 3408 4084 vitae,
3451 4012 3713 4089 propter
3751 4000 3934 4067 fmndu·

2476 4107 2736 4173 lentiam
2763 4114 2826 4174 et
2849 4110 3070 4175 dolum
3099 4110 3444 4191 infamant,
3476 4112 3720 4179 laedunt
3746 4116 3799 4177 et
3818 4110 3934 4174 dam·
4004 4160 4005 4163 η

2476 4217 2760 4283 nificant.
2794 4218 2870 4282 Et
2898 4218 3053 4301 quia
3075 4219 3441 4284 innocentes
3472 4222 3822 4306 frequenter
3842 4214 3937 4279 inci-
4004 4214 4005 4219 ’

2473 4327 2637 4392 dunt
2662 4330 2729 4392 in
2757 4329 2911 4393 istos
2938 4328 3226 4414 laqueOS,
3254 4331 3396 4397 ideo
3425 4330 3665 4397 dicitnr
3688 4333 3710 4368 ⁸
3738 4354 3754 4397 ε
3789 4354 3814 4389 ι
3835 4326 3933 4391 Bea-
4004 4370 4005 4379 κ

2474 4439 2580 4499 tus
2616 4437 2728 4519 qui
2769 4442 2974 4502 tectus
3018 4438 3099 4519 (a)
3151 4443 3246 4502 est
3282 4456 3322 4501 a
3362 4437 3596 4521 lingua
3642 4450 3934 4524 nequam·
4004 4462 4005 4467 ¹

2474 4543 2598 4609 Sed
2624 4548 2792 4609 certe
2821 4545 3125 4609 horribile
3143 4549 3339 4623 est,et
3357 4548 3536 4610 omni
3553 4544 3937 4613 abominatione
4004 4532 4005 4535 ’

2473 4653 2750 4735 dignum
2769 4701 2790 4733 ,
2820 4653 2996 4737 quod
3028 4654 3132 4717 isti
3160 4653 3550 4719 detractores
3590 4662 3655 4721 et
3694 4653 3939 4721 infamato

2474 4780 2576 4826 res
2596 4811 2615 4838 ,
2672 4762 2785 4845 qui
2842 4762 3054 4825 sciunt
3102 4762 3485 4827 abscondere
3541 4763 3698 4828 istos
3752 4761 3939 4842 laque&

2469 4868 2916 4935 fraudulentiae
2957 4874 3021 4933 et
3060 4868 3187 4935 doli
3209 4918 3226 4950 ‚
3277 4872 3352 4934 ut
3387 4869 3544 4934 alios
3570 4874 3882 4941 venentur,
3900 4864 3938 4921 ei

2473 4977 2725 5058 capiant
2751 4977 3045 5060 nequiter
3089 4995 3205 5060 per
3242 4977 3433 5041 famae
3482 4964 3938 5059 denigrationem,

2473 5102 2758 5166 personae
2785 5085 3117 5150 laesionem
3142 5133 3160 5165 ,
3206 5089 3269 5148 et
3299 5102 3519 5148 rerum
3570 5075 3944 5148 damnificati«)-

2471 5208 2620 5254 nem
2639 5239 2660 5270 ,
2692 5196 2842 5256 sunt
2865 5191 3291 5256 communiter
3327 5192 3398 5256 in
3432 5191 3713 5255 amicitia
3736 5198 3938 5267 magna·

2472 5390 2528 5402 —
2557 5363 2580 5400 ⁸
2602 5363 2803 5425 Marta„
2831 5374 2919 5426 xv,
2948 5366 3028 5414 19.
3051 5389 3112 5401 -·
3132 5363 3156 5399 ⁸
3184 5362 3331 5426 thid„
3360 5373 3433 5427 vr,
3455 5365 3537 5414 23.
3566 5388 3629 5401 -
3654 5363 3671 5395 ’
3692 5360 3814 5415 Pul.
3835 5363 3941 5414 um,

2471 5437 2579 5486 6-7.
2606 5461 2670 5472 -
2698 5434 2718 5465 ·
2743 5435 2926 5501 Eccli„
2953 5446 3148 5498 xxvm,
3175 5436 3254 5485 23.

2535 5535 2604 5598 (α)
2641 5533 2765 5585 Coet.
2792 5533 2916 5583 edit.
2950 5539 3143 5585 rectus.
