4059 6317
496 1488 643 1532 Poeuo

429 1549 643 1666 m

669 486 790 549 126

667 615 776 681 vel
801 616 1140 701 operando.
1174 614 1241 682 Si
1266 614 1440 682 enim
1472 617 1715 681 bonum
1741 617 2051 695 seminas,
2080 616 2202 680 bo-

669 741 832 788 num
855 727 921 788 et
943 727 1165 792 metes.
1197 722 1363 801 Quid
1395 739 1555 806 ergo
1587 726 1683 788 est
1717 724 1889 806 quod
1922 723 2203 807 perversi

669 848 837 914 saepe
862 829 1123 896 dicunt:
1165 830 1262 895 Ad
1301 847 1582 911 regnum
1627 829 1936 895 coelorum
1980 830 2205 913 utique

669 937 1043 1003 veniemus?
1070 936 1140 1004 Si
1165 937 1443 1002 urticam
1470 937 1571 1003 vel
1597 936 1902 1002 zizaniam
1925 937 2200 1001 semina-

668 1063 795 1122 res,
815 1044 1027 1124 stulte,
1042 1044 1323 1110 triticum
1343 1045 1744 1127 expectares?
1766 1065 1798 1104 ιι
1815 1041 1972 1121 Quae
1993 1042 2168 1108 enim
2180 1043 2201 1081 ¹

669 1151 1078 1217 seminaverit
1109 1152 1306 1217 homo
1320 1199 1343 1231 ,
1380 1152 1523 1216 haic
1552 1153 1618 1216 et
1651 1154 1863 1216 metet.
1904 1171 1936 1211 n
1978 1148 2048 1216 Si
2087 1150 2202 1215 bo-

669 1277 853 1338 num,
894 1259 1168 1337 bonum;
1212 1259 1268 1323 si
1306 1258 1581 1337 malum,
1625 1257 1891 1323 malum.
1921 1259 1946 1294 ¹
1981 1278 2014 1318 α
2051 1255 2202 1333 Fili,

669 1384 799 1431 non
815 1366 1091 1432 semines
1112 1365 1283 1431 mala
1306 1366 1379 1430 in
1393 1364 1585 1430 sulcis
1610 1364 1964 1447 injustitiae,
1991 1367 2056 1428 et
2072 1381 2203 1428 non

668 1477 868 1539 metes
904 1492 1049 1539 eam
1085 1474 1156 1537 in
1181 1471 1570 1557 septuplum,
1597 1493 1631 1533 ι
1669 1471 1959 1538 videlicet
1997 1471 2066 1535 in
2093 1488 2207 1553 ge-

669 1581 923 1660 henna,
969 1580 1082 1645 ubi
1112 1582 1354 1663 septem
1382 1597 1592 1663 poenae
1630 1582 1801 1659 sunt,
1828 1577 2028 1660 ignis,
2056 1595 2204 1642 ver-

673 1687 813 1766 mis,
834 1688 1039 1765 foetor,
1064 1687 1315 1765 fumus,
1351 1686 1634 1766 tenebra,
1656 1685 1935 1765 vincula,
1965 1685 2197 1768 frigus.

668 1793 1027 1860 Auctoritas
1052 1795 1246 1876 patet.

746 1901 1186 1967 Desecundo⁸
1217 1899 1433 1979 :noui
1473 1901 1985 1983 parceseminat,
2014 1919 2204 1985 parce

667 2013 729 2075 et
741 2013 962 2075 metet:
977 2013 1041 2074 et
1059 2009 1174 2092 qui
1190 2009 1459 2074 seminat
1468 2008 2110 2090 inbenedictionibus,
2124 2011 2203 2075 de

665 2116 1208 2183 benedictionibus
1225 2119 1289 2182 et
1305 2119 1497 2182 metet
1515 2137 1531 2180 ε
1550 2116 1992 2202 unusquisque
2010 2121 2204 2201 prout

663 2225 1006 2291 destinavit
1030 2226 1099 2289 in
1127 2224 1314 2289 corde
1339 2241 1482 2305 suo,
1520 2242 1652 2290 non
1679 2242 1762 2289 ex
1799 2224 2051 2290 tristitia
2089 2228 2203 2291 aut

664 2351 748 2397 ex
772 2333 1140 2397 necesmtate
1170 2351 1189 2397 ε
1228 2331 1499 2397 hilarem
1532 2332 1706 2398 enim
1734 2332 2018 2398 datorem
2052 2333 2203 2398 dili-

667 2439 766 2521 git
809 2438 996 2504 Deus.
1045 2459 1078 2498 n
1130 2437 1198 2503 Si
1246 2457 1407 2521 ergo
1449 2439 1550 2505 vis
1594 2438 1875 2505 multum
1920 2440 2201 2505 fructum

665 2546 968 2629 colligere
1005 2547 1076 2610 in
1115 2546 1356 2627 futuro,
1409 2545 1613 2611 multa
1653 2546 1845 2612 debes
1884 2547 2200 2613 bonorum

667 2671 933 2737 operum
956 2651 1201 2718 semina
1224 2671 1530 2737 spargere
1566 2654 1637 2717 in
1676 2655 1997 2736 praesenti.
2044 2655 2199 2721 Ber-

669 2761 906 2826 nardus
931 2761 955 2797 ⁴
984 2783 1001 2825 t
1034 2784 1065 2823 e
1086 2760 1328 2826 Modica
1353 2760 1619 2826 seminis
1649 2760 1728 2844 (α)
1751 2762 2054 2828 detractio
2075 2782 2204 2830 non

668 2868 988 2933 modicum
1033 2872 1131 2932 est
1173 2867 1397 2932 messis
1439 2867 1911 2933 detrimentum.
1961 2890 1994 2930 ι
2033 2869 2204 2937 Licet

667 2974 873 3038 multa
892 2987 1086 3056 opera
1111 2974 1239 3037 sint
1254 2973 1483 3056 gravia
1502 2977 1567 3038 et
1584 2975 1974 3040 sensualitati
2003 2977 2204 3062 lacry-

667 3098 865 3161 mosa,
895 3086 1106 3146 tamen
1131 3086 1414 3165 tempore
1454 3083 1679 3148 messis
1712 3085 1964 3149 tristitia
2004 3087 2198 3152 semi-

662 3190 874 3253 nantis
910 3192 1191 3254 vertetur
1218 3189 1283 3253 in
1315 3189 1627 3271 gaudium
1672 3191 1989 3257 metentis.
2023 3191 2198 3258 Psal-

663 3298 852 3361 mista
894 3300 917 3335 ⁸
964 3317 982 3361 ε
1037 3320 1067 3358 α
1109 3297 1231 3375 Qui
1284 3298 1600 3361 seminant
1641 3298 1712 3362 in
1753 3299 2087 3381 lacrymis,
2130 3300 2200 3364 in

662 3404 1049 3470 exultatione
1075 3408 1334 3469 metent.
1364 3425 1396 3464 n
1429 3404 1451 3439 ⁸
1478 3427 1510 3466 α
1542 3404 1958 3470 Laetabuutur
1984 3424 2199 3471 coram

663 3517 748 3587 te,
789 3512 952 3575 sicut
994 3512 1104 3594 qui
1149 3511 1446 3576 laetantur
1491 3511 1559 3576 in
1605 3530 1832 3577 messe.
1894 3533 1926 3572 n
1960 3512 2196 3594 Grego-

663 3617 799 3681 rius
824 3623 846 3659 ⁷
878 3639 894 3681 ι
925 3641 956 3679 ι
984 3616 1398 3700 Nequaquam
1426 3617 1860 3683 retributionis
1882 3619 2196 3700 gaudium

662 3725 740 3790 de
764 3725 1112 3789 aeternitate
1136 3724 1484 3808 colligitur,
1510 3727 1682 3809 quod
1708 3745 1838 3791 non
1869 3727 1976 3791 hic
2020 3728 2199 3809 prius

661 3832 905 3915 praevia
947 3832 1373 3955 tribulatione
1393 3835 1764 3899 seminatur.
1801 3855 1834 3893 n
1879 3833 2057 3899 Certe
2114 3834 2194 3898 li·

660 4051 916 4129 peccato
941 4065 1058 4130 pro
1082 4065 1510 4131 unoquoque,
1543 4051 1686 4128 post
1722 4065 2001 4127 annum,
2052 4066 2196 4113 cen-

659 4157 799 4218 tum
824 4154 1133 4220 redderet.
1163 4153 1244 4220 Et
1267 4160 1433 4220 certe
1456 4155 1624 4221 Deus
1647 4155 2022 4238 centuplum
2049 4155 2191 4220 red-

657 4247 835 4327 deret
864 4260 978 4324 tibi
1010 4278 1126 4343 pro
1154 4261 1431 4344 singulis
1454 4262 1642 4327 bonis
1663 4267 1687 4303 ⁸
1716 4284 1734 4326 ε
1789 4262 2011 4329 Ortum
2042 4263 2198 4343 tecit

658 4368 941 4447 mactum
965 4366 1343 4449 centuplum.

738 4473 825 4539 De
850 4473 1036 4540 tertio
1053 4475 1077 4509 ⁹
1103 4496 1119 4538 ε
1155 4495 1188 4535 α
1213 4472 1565 4539 Seminavit
1587 4472 1758 4538 Isaac
1773 4474 2035 4539 interra
2060 4474 2192 4555 illa,

659 4586 722 4647 et
761 4580 1005 4646 invenit
1039 4581 1109 4645 in
1148 4581 1284 4663 ipso
1308 4595 1480 4644 anno
1506 4580 1894 4661 centuplum.
1927 4603 1959 4642 n
1998 4580 2197 4647 Terra

658 4688 781 4753 ista
805 4688 971 4752 bona
994 4693 1088 4753 est
1113 4706 1223 4752 cor
1248 4687 1514 4768 bonum,
1542 4687 1646 4752 vel
1682 4688 1850 4753 bona
1875 4688 2190 4755 voluntas.

660 4798 706 4836 ¹⁶
738 4794 916 4874 Quod
941 4801 1153 4864 autem
1179 4797 1519 4863 interram
1549 4794 1774 4861 bonam
1800 4794 2059 4876 cecidit,
2090 4811 2197 4863 or-

658 4910 794 4972 tum
846 4904 1001 4985 tecit
1048 4905 1332 4985 fructum
1386 4901 1770 4985 centuplum.
1830 4902 2193 4968 Secundum

734 5103 747 5132 ·
774 5101 911 5166 Gal„
939 5113 1015 5166 vi,
1038 5105 1088 5152 8.
1112 5126 1168 5138 -—
1196 5100 1215 5130 ²
1236 5099 1417 5161 Eccli„
1439 5111 1533 5162 vn,
1556 5101 1604 5151 3.
1623 5125 1687 5138 -
1711 5098 1734 5134 ⁸
1765 5101 1804 5150 n
1832 5098 1966 5160 Cor„
1991 5111 2068 5161 11,
2091 5102 2192 5152 6-7.

660 5200 715 5210 -
738 5173 757 5203 ⁴
783 5173 955 5236 Bern„
975 5172 1029 5223 in
1058 5171 1194 5224 Psal.
1220 5171 1318 5233 Qui
1345 5167 1560 5230 habitat,
1583 5169 1729 5234 prael’.
1753 5196 1813 5208 —
1840 5169 1858 5200 ⁸
1882 5169 2017 5221 Peal.
2037 5181 2193 5234 cxxv,

656 5247 707 5294 5.
737 5270 793 5281 -
817 5244 839 5279 ⁸
868 5244 987 5306 1sa.‚
1012 5256 1103 5308 11,
1130 5244 1179 5294 3.
1204 5267 1270 5279 —
1293 5242 1311 5271 ⁷
1338 5241 1516 5304 Greg.,
1538 5240 1746 5302 Horat„
1772 5239 1862 5292 lib.
1890 5243 1962 5302 X,
1994 5254 2042 5291 c.
2068 5252 2191 5305 ιιι,

656 5314 724 5366 al.
750 5326 853 5379 ¹11,
879 5329 933 5368 n.
968 5318 1047 5378 36,
1074 5312 1246 5380 quoad
1265 5325 1495 5363 sensum.
1516 5337 1578 5350 -
1596 5313 1767 5377 Ἵνα,
1786 5324 1840 5377 v,
1859 5312 2025 5362 8.—⁹
2045 5312 2188 5373 Gen..

657 5398 800 5447 xxvi,
836 5389 914 5438 ¹2.
942 5413 1004 5425 —
1028 5387 1070 5422 ί·
1110 5386 1251 5447 Luc„
1295 5393 1348 5448 v,
1389 5385 1436 5435 8.
1473 5408 1535 5423 -
1575 5383 1612 5419 ¹¹
1653 5383 1860 5447 flami„
1891 5394 2016 5448 xm,
2057 5387 2105 5434 8.
2127 5409 2187 5421 —

655 5460 700 5494 ¹²
722 5457 965 5510 Gloss.ex
989 5459 1140 5523 Aug„
1161 5456 1224 5508 de
1238 5458 1395 5507 sanct.
1419 5455 1682 5520 Virqinit„
1697 5468 1753 5507 n.
1776 5458 1858 5507 46.
1875 5481 1934 5493 -
1949 5455 1993 5492 ¹⁸
2010 5453 2189 5520 Booti„

1758 478 2173 548 SERMORES
2213 478 2315 547 DE
2352 477 2746 549 TEMPORE.

2305 618 2525 680 autem
2549 616 3200 700 Matthaeum¹¹,aliud
3210 621 3822 702 amasinumaliud

2306 724 2796 807 mmmmm,
2818 725 3005 793 aliud
3022 729 3447 811 triaesimum.
3479 727 3825 795 Semndum

2308 830 2594 897 Glossam
2610 834 2655 870 ¹⁸
2674 855 2689 897 :
2705 831 3172 900 «Centesimum
3192 835 3651 917 invirginibus3
3667 854 3831 903 sexa·

2307 940 2630 1022 gesimum
2654 941 2725 1006 in
2764 940 3010 1022 viduis3
3054 942 3462 1024 trigesimum
3501 943 3572 1007 in
3616 946 3830 1027 conju·

2310 1048 2501 1129 gatis.
2536 1071 2567 1108 n
2603 1047 2866 1113 Semina
2902 1067 3064 1132 ergo
3096 1049 3295 1133 hujus
3332 1050 3576 1115 tructus
3603 1050 3826 1115 facien-

2310 1156 2392 1221 da
2434 1156 2508 1240 (b)
2540 1174 2670 1221 non
2698 1157 2905 1222 solum
2948 1162 3098 1224 sunt
3138 1158 3247 1224 Dei
3271 1160 3488 1237 verba,
3532 1157 3641 1223 sed
3682 1159 3836 1224 bona

2309 1280 2525 1347 opera.
2555 1262 2814 1330 Semina
2839 1266 3014 1330 enim
3038 1268 3188 1330 sunt
3204 1265 3545 1344 orationes,
3574 1264 3832 1331 eleemo-

2308 1388 2510 1453 synae,
2529 1372 2622 1454 jej
2630 1373 2801 1452 unia,
2830 1373 3398 1456 peregrinationes,
3439 1375 3505 1438 et
3536 1373 3639 1436 his
3663 1372 3836 1436 simi-

2306 1479 2415 1544 lia.
2447 1479 2569 1545 Sed
2587 1480 2729 1545 haec
2747 1481 3149 1546 seminantur
3157 1483 3348 1562 juxta
3362 1481 3561 1560 viam,
3586 1480 3838 1563 quando

2307 1587 2475 1650 fiunt
2499 1603 2616 1669 pro
2661 1587 3051 1670 apparentia,
3082 1592 3159 1652 ut
3184 1587 3524 1653 videantur
3563 1606 3605 1652 a
3639 1591 3842 1651 trans·

2306 1694 2628 1774 euntibus,
2656 1693 2952 1760 facientes
2977 1698 3196 1760 contra
3220 1693 3380 1760 illud
3396 1694 3488 1730 ¹⁸·
3472 1714 3549 1758 ει
3571 1693 3844 1758 Abscon-

2307 1801 2387 1866 de
2428 1801 2506 1885 (c)
2537 1801 3006 1885 eleemosynam
3052 1803 3123 1867 in
3178 1802 3393 1867 sinum
3429 1801 3779 1884 pauperis:
3806 1821 3836 1860 ι

2305 1911 2370 1971 et
2406 1907 2550 1973 ideo
2589 1911 2884 1991 pereunt.
2929 1907 3277 1992 Gregorius
3301 1911 3349 1949 ¹⁴
3391 1928 3477 1973 ,ι
3502 1905 3551 1972 Ο
3596 1907 3841 1984 miseri,

2306 2015 2421 2097 qui
2448 2014 2813 2080 affectantes
2836 2015 3058 2081 laudes
3073 2015 3434 2094 hominum,
3452 2014 3525 2079 in
3558 2015 3847 2098 semetip-

2307 2122 2396 2185 sis
2419 2121 2735 2205 dissipant
2765 2122 3011 2188 fructus
3035 2122 3327 2187 laborum
3354 2143 3371 2186 t
3402 2122 3583 2200 dum,
3612 2121 3845 2205 quiase

2306 2228 2526 2294 alienis
2548 2228 2748 2294 oculis
2769 2229 3099 2295 ostendere
3125 2233 3457 2313 appetunt,
3504 2228 3845 2294 damnatur

2307 2335 2478 2419 quod
2503 2339 2733 2417 agunt.
2765 2358 2797 2397 ι
2828 2334 3196 2401 Seminatur
3220 2334 3313 2413 (d)
3338 2353 3534 2418 supra
3573 2339 3842 2418 petram,

2306 2443 2562 2527 quando
2589 2443 2760 2508 flunt
2784 2444 2973 2509 corde
3007 2442 3200 2524 duro,
3246 2443 3420 2527 quod
3469 2443 3703 2508 nolunt
3746 2441 3846 2506 in-

2306 2547 2579 2629 dulgere
2604 2549 2672 2612 in
2709 2566 2778 2614 se
2822 2547 3226 2631 peccantibus
3264 2564 3282 2611 ε
3324 2556 3389 2612 et
3429 2545 3570 2611 ideo
3605 2545 3729 2609 ista
3753 2562 3846 2609 se·

2306 2655 2483 2720 mina
2525 2659 2818 2739 pereunt.
2872 2656 3147 2723 loannes
3198 2653 3685 2738 chrysostomus
3728 2652 3772 2689 ¹⁸
3825 2674 3842 2713 ε

2315 2785 2349 2823 e
2378 2761 2633 2828 Frustra
2673 2763 2859 2829 offert
2883 2781 3121 2829 munus
3144 2762 3226 2827 ad
3263 2762 3496 2841 altare,
3540 2759 3658 2844 qui
3685 2777 3839 2824 con-

2305 2872 2474 2938 scius
2498 2875 2597 2937 est
2622 2873 2770 2953 sibi,
2792 2873 2969 2957 quod
2992 2872 3191 2937 frater
3212 2888 3370 2936 suus
3385 2868 3578 2934 habet
3601 2867 3845 2952 aliquid

2305 2980 2646 3045 adversum
2675 2997 2765 3044 se.
2791 3000 2823 3038 n
2856 2978 3224 3044 Seminatur
3246 2977 3315 3040 in
3340 2976 3560 3060 spinis,
3586 2972 3845 3057 quando
3965 3013 3977 3028 ·

2304 3103 2443 3151 non
2479 3085 2579 3150 vis
2603 3086 3030 3151 restitutiones
3056 3085 3259 3149 facere
3283 3084 3364 3148 de
3399 3081 3658 3165 injustis
3694 3098 3840 3165 pos·

2304 3192 2729 3257 sessionibus:
2763 3196 2829 3258 et
2852 3192 2995 3257 ideo
3020 3195 3310 3275 pereunt.
3336 3188 3748 3271 Augustinus
3761 3186 3840 3250 ¹⁸:

2315 3323 2348 3360 α
2374 3299 2442 3364 Si
2470 3317 2573 3364 res
2601 3300 2831 3380 aliena,
2864 3304 3120 3382 propter
3144 3316 3340 3382 quam
3365 3300 3696 3380 peccatum
3722 3298 3840 3372 est,

2309 3424 2456 3471 cum
2485 3406 2663 3471 reddi
2691 3405 2904 3489 possit,
2934 3393 3066 3471 non
3101 3404 3408 3484 redditur,
3450 3420 3583 3468 non
3630 3402 3848 3483 agitur

2305 3512 2700 3596 poenitentia,
2729 3512 2840 3576 sed
2864 3511 3158 3593 fingitur.
3189 3532 3221 3570 υ
3255 3509 3418 3588 Quia
3441 3526 3598 3590 ergo
3624 3507 3700 3571 in
3726 3510 3846 3571 ter-

2306 3638 2449 3685 ram
2476 3619 2708 3684 bonam
2746 3599 2990 3683 semina
3039 3617 3358 3681 bonorum
3398 3631 3668 3698 operum
3713 3632 3842 3679 nou

2304 3726 2597 3804 veniunt,
2625 3724 2880 3790 nullum
2908 3727 3167 3788 aeternae
3194 3723 3347 3788 vitae
3381 3722 3660 3787 fructum
3691 3721 3843 3787 affe-

2303 3837 2479 3898 runt.
2504 3832 2590 3897 De
2614 3831 2848 3897 talibus
2870 3833 3075 3914 potest
3099 3829 3221 3893 dici
3244 3823 3408 3893 'illud
3433 3829 3478 3865 ¹⁷
3514 3851 3531 3894 :
3571 3852 3605 3890 e
3631 3829 3840 3895 Semi-

2302 3940 2499 4005 nastis
2526 3939 2824 4019 multum,
2853 3942 2918 4003 et
2939 3937 3240 4002 intulistis
3266 3955 3520 4019 parum.
3549 3957 3582 3996 υ

2389 4047 2475 4112 De
2501 4051 2730 4130 quarto
2745 4049 2790 4089 ¹⁸
2820 4063 2838 4109 τ
2868 4043 3099 4109 «Mane
3124 4044 3368 4109 semina
3391 4061 3611 4109 semen
3626 4048 3837 4124 tuum,

2303 4161 2368 4219 et
2391 4171 2651 4237 vespere
2678 4170 2812 4217 non
2839 4155 3039 4217 cesset
3062 4169 3290 4216 manus
3314 4154 3431 4216 tua
3466 4172 3483 4216 ε
3511 4151 3667 4234 quia
3693 4169 3841 4216 nes-

2303 4262 2394 4325 cis
2422 4260 2578 4343 quid
2606 4259 2812 4342 magis
2840 4259 3116 4337 oriatur,
3145 4258 3269 4323 boc
3306 4263 3421 4324 aut
3462 4258 3623 4323 illud
3644 4305 3664 4336 ,
3706 4280 3741 4319 n
3775 4257 3838 4323 id

2304 4370 2422 4447 est,
2453 4366 2609 4450 quid
2636 4366 2952 4449 acceptius
2975 4365 3059 4429 sit
3085 4365 3235 4430 Deo,
3258 4365 3447 4432 Mane
3472 4366 3537 4429 et
3561 4357 3834 4448 vespere,

2302 4472 2368 4537 id
2400 4476 2498 4538 est
2537 4466 2614 4536 in'
2651 4471 2926 4554 pueritia
2971 4476 3035 4536 et
3081 4475 3402 4536 senectute
3420 4519 3438 4551 ‚
3486 4472 3839 4537 secundum

2306 4578 2615 4644 Glossam.
2648 4579 2693 4614 ¹⁸
2722 4600 2755 4640 α
2781 4576 3029 4643 Bonum
3055 4581 3150 4642 est
3186 4576 3351 4658 viro,
3375 4595 3524 4643 cum
3552 4583 3841 4661 portave-

2301 4684 2388 4750 rit
2423 4687 2672 4768 jugum
2713 4685 2796 4748 ab
2837 4682 3254 4749 adolescentia
3291 4701 3430 4749 sua.
3475 4705 3508 4745 ι
3556 4682 3839 4769 Utroque

2303 4796 2521 4858 autem
2541 4795 2827 4873 tempore
2872 4791 3181 4855 instanter
3218 4793 3316 4855 est
3356 4790 3834 4871 seminandum,

2300 4899 2455 4982 quia
2498 4903 2769 4981 utroque
2809 4901 3093 4979 tempore
3109 4943 3129 4976 ,
3170 4894 3477 4979 quamdiu
3520 4895 3838 4961 seminare

2306 5081 2454 5133 xxix,
2485 5074 2564 5122 ¹5.
2587 5098 2642 5109 —
2677 5071 2718 5107 ¹⁸
2743 5072 2893 5136 Greg.
2919 5097 2980 5109 —
3005 5071 3047 5107 ¹⁸
3072 5069 3354 5136 chrysost„
3378 5069 3440 5120 de
3461 5069 3646 5135 prodit.
3676 5068 3837 5133 Judoe,

2301 5142 2448 5193 hom.
2481 5154 2547 5207 11,
2569 5155 2625 5193 n.
2648 5145 2699 5206 6,
2728 5145 2781 5193 et
2799 5141 2922 5193 alias
2948 5142 3156 5207 passim.
3190 5168 3246 5179 -
3276 5141 3318 5176 ¹⁸
3338 5146 3487 5206 Aug„
3527 5139 3599 5192 ad
3624 5138 3834 5201 Maced..

2303 5213 2452 5278 epist.
2482 5224 2587 5272 mv,
2620 5213 2687 5265 al.
2712 5225 2861 5278 cun,
2880 5228 2934 5264 n.
2964 5216 3044 5265 20.
3066 5239 3129 5252 —
3148 5214 3188 5250 ¹¹¹
3210 5213 3359 5279 Aaou
3385 5225 3426 5278 1,
3443 5216 3491 5266 6.
3508 5241 3564 5252 -
3581 5214 3623 5250 ²⁸
3647 5210 3836 5265 Recte..

2298 5297 2375 5349 ιι,
2402 5286 2451 5336 6.
2479 5310 2536 5321 -
2560 5285 2601 5320 ¹⁰
2632 5285 2832 5346 Thr-en„
2858 5297 2952 5348 111,
2987 5287 3068 5335 2⁴1.

2367 5383 2432 5446 (α)
2461 5382 2547 5434 ΔΙ.
2572 5383 3117 5448 sementis.—(b)1.eq.
3130 5382 3365 5434 faciendi.
3387 5405 3447 5421 —
3459 5385 3518 5446 (ο)
3540 5382 3685 5447 Vulq.
3703 5382 3832 5434 Con-

2299 5453 2545 5506 clude.—
2568 5453 2641 5520 (d)
2665 5454 2817 5506 Forte
2843 5453 3106 5520 leyendtcm
3129 5453 3463 5507 seminantur.
