4059 6317
831 548 1215 618 DOMINICA
1256 551 1282 618 1
1323 550 1522 618 POST
1562 550 1941 619 OCTAVAM
1982 551 2344 621 PASGHAE.
2384 553 2650 622 SERMO
2691 554 2797 623 IV.

303 683 386 752 De
417 686 724 766 secundo,
755 684 1048 752 Psalmus
1072 689 1143 726 ¹

229 810 370 860 oves
414 793 724 877 populum
790 799 981 859 tuum
1045 797 1112 860 in
1171 814 1374 861 mann
1411 795 1640 880 Moysi,
1693 798 1758 860 et

229 903 452 968 Aamn.
484 924 520 963 n
553 901 718 967 Haec·
741 901 1031 969 deductio
1054 904 1131 968 flt
1162 920 1275 986 per
1306 903 1753 987 quotidianum

229 1010 292 1074 in
327 1010 713 1093 proficiendo
749 1011 1073 1078 bonorum
1112 1028 1382 1095 operum
1425 1029 1753 1093 augmen-

227 1123 377 1185 tum.
404 1119 738 1186 Psalmista
757 1122 830 1159 ⁸·
814 1143 896 1185 ,a
920 1120 1188 1187 Deducis
1219 1119 1396 1186 velut
1421 1137 1610 1185 ovem
1637 1123 1754 1185 Jo-

227 1227 415 1310 seph,
473 1248 508 1288 n
554 1226 732 1311 quod
798 1228 1255 1312 interpretatur
1301 1232 1750 1319 augmentum.

1126 710 1220 753 ,ιι
1244 688 1567 754 Deduxisti
1593 688 1760 754 sicut

228 1335 339 1400 Per
361 1354 625 1402 manum
649 1335 881 1419 Moysi,
913 1341 976 1401 et
1002 1337 1217 1402 Aaron
1245 1339 1520 1420 potestas
1546 1335 1754 1401 Eccle-

227 1443 476 1523 siarum,
516 1447 581 1508 et
623 1442 1035 1509 saeenIarIum
1067 1444 1384 1527 judicium
1426 1443 1752 1527 significa-

226 1556 346 1617 tur.
386 1550 650 1632 Legitur
701 1553 920 1615 autem
971 1551 1050 1616 de
1100 1550 1397 1615 manibus
1449 1549 1751 1634 Moysi,
1705 1552 1728 1588 ⁸

227 1661 387 1745 quod
422 1660 569 1725 licet
590 1677 827 1743 graves
853 1664 1084 1740 essent,
1118 1659 1275 1725 dum
1296 1662 1513 1725 tamen
1541 1659 1754 1725 eleva-

227 1769 470 1848 bantur,
496 1766 795 1834 vincebat
813 1766 1006 1833 lsrael
1024 1791 1043 1846 ;
1067 1768 1226 1833 dum
1244 1767 1751 1847 remittebantur,

228 1874 405 1942 Israel
444 1876 820 1940 vincebatur
859 1898 876 1939 ε
921 1878 1075 1959 quia
1112 1875 1371 1958 quando
1416 1874 1757 1939 auotoritas

220 1983 520 2067 judicialis
541 1983 797 2049 levatur
814 1983 886 2048 in
904 1983 1313 2062 correctione,
1344 1981 1582 2047 subditi
1610 2000 1757 2047 con-

225 2096 322 2155 tra
354 2091 558 2156 hostes
610 2089 957 2155 infernales
1001 2090 1380 2172 proficiunt3
1438 2088 1494 2152 si
1539 2091 1756 2154 autem

225 2216 336 2282 per
394 2198 860 2282 negligentiam
918 2195 1288 2276 remittitur,
1344 2192 1649 2261 deficiunt
1694 2199 1759 2260 et

224 2305 571 2372 vincuntur.
604 2305 754 2385 Sed,
783 2306 950 2371 heul
981 2305 1124 2369 baec
1147 2322 1383 2369 manus
1411 2321 1582 2387 saepe
1607 2322 1758 2388 per-

226 2415 374 2479 cutit
401 2414 770 2479 innoeentes
795 2413 869 2449 ⁸·
849 2434 941 2477 ,α
972 2410 1141 2476 Misit
1166 2411 1446 2476 Herodes
1469 2428 1587 2475 rex
1614 2430 1757 2476 ma-

228 2538 359 2602 nns,
386 2543 418 2581 ι
450 2525 571 2587 etc.

297 2629 379 2695 De
396 2630 609 2708 tertio,
629 2628 971 2695 Psalmista
995 2635 1066 2671 ⁸·
1049 2650 1134 2695 ,c
1160 2627 1465 2695 Perduxit
1486 2647 1595 2694 eos
1619 2632 1762 2694 tan-

227 2755 408 2821 quam
445 2755 719 2820 mgem
754 2737 825 2800 in
867 2737 1132 2801 deserto.
1172 2758 1204 2795 n
1259 2735 1539 2801 Glossa:
1593 2759 1626 2799 α
1672 2736 1758 2802 De

225 2844 511 2930 Egypto.
538 2868 570 2907 a
609 2844 939 2928 'AEgyptus
965 2848 1181 2909 autem
1208 2843 1523 2909 mundum
1549 2844 1755 2927 signi-

227 2955 393 3035 ficat3
420 2954 748 3021 desertum
765 2970 940 3032 vero,
964 2953 1365 3035 religionem,
1385 2953 1490 3018 vel
1509 2955 1756 3036 justam

226 3061 416 3127 vitam
433 3110 456 3142 ,
486 3061 745 3145 qualem
786 3060 1073 3127 Christus
1104 3063 1169 3125 et
1194 3059 1473 3125 Ioannes
1505 3059 1758 3126 habue-

227 3171 370 3233 runt
396 3171 464 3233 in
488 3169 763 3234 deserto.
790 3167 1083 3233 Psalmus
1107 3166 1132 3203 ⁸
1159 3188 1175 3230 :
1216 3189 1247 3228 α
1265 3166 1610 3251 Interrupit
1628 3185 1757 3231 ma·

228 3292 329 3354 re,
358 3280 417 3340 et
451 3276 793 3360 perduxit,
838 3298 871 3337 1>
914 3278 1036 3340 etc.
1075 3275 1407 3354 Perduxit,
1437 3274 1502 3339 id
1528 3278 1648 3354 est,
1677 3275 1760 3340 ad

228 3383 561 3465 perfectum
590 3383 797 3448 duxit.
837 3381 1283 3448 Pel-ducuntur
1321 3385 1536 3447 autem
1573 3381 1754 3447 electi

227 3508 333 3573 per
350 3491 678 3573 angelum,
708 3491 788 3556 de
816 3509 945 3573 quo
969 3489 1212 3571 legitur
1238 3495 1262 3531 ⁷
1293 3511 1357 3552 z«
1384 3489 1641 3555 Mensus
1662 3493 1762 3555 est
1806 3534 1815 3542 -

228 3597 387 3663 mille
411 3599 695 3678 cubitos,
731 3601 793 3663 et
821 3597 1110 3663 traduxit
1138 3597 1222 3680 (a)
1252 3615 1358 3663 me
1381 3614 1493 3681 per
1520 3613 1757 3681 aquam

225 3722 418 3789 usqne
483 3706 564 3771 ad
632 3704 816 3770 talos.
882 3702 1292 3788 Rursumque
1350 3722 1610 3770 mensus
1664 3708 1761 3769 est

227 3812 422 3893 mille,
459 3816 524 3878 et
563 3798 853 3877 traduxit
894 3828 999 3875 me
1040 3828 1157 3894 per
1184 3802 1419 3896 aquam
1446 3830 1655 3896 usque
1680 3813 1761 3878 ad

233 3936 460 4000 genna.
490 3917 568 3984 Et
592 3935 855 3983 mensus
887 3921 986 3982 est
1023 3916 1235 3997 mille,
1265 3922 1329 3982 et
1369 3919 1685 4000 traduxit,
1720 3942 1752 3982 ι

227 4025 288 4090 id
319 4031 413 4090 oet
441 4023 778 4110 perduxit,
816 4048 848 4086 ιι
875 4043 982 4090 me
1007 4043 1123 4108 per
1153 4043 1391 4109 aquam
1428 4044 1636 4110 usque
1678 4026 1761 4092 ad

226 4150 428 4200 renoe.
467 4133 547 4198 Et
586 4151 852 4198 mensus
884 4136 984 4197 est
1020 4133 1198 4198 mille
1234 4151 1349 4217 per
1386 4138 1758 4214 torrentem,

227 4256 411 4324 quem
442 4259 572 4306 non
600 4240 781 4325 potui
801 4241 1211 4334 pertransire,
1245 4241 1555 4324 quoniam
1581 4243 1762 4308 intu-

228 4352 517 4413 muerant
553 4365 741 4432 aquae
783 4347 1084 4430 profundi
1120 4348 1423 4413 torrentis
1440 4398 1456 4429 ,
1488 4351 1603 4433 qui
1628 4368 1761 4416 non

229 4458 421 4540 potest
447 4456 865 4522 transvadari.
897 4455 976 4520 Et
1000 4455 1162 4521 dixit
1183 4456 1263 4521 ad
1289 4474 1394 4522 me
1418 4478 1434 4523 ε
1460 4456 1638 4523 Certe
1662 4458 1761 4524 vi-

231 4562 387 4644 disti,
418 4562 508 4628 flli
538 4562 844 4629 hominis.
866 4560 945 4627 Et
966 4562 1189 4628 eduxit
1201 4581 1330 4642 me,
1361 4568 1425 4629 et
1447 4564 1763 4630 convertit

233 4669 307 4734 ad
328 4670 530 4755 ripam
547 4670 875 4753 torrentis,
907 4684 954 4731 n·
971 4675 1091 4736 etc.
1123 4671 1311 4753 Aqua
1336 4671 1479 4736 haec
1504 4676 1598 4737 est
1616 4691 1765 4755 gra-

235 4776 316 4842 tia
338 4776 610 4862 Spiritus
636 4776 874 4855 Sancti,
901 4777 972 4841 in
997 4796 1126 4861 qua
1150 4779 1519 4861 incipientes
1549 4780 1765 4845 minus

235 4887 554 4970 profunde,
610 4885 1015 4970 proficientes
1063 4886 1464 4970 profundius,
1506 4888 1764 4970 perfecti

235 4994 714 5077 profundissime
761 4994 933 5056 sunt.
964 4989 1079 5059 vel
1129 4993 1208 5058 de
1263 4994 1649 5077 conjugem,
1700 4998 1766 5060 et

237 5101 453 5184 viduis,
481 5105 549 5168 ct
582 5098 954 5181 virginibus
1000 5099 1275 5184 intelligi
1324 5103 1552 5184 potest.
1604 5099 1761 5167 Tor-

238 5225 375 5274 rens
396 5212 637 5286 autem,
671 5206 791 5289 qui
813 5206 1208 5274 transvadari
1247 5226 1380 5274 non
1416 5210 1639 5292 potest,
1671 5212 1767 5275 est

295 5334 314 5368 ¹
341 5334 468 5385 Paul.
497 5343 683 5396 uxvr,
714 5333 796 5381 2¹.
832 5356 886 5366 --
920 5329 940 5360 ⁸
970 5330 1109 5383 Psal.
1151 5343 1331 5397 unx,
1361 5335 1409 5384 2.
1446 5359 1500 5369 -
1534 5332 1764 5398 ⁸-E'xod.,

242 5415 373 5467 xvn,
408 5408 488 5456 21.
524 5430 581 5442 -
617 5403 641 5439 ⁸
672 5401 787 5453 Act.
814 5401 1004 5467 Apost„
1037 5414 1144 5467 111,
1173 5408 1219 5454 ι.
1255 5430 1315 5443 -
1346 5404 1372 5440 ⁸
1399 5403 1536 5456 Psal.
1565 5416 1764 5469 Lxxvu,

244 5476 317 5524 ⁵2.
342 5502 399 5515 -
433 5479 454 5509 ⁸
489 5473 635 5527 Ptol.
671 5483 880 5536 urm,
907 5475 986 5524 1³.
1012 5500 1078 5513 —
1103 5475 1122 5507 ⁸
1147 5475 1348 5537 δια-Λή
1376 5487 1548 5539 nvn,
1571 5478 1679 5528 3-6.
1706 5502 1762 5513 -

247 5543 269 5582 ⁸
288 5547 438 5613 Imo,
465 5559 522 5613 Χ)
560 5550 614 5598 3ο
645 5571 714 5582 —
739 5543 762 5580 ⁹
789 5544 922 5610 buco,
952 5556 1004 5611 x,
1030 5549 1110 5600 2⁰·
1145 5572 1205 5586 “““
1231 5548 1274 5588 ι.
1306 5550 1433 5617 Aug.
1463 5572 1526 5587 ‘'⁸'’
1556 5547 1597 5590 ιι
1624 5546 1764 5601 Psal-

3296 560 3416 626 245

1865 688 2260 772 profunditas
2287 691 2516 770 gratiae
2544 692 2614 757 in
2648 691 2872 772 beatis,
2902 710 3098 776 quam
3125 692 3416 759 mortalis

1864 795 2061 861 homo
2107 798 2421 880 attingere
2445 816 2578 864 non
2605 803 2829 884 potest.
2871 800 3162 882 Angelus
3197 805 3414 868 autem

1864 920 2243 969 mensurans
2289 918 2353 971 et
2400 906 2742 972 traducens
2792 910 2890 972 est
2936 906 3246 989 Christus,
3301 908 3414 993 qui

1864 1019 2191 1080 mensurat
2218 1016 2496 1098 gratiam
2521 1017 2591 1081 in
2619 1015 2898 1098 meritis,
2935 1020 3001 1082 et
3034 1015 3309 1099 gloriam
3342 1018 3414 1084 in

1863 1122 2154 1206 praemiis
2182 1123 2437 1204 gratiae.

1942 1226 2034 1293 De
2068 1229 2333 1313 quarto⁸
2363 1252 2378 1293 ε
2412 1231 2716 1313 Proprias
2742 1246 2887 1298 oves
2916 1235 3098 1298 vocat
3124 1234 3414 1299 nomina·

1864 1338 2010 1416 tim,
2038 1344 2101 1404 et
2124 1337 2344 1406 educit
2369 1356 2479 1406 eas
2498 1387 2515 1418 ,
2546 1338 2715 1404 inter
2754 1339 2977 1403 vineas
3015 1338 3094 1403 de
3132 1337 3415 1423 AEgypto

1865 1444 1935 1510 in
1961 1446 2338 1522 doctrinam,
2396 1446 2532 1512 sive
2577 1446 2659 1511 ad
2712 1464 3029 1528 regnum,
3086 1450 3207 1511 etc.
3257 1445 3417 1511 Ecce

1864 1552 2149 1635 quotidie
2169 1552 2474 1618 Dominus
2494 1553 2878 1617 nominatim
2906 1557 2970 1617 et
2996 1552 3416 1635 singulariter

1864 1661 2051 1724 vocat
2075 1658 2308 1724 electos
2333 1677 2486 1724 suos
2509 1660 2581 1724 in
2612 1663 2816 1725 morte
2847 1659 2928 1723 ad
2958 1659 3240 1743 seipsum
3262 1707 3281 1739 ,
3322 1660 3414 1725 si-
3529 1690 3533 1694 >

1865 1770 1973 1831 cut
1999 1767 2068 1830 in
2091 1766 2423 1831 ordinibus
2446 1770 2762 1832 vocantur
2781 1766 3115 1831 ordinandi
3129 1766 3212 1831 ad
3235 1765 3416 1851 Epis-

1867 1891 2120 1957 copum.
2153 1872 2357 1938 Habet
2381 1874 2556 1938 enim
2576 1873 2884 1938 Dominus
2908 1873 3172 1938 nomina
3188 1890 3413 1939 eorum

1869 1978 1939 2043 in
1979 1979 2215 2062 scripto
2249 1978 2273 2015 ⁸
2306 2000 2322 2045 ε
2361 2001 2394 2041 α
2423 1977 2696 2044 Nomina
2731 1982 2945 2043 vestra
2994 1978 3231 2062 scripta
3267 1983 3419 2044 sunt

1866 2086 1934 2149 in
1961 2084 2159 2151 coeliS.
2192 2107 2224 2147 ι
2268 2084 2463 2152 Vocat
2500 2084 2645 2150 illos
2694 2085 3004 2151 Dominus
3035 2086 3416 2152 nominatim

1865 2193 1944 2258 de
1969 2192 2168 2272 ecelis,
2190 2193 2299 2277 qui
2327 2211 2460 2258 non
2485 2197 2883 2258 vocaverunt
2906 2193 3171 2259 nomina
3196 2212 3316 2259 sua
3347 2195 3417 2258 in

1865 2300 2078 2365 terris.
2131 2298 2363 2365 Beatus
2407 2303 2502 2364 est
2565 2302 2753 2383 cujus
2821 2317 3059 2365 nomen
3110 2301 3420 2384 dignatur

1866 2426 2129 2473 noscere
2174 2408 2362 2473 Deus.
2411 2408 2819 2490 Augustinus
2866 2408 2955 2471 ¹⁰:
2995 2429 3028 2469 α
3053 2407 3132 2474 Ut
3167 2408 3420 2474 noverit

1865 2498 2033 2580 Deus
2068 2516 2333 2580 nomina
2375 2519 2593 2580 nostra
2614 2563 2633 2594 ,
2665 2515 2790 2579 hoc
2828 2518 3047 2598 optare
3083 2515 3411 2596 debemus,

1865 2623 1989 2687 hoe
2022 2638 2251 2703 agere,
2294 2620 2416 2686 boc
2461 2624 2754 2703 satagere
2775 2668 2793 2701 ,
2822 2610 3141 2704 quantum
3178 2639 3410 2706 possu-

1867 2748 2034 2794 mus.
2065 2751 2097 2791 »
2131 2728 2331 2797 Vocat
2353 2746 2515 2811 ergo
2542 2727 2797 2806 electos,
2824 2730 2897 2792 ut
2922 2728 3153 2793 educat
3176 2727 3256 2793 de
3282 2747 3419 2793 car-

1865 2854 2008 2901 cere
2048 2836 2130 2901 ad
2171 2854 2493 2918 regnum,
2543 2835 2622 2900 de
2680 2835 2939 2900 miseria
2987 2836 3067 2900 ad
3112 2835 3414 2918 gloriam.

1870 2944 2204 3011 Psalmista
2228 2945 2323 2981 ¹¹·
2304 2961 2383 3008 t«
2401 2942 2640 3009 Eduxit
2662 2960 2767 3006 me
2793 2942 2872 3007 de
2896 2941 3041 3007 lacu
3065 2942 3363 3025 miserim,
3376 2965 3410 3004 n

1865 3051 1931 3118 id
1957 3056 2076 3133 est,
2106 3053 2186 3117 de
2212 3051 2480 3130 mundo,
2514 3073 2547 3111 α
2576 3053 2641 3116 et
2657 3048 2887 3116 deluto
2911 3048 3105 3129 faecis,
3134 3072 3166 3112 n
3201 3050 3268 3115 id
3297 3055 3414 3132 est,

1868 3160 1949 3225 de
1974 3176 2249 3225 carcere.
2952 3242 2960 3252 ·

1944 3268 2035 3333 De
2074 3268 2303 3351 quinto
2326 3313 2345 3347 ,
2384 3263 2693 3331 Dominus
2738 3263 3005 3347 loquens
3057 3263 3138 3329 de
3189 3263 3419 3330 ovibus

1866 3376 2023 3454 suis,
2051 3376 2143 3439 ait
2166 3375 2210 3412 ¹⁸
2244 3393 2263 3439 ε
2301 3393 2334 3436 α
2359 3372 2660 3437 Inducam
2701 3388 2810 3435 eas
2847 3371 2916 3434 in
2941 3373 3181 3436 terram
3206 3390 3416 3452 suam,

1875 3487 1939 3548 et
1966 3499 2225 3566 pascam
2252 3498 2360 3545 eas
2389 3481 2461 3544 in
2489 3477 2815 3544 montibus
2841 3477 3034 3544 Israel
3057 3479 3126 3542 in
3150 3479 3331 3559 rivis,
3356 3483 3421 3546 et

1865 3591 1937 3656 in
1969 3583 2211 3656 cunctis
2251 3587 2509 3653 sedibus
2546 3590 2758 3652 terrae.
2785 3606 2818 3645 n
2852 3584 3096 3675 Montes
3126 3590 3280 3682 sunt
3308 3605 3413 3653 or-

1826 3742 1830 3746 >
1868 3698 2048 3763 dines
2066 3696 2475 3779 angelorum.
2498 3692 2788 3759 Psalmus
2815 3694 2860 3731 ⁸⁸
2883 3715 2899 3758 z
2926 3716 2959 3755 α
2982 3692 3421 3761 Fundamenta

1867 3811 2010 3892 ejus
2044 3808 2113 3870 in
2144 3806 2469 3870 montibus
2501 3803 2758 3873 sanctis,
2787 3824 2819 3864 ι
2859 3802 3003 3868 Rivi
3031 3808 3182 3868 sunt
3208 3803 3419 3869 delec-

1869 3915 2143 3980 tationes
2192 3911 2270 3978 de
2311 3912 2485 3978 fonte
2527 3910 2767 3976 summi
2800 3910 2952 3975 boni
2987 3910 3348 3990 effluentes,
3380 3930 3418 3976 a

1870 4020 2105 4104 quibus
2120 4018 2389 4103 quilibet
2404 4034 2745 4102 perversus
2769 4016 2966 4099 longe
2989 4017 3112 4082 erit
3130 4018 3176 4055 ²⁸
3198 4037 3261 4081 t«
3278 4018 3332 4085 N
3334 4036 3421 4083 on

1869 4130 2082 4195 videat
2104 4128 2279 4192 rivos
2303 4124 2596 4191 fluminis
2619 4124 2922 4190 torrentis
2951 4123 3181 4201 mellis,
3208 4128 3275 4189 et
3302 4125 3420 4190 bu·

1867 4234 2020 4320 tyri.
2046 4257 2078 4295 n
2116 4234 2191 4300 In
2215 4230 3066 4309 melledulcedodivinitatis,
3096 4231 3167 4295 in
3183 4231 3418 4315 butyro
3458 4263 3463 4269 ·

1869 4341 2286 4409 humanitatis
2325 4338 2556 4405 Christi
2602 4339 3027 4419 significatur.
3067 4337 3261 4403 Sedes
3296 4358 3419 4404 au-

1868 4456 2002 4517 tem
2029 4449 2416 4527 mansiones,
2432 4446 2512 4512 de
2527 4446 2765 4530 quibus
2778 4445 2824 4483 ¹⁸
2846 4467 2863 4511 ε
2896 4445 3000 4510 «In
3015 4446 3206 4512 domo
3222 4434 3420 4531 patris

1870 4558 2000 4623 mei
2020 4556 2407 4636 mansiones,
2435 4576 2467 4616 n
2493 4557 2615 4619 etc.
2647 4552 2751 4619 Sic
2776 4570 2938 4634 ergo
2964 4551 3273 4620 Dominus
3300 4554 3420 4619 bu-

1874 4665 2062 4731 miles
2112 4682 2266 4729 oves
2311 4681 2461 4728 suas
2510 4661 2943 4744 multipliciter
2987 4663 3189 4744 ducit,
3241 4669 3309 4728 et
3350 4665 3419 4730 in

1871 4793 2003 4842 uno
2028 4773 2183 4840 ovili
2205 4789 2319 4857 per
2334 4771 2711 4837 charitatem
2738 4770 3039 4853 proximi,
3068 4774 3131 4836 et
3148 4771 3263 4836 uni
3281 4788 3420 4854 pas·

1871 4883 2001 4954 tori
2050 4881 2294 4947 Christo
2333 4896 2448 4963 per
2481 4877 2856 4943 charitatem
2886 4877 2999 4942 Dei
3036 4879 3201 4957 unit,
3231 4881 3306 4943 ut
3330 4878 3424 4943 sic

1873 4992 1988 5055 flat
2012 5006 2222 5054 unum
2246 4986 2436 5061 ovile,
2453 4990 2518 5051 et
2537 4989 2949 5068 unnspastor.
2981 4983 3160 5050 Unde
3168 4986 3236 5050 in
3254 4984 3420 5051 libro

1875 5097 1954 5165 de
1982 5096 2239 5180 Spiritu
2265 5097 2326 5160 et
2351 5092 2591 5159 Anima
2625 5090 2858 5156 dicitur
2882 5092 2928 5135 ¹⁸
2968 5113 2985 5157 ι
3024 5115 3056 5153 α
3083 5091 3416 5174 Animam,

1877 5255 2060 5303 xxx1x,
2089 5244 2135 5292 3.
2168 5265 2228 5278 -
2263 5239 2298 5270 ¹⁸
2320 5235 2523 5300 Ezech„
2550 5247 2732 5299 xxnv,
2764 5238 2843 5287 13.
2873 5261 2933 5274 —
2961 5235 3006 5271 ¹⁸
3032 5234 3169 5287 Psal.
3204 5247 3420 5296 mxxvi,
3506 5286 3514 5293 ,

1879 5320 1927 5367 ι.
1947 5340 2013 5353 -
2040 5313 2083 5350 1⁸
2109 5312 2234 5376 lob,
2257 5321 2349 5374 xx,
2378 5312 2460 5362 17.
2490 5335 2547 5345 -
2576 5309 2611 5340 ¹⁸
2630 5308 2794 5372 loom,
2820 5320 2926 5370 xlv,
2957 5312 3003 5361 1.
3025 5334 3090 5346 —
3117 5310 3157 5345 ¹⁸
3179 5309 3253 5360 De
3277 5309 3419 5373 Spu‘r.

1875 5385 2163 5510 εέαῖίηῦιῖιη
2207 5396 2254 5434 c.
2297 5392 2490 5451 xxxvj,
2532 5378 2668 5431 inter
2711 5379 2866 5445 Oper.
2908 5381 3146 5446 August„
3186 5380 3417 5447 append.

1877 5462 2012 5617 tom)
2043 5545 2168 5600 Coet.
2196 5544 2320 5599 edit.
2353 5544 2434 5595 hic
2458 5541 2580 5597 add.
2608 5544 2660 5592 et
2686 5542 2937 5615 perduxit.
