4059 6317
1100 486 1199 554 DE
1240 488 1310 555 s,
1353 485 1611 553 MAmA
1655 485 2168 553 MAGDALENA.
2215 444 2480 553 suamc
2524 485 2572 552 1.

223 624 387 700 cipes
423 622 603 683 secuti
643 626 778 681 sunt
812 622 1130 682 Dominum
1169 622 1530 682 Salvator-em
1550 625 1579 680 ἳ
1629 625 1775 681 Nam

219 719 406 778 rebus
434 718 715 777 omnibus
741 717 910 790 nudi,
937 716 1095 776 fame
1122 716 1336 791 sitique
1356 717 1627 788 confecti,
1653 732 1775 775 ver·

222 812 472 871 heribus
524 811 738 885 attriti,
789 811 1126 870 carceribus
1178 810 1495 881 macerati,
1547 809 1778 882 injuriis

219 905 500 982 plurimis
509 904 838 980 provocati,
855 904 1117 978 tandem,
1134 907 1446 979 sequentes
1464 902 1775 973 christum,

215 998 472 1072 ,iudicati
517 1002 654 1058 sunt
699 998 896 1079 morti.
948 997 1093 1056 Vide
1139 996 1471 1070 Legendam
1495 996 1536 1054 ¹.
1588 996 1780 1054 Potest

221 1093 631 1167 unusquisque
659 1093 1069 1166 apostolorum
1090 1090 1285 1149 dicere
1311 1107 1423 1166 pro
1452 1106 1515 1149 se
1537 1090 1689 1148 illud
1715 1089 1780 1146 in

223 1188 326 1243 Job
352 1187 376 1221 ²
406 1206 422 1244 :
476 1209 504 1237 κ
537 1186 792 1259 vestigia
828 1186 957 1260 ejus
997 1190 1229 1243 secutus
1272 1188 1358 1243 est
1383 1200 1491 1260 pes
1518 1199 1715 1256 meus,
1748 1205 1777 1235 κ

224 1281 479 1353 vestigia
495 1279 841 1339 humilitatis
875 1277 1383 1355 profundissimae,
1421 1277 1782 1353 paupertatis

225 1369 548 1443 altissimae,
591 1370 886 1429 charitatis
926 1368 1366 1441 ardentissimas,
1405 1372 1463 1427 et
1486 1367 1783 1444 patientiae

228 1463 734 1523 constantissimae.
761 1463 872 1534 Qui
895 1479 1160 1539 unquam
1196 1465 1259 1520 in
1281 1461 1512 1521 mundo
1553 1461 1638 1519 sic
1673 1460 1783 1519 hu-

229 1559 427 1631 miles,
455 1557 541 1615 sic
567 1542 845 1625 omnibus
869 1557 1049 1616 rebus
1074 1573 1388 1632 pauperes,
1433 1555 1516 1613 sic
1541 1554 1784 1613 flamma

230 1652 533 1712 charitatis
572 1652 866 1723 ardenteS,
905 1651 988 1710 sic
1023 1651 1085 1710 in
1123 1649 1631 1726 persecutionibus
1673 1665 1784 1723 pa—

230 1749 467 1819 tientes,
496 1749 563 1803 ut
585 1749 786 1804 Petrus
813 1750 871 1805 et
893 1745 1109 1804 Paulus
1126 1747 1158 1802 ⁸?
1195 1744 1358 1803 Unde
1383 1745 1594 1809 Paulus
1624 1742 1784 1801 dice-

229 1842 343 1901 bat
381 1843 459 1900 ad
483 1843 743 1899 Romanos
772 1843 793 1877 ³
830 1858 846 1898 ι
882 1859 910 1894 α
936 1840 1076 1910 Quis
1102 1855 1213 1898 nos
1247 1838 1545 1915 separabit
1579 1853 1616 1896 a
1643 1838 1782 1896 cha-

231 1937 404 1995 ritate
433 1934 640 1994 Christi
661 1935 691 1990 ‘t
716 1933 1050 2007 tribulatio,
1078 1950 1155 1992 an
1183 1933 1493 2007 augustia?
1515 1952 1544 1988 n
1579 1934 1690 1991 etc.
1721 1934 1787 1990 Et

231 2030 505 2105 sequitur
546 2048 562 2086 ε
611 2048 642 2084 α
671 2031 869 2088 Certus
911 2045 1084 2096 sum,
1142 2026 1312 2102 quod
1355 2041 1548 2101 neque
1585 2041 1786 2096 morS,

231 2139 435 2198 neque
473 2123 597 2181 vita
608 2166 627 2196 ,
659 2126 794 2194 etc„
833 2124 1113 2197 poterunt
1140 2136 1251 2179 nos
1287 2136 1560 2196 separare
1588 2135 1625 2177 a
1651 2118 1788 2177 cha-

232 2218 408 2276 ritate
436 2217 559 2287 Dei,
602 2234 736 2292 quae
778 2218 947 2276 estin
981 2218 1208 2276 Christo
1250 2217 1519 2276 Domino.
1547 2238 1575 2273 ιο
1621 2216 1787 2274 Unde

231 2314 432 2387 potuit
473 2312 726 2388 quilibet
752 2313 1001 2371 istorum
1045 2310 1291 2385 figurari
1328 2312 1392 2369 in
1443 2311 1639 2382 Ethai,
1682 2309 1787 2385 qui

237 2405 392 2465 dixit
419 2407 498 2465 ad
522 2406 707 2464 David
733 2422 937 2480 regem
958 2404 1017 2464 ⁸:
1051 2426 1080 2459 α
1110 2405 1262 2463 Vivit
1285 2404 1590 2476 DominuS,
1618 2408 1676 2463 et
1703 2404 1788 2462 vi-

231 2502 326 2559 vit
366 2501 650 2571 Dominus
677 2516 845 2558 meus
885 2502 1045 2557 Rex:
1094 2498 1380 2573 quoniam
1406 2498 1470 2555 in
1498 2513 1788 2572 quocum-

235 2610 360 2669 que
385 2594 522 2654 loco
549 2593 751 2666 fueris,
782 2593 1026 2651 Domine
1053 2592 1135 2650 mi
1164 2594 1310 2661 Rex,
1337 2592 1459 2649 sive
1485 2592 1549 2649 in
1574 2595 1787 2662 morte,

207 2689 364 2748 =sive
399 2688 464 2746 in
497 2689 655 2760 vita,
706 2687 795 2745 ibi
836 2687 945 2745 erit
976 2702 1179 2745 servus
1221 2689 1376 2744 tuus,
1420 2705 1451 2741 r
1493 2684 1585 2743 Sic
1630 2685 1791 2742 enim

238 2783 428 2841 sancti
467 2781 719 2857 apostoli
768 2780 963 2839 dicere
1015 2783 1335 2855 potuerunt
1375 2796 1520 2838 vero
1574 2777 1789 2850 David,

241 2877 497 2936 Domino
531 2875 841 2936 salvatori.
877 2878 1024 2934 Nam
1057 2878 1256 2934 Petrus
1296 2874 1445 2933 dixit
1479 2876 1501 2910 ⁸
1547 2893 1565 2932 ε
1600 2896 1628 2927 «
1655 2874 1792 2933 Ani-

241 2988 406 3030 mam
431 2988 627 3030 meam
645 2987 868 3046 ponam
886 2988 997 3046 pro
1015 2973 1091 3030 te.
1117 2990 1146 3026 n
1177 2970 1392 3029 Paulus
1421 2974 1619 3028 autem
1637 2969 1719 3027 ait
1733 2969 1788 3025 ⁸:

252 3066 434 3125 «Mihi
451 3068 650 3125 vivere
668 3066 925 3126 Christus
952 3069 1057 3134 est,
1085 3070 1141 3124 et
1154 3065 1308 3124 mori
1334 3065 1586 3136 lucrum,
1604 3084 1632 3117 ι)
1663 3067 1718 3121 et
1734 3064 1756 3099 ⁷
1772 3083 1791 3118 ε

253 3160 480 3235 «Cupio
511 3160 778 3232 dissolvi,
794 3165 852 3219 et
876 3176 1002 3218 esse
1029 3175 1168 3218 cum
1190 3159 1438 3217 Christo.
1458 3177 1489 3215 n
1522 3157 1630 3228 Qui
1659 3161 1796 3214 sunt

243 3255 432 3314 hodie
453 3255 656 3314 fideles
683 3255 929 3327 Christo,
959 3254 1066 3330 qui
1102 3254 1292 3329 parati
1331 3256 1465 3310 sunt
1503 3252 1655 3310 mori
1682 3267 1794 3327 pro

245 3352 498 3422 Christo,
524 3351 769 3427 quando
797 3366 909 3426 pro
945 3350 1071 3423 ejus
1099 3365 1302 3409 amore
1328 3363 1453 3408 non
1479 3362 1797 3423 possumus

244 3445 373 3520 pati
398 3445 627 3504 verba?
672 3445 784 3515 Qui
810 3460 935 3502 non
960 3444 1203 3502 sustinet
1228 3442 1412 3500 verba
1427 3486 1447 3513 ,
1485 3439 1795 3517 quomodo

247 3542 512 3612 portaret
554 3539 755 3597 mortis
796 3536 1133 3613 supplicia?
1175 3534 1476 3609 Numquid
1509 3535 1636 3607 nix,
1674 3535 1797 3592 sive

247 3648 372 3703 ros,
401 3632 709 3690 sustineret
737 3632 891 3705 ignis
919 3631 1214 3700 incendia,
1245 3646 1379 3704 quae
1405 3628 1664 3687 calorem
1691 3644 1798 3687 ne-

249 3727 479 3800 queunt
517 3726 640 3801 pati
686 3725 870 3783 solis?
910 3726 957 3783 Ο
1006 3722 1333 3782 Christiana
1386 3720 1688 3793 confusio,
1744 3724 1801 3780 et

247 3820 611 3894 sempiterno
651 3819 835 3893 digna
869 3817 1222 3894 opprobrio,
1261 3834 1399 3892 quoe
1439 3832 1565 3875 non
1609 3818 1803 3890 potest

246 3912 376 3990 pati
405 3929 516 3988 pro
544 3912 797 3972 Christo!

416 4110 532 4188 DE·
586 4112 655 4193 S.
718 4111 1006 4187 MARIA
1066 4102 1638 4188 MAGDALENA.

700 4265 956 4329 SERMO
1000 4265 1290 4328 PRIMUS
1316 4268 1361 4326 ὅ.

332 4386 788 4458 Quemadmodum
815 4386 1088 4444 desiderat
1115 4400 1296 4443 cervus
1323 4382 1398 4441 ad
1433 4387 1609 4455 fontes
1637 4399 1804 4455 aqua-

253 4498 405 4553 m,
423 4484 510 4537 ita
534 4480 808 4537 desiderat
837 4483 1024 4537 anima
1049 4494 1169 4536 mea
1196 4478 1270 4534 ad
1289 4482 1358 4550 te,
1386 4480 1524 4534 Deus
1542 4477 1583 4534 ⁹.
1614 4477 1803 4546 Quam

255 4577 494 4637 ardenti
516 4575 833 4649 desiderio,
874 4592 1058 4651 quam
1090 4573 1362 4647 flagranti
1400 4569 1699 4643 incendio,
1742 4587 1806 4629 se

257 4670 614 4746 magdalena
657 4670 737 4728 ad
783 4670 1074 4729 Christum
1125 4666 1400 4726 habuerit
1416 4707 1437 4736 ,
1490 4664 1622 4739 quis
1672 4663 1807 4722 ullis

260 4765 559 4840 exprimat
582 4763 780 4838 dignis
804 4763 1046 4822 verbis?
1089 4764 1233 4820 Nam
1260 4759 1454 4834 primo
1484 4774 1559 4837 ex
1585 4772 1805 4831 magno

259 4860 596 4933 desiderio,
625 4858 888 4934 odioque
927 4857 1173 4933 peccati,
1211 4855 1291 4914 ad
1322 4853 1546 4913 fontem
1582 4851 1810 4911 miseri-

262 4955 485 5015 cordiae
505 4953 828 5026 sitibunda,
850 4953 1013 5011 velut
1028 4964 1234 5010 cervus
1249 4949 1328 5008 ad
1349 4948 1596 5020 fontem,
1618 4945 1807 5020 venit3

330 5078 348 5112 ¹
375 5077 517 5141 Sar„
545 5075 598 5126 in
634 5076 733 5129 vit.
768 5077 940 5127 Sanct.
965 5099 1026 5111 -
1053 5076 1075 5108 ⁸
1101 5072 1211 5135 Job,
1243 5084 1374 5136 xxu,
1405 5077 1481 5123 11.
1513 5097 1574 5109 —
1607 5072 1627 5101 ⁸
1656 5070 1811 5133 Rom„
1861 5050 1871 5060 ’

265 5160 398 5210 vin,
424 5149 483 5199 35
513 5150 568 5198 et
603 5158 713 5212 seq.
743 5172 802 5186 --
839 5147 861 5183 δ
889 5146 930 5197 ll
962 5146 1101 5211 aeq„
1132 5152 1218 5209 xit,
1249 5148 1330 5194 2t.
1357 5170 1419 5181 -
1443 5144 1465 5179 ⁸
1494 5144 1661 5203 loen„
1688 5152 1808 5205 xiii,

265 5224 347 5275 37.
385 5246 450 5260 -
491 5219 515 5255 ⁸
554 5218 763 5284 Ρὴῑιῑρ..
811 5230 857 5282 ι,
904 5222 984 5268 2¹.
1025 5242 1086 5253 -
1122 5216 1146 5252 ⁷
1185 5214 1337 5280 thid„
1374 5218 1453 5266 23.
1491 5240 1551 5253 -
1597 5213 1623 5250 ⁸
1663 5215 1812 5264 nuno
1849 5204 1857 5211 ‘

266 5299 321 5346 et
373 5292 616 5345 undecim
670 5296 948 5356 sequentes
985 5289 1141 5339 habet
1187 5300 1392 5354 quoque
1451 5286 1614 5339 codex
1655 5285 1813 5337 Assia.

3319 492 3437 553 573
3480 542 3491 551 .

1885 620 2079 680 fontes
2118 621 2521 697 lacrymarum
2559 620 2795 694 effudit,
2839 621 3058 698 quibus
3099 621 3436 680 Dominieos

1884 717 2068 792 pedes
2094 717 2258 788 lavit,
2287 718 2407 776 suis
2435 715 2666 792 capillis
2693 719 2948 791 extersit,
2975 721 3033 777 et
3071 717 3276 776 oscula
3319 715 3437 775 illis
3536 714 3544 721 ’

1887 811 2089 885 magni
2128 810 2350 869 amoris
2384 810 2695 886 impressit.
2740 814 2979 886 Propter
3016 811 3183 887 quod
3229 810 3437 870 audire

1885 904 2215 980 promeruit
2251 903 2329 963 ¹⁰:
2371 928 2399 958 «
2435 906 2821 964 Remittuntur
2859 906 2912 965 ei
2947 909 3187 982 peccata
3226 906 3435 979 multa,

1889 998 2176 1073 quoniam
2203 998 2408 1056 dilexit
2435 998 2708 1059 multum.
2733 1019 2761 1054 n

1959 1095 2056 1151 Est
2103 1092 2280 1165 igitur
2315 1092 2472 1150 circa
2516 1092 2876 1152 desiderium
2919 1093 3035 1152 hoc
3075 1093 3438 1168 notandum,

1891 1185 2058 1260 quod
2111 1188 2351 1262 propter
2402 1186 2520 1245 hoc
2570 1187 2825 1245 Christus
2879 1192 2964 1246 est
3011 1187 3442 1247 desiderandus

1891 1279 2056 1337 omni
2084 1282 2371 1354 tempore,
2401 1279 2479 1338 ab
2514 1281 2675 1338 omni
2715 1285 2908 1354 gente,
2949 1281 3012 1339 in
3052 1281 3215 1339 omni
3243 1298 3443 1340 neces-

1891 1374 2056 1431 sitate
2075 1416 2093 1446 ,
2124 1372 2188 1431 in
2218 1373 2383 1431 omni
2424 1374 2810 1449 prosperitate
2829 1419 2848 1448 ,
2895 1374 2957 1432 in
2986 1376 3151 1434 omni
3178 1376 3441 1434 adversi-

1891 1468 2030 1539 tate,
2061 1482 2135 1524 ex
2161 1467 2325 1525 omni
2353 1460 2558 1543 parte:
2591 1485 2663 1526 eo
2688 1469 2853 1544 quod
2874 1470 3003 1545 ipse
3031 1475 3117 1529 est
3143 1470 3442 1529 desidera-

1892 1559 2030 1618 bilis
2052 1560 2228 1631 visui,
2254 1565 2321 1618 ut
2346 1561 2420 1617 sit
2443 1561 2671 1619 homini
2702 1562 3011 1621 delectatio
3058 1563 3120 1621 in
3149 1562 3441 1636 vidend03

1894 1656 1980 1712 est
2006 1652 2417 1713 desiderabilis
2446 1656 2697 1729 auditui,
2727 1659 2793 1715 ut
2815 1657 2888 1714 sit
2914 1656 3223 1715 delectatio
3253 1656 3314 1714 in
3344 1672 3444 1715 au-

1894 1746 2051 1819 ditu3
2090 1751 2176 1807 est
2224 1748 2634 1808 desiderabilis
2670 1750 2892 1823 sensui,
2937 1749 3060 1809 sive
3097 1750 3328 1824 gustui,
3380 1753 3446 1808 ut

1894 1839 1967 1899 sit
1989 1841 2216 1900 homini
2242 1842 2553 1902 delectatio
2581 1843 2645 1902 in
2685 1843 2999 1917 gustand0.
3030 1844 3191 1902 Dicat
3215 1859 3357 1916 ergo
3387 1845 3444 1900 et

1896 1941 2030 1994 ante
2079 1937 2282 1994 omnia
2328 1936 2713 2010 Magdalena,
2781 1943 2839 1996 et
2877 1937 3127 2012 quilibet
3178 1938 3446 1995 nostrum

1897 2047 2034 2089 cum
2080 2047 2152 2090 ea
2182 2049 2197 2089 ε
2245 2031 2542 2105 Desidet-0,
2585 2031 2851 2103 Domine,
2902 2034 2958 2089 te
3012 2031 3237 2089 videre.
3292 2031 3450 2089 Sicut

1895 2126 2058 2183 enim
2082 2124 2353 2183 naturale
2386 2129 2471 2182 est
2496 2142 2798 2183 summum
2824 2125 3056 2183 bonum
3085 2123 3444 2197 desiderare,

1895 2221 1977 2278 sic
1995 2224 2053 2277 et
2072 2219 2409 2278 desiderare
2430 2220 2767 2294 conspicere
2787 2236 3087 2278 summum
3099 2219 3444 2294 pulchrum:

1894 2314 2056 2371 visus
2101 2314 2261 2372 enim
2303 2314 2648 2372 naturaliter
2694 2313 3017 2372 delectatur
3059 2313 3122 2371 in
3172 2313 3444 2389 pulchro·

1896 2409 2060 2466 Unde
2087 2408 2291 2467 omnia
2317 2407 2598 2467 animalia
2625 2414 2950 2483 sequuntur
2976 2408 3348 2482 pantheram,
3385 2410 3451 2467 ut

1896 2502 2138 2560 videant
2166 2502 2293 2573 ejus
2320 2501 2824 2576 pulchritudinem
2846 2501 2906 2560 ¹¹.
2922 2505 3062 2560 item
3085 2502 3238 2560 miro
3261 2500 3447 2560 modo

1898 2595 2101 2670 aquila
2119 2595 2463 2666 delectatur,
2490 2595 2636 2654 dum
2657 2595 2798 2653 solis
2815 2594 3310 2670 pulchritudinem
3328 2597 3452 2652 tue·

1898 2692 2015 2748 tur.
2046 2688 2374 2747 Delectatur
2395 2693 2451 2747 et
2462 2688 2789 2764 plurimum
2817 2686 2975 2746 visus
2998 2687 3280 2761 hominiS,
3302 2688 3449 2746 dum

1899 2783 2097 2840 virens
2113 2787 2372 2857 pratum,
2401 2787 2455 2840 et
2468 2782 2644 2841 flores
2659 2781 2965 2857 conspicit3
2987 2787 3045 2840 et
3062 2782 3210 2840 dum
3228 2797 3449 2863 purum

1901 2881 1958 2934 et
1976 2876 2206 2934 clarum
2220 2876 2530 2952 speculum
2541 2868 2826 2950 intuetur,
2844 2876 3270 2935 delectabiliter
3287 2876 3450 2932 visus

1900 2971 2057 3029 acies
2083 2974 2410 3046 reparatur.
2440 2975 2509 3029 Et
2530 2970 2579 3028 si
2609 2970 2691 3028 sic
2728 2969 2981 3028 delectat
2997 2970 3312 3044 pulchrum
3329 2969 3447 3027 hoc

1901 3065 2231 3140 corporale,
2254 3065 2401 3140 quid
2413 3065 2730 3139 pulchrum
2754 3064 2931 3123 efficit
2957 3064 3298 3139 spirituale?
3328 3067 3384 3121 et
3400 3063 3451 3121 si

1902 3159 2155 3218 delectat
2171 3160 2367 3217 visum
2389 3159 2545 3217 hunc
2565 3159 2938 3233 corporalem
2958 3157 3049 3217 sol
3059 3159 3163 3217 iste
3180 3158 3452 3216 materia·

1901 3254 1997 3325 lis,
2025 3256 2317 3329 quantum
2346 3253 2597 3311 delectat
2622 3253 2818 3311 visum
2847 3253 3057 3311 animae
3085 3251 3451 3327 spiritualem

1903 3349 1993 3406 sol
2011 3347 2367 3423 spiritualis?
2393 3350 2448 3406 et
2464 3347 2510 3405 si
2520 3350 2683 3405 tanta
2697 3351 2782 3405 est
2800 3346 3180 3421 pulchrItudo
3201 3346 3263 3403 in
3280 3360 3446 3403 cunc-

1905 3443 1976 3500 tis
1998 3446 2197 3501 creato
2225 3442 2342 3500 hoc
2369 3441 2521 3514 sole,
2542 3444 2765 3516 quanta
2781 3443 2867 3499 est
2892 3441 2954 3497 in
2977 3439 3365 3510 Solecreante,
3395 3440 3454 3495 et
3558 3438 3559 3441 ’

1901 3535 2084 3593 rebus
2118 3534 2620 3610 pulchritudinem
2662 3533 2880 3592 dante?
2907 3535 3006 3590 Est
3033 3531 3213 3606 igitur
3246 3531 3449 3589 Salva-

1905 3632 1998 3686 tor
2018 3634 2234 3700 noster,
2252 3628 2327 3687 de
2357 3644 2480 3703 quo
2510 3628 2723 3686 dicitur
2744 3627 2788 3665 ¹¹
2818 3644 2833 3683 ε
2869 3644 2899 3680 (ι
2918 3628 2984 3684 ln
3011 3642 3192 3701 quem
3219 3624 3453 3683 deside-

1903 3729 2037 3783 rant
2064 3723 2260 3798 angeli
2299 3724 2672 3799 prospicere:
2706 3744 2736 3777 »
2773 3725 2829 3780 et
2856 3722 2906 3780 si
2946 3722 3166 3795 angeli,
3204 3721 3451 3791 constat,

1905 3819 2073 3893 quod
2092 3834 2300 3876 omnes
2322 3817 2701 3877 sancti.Unde
2722 3817 2949 3874 dictum
2967 3816 3129 3873 estin
3149 3817 3349 3887 Aqqaeo
3377 3813 3446 3871 ¹⁸:

1911 3912 2158 3970 «Veniet
2185 3911 2551 3970 desideratus
2578 3909 2800 3969 cunctis
2835 3909 3164 3983 gentibus»
3205 3912 3272 3967 Et
3296 3906 3345 3964 si
3367 3906 3452 3965 sic

1906 4012 1993 4066 est
2018 4005 2353 4064 desirabilis
2380 4005 2680 4076 omnibuS,
2713 4003 2965 4079 qualiter
3000 4003 3178 4061 Maria
3218 4000 3452 4076 Magda-

1905 4100 2047 4159 lena
2090 4098 2364 4158 ardebat!
2423 4098 2732 4173 quomodo
2769 4097 3086 4155 aestuabat!
3143 4095 3451 4170 quomodo

1907 4195 2035 4268 ejus
2060 4193 2276 4252 faciem
2308 4193 2511 4251 videre
2556 4191 2854 4267 cupiebat,
2898 4205 3032 4264 quae
3069 4194 3278 4264 praeter
3315 4204 3453 4246 eum
3506 4258 3511 4267 Ι

1908 4289 2059 4348 nihil
2081 4286 2245 4346 aliud
2273 4285 2607 4360 diligebat?
2632 4284 2795 4343 Unde
2823 4288 3053 4359 poterat
3079 4283 3272 4342 dicere
3300 4281 3455 4340 illud

1909 4385 2074 4441 Isaiae
2100 4383 2170 4439 ¹⁸:
2210 4400 2240 4435 α
2265 4379 2474 4439 Anima
2500 4394 2637 4438 mea
2666 4377 3023 4436 desideravit
3042 4381 3095 4435 te
3119 4377 3182 4435 in
3209 4378 3447 4446 nocte,»

1909 4477 1975 4535 id
2002 4485 2110 4548 est,
2149 4476 2295 4534 dum
2334 4474 2531 4533 adhuc
2574 4488 2761 4530 essem
2805 4472 2865 4529 iu
2897 4470 3457 4545 tenebris-peccato-

1909 4588 2067 4643 rum,
2096 4570 2219 4628 sive
2244 4570 2395 4627 inter
2426 4566 2696 4625 tenebras
2734 4564 3198 4623 mundanorum.
3237 4567 3304 4623 Et
3340 4564 3456 4623 hoc

1913 4666 2273 4725 desiderium
2289 4665 2478 4740 patuit
2496 4664 2557 4720 in
2576 4665 2781 4720 Ioanne
2799 4662 2862 4734 ¹¹⁵,
2873 4661 2977 4719 ubi
2991 4661 3138 4718 dum
3154 4664 3456 4719 mortuum

1911 4762 2193 4838 ploraret,
2240 4775 2277 4817 a
2302 4774 2506 4817 sorore
2535 4755 2799 4815 audivit:
2846 4774 2873 4809 α
2895 4754 3161 4829 Magister
3193 4755 3391 4813 adest:
3423 4775 3451 4809 n

1913 4855 2108 4917 statim
2132 4854 2325 4913 fratris
2352 4852 2558 4922 oblita,
2587 4848 2860 4921 surrexit,
2900 4855 2957 4907 et
2985 4849 3062 4907 ad
3088 4847 3313 4907 fontem
3350 4849 3460 4905 mi-

1914 4948 2250 5008 sericordioe
2276 4945 2485 5004 festina
2512 4944 2790 5003 cucurrit.
2832 4944 2977 5001 Vere
3003 4944 3235 5017 poterat
3260 4941 3457 5000 dicere

1916 5141 2181 5206 pantherae
2220 5139 2404 5191 dicitur
2443 5138 2508 5189 ab
2553 5136 2854 5198 Aristotele,
2902 5136 2992 5186 lib.
3033 5136 3126 5197 lx,
3164 5134 3229 5186 de
3267 5135 3457 5189 Hister.

1916 5213 2151 5277 animal„
2190 5226 2304 5277 cap.
2335 5222 2406 5273 vr,
2437 5225 2488 5275 p.
2531 5213 2579 5273 5,
2616 5214 2667 5259 et
2692 5208 2746 5258 in
2774 5204 3052 5270 Problem.,
3082 5218 3154 5271 iv,
3186 5210 3311 5258 sect.
3338 5218 3459 5272 1111,

1916 5300 1969 5350 p.
2012 5287 2060 5338 6.
2111 5285 2252 5335 idem
2299 5282 2422 5334 dicit
2466 5280 2724 5332 Plutarch.
2769 5280 2832 5330 de
2875 5279 3083 5331 solertia
3124 5278 3365 5342 animal„
3410 5284 3463 5331 et

267 5378 389 5418 πο.
433 5374 552 5415 xm.
581 5387 645 5400 —
679 5362 705 5398 ⁹
746 5360 884 5413 Psal.
924 5373 1039 5418 xm,
1073 5362 1120 5411 2.
1158 5387 1223 5399 —
1259 5360 1300 5394 ¹·
1331 5359 1468 5421 Luc„
1499 5370 1603 5422 vn,
1635 5360 1713 5410 47.
1751 5383 1815 5395 —
1921 5356 2071 5421 Ptin„
2119 5355 2206 5408 lib.
2257 5352 2356 5419 m,
2390 5352 2524 5405 Hist.
2558 5353 2726 5402 natur.
2767 5377 2832 5389 —
2875 5346 2915 5385 ²²
2953 5351 2971 5400 1
3011 5351 3168 5417 Pelva,
3207 5363 3255 5416 1,
3295 5353 3370 5402 12.
3398 5376 3463 5388 —

265 5439 310 5475 ¹¹
359 5438 474 5490 Hoc
513 5434 578 5485 de
630 5433 789 5485 odore
799 5471 819 5499 ,
868 5445 975 5484 uon
1024 5433 1088 5484 de
1129 5432 1302 5482 colore
1324 5434 1411 5482 aut
1437 5429 1812 5495 pulchritudine

1919 5431 1963 5465 ¹⁸
1985 5430 2141 5494 2199„
2171 5439 2241 5492 ιι,
2269 5430 2317 5479 8.
2346 5451 2407 5463 -
2434 5424 2474 5459 ¹⁴
2504 5422 2625 5487 Ιεα..
2664 5430 2815 5485 xxvr,
2843 5424 2891 5474 9.
2922 5447 2986 5460 ·-
3010 5424 3052 5458 ¹⁸
3075 5427 3245 5484 σοαπ..
3270 5434 3351 5486 xl,
3380 5423 3460 5473 28.
