4059 6317
640 461 762 523 m

635 593 1730 669 hrieertaminevicigottaademsibi
1755 612 1996 655 omnem
2017 595 2179 654 illius

635 688 1371 765 exercitumsubjugavitt
1403 690 1769 749 namethoc
1807 691 2077 763 signnm,
2120 694 2182 747 st
2280 693 2459 763 strat3
2487 690 3502 769 nam,sicutineodemdieitnr¹:

633 781 976 841 vulneratos
1011 787 1213 856 sana,
1253 788 1312 843 et
1351 782 1688 843 debilitatos
1721 784 1984 843 roborat.
2015 783 2179 843 Unde

636 876 784 935 dum
825 876 935 935 filii
972 877 1150 936 lsrael
1190 878 1269 936 ab
1308 878 1506 951 ignitis
1541 877 1912 953 serpentibus
1944 877 2179 936 morde-

634 975 836 1029 rentur
871 972 914 1043 ¹,
938 976 1302 1047 proeceptum
1325 972 1436 1030 suit
1459 972 1644 1047 Hoysi
1656 1014 1677 1045 ,
1710 976 1776 1031 ut
1811 971 2027 1030 taceret
2061 988 2178 1030 ser·

634 1068 874 1139 pentem
899 1081 1166 1137 oeneum,
1198 1082 1381 1141 quem
1406 1082 1518 1142 pro
1547 1067 1718 1140 signo
1751 1067 1817 1125 in
1849 1066 2013 1139 tigno
2052 1083 2179 1125 sus-

633 1158 957 1234 penderet,
999 1175 1186 1234 quem
1228 1160 1375 1219 dum
1431 1161 1724 1219 vulnerati
1772 1161 2173 1233 attenderent,

632 1260 998 1315 sanarentur.
1044 1259 1294 1330 Serpens
1335 1271 1535 1315 aenens
1579 1256 2027 1315 similitudinem
2068 1257 2177 1315 ha-

631 1348 780 1406 bens
806 1348 1119 1423 serpentis,
1168 1364 1290 1407 non
1335 1353 1535 1407 tamen
1577 1350 1805 1408 habens
1843 1366 2173 1420 venenum,

633 1440 740 1499 tuit
773 1443 1030 1502 Christus
1055 1458 1173 1501 non
1201 1443 1430 1501 habens
1462 1448 1800 1518 peccatum,
1829 1444 1935 1501 sed
1970 1443 2177 1501 simili·

631 1535 902 1594 tudinem
920 1536 1113 1595 carnis
1139 1536 1383 1609 peccati.
1406 1537 1563 1595 Sicut
1583 1537 1759 1609 igitur
1776 1537 1863 1595 illi
1881 1537 2175 1596 vulnerati

632 1646 671 1689 a
693 1630 1084 1705 serpentibus,
1103 1630 1468 1689 sanabantur
1495 1631 1576 1689 ad
1600 1631 1760 1689 illius
1786 1631 2070 1706 serpentis
2087 1647 2183 1690 as-

630 1729 906 1801 pectum3
935 1726 1020 1786 sic
1060 1727 1246 1786 modo
1288 1729 1549 1803 percussi
1591 1745 1629 1787 a
1673 1728 2046 1787 daemonibus
2087 1744 2175 1786 sa·

631 1822 866 1892 nentur,
899 1824 956 1879 et
974 1820 1362 1881 fortificantur
1388 1837 1498 1896 per
1525 1821 1836 1880 Christum.
1860 1821 2020 1879 Unde
2048 1821 2175 1895 ipse

633 1912 775 1972 dicit
798 1917 862 1971 ²:
899 1932 929 1967 α
955 1914 1115 1973 Sicut
1156 1917 1382 1990 Hoyses
1427 1915 1702 1973 exaltavit
1744 1918 2076 1989 serpentem
2111 1913 2175 1972 in

634 2005 899 2078 deserto,
924 2007 1009 2065 sic
1037 2008 1280 2067 exaltari
1317 2012 1549 2083 oportet
1583 2008 1777 2066 filium
1804 2008 2063 2065 hominis
2091 2026 2110 2063 ε
2139 2027 2169 2063 ιι

633 2099 757 2159 imo
783 2100 962 2174 longe
989 2102 1212 2176 magis5
1242 2102 1386 2177 quia
1412 2101 1498 2160 ibi
1541 2105 1765 2160 tantum
1803 2101 1915 2160 fuit
1945 2101 2172 2174 figura,

631 2193 727 2251 hic
754 2194 968 2252 veritas
995 2211 1166 2269 pura.
1199 2195 1360 2254 Unde
1402 2195 1505 2253 ille
1542 2210 1814 2270 serpens,
1853 2212 1928 2253 ex
1961 2196 2174 2254 virtute

630 2286 808 2358 hujus
861 2289 1179 2362 serpentis,
1226 2289 1504 2347 virtutem
1557 2288 1767 2347 habuit
1818 2289 2171 2348 sanativam.

635 2380 794 2439 Unde
835 2381 1047 2440 dicitur
1073 2384 1138 2440 ⁸:
1174 2398 1203 2435 α
1226 2381 1336 2451 Qui
1377 2381 1539 2439 enim
1577 2382 1657 2440 ad
1695 2398 1835 2441 eum
1879 2387 2177 2442 converte-

631 2474 841 2545 batur,
870 2491 995 2533 non
1019 2492 1127 2550 per
1148 2476 1294 2547 hoo,
1324 2475 1493 2549 quod
1518 2475 1800 2546 videbat,
1828 2477 2173 2551 sanabatur,

632 2568 741 2627 sed
781 2584 889 2642 per
923 2572 978 2627 te
1013 2569 1283 2627 omnium
1321 2569 1693 2628 salvatorem.
1737 2591 1766 2627 n
1797 2572 1887 2630 Ad
1920 2571 2174 2631 litteram

631 2663 846 2737 legitur
872 2664 946 2724 de
982 2665 1089 2724 illo
1131 2670 1430 2741 serpente,
1476 2667 1644 2740 cujus
1686 2667 1868 2727 virtus
1904 2674 2028 2728 erat
2069 2686 2175 2745 per

630 2757 789 2816 hunc
814 2774 1042 2818 sanare.
1074 2759 1223 2830 Quia
1260 2760 1438 2834 igitur
1471 2760 1587 2819 hoc
1625 2761 1863 2835 signum
1903 2764 2175 2823 vulnera-

631 2854 723 2910 tos
748 2858 937 2923 sanat,
967 2869 1075 2928 per
1097 2868 1465 2928 consequens
1492 2871 1594 2913 eos
1613 2854 1830 2927 firmat,
1857 2860 1914 2915 et
1939 2856 2017 2915 ab
2045 2858 2175 2917 bel-

630 2945 879 3005 landum
897 2947 1162 3005 roborat.
1190 2950 1338 3006 Dum
1365 2948 1525 3006 enim
1548 2948 1742 3007 fidelis
1761 2950 1929 3009 miles
1957 2951 2170 3011 ducem

629 3039 896 3097 suumin
925 3055 1096 3097 cruce
1137 3041 1513 3100 vulneratum
1551 3042 1743 3114 videt,
1784 3043 1937 3103 miro
1984 3045 2171 3106 modo

628 3133 946 3191 roboratur
973 3132 1051 3191 ad
1079 3133 1327 3192 bellum.
1367 3135 1695 3193 Bernardus
1721 3138 1744 3173 ¹*
1774 3155 1789 3194 ε
1826 3158 1854 3193 α
1880 3140 1939 3196 Si
1974 3140 2172 3213 passio

630 3226 861 3286 Domini
892 3226 972 3284 ad
998 3227 1351 3286 memoriam
1377 3233 1706 3302 revocetur,
1735 3230 1882 3291 nihil
1909 3236 2029 3290 tam
2059 3234 2172 3292 du-

629 3338 792 3394 rum,
837 3322 1002 3396 quod
1030 3338 1152 3381 non
1192 3339 1367 3397 seque
1411 3323 1611 3382 animo
1646 3326 1946 3385 toleretur.
1989 3327 2172 3387 Valde

628 3414 787 3473 enim
830 3415 1048 3473 milites
1092 3416 1346 3474 animosi
1389 3417 1564 3499 fiunt,
1601 3419 1745 3477 dum
1785 3420 1849 3478 in
1883 3422 2173 3481 vexillum

627 3509 784 3582 regis
811 3509 1013 3567 vident
1034 3514 1089 3568 et
1113 3510 1440 3569 intendunt.
1472 3532 1499 3568 n
1544 3516 1609 3571 Et
1645 3513 1761 3572 hoc
1799 3515 1937 3573 satis
1974 3522 2171 3590 aperte

629 3601 870 3673 dicitur,
914 3602 1019 3661 ubi
1065 3602 1278 3676 legltur
1304 3606 1326 3640 ⁸
1359 3623 1374 3662 :
1410 3623 1440 3659 α
1467 3609 1535 3664 Et
1579 3608 1718 3665 dato
1759 3609 1844 3666 eis
1877 3609 2050 3682 signo
2095 3612 2171 3670 de

628 3695 924 3768 adjutorio
957 3697 1086 3769 Dei,
1117 3697 1242 3772 ipse
1273 3698 1397 3756 dux
1418 3700 1480 3758 in
1505 3701 1699 3774 prima
1728 3702 1852 3760 acie
1879 3705 2174 3763 commisit

625 3788 855 3847 bellum
886 3808 899 3847 z
925 3794 982 3847 et
1008 3790 1162 3849 facto
1191 3791 1304 3849 sibi
1334 3792 1600 3863 adjutore
1625 3796 2060 3870 omnipotente,
2084 3800 2173 3857 in-

625 3883 976 3942 terfecerunt
997 3883 1120 3942 fere
1143 3886 1595 3960 quatuordecim
1621 3890 1812 3948 millia
1834 3890 2169 3966 hominum,

627 3984 684 4038 et
721 3981 983 4056 reliquos
1019 3982 1222 4056 fugere
1263 3986 1694 4059 compulerunt.
1725 4008 1754 4043 n
1791 3992 1939 4062 Ergo
1982 3992 2173 4049 crucis

625 4073 859 4146 signum
888 4081 972 4134 est
1007 4076 1453 4137 vulneratorum
1500 4081 1767 4140 omnium
1808 4084 2168 4157 sanativum,

626 4171 682 4225 et
723 4168 918 4227 omnis
960 4169 1280 4229 debilitatis
1318 4178 1375 4231 et
1399 4173 1758 4248 impotentioe
1786 4176 2168 4237 firmativum.

697 4265 917 4333 Quarto
958 4263 1194 4337 signum
1218 4266 1405 4327 erucis
1440 4272 1527 4327 est
1550 4269 1785 4342 signum
1814 4273 2174 4334 ambulanti·

626 4356 740 4414 hus
780 4361 838 4414 et
869 4358 1312 4431 proficientibus
1357 4360 1756 4436 intelligentias
1799 4366 2167 4429 directivum.

626 4449 1010 4508 Ambulantes
1046 4452 1203 4510 enim
1242 4470 1397 4528 saepe
1436 4455 1677 4516 deviant
1715 4463 1772 4517 et
1796 4460 2094 4534 aberrant,
2122 4464 2173 4523 si

627 4560 850 4615 cruces,
877 4560 1010 4620 quae
1033 4550 1333 4618 ponuntur
1351 4549 1414 4605 in
1441 4549 1553 4606 viis
1579 4550 1641 4607 in
1660 4553 1859 4611 multis
1881 4557 2170 4629 partibus,

626 4652 750 4695 non
776 4638 1114 4712 attendant3
1144 4641 1229 4697 sic
1265 4642 1425 4700 viam
1452 4643 1532 4702 ad
1558 4646 1809 4718 patriam
1835 4650 2040 4721 nescit,
2066 4652 2171 4727 qui

627 4746 864 4789 crucem
889 4731 1252 4791 Dominicam
1291 4749 1414 4792 non
1450 4738 1710 4797 attendit.
1756 4741 1916 4800 Unde
1957 4744 2172 4804 dicitur

625 4824 1005 4899 presbyteris,
1042 4842 1298 4901 querum
1334 4833 1419 4887 est
1455 4831 1586 4888 aliis
1612 4833 1772 4891 viam
1806 4837 2071 4909 praebere
2099 4841 2169 4897 ⁸.

635 4935 664 4970 α
691 4920 1011 4992 Proeparate
1049 4919 1214 4977 viam
1257 4923 1392 4980 ante
1442 4938 1669 4999 omnes,
1699 4947 1727 4982 ιο
1761 4927 1909 4987 alios
1934 4935 2167 4991 antece-

629 5009 849 5083 dendo,
889 5030 917 5066 α
943 5014 1002 5069 et
1025 5011 1270 5086 plenum
1294 5013 1465 5073 facite
1499 5016 1608 5075 iter
1619 5037 1638 5091 ς
1689 5040 1717 5075 n
1750 5020 1828 5080 de
1861 5023 1960 5082 via
1989 5025 2171 5084 offen-

628 5102 828 5164 dicula
848 5107 1237 5179 removendo,
1272 5128 1302 5164 et
1329 5112 1389 5168 et
1408 5109 1596 5171 levate
1624 5113 1860 5188 signum
1877 5118 1956 5176 ad
1978 5134 2171 5194 popu-

694 5255 903 5316 'Num.,
941 5268 1053 5323 xxi,
1081 5259 1192 5310 Get
1217 5272 1325 5325 seq
1363 5286 1408 5297 -
1447 5261 2170 5336 ².Joan,111,14.-⁸Sap.,

631 5335 739 5385 xvi,
765 5329 809 5375 Ἰ.
833 5352 894 5365 --
917 5329 1069 5380 (Μὴ.
1098 5330 1158 5377 de
1180 5331 1322 5381 Pace.
1355 5332 1495 5382 Dom.
1503 5348 1590 5397 ‚.c
1623 5348 1758 5386 λων.
1779 5340 1948 5389 -ῑΙΙ
1980 5341 2166 5403 Maeli..

631 5401 870 5464 1111,15.
907 5426 968 5438 —
1009 5403 1476 5469 ⁸1·s·a.,1.1111,10.
1521 5406 2078 5476 -2Jm,xxx,2i.

1638 459 2057 528 SERMONES
2094 459 2199 526 DE
2238 458 2588 527 saneris.
2630 459 2844 527 mn.

2280 594 2393 654 los.
2420 616 2450 651 ι
2502 596 2671 655 ldem
2706 597 2945 671 signnm
2978 596 3175 656 σιπύη
3209 598 3297 657 eis
3334 598 3549 658 meta
3584 599 3837 660 dem

3534 712 3569 749 ι
3594 697 3725 753 an
3748 702 3839 756 αἱ

2282 783 2900 855 via,etnonestalia
2936 788 3147 859 praeter
3186 786 3409 860 ipsam.
3446 810 3480 841 ι
3515 790 3837 848 Nonnedi-

2283 877 2454 935 cit⁸.
2492 877 3003 950 «agommviar
3034 897 3065 934 n
3098 880 3401 938 Nonnein
3442 881 3837 942 eodemdici·

2281 971 3115 1044 unnulzgosumostium,
3144 973 3835 1051 etquidimdeinnat,

2280 1064 2817 1124 t'nretlatmest?
2858 1085 2889 1120 ι
2929 1065 3836 1145 Quidigitnrtrustmquidam

2281 1163 2552 1234 quierunt
2572 1158 2689 1217 sibi
2708 1159 2867 1218 viam
2889 1159 2969 1218 ad
2987 1159 3240 1234 patriam
3262 1177 3373 1235 per
3392 1162 3723 1235 mundum,
3740 1167 3838 1224 vel

2280 1252 2493 1311 mnndi
2539 1252 2806 1323 divitias3
2850 1253 3102 1327 quidam
3149 1269 3259 1328 pa·
3302 1257 3501 1314 carnis
3552 1256 3834 1331 deiieins;

2281 1345 2531 1421 quidam
2550 1362 2657 1421 per
2676 1347 2977 1405 honorum
2996 1347 3342 1407 eminentias
3356 1352 3388 1408 Ἰ
3414 1353 3657 1410 Frustn
3675 1352 3839 1411 laho-

2279 1444 2433 1511 rant,
2460 1440 2565 1514 qui
2591 1455 2771 1513 supra
2798 1444 3027 1514 petram
3052 1442 3380 1513 seminant,
3408 1445 3555 1518 qnia
3598 1461 3731 1503 non
3756 1451 3841 1505 cst

2278 1530 2528 1592 hoec'via
2562 1532 2642 1591 ad
2683 1535 3109 1606 regnum,scd
3150 1536 3350 1609 potius
3390 1538 3475 1595 ad
3510 1537 3836 1599 inim-num.

2280 1630 2484 1685 Nonne
2508 1626 2718 1685 stultus
2748 1632 2918 1700 esset,
2948 1628 3077 1702 qui,
3118 1629 3169 1686 si
3206 1630 3389 1688 vellet
3413 1633 3747 1692 ascendere
3776 1636 3839 1692 in

2278 1724 2563 1791 montem,
2591 1724 2817 1779 teneret
2841 1722 3004 1780 viam
3028 1721 3422 1783 deducentem
3460 1726 3546 1784 ad
3568 1727 3840 1786 vallem?

2279 1814 2438 1885 Quis,
2466 1813 2579 1871 nisi
2604 1814 2836 1886 stultus,
2859 1815 3069 1875 volens
3086 1832 3225 1874 cum
3242 1816 3583 1877 festinantia
3607 1821 3701 1878 ire
3724 1824 3841 1880 Ro-

2280 1923 2463 1979 mam,
2488 1905 2651 1967 viam
2676 1911 2874 1967 teneat
2900 1908 3215 1968 ducentem
3240 1910 3304 1969 in
3337 1914 3677 1986 Franciam,
3704 1932 3842 1989 qum

2278 2016 2513 2075 semper
2536 2001 2780 2074 elongat
2802 2018 2841 2061 a
2865 2004 3057 2062 Roma
3071 2007 3101 2062 ‘i
3126 2008 3276 2064 Cum
3299 2005 3483 2079 igitur
3508 2008 3613 2065 via
3647 2011 3841 2067 oeum’s

2277 2093 2426 2152 nihil
2452 2095 2670 2153 haheat
2710 2096 2823 2154 nisi
2858 2113 3157 2171 asperum,
3184 2104 3257 2157 aet
3283 2100 3411 2158 hnc
3447 2101 3586 2159 sola
3621 2103 3699 2159 sit
3736 2105 3840 2162 via

2279 2190 2657 2265 adregnum,
2694 2195 2873 2251 restat
2910 2194 3243 2253 necessario
3284 2211 3413 2254 esse
3436 2198 3837 2271 ponendum,

2280 2284 2448 2359 quod
2483 2285 2681 2344 omnis
2705 2286 2838 2358 via,
2891 2303 3026 2361 qum
3051 2287 3227 2347 dulce
3250 2289 3483 2348 bonum
3523 2291 3838 2365 sequitur,

2279 2393 2403 2437 non
2456 2395 2729 2438 amarum
2748 2422 2769 2452 ,
2828 2379 3068 2441 ductiva
3114 2382 3190 2440 sit
3231 2383 3314 2442 ad
3357 2383 3683 2443 infernum.
3750 2387 3839 2443 Si-

2280 2472 3010 2549 cutenimomnisaqua
3050 2475 3559 2547 fluminisintrat,
3601 2478 3840 2536 etfini-

2281 2565 2459 2623 turin
2500 2581 2697 2640 mai-03
2724 2568 2806 2625 sic
2835 2571 2943 2639 est,
2970 2571 3039 2627 ut
3063 2569 3206 2627 dicit
3234 2570 3559 2629 Richardns
3602 2570 3669 2644 ⁸⁰,
3698 2588 3839 2630 om-

2280 2658 2423 2717 nino
2437 2676 2695 2731 necesse,
2715 2664 2778 2719 ut
2797 2661 2993 2721 omnis
3004 2663 3268 2722 humana
3286 2663 3541 2723 dulcedo
3552 2666 3842 2725 termine-

2278 2757 2374 2811 tur
2400 2754 2463 2812 in
2488 2755 2900 2814 amaritudine.
2933 2756 3089 2826 Quid
3115 2757 3275 2816 enim
3310 2760 3505 2817 morte
3531 2760 3837 2832 amarius,

2280 2852 2469 2907 morte
2495 2848 2715 2907 scilicet
2739 2865 2873 2924 quse
2896 2850 3161 2909 secunda
3186 2851 3419 2925 dicitur,
3436 2857 3496 2911 et
3512 2868 3838 2929 nunquam

2278 2943 2517 3001 finitur?
2542 2945 2655 3002 Sed
2688 2960 2823 3019 quoe
2843 2948 2931 3004 est
2952 2945 3074 3004 vita
3097 2946 3161 3005 in
3184 2948 3434 3018 mundo,
3463 2964 3599 3023 quae
3618 2952 3840 3010 mortis

2277 3036 2529 3095 termino
2572 3053 2697 3095 non
2734 3038 3086 3098 claudatur?
3128 3041 3269 3110 Quae
3314 3041 3365 3098 si
3402 3042 3465 3099 in
3505 3042 3839 3103 dulcedine

2280 3129 2533 3203 ducitur,
2562 3147 2686 3189 non
2710 3132 2907 3190 solum
2933 3138 3122 3193 morte
3149 3136 3415 3207 corporis
3428 3178 3449 3208 ,
3482 3137 3592 3195 sed
3631 3142 3839 3198 morte

2278 3226 2615 3299 gehennali,
2643 3244 2777 3302 quse
2803 3233 2889 3285 est
2913 3230 3285 3302 gravissima,
3306 3232 3679 3290 terminatur.

2348 3324 2526 3394 Ergo,
2550 3320 2776 3394 tratres,
2804 3337 2928 3380 non
2954 3323 3298 3383 laboremus
3319 3324 3385 3381 in
3411 3341 3633 3383 vanum
3646 3370 3666 3392 ,
3698 3342 3837 3386 non

2277 3434 2389 3478 nos
2399 3418 2656 3494 decipiat
2680 3418 2795 3477 hoc
2822 3420 3053 3478 bonum
3077 3424 3359 3491 creatum,
3382 3419 3525 3494 quia
3536 3419 3709 3478 nulla
3724 3421 3839 3480 via

2279 3516 2399 3574 alia
2438 3522 2525 3575 est
2561 3516 2641 3574 ad
2679 3532 2956 3591 regnum,
2988 3513 3101 3572 nisi
3144 3528 3255 3587 per
3280 3512 3593 3571 Dominum
3632 3517 3836 3574 cruci-

2278 3611 2485 3669 fixum.
2515 3610 2680 3670 Unde
2710 3626 2850 3668 cum
2874 3612 3110 3667 sanctus
3136 3606 3467 3666 Franciscus
3505 3607 3710 3666 multis
3734 3609 3837 3668 la—
3918 3630 4043 3672 sn·-

2278 3705 2497 3779 erymis
2533 3704 2647 3762 sibi
2682 3704 2842 3762 viam
2870 3702 3075 3761 salutis
3099 3718 3138 3761 a
3172 3705 3292 3760 Deo
3320 3705 3511 3761 oraret
3549 3702 3797 3760 ostendi
3816 3744 3837 3773 ‚
3866 3691 3954 3746 θ’·

2278 3798 2500 3856 librum
2528 3797 2772 3872 accepit,
2795 3813 2977 3871 quem
2995 3796 3077 3855 ad
3096 3796 3211 3855 hoe
3232 3800 3510 3869 posuerat
3528 3795 3591 3853 iu
3616 3795 3837 3870 altari3

2279 3907 2461 3966 quem
2496 3907 2633 3949 cum
2675 3891 3034 3965 aperuisset,
3060 3892 3128 3947 ut
3147 3889 3378 3948 videret
3402 3889 3545 3964 quid
3581 3889 3705 3948 sibi
3728 3906 3844 3950 oc-

2281 3990 2537 4045 curreret
2554 3988 2612 4042 et
2632 3985 2784 4060 quid
2802 3983 2916 4041 sibi
2931 3983 3213 4042 Dominus
3240 3983 3693 4056 demonstraret,
3715 3988 3845 4045 Do-

2280 4081 2495 4138 minica
2528 4079 2724 4153 passio
2760 4077 2873 4137 sibi
2917 4078 3113 4153 primo
3142 4079 3411 4137 occurrit.
3438 4080 3706 4154 Cumque
3754 4097 3843 4139 ne

2279 4190 2422 4232 casu
2465 4175 2582 4232 hoc
2617 4178 2769 4232 esset
2803 4172 3052 4243 factum,
3098 4171 3361 4230 secundo
3401 4176 3460 4230 et
3490 4173 3664 4232 tertio
3706 4174 3845 4234 hoc

2278 4268 2520 4335 fecisset,
2554 4283 2790 4342 semper
2811 4266 2927 4324 sibi
2970 4265 3133 4324 idem
3173 4266 3444 4326 occurrit.
3471 4270 3631 4325 Tunc
3656 4267 3845 4328 intel-

2278 4362 2420 4421 lexit
2452 4360 2543 4419 vir
2586 4361 2726 4432 Dei,
2754 4359 2919 4434 quod
2965 4374 3090 4418 non
3134 4364 3258 4417 erat
3293 4359 3411 4418 alia
3448 4359 3550 4418 via
3592 4361 3843 4434 saleth,

2280 4471 2462 4530 quam
2502 4453 2814 4513 dominicoe
2840 4452 3132 4527 passionis
3171 4455 3233 4510 et
3267 4452 3474 4510 erucis.
3506 4456 3660 4527 Ergo
3688 4453 3843 4515 licet

2279 4549 2633 4608 concludere
2648 4590 2668 4620 ,
2708 4548 2877 4622 quod
2914 4548 3104 4607 crucis
3140 4546 3423 4606 vexillum
3460 4552 3547 4606 est
3584 4548 3841 4622 signum

2278 4642 2721 4718 proficientibus
2748 4641 3119 4700 directivum.

2349 4738 2561 4808 Quinto
2590 4752 2736 4795 crux
2763 4736 2970 4795 Christi
2996 4740 3083 4794 est
3105 4735 3346 4809 signum
3360 4736 3843 4797 amantihnsmi-

2279 4832 2607 4893 sericordioe
2656 4829 3097 4907 promissivum.
3126 4830 3185 4888 Si
3221 4830 3381 4889 enim
3409 4834 3450 4876 ¹²
3476 4850 3506 4883 ι
3528 4833 3837 4927 majorem

2278 4928 2619 4987 charitatem
2641 4942 2819 4985 nemo
2846 4926 3045 4998 habet,
3076 4931 3143 4985 ut
3158 4926 3423 4986 animam
3440 4943 3614 4987 snam
3635 4919 3838 5004 ponat

2279 5025 2413 5100 quis
2440 5039 2550 5099 pro
2579 5020 2784 5080 amicis
2809 5022 2950 5092 suis,
2968 5039 2997 5074 n
3027 5025 3225 5095 patet,
3252 5021 3419 5095 quod
3437 5021 3691 5081 multum
3706 5039 3834 5082 nos

2280 5118 2518 5190 amavit,
2549 5117 2655 5193 qui
2676 5132 2792 5191 pro
2819 5113 2994 5173 nobis
3015 5129 3251 5173 crucem
3268 5115 3557 5173 sustinuit.
3576 5119 3835 5177 Bernar-

2280 5213 2391 5272 dus
2421 5213 2500 5269 ¹²:
2539 5230 2567 5266 α
2594 5212 2753 5270 Patet
2777 5224 2946 5268 amor
2971 5207 3169 5267 cordis
3192 5224 3301 5285 per
3326 5208 3574 5269 vulnera
3599 5226 3831 5286 corpo-

2282 5342 2503 5401 ‘loan.,
2547 5351 2653 5402 xiv,
2692 5341 2739 5389 6.
2785 5364 2846 5376 -—
2880 5335 3082 5400 ⁸1bid.,
3126 5348 3183 5397 x,
3226 5341 3271 5388 l.
3307 5362 3370 5376 -
3406 5339 3451 5374 ¹⁰
3486 5339 3719 5391 mamni.
3757 5366 3831 5381 .-

2279 5415 2318 5453 ¹¹
2345 5414 2506 5476 leam,
2534 5414 2725 5477 xv,13.
2744 5437 2800 5449 —
2827 5410 2872 5448 ²⁸
2896 5410 3070 5474 Bam„
3095 5408 3146 5460 in
3175 5409 3342 5474 sant„
3371 5424 3529 5465 serm.
3550 5422 3658 5476 m,
3684 5425 3739 5465 n.
3766 5416 3825 5469 4,
