4059 6317
1046 446 1290 515 FERIA
1328 446 1411 513 111
1453 443 1649 512 POST
1691 440 2023 510 PASCUA.
2068 444 2332 515 SERMO
2382 448 2431 515 1.

184 583 452 649 Dominus
470 584 538 649 in
568 585 785 650 medio
808 584 1105 665 civitatis,
1130 584 1199 649 id
1223 586 1319 649 oet
1344 581 1640 648 Ecclesiae
1658 624 1678 656 ,

184 691 262 756 vel
285 691 504 757 animae
532 713 549 757 ε
579 696 646 758 et
677 692 823 758 ideo
849 693 988 776 ipsa
1013 710 1144 757 non
1170 688 1681 758 commovebitur

184 798 532 880 admalnm,
572 819 722 884 quae
769 818 884 883 per
929 799 1202 881 gratiam
1246 800 1679 863 conservatur.

185 906 331 972 Sicut
363 908 530 972 enim
571 908 828 990 lignum
868 908 1018 973 vitae
1051 907 1120 971 in
1167 905 1375 971 medio
1406 901 1685 988 paradisi

188 1013 354 1079 vitam
374 1020 646 1094 naturae,
666 1016 758 1081 sic
776 1015 1058 1081 Christus
1081 1014 1280 1081 vitam
1297 1012 1525 1096 gratia?
1544 1029 1687 1075 con-

188 1125 363 1186 servat
387 1121 407 1157 ¹
431 1144 447 1185 :
478 1146 509 1183 α
529 1122 819 1204 Lignum
843 1120 993 1188 vitae
1010 1121 1080 1187 in
1099 1121 1306 1186 medio
1334 1118 1628 1204 paradisi.
1655 1139 1687 1178 n

187 1226 295 1292 Hoc
325 1229 575 1311 lignum
617 1230 773 1296 vitae
823 1247 953 1294 non
996 1230 1262 1311 gustant
1299 1227 1690 1311 quicumque

189 1336 242 1399 in
264 1338 535 1420 paradiso
560 1337 707 1403 coeli
737 1355 868 1404 non
906 1340 1058 1403 sunt
1094 1354 1209 1420 per
1250 1335 1562 1400 mundam
1586 1332 1690 1401 vi-

188 1446 321 1524 am,
346 1445 453 1511 sed
485 1447 700 1530 potins
725 1447 793 1510 in
822 1443 1070 1509 stabulo
1113 1442 1347 1508 diaboli
1388 1443 1540 1508 sunt
1578 1457 1695 1522 per

191 1552 473 1633 putridam
489 1553 694 1620 vitam
711 1554 736 1588 ⁸
755 1575 772 1618 ε
800 1576 833 1613 ιι
849 1551 1697 1635 computrueruntjumenta

190 1657 249 1722 in
267 1662 522 1724 stercore
549 1676 693 1740 sun,
728 1681 761 1720 ι
789 1663 911 1724 etc.

13 1828 16 1855 ,
258 1765 331 1831 De
367 1766 643 1833 secundo
673 1770 696 1807 ⁸
727 1784 745 1830 ε
787 1789 819 1829 α
856 1764 1002 1831 Vidi
1038 1767 1280 1847 septem
1322 1761 1700 1827 candelabra

13 1880 16 1979 J
195 1891 386 1950 aurea,
414 1877 477 1939 et
510 1874 582 1938 in
627 1873 841 1939 medio
890 1877 1133 1956 septem
1176 1869 1702 1936 candelabrorum

13 2074 16 2081 p
31 1987 174 2091 m
196 1998 506 2046 aureorum
540 1980 818 2046 similem
860 1980 994 2044 filio
1039 1978 1340 2043 hominis.
1384 1998 1416 2036 n
1448 1975 1702 2060 Septem

3210 458 3332 521 225

1790 580 2000 663 magis
2067 584 2284 648 autem
2343 583 2700 650 timendum
2755 591 2851 653 est
2904 585 3277 654 hominibus
3308 611 3329 669 ;

1793 687 2075 753 maxime
2132 694 2350 755 autem
2393 691 2816 759 daemonibus.
2859 693 3095 776 Angeli
3138 699 3332 778 sunt,

1793 794 1908 876 qui
1946 795 2099 860 boni
2142 802 2293 861 sunt
2335 816 2450 881 per
2481 800 2793 882 gratiam3
2842 800 3138 867 homines
3154 850 3176 882 ,
3226 802 3341 886 qui

1795 908 2058 984 peccant
2105 922 2219 986 per
2266 906 2698 987 ignorantiam
2735 931 2752 988 ;
2807 909 3167 990 daemone8‚
3227 910 3343 993 qui

1797 1013 2060 1093 peccant
2087 1029 2199 1093 per
2233 1012 2563 1079 malitiam.
2610 1014 2704 1080 Dii
2730 1020 2947 1082 autem
2973 1035 3103 1082 non
3129 1017 3343 1083 solum

1798 1117 2058 1200 perfecti
2087 1119 2361 1203 intelligi
2388 1126 2677 1205 possunt,
2709 1122 3002 1190 Psalmus
3027 1125 3050 1162 ⁸
3087 1144 3103 1187 ε
3150 1147 3183 1186 α
3206 1125 3345 1209 Ego

1799 1224 1935 1289 dixi
1969 1225 2109 1290 :Dii
2142 1228 2317 1309 estis,
2364 1250 2398 1288 ι)
2448 1230 2560 1295 sed
2594 1230 2785 1296 etiam
2837 1232 3096 1315 perfecti
3148 1246 3349 1317 appa-1

1801 1337 2036 1414 rentes,
2082 1337 2146 1399 et
2182 1340 2468 1419 potentes
2481 1384 2500 1417 ,
2536 1343 2601 1404 et
2627 1340 2939 1423 sapientes
2958 1387 2974 1419 ‚
3005 1342 3070 1406 et
3095 1340 3344 1421 divites,

1804 1459 1967 1526 quos
2009 1443 2080 1506 in
2121 1430 2364 1509 mundo
2391 1444 2512 1511 isto
2541 1446 2837 1513 homines
2871 1450 2948 1512 ut
2973 1448 3124 1514 deos
3160 1467 3353 1516 vene·

1805 1553 2053 1629 rantur,
2083 1569 2246 1634 quos
2267 1552 2593 1619 daemones
2614 1555 2776 1637 igne
2800 1554 3152 1639 iniquitatis
3178 1575 3350 1641 saepe

1807 1657 2199 1723 succendunt
2219 1660 2279 1726 ⁹:
2312 1683 2343 1722 α
2357 1661 2678 1727 Dederunt
2702 1662 2853 1728 deos
2879 1680 3106 1729 eorum
3131 1663 3295 1747 igni.
3310 1688 3342 1727 ι»

1809 1763 1975 1830 Deus
2017 1784 2216 1849 erge,
2248 1771 2311 1832 et
2348 1768 2483 1850 hic,
2519 1772 2584 1834 et
2619 1771 2689 1834 in
2724 1770 2977 1853 future,
3025 1773 3093 1838 in
3138 1775 3351 1841 medio

1809 1871 1961 1937 deos
2004 1872 2278 1953 dividat,
2319 1875 2474 1941 dum
2512 1877 2712 1942 bonos
2736 1896 2776 1943 a
2800 1878 2987 1942 malis
3027 1878 3351 1946 discernit.

1814 1977 1991 2044 Unde
2010 1980 2056 2020 ¹⁰
2084 2002 2101 2047 ε
2128 2003 2160 2042 α
2177 1980 2318 2046 Fiat
2342 1983 2823 2051 firmamentum
2846 1988 2915 2051 in
2941 1986 3151 2052 medio
3168 2006 3359 2071 aqua-

32 2110 178 2155 ιωι.
196 2088 535 2154 candelabra
557 2107 758 2154 aurea
792 2092 1033 2172 septem
1073 2090 1275 2151 status
1317 2085 1386 2147 in
1429 2082 1706 2149 Ecclesia

197 2196 526 2277 significare
550 2199 841 2280 possunt.
876 2194 1133 2261 Primus
1154 2196 1250 2258 est
1285 2190 1704 2276 parvulorum

196 2303 664 2388 baptizatorum;
739 2301 1055 2369 secundus
1074 2350 1099 2381 ,
1170 2302 1701 2384 conjugatorum3

198 2413 414 2492 tertius,
441 2413 826 2490 viduarum3
854 2414 1146 2494 quartus,
1177 2408 1511 2490 virginum
1540 2405 1707 2471 elec-

197 2518 414 2599 torum3
443 2520 734 2604 quintus,
768 2518 1147 2583 clericorum
1175 2514 1536 2594 minorum;
1572 2530 1711 2578 sex-

198 2628 316 2705 tus»,
349 2627 796 2710 praelatorum3
844 2625 1153 2708 septimus
1166 2673 1184 2704 ,
1231 2623 1707 2705 religiosorum.

201 2730 265 2797 ln
285 2734 377 2799 his
404 2735 687 2819 *statibus
715 2734 871 2799 boni
911 2734 981 2798 in
1019 2732 1296 2798 Ecclesia
1333 2730 1707 2796 illuminan-

199 2844 311 2923 tur,
339 2849 399 2910 et
421 2844 789 2910 illuminant
813 2842 1165 2926 proximos,
1194 2841 1366 2907 unde
1392 2845 1455 2906 et
1479 2840 1710 2904 cande-

198 2947 356 3016 labra
395 2952 723 3032 dicuntur3
769 2950 1216 3015 illuminantur
1258 2968 1300 3013 a
1344 2948 1471 3015 Deo
1488 2998 1507 3028 ,
1541 2947 1714 3013 unde

199 3056 369 3124 facies
386 3062 548 3143 eJ’ns‚
574 3059 692 3144 qui
719 3059 788 3122 in
815 3057 1025 3123 medio
1052 3056 1582 3122 candelabrorum
1611 3056 1714 3121 vi-

201 3163 463 3246 debatur,
490 3168 667 3234 sicut
691 3164 788 3233 sol
811 3164 834 3200 ⁸
868 3164 1010 3229 fuit.
1058 3164 1303 3229 Revera
1343 3164 1438 3227 sol
1476 3163 1715 3228 illumi-

201 3290 348 3339 nans
369 3275 583 3354 bonos,
619 3273 911 3339 Christus
938 3276 1053 3337 est.
1091 3270 1236 3353 Sed,
1269 3271 1431 3337 heu!
1476 3270 1571 3336 sol
1599 3270 1719 3336 iste

201 3398 306 3461 per
326 3386 451 3449 tres
480 3385 675 3450 horas
707 3381 1004 3447 occubuit
1037 3382 1110 3444 in
1135 3381 1424 3464 passione
1462 3380 1716 3446 Christi.

201 3485 312 3554 Per
335 3495 454 3557 tres
478 3492 695 3571 horas,
733 3494 863 3554 tres
898 3492 1117 3553 aetates
1149 3489 1488 3553 hominum
1514 3488 1564 3552 si
1571 3488 1718 3569 gni-

201 3594 362 3660 ficari
385 3600 668 3681 possunt,
690 3595 1024 3679 juveniliS,
1049 3595 1272 3675 virilis,
1304 3595 1542 3660 seniliS.
1569 3592 1722 3672 Qui-

201 3719 460 3788 cumque
483 3723 646 3788 ergo
672 3722 787 3788 per
814 3707 941 3768 tres
966 3702 1158 3767 horas
1173 3750 1192 3782 ‚
1222 3702 1285 3767 id
1323 3706 1419 3766 est
1453 3720 1569 3786 per
1593 3705 1724 3766 tres

200 3813 433 3893 aetates,
462 3813 534 3877 in
560 3811 843 3877 tenebris
879 3810 1186 3875 vitiorum
1225 3813 1407 3891 sunt,
1456 3810 1723 3892 signum

200 3925 326 4002 est,
355 3922 518 4006 qnod
544 3921 614 3987 in
647 3922 740 3987 eis
764 3918 1048 3986 christus
1086 3919 1517 4001 crucifigatur.
1565 3917 1726 3984 Boni

200 4044 351 4110 ergo
374 4033 541 4109 sunt,
565 4029 638 4093 in
664 4045 946 4113 quorum
975 4025 1186 4092 medio
1214 4026 1309 4090 sol
1329 4026 1451 4090 iste
1477 4043 1606 4090 non
1629 4043 1727 4090 oc-

198 4134 410 4199 cubuit
430 4137 493 4200 ⁸:
536 4159 568 4197 α
603 4134 791 4200 Stetit
818 4133 1041 4217 utique
1080 4132 1175 4197 sol
1203 4132 1275 4196 in
1311 4132 1518 4197 medio
1550 4132 1688 4197 coeli
1700 4179 1725 4212 ,

199 4257 328 4306 non
353 4242 664 4307 festinavit
691 4241 1097 4319 occumbere,
1129 4261 1162 4300 υ
1196 4243 1316 4305 etc.
1348 4238 1458 4305 Sol
1491 4239 1562 4303 in
1590 4258 1728 4305 me·

198 4346 302 4413 dio
332 4349 466 4415 coeli
504 4353 680 4415 stans
707 4347 1009 4415 omnibus
1053 4351 1149 4412 est
1187 4348 1547 4413 communis
1580 4370 1595 4413 ι
1640 4348 1730 4413 sic

199 4459 262 4519 et
285 4455 582 4522 Christus.
611 4454 975 4520 Bernardus
1002 4460 1026 4496 ⁸
1057 4476 1074 4518 ι
1117 4477 1149 4516 ιι
1191 4454 1330 4522 Νοιι
1372 4455 1729 4521 dissimule-

199 4580 373 4644 mus,
397 4584 521 4631 non
546 4581 972 4630 excusemus:
1010 4563 1080 4626 in
1108 4562 1315 4628 medio
1345 4569 1473 4643 est,
1518 4565 1727 4631 omni·

202 4669 321 4735 bus
358 4691 422 4738 se
444 4672 730 4738 Christus
754 4670 1053 4736 offerens,
1086 4692 1117 4729 n
1234 4689 1240 4696 ·

280 4780 372 4846 De
407 4782 585 4846 tertio
609 4830 629 4862 ,
676 4779 973 4845 Psalmus
998 4778 1061 4840 ⁷:
1100 4801 1130 4840 α
1159 4778 1232 4843 In
1263 4778 1471 4844 medio
1518 4783 1733 4844 autem

203 4886 366 4953 Deos
404 4888 724 4972 dijudicat.
769 4908 801 4946 n
836 4885 1053 4951 Glossa
1091 4908 1108 4949 ε
1145 4908 1189 4953 α
1233 4885 1540 4951 Discernit
1582 4903 1736 4952 vasa

204 4993 330 5059 alia
373 4996 438 5060 in
474 4997 786 5063 honorem
806 5043 824 5076 ,
857 4993 983 5058 alia
1013 4991 1085 5056 in
1111 4992 1591 5072 contumeliam,
1622 4992 1736 5058 ubi

202 5102 292 5166 dii
338 5102 784 5186 dijudicantur.
812 5122 845 5161 n
883 5098 1268 5165 Timendum
1310 5103 1407 5165 est
1447 5097 1731 5181 angelis3

277 5228 455 5297 ’δεμ
489 5244 552 5297 n,
590 5235 637 5283 9.
662 5257 727 5269 -
758 5232 785 5267 ²
813 5230 957 5293 leel„
997 5241 1046 5291 1,
1085 5231 1241 5279 17.—
1271 5229 1292 5263 ⁸
1316 5228 1467 5292 Apoc.
1495 5229 1738 5287 1,13.—

204 5298 230 5334 ⁸
256 5300 405 5363 ibid„
430 5306 505 5354 16.
525 5330 588 5341 -
613 5304 637 5339 Ι
659 5302 788 5357 sos..
810 5313 866 5364 x,
887 5302 966 5351 13.
988 5324 1050 5337 -—
1075 5298 1098 5334 ⁸
1118 5301 1272 5350 Bern.
1290 5323 1354 5337 -
1369 5299 1394 5335 ⁷
1415 5298 1537 5347 Prae
1557 5308 1736 5361 Lxxxi,

211 5371 257 5422 1.
284 5396 352 5411 -
372 5371 561 5435 ⁸1bid.,
588 5377 637 5425 6.
669 5398 729 5412 -
757 5374 779 5406 ⁸
807 5373 928 5434 Im„
954 5383 1156 5435 mvn,
1189 5375 1267 5422 19.
1293 5396 1357 5407 —
1378 5370 1420 5405 ¹⁸
1446 5370 1591 5431 Gen„
1619 5380 1658 5431 1,
1686 5370 1736 5417 6.

211 5468 268 5479 -
306 5444 350 5480 ¹¹
376 5444 499 5496 Pal.
522 5456 671 5510 xxiv,
702 5448 782 5496 u.
809 5470 872 5482 —
897 5443 938 5479 ¹²
968 5444 1205 5508 Gregor„
1230 5438 1436 5505 uorat„
1463 5439 1554 5491 lib.
1581 5439 1740 5503 XXV,

441 5552 584 5601 1¹08·
625 5550 771 5599 xm.

1814 2105 1983 2167 rum,
2015 2091 2079 2153 et
2104 2088 2346 2155 dividat
2373 2109 2573 2174 aquas
2601 2092 2909 2177 ab'aquis.
2939 2116 2971 2155 ι
3000 2093 3121 2159 Ρει·
3146 2095 3362 2160 firma-

1816 2199 2108 2260 mentum
2134 2194 2443 2279 Christus,
2474 2197 2767 2266 Psalmus
2786 2201 2829 2237 ¹¹
2855 2222 2872 2266 :
2905 2225 2937 2265 α
2963 2200 3361 2268 Firmamen-

1816 2306 1960 2367 tum
1983 2306 2080 2367 est
2107 2302 2414 2369 Dominus
2439 2305 2812 2372 timentibus
2840 2326 2909 2372 se
2929 2328 2948 2390 ;
2971 2330 3002 2369 n
3032 2328 3150 2393 per
3162 2329 3365 2394 aquas

1816 2409 2202 2492 superioreS,
2237 2411 2426 2492 boni;
2460 2431 2575 2496 per
2600 2413 2955 2496 inferiores,
2988 2416 3141 2482 mali
3165 2418 3367 2499 signi-

1819 2518 2113 2583 ficantur.
2141 2516 2177 2582 J
2182 2517 2383 2600 udica,
2414 2520 2643 2600 homo,
2672 2523 3081 2607 temetipsum
3098 2572 3121 2606 ,
3150 2543 3234 2590 ne
3252 2527 3367 2607 Ju-

1820 2625 2069 2690 diceris.
2109 2625 2455 2710 Gregorius
2484 2630 2580 2694 ¹⁸:
2617 2652 2649 2692 α
2677 2629 2841 2696 Justi
2873 2631 3001 2696 viri
3040 2650 3190 2698 cum
3229 2633 3368 2698 dis-

1819 2732 2179 2798 trictionem
2246 2734 2449 2800 futuri
2509 2736 2744 2817 judicis
2812 2739 3327 2824 contemplantur
3344 2788 3365 2821 ,

1821 2846 2074 2924 peccata
2100 2860 2220 2907 sua
2246 2843 2326 2907 ad
2355 2845 2732 2910 memoriam
2760 2846 3107 2933 reducunt,
3136 2848 3369 2914 deflent

1820 2965 1969 3030 quae
2016 2951 2473 3017 commiserunt
2493 3000 2512 3033 ‚
2542 2951 2821 3019 districte
2848 2972 2916 3019 se
2935 2954 3259 3037 iudicant,
3288 2973 3372 3022 ne

1817 3051 2210 3134 judicentur.
2238 3076 2270 3114 n

1905 3158 1992 3225 De
2037 3161 2393 3242 quarto¹⁸t
2442 3160 2574 3225 «ln
2623 3161 2833 3244 gloria
2877 3180 2990 3229 ero
3026 3164 3098 3230 in
3154 3165 3368 3232 medio

1824 3269 1965 3349 ejus
1999 3288 2015 3332 ε
2045 3289 2076 3327 n
2112 3267 2399 3351 loquitur
2433 3268 2747 3335 Dominus
2777 3269 3150 3353 Jerusalem,
3194 3275 3261 3338 et
3283 3273 3372 3338 si-

1827 3373 2091 3457 gnificat
2134 3374 2311 3439 illam
2354 3394 2505 3460 quae
2540 3395 2803 3444 sursum
2840 3382 2957 3444 est.
2989 3378 3167 3446 Unde
3189 3378 3370 3446 Chri-

1826 3484 1963 3545 stus
1999 3481 2067 3546 in
2110 3482 2319 3547 medio
2364 3487 2731 3550 sanctorum
2767 3489 2831 3551 et
2859 3486 3243 3569 angelorum
3279 3493 3375 3555 est

1826 3589 2159 3654 divinitate
2197 3593 2261 3654 et
2294 3590 2711 3657 humanitate.
2761 3591 2938 3660 Unde
2963 3594 3011 3632 ¹⁸
3041 3616 3059 3660 t
3095 3618 3127 3658 α
3164 3594 3370 3662 Intro·

1828 3695 2157 3761 duxerunt
2191 3714 2406 3762 arcam
2439 3697 2551 3762 Dei
2572 3746 2591 3779 ,
2628 3703 2694 3764 et
2733 3706 3089 3784 posuerunt
3123 3719 3268 3769 eam
3304 3702 3376 3768 in

1827 3802 2043 3867 locum
2085 3821 2278 3868 suum
2314 3802 2385 3867 in
2425 3803 2636 3870 medio
2675 3806 3088 3874 tabernaculi.
3136 3830 3166 3872 n
3210 3811 3377 3875 Arca

1832 3927 2066 3994 corpus
2093 3909 2341 3992 Christi,
2364 3929 2531 3976 urna
2555 3930 2751 3979 aurea
2776 3908 2992 3980 anima
3019 3916 3100 3999 (a)
3121 3915 3372 3996 Christi,

1833 4038 2074 4085 manna
2106 4020 2503 4085 divinitatem
2542 4020 2883 4103 significat.
2916 4021 3180 4106 Propter
3205 4042 3371 4108 prae-

1832 4128 1997 4193 dicta
2026 4127 2192 4193 bene
2219 4126 2548 4192 invenitur
2572 4127 2856 4194 Christus
2887 4128 2955 4194 in
2995 4130 3205 4197 medio
3231 4132 3373 4197 ani-

1834 4234 2125 4315 malium,
2169 4235 2336 4299 sicut
2378 4234 2692 4319 pabulum
2713 4282 2732 4315 ,
2775 4236 2857 4302 ad
2892 4237 3378 4305 confortandum

1833 4360 1949 4425 per
1976 4341 2250 4424 gratiam
2273 4362 2291 4420 ;
2322 4339 2392 4404 in
2418 4341 2631 4407 medio
2658 4341 3012 4426 doctorum,
3042 4345 3123 4411 ad
3148 4345 3382 4411 illumi-

1834 4450 2123 4515 nandum
2151 4468 2266 4533 per
2292 4450 2703 4533 sapientiam;
2743 4451 2899 4517 item
2932 4453 3004 4518 in
3042 4454 3252 4521 medio
3275 4455 3377 4522 la-

1835 4562 2119 4637 tronum,
2154 4556 2235 4621 ad
2255 4557 2670 4640 judicandum
2702 4577 2819 4642 per
2835 4561 3174 4643 justitiam,
3204 4563 3377 4646 quod

1830 4664 2145 4748 judicium
2162 4665 2232 4728 in
2250 4664 2488 4729 eisdem
2506 4664 2855 4732 latronibus
2876 4669 3170 4751 apparuit
3186 4691 3204 4750 ;
3221 4669 3378 4737 item

1839 4772 1909 4835 in
1950 4770 2161 4835 medio
2187 4770 2658 4854 discipulorum,
2689 4772 2770 4837 ad
2797 4774 3285 4842 beatificandum
3307 4778 3378 4843 in

1839 4880 2048 4963 gloria
2084 4901 2100 4942 :
2147 4879 2214 4943 in
2256 4879 2469 4945 'medio
2516 4881 2691 4946 enim
2727 4881 2986 4949 illorum
3026 4886 3196 4951 stetit
3238 4890 3379 4970 post

1839 4988 2206 5052 evasionem
2251 4988 2462 5052 omnis
2503 4988 2801 5056 miseriae.
2854 4990 3132 5059 Possunt
3183 4994 3376 5058 etiam

1840 5095 2190 5179 significari
2242 5095 2386 5161 haec
2429 5101 2705 5179 quatuor
2743 5100 2814 5165 in
2855 5098 3016 5167 Filio
3051 5101 3332 5169 hominis
3352 5149 3373 5182 ‚

1841 5282 1889 5317 c.
1924 5281 2018 5329 vn,
2046 5268 2112 5319 al.
2141 5280 2214 5333 vr,
2243 5282 2299 5317 n.
2332 5270 2413 5327 1⁸,
2446 5268 2615 5333 quoad
2644 5281 2870 5321 sensum.
2891 5296 2948 5309 -
2979 5270 3018 5307 ¹⁸
3043 5271 3216 5335 Zac-h„
3246 5282 3305 5336 n,
3330 5276 3378 5326 5.

1840 5364 1906 5378 -
1940 5339 1976 5375 ⁸⁸
2004 5342 2045 5390 ll
2075 5341 2213 5405 Κεφ,
2234 5351 2310 5404 vi,
2332 5341 2412 5391 17.

1908 5439 2121 5504 (atha.
2151 5437 2394 5489 animam.

3061 5535 3141 5599 15
