4059 6317
715 470 845 540 ato

713 607 905 674 fletus
948 608 970 644 ¹
1010 625 1032 672 t
1079 629 1111 668 α
1144 606 1489 690 Absterget
1530 607 1699 674 Deus
1741 625 2005 674 omnem
2043 608 2258 691 laery-

714 734 912 796 mam,
946 736 980 777 ι
1008 718 1128 781 etc.
1162 713 1323 780 Item
1358 715 1538 782 locus
1576 716 1972 799 poenitentiae
2010 733 2144 781 non
2169 720 2266 782 est

711 823 783 888 in
804 823 1077 902 interno,
1107 823 1233 888 nisi
1262 822 1608 888 illiusmodi
1645 823 1725 889 de
1755 841 1888 907 quo
1915 823 2162 889 dietum
2185 825 2210 860 ¹
2241 846 2257 888 ε

723 929 953 997 «Intra
980 950 1050 998 se
1084 931 1529 1015 poenitentiam
1552 936 1845 1012 agentes,
1873 935 1937 997 et
1962 950 2100 1014 prae
2142 949 2260 996 an-

716 1040 933 1122 gustis
943 1040 1207 1123 spiritus
1220 1043 1610 1121 gementes.»
1628 1037 1872 1104 Sedilla
1888 1039 2267 1123 poenitentia

713 1151 811 1213 est
819 1147 1135 1230 gaudium
1154 1146 1404 1229 angelis
1421 1150 1683 1226 satanas,
1700 1147 1855 1229 quia
1869 1146 2268 1211 infructuosa

713 1259 832 1320 est.
870 1253 1051 1321 Unde
1075 1254 1425 1336 Gregorius
1452 1259 1475 1295 ⁸
1510 1277 1527 1320 ε
1582 1277 1615 1316 α
1649 1252 2070 1337 Nequaquam
2113 1256 2268 1317 tunc

714 1362 971 1428 veniam
1022 1362 1272 1428 invenlt
1291 1408 1311 1440 ‚
1352 1361 1470 1445 qui
1519 1360 1710 1426 modo
1758 1365 2014 1442 tempus
2057 1356 2268 1422 veniae

713 1471 945 1555 perdit.
974 1494 1006 1532 ιο
1028 1471 1141 1537 Est
1162 1470 1339 1537 locus
1362 1468 1752 1552 poenitentiae
1781 1468 1852 1533 in
1871 1465 2118 1532 mundo
2135 1483 2268 1530 non

713 1580 895 1645 omni
911 1584 1222 1664 tempore,
1244 1578 1356 1644 sed
1372 1584 1660 1668 tempore
1674 1574 2010 1659 praesentis
2029 1574 2183 1639 vitae
2200 1579 2224 1614 8
2243 1595 2259 1636 :

721 1711 754 1751 ι
773 1687 927 1754 Dedi
956 1688 1039 1771 (a)
1054 1688 1146 1753 illi
1169 1692 1451 1770 tempus,
1473 1691 1545 1752 ut
1558 1686 1997 1770 poenitentiam
2018 1685 2260 1765 ageret,

713 1801 775 1863 et
812 1815 945 1863 non
971 1796 1116 1862 vult
1138 1795 1473 1881 poenitere,
1508 1816 1540 1856 n
1579 1797 1698 1860 etc.
1731 1793 1779 1860 Ο
1814 1792 2009 1857 miser
2037 1807 2264 1873 pecca-

712 1909 847 1985 tor,
899 1922 1023 1988 age
1066 1905 1509 1990 poenitentiam
1562 1902 1753 1968 modo
1778 1949 1799 1978 ‚
1858 1900 2013 1984 quia
2063 1897 2266 1963 nescis

712 2013 1024 2097 quamdiu
1069 2012 1285 2078 locum
1305 2059 1323 2092 ‚
1388 2011 1494 2077 vel
1559 2009 1952 2094 poenitentiae
2007 2011 2268 2089 tempus

710 2119 978 2200 habeas,
1030 2138 1117 2185 an
1161 2137 1332 2199 cras,
1376 2137 1460 2184 an
1500 2118 1695 2184 hodie
1734 2115 1990 2196 veniat,
2036 2114 2152 2198 qui
2187 2113 2266 2177 de

710 2227 1085 2311 poenitentia
1107 2226 1404 2309 neglecta
1428 2229 1493 2291 te
1522 2225 1791 2308 Judicet.
1822 2224 1845 2259 ⁸
1874 2245 1905 2285 ι
1940 2221 2262 2287 Poeniten-

709 2336 867 2400 tiam
894 2353 1019 2418 age
1050 2357 1067 2400 ε
1093 2335 1155 2401 ’si
1181 2334 1553 2419 quominus,
1580 2332 1838 2402 veniam
1876 2330 1994 2395 tihi
2022 2328 2172 2405 cito,
2200 2331 2267 2393 et

710 2444 1016 2526 pugnabo
1060 2461 1210 2509 cum
1252 2442 1379 2507 iuis
1415 2440 1631 2525 gladio
1665 2439 1798 2505 oris
1835 2438 1985 2503 mei.
2020 2459 2052 2496 n
2099 2433 2263 2500 Vere

709 2554 860 2632 cite,
890 2554 1046 2637 quia
1068 2553 1233 2618 forte
1255 2550 1468 2631 hodie,
1497 2550 1603 2615 vel
1629 2566 1794 2615 cras.
1824 2545 2257 2628 Gregorius.
2193 2550 2257 2585 8·

718 2684 749 2723 α
777 2661 901 2739 Qui
938 2659 1271 2745 poenitenti
1308 2659 1385 2743 (b)
1417 2659 1678 2723 veniam
1713 2655 2080 2740 spopondit,
2112 2670 2259 2736 pec·

709 2767 885 2834 canti
906 2767 1077 2833 diem
1104 2767 1454 2833 crastinum
1474 2783 1607 2830 non
1637 2763 1950 2848 promisit.
1980 2783 2013 2822 n

790 2877 881 2943 De
904 2877 1182 2942 tertio'1:
1214 2900 1247 2939 α
1273 2876 1377 2941 An
1402 2875 1669 2957 ignoras
1693 2873 1870 2957 quod
1888 2871 2261 2952 benignitas

709 2983 821 3050 Dei
859 2984 942 3049 ad
980 2983 1421 3068 poenitentiam
1461 2987 1526 3047 te
1560 2980 1865 3046 adducit?
1894 2978 2264 3044 Secundum

709 3095 927 3158 autem
971 3092 1278 3158 duritiam
1324 3095 1544 3172 tuam,
1582 3093 1651 3154 et
1696 3086 2108 3172 impoenitens
2152 3103 2263 3152 cor

711 3200 1102 3265 themrizas
1127 3199 1286 3264 tibi
1269 3217 1461 3277 iram,
1486 3220 1518 3260 n
1549 3202 1671 3263 etc.
1705 3195 1795 3261 De
1817 3196 1938 3260 hac
1963 3193 2263 3276 benigni-

710 3311 843 3374 tate
865 3308 957 3372 ait
981 3307 1482 3391 Augustinus.
1408 3312 1480 3348 8·
1520 3329 1553 3369 ι
1576 3305 2013 3385 Quaecumque
2038 3318 2256 3367 neces·

710 3415 869 3480 sitas
889 3416 1067 3498 cogit
1102 3417 1499 3499 peccatorem
1539 3412 1619 3477 ad
1654 3409 2116 3496 poenitentiam,
2146 3426 2259 3473 ne-

711 3537 839 3606 que
866 3522 1151 3588 criminis
1192 3521 1611 3598 immensitas,
1641 3536 1853 3601 neque
1888 3516 2044 3582 vitae
2069 3532 2259 3581 enor-

710 3630 939 3709 mitas,
967 3645 1176 3714 neque
1202 3629 1384 3695 hora
1424 3627 1795 3693 extremitas
1837 3623 2122 3689 excludit
2143 3640 2260 3687 ve-

707 3737 911 3815 niam,
938 3738 994 3802 si
1018 3755 1186 3821 pura
1203 3737 1395 3803 tuerit
1414 3733 1766 3801 voluntatis
1790 3730 2249 3815 permutatio.»

710 3844 797 3910 De
835 3844 1122 3910 marinis
1156 3844 1583 3909 immensitate
1616 3843 1793 3924 patet
1827 3840 1894 3903 in
1928 3837 2117 3903 Petro
2149 3855 2262 3902 ne-

709 3957 943 4034 gante;
973 3952 1054 4018 de
1078 3951 1233 4018 vitae
1269 3948 1648 4016 enormitate
1689 3949 1865 4030 patet
1902 3945 1970 4009 in
1996 3944 2261 4027 Magda-

706 4060 887 4140 lena;
918 4059 999 4125 de
1022 4058 1203 4125 herai
1242 4056 1649 4122 extremitate
1690 4052 1905 4137 patet
1888 4070 1957 4116 ιιι
1985 4051 2255 4118 latrone.

709 4168 948 4253 Magn
995 4167 1407 4251 benignitas,
1453 4163 1628 4249 quod
1680 4164 1939 4246 peccata
1984 4178 2071 4225 ex
2124 4164 2259 4225 toto

709 4278 899 4345 eorda
948 4274 1310 4360 poenitentis
1354 4289 1489 4340 non
1532 4270 1743 4337 solum
1791 4286 1927 4334 non
1977 4267 2261 4333 vindicat

708 4403 935 4469 opere,
1001 4401 1209 4467 neque
1263 4382 1654 4465 improperat
1723 4394 1834 4443 ore
1857 4423 1880 4456 ‚
1942 4375 2076 4444 imo
2139 4392 2260 4441 nec

708 4493 1079 4564 recordatur
1111 4492 1300 4559 eorde
1335 4490 1417 4556 ad
1456 4489 1681 4555 odium
1705 4488 1733 4524 ⁹
1771 4508 1787 4550 ε
1838 4510 1872 4548 α
1910 4485 1979 4550 Si
2021 4484 2259 4567 impius

710 4601 921 4685 egerit
968 4598 1411 4685 poenitentism
1474 4597 1556 4662 ab
1619 4594 1923 4661 omnibus
1988 4591 2259 4673 peccatis

709 4709 874 4790 suis,
914 4730 946 4770 n
995 4710 1144 4788 etc„
1182 4723 1390 4789 usque
1436 4726 1451 4770 ε
1506 4727 1539 4766 α
1582 4720 1718 4769 ιιοιι
1767 4699 2169 4767 recordabor.
2216 4720 2250 4758 n

710 4815 892 4884 Hanc
945 4814 1415 4897 benignitatem
1466 4810 1635 4876 male
1692 4808 2005 4892 poenitens
2065 4806 2099 4872 J
2104 4807 2260 4873 udas

707 4923 1069 5008 ignoravit,
1103 4922 1183 4990 de
1216 4937 1347 5004 quo
1382 4919 1429 4956 ¹⁰
1462 4939 1479 4983 z
1525 4940 1555 4978 α
1593 4915 1976 4982 Poenitentia
1995 4915 2253 4996 ductus,

707 5032 929 5100 retulit
957 5029 1231 5113 triginta
1271 5028 1614 5109 argenteos
1634 5069 1652 5102 ‚
1700 5046 1731 5084 n
1779 5026 1929 5104 etc„
1975 5042 2186 5107 usque
2235 5046 2253 5087 ι

717 5166 748 5202 α
776 5139 1031 5240 Laqueo
1058 5156 1127 5204 se
1150 5134 1561 5230 suspendit.»

774 5257 2257 5369 ¹..Apoe111,.4—⁸Sap.,‚.v3-⁸Gregor.,'n

712 5336 1485 5417 Ειωσηιιοωηιιιιιμ-ι.
1511 5331 1736 5398 8Δροσ.,
1763 5331 2025 5395 11‚21.—
2053 5329 2256 5394 ⁸lbid.,

711 5413 795 5462 ¹6.
824 5409 1145 5473 -⁸Greg.,
1175 5404 1419 5470 ubisup.
1452 5414 1629 5470 prox„
1662 5415 1720 5454 n.
1765 5402 1815 5451 6.
1820 5366 2170 5509 ‚um-⁷⁸⁰¹&
2196 5412 2259 5467 ιι,

712 5485 814 5537 ⁴·5.
844 5506 908 5521 -
941 5480 966 5518 ⁸
1003 5483 1134 5547 Aug.
1164 5503 1222 5517 -—
1259 5475 1930 5542 Ezeche,xv1n,12.—
1990 5437 2255 5533 ’Nasum

1816 470 2236 539 SERMONES
2277 469 2379 540 DE
2419 463 2817 542 TEMPORE.

2452 609 2859 694 Dequarto¹¹
2890 631 2966 675 :c
3000 611 3362 691 Qnaeenim
3388 612 3896 682 seeundumtris-

2371 716 2511 782 titia
2525 721 2641 797 est,
2671 719 3112 800 poenitentiam
3136 721 3207 805 (c)
3236 722 3307 788 in
3333 722 3609 788 salutem
3628 724 3896 790 stabilem

2370 829 2694 907 operatur.
2710 847 2743 886 n
2760 823 2808 890 Ο
2829 845 3074 909 magna
3089 829 3484 912 poenitentiae
3502 831 3772 896 utilitas!
3791 830 3898 897 Per

2371 931 2809 1013 poenitentiam
2826 934 3003 998 enim
3025 952 3157 1000 non
3181 938 3395 1002 solum
3419 937 3669 1003 malum
3684 938 3894 1021 culpat,

2371 1037 2482 1102 sed
2505 1038 2698 1103 etiam
2726 1040 3007 1107 miseriae
3020 1045 3087 1107 et
3101 1043 3422 1125 gehennae
3448 1045 3797 1111 declinatur
3819 1049 3894 1109 ¹2:

2380 1167 2413 1206 α
2450 1143 2519 1210 Si
2564 1148 3006 1230 poenitentiam
3052 1151 3262 1232 egerit
3309 1169 3478 1233 gens
3524 1152 3638 1217 illa
3676 1171 3716 1217 a
3751 1152 3900 1217 malo

2371 1271 2514 1333 suo,
2536 1273 2734 1335 agam
2755 1258 2819 1320 et
2836 1274 2965 1339 ego
2991 1258 3435 1341 poenitentiam
3462 1279 3504 1325 a
3531 1260 3722 1340 malo,
3749 1262 3902 1344 quod

2372 1361 2834 1443 cogitaveram,
2864 1368 2938 1430 ut
2963 1366 3238 1432 facerem
3262 1366 3376 1433 eis.
3406 1389 3443 1428 n
3490 1367 3656 1434 Item
3685 1369 3904 1434 bonum

2374 1468 2602 1549 gratiae
2624 1475 2964 1553 praestatur
2986 1472 3031 1509 ¹⁸
3056 1494 3073 1537 ι
3100 1496 3131 1534 α
3156 1472 3334 1555 Ergo
3361 1477 3428 1540 et
3453 1475 3764 1556 gentibus
3785 1493 3906 1560 poe-

2370 1575 2708 1642 nitentiam
2753 1578 2927 1644 dedit
2972 1580 3140 1646 Deus
3180 1581 3265 1646 ad
3308 1582 3551 1662 vitam,
3605 1603 3639 1644 ι
3694 1582 3908 1649 scilieet
3977 1629 3980 1632 ι

2365 1685 2624 1763 gratiae.
2657 1683 2818 1750 Item
2840 1704 3124 1768 regnum
3145 1687 3375 1770 gloriae
3401 1689 3795 1755 acceleratur
3819 1689 3860 1725 ¹⁴
3884 1706 3901 1752 z

2380 1812 2413 1852 u
2438 1790 2886 1860 Poenitentiam
2921 1796 3136 1877 agite,
3165 1797 3715 1882 appropinquabit
3749 1798 3909 1863 vobis

2369 1915 2653 1981 regnum
2694 1900 3028 1966 coelorum.
3069 1923 3102 1962 n
3136 1901 3317 1968 Unde
3354 1907 3492 1968 tota
3529 1903 3707 1969 illius
3742 1903 3910 1986 regni

2369 2006 2553 2070 curia
2570 2007 2956 2089 laetiflcatur,
2984 2010 3149 2075 sieut
3168 2010 3273 2076 hic
3287 2011 3530 2077 dicitur
3549 2031 3572 2077 t
3603 2012 3910 2080 Gmtdimt

2370 2118 2464 2180 est
2488 2115 2739 2198 anystis
2761 2117 2908 2198 Dei,
2937 2120 3060 2182 etc.
3086 2115 3200 2184 Vae
3227 2118 3346 2198 eis,
3375 2118 3493 2202 qui
3531 2120 3730 2185 modo
3759 2137 3911 2202 gau·

2369 2221 2552 2286 dium
2600 2222 2853 2304 angelis
2907 2241 3039 2289 non
3083 2224 3328 2290 faciunt
3373 2227 3767 2309 poenitendo.
3812 2223 3912 2292 Vae

2367 2345 2527 2409 ergo
2557 2328 2642 2412 (d)
2678 2332 2792 2412 qui
2839 2349 2957 2398 suo
2998 2333 3237 2415 gaudio
3281 2335 3555 2416 angelos
3594 2354 3749 2402 suos
3789 2335 3912 2419 pri·

2370 2439 2526 2500 vant
2530 2438 3909 2524 ,poenitentiamrelinquendo.Bernardus¹⁸:

2378 2567 2411 2606 α
2435 2544 2977 2612 Exclamaverunt
3002 2549 3256 2630 angeli,
3287 2568 3440 2615 cum
3480 2551 3565 2616 ad
3610 2552 3913 2635 poeniten·

2370 2653 2530 2720 tiam
2559 2653 2899 2732 venimus,
2931 2657 3244 2739 tanquam
3273 2673 3468 2740 super
3502 2657 3624 2738 iis,
3656 2677 3815 2742 quos
3842 2658 3915 2724 ab

2368 2760 2510 2843 ipsa
2536 2760 2769 2826 inferni
2788 2766 2972 2843 porta
2995 2763 3344 2828 cernebant
3359 2768 3680 2831 revocari.
3707 2789 3738 2828 ι
3769 2766 3916 2844 Quid

2367 2885 2524 2932 vero
2563 2867 2717 2947 erit,
2762 2868 2817 2931 si
2854 2869 2937 2933 ab
2985 2869 3122 2953 ipsa
3163 2874 3348 2951 porta
3382 2872 3672 2954 paradisi
3697 2871 3914 2939 reverti

2367 2973 2680 3051 viderint,
2723 2979 2790 3040 et
2825 2975 3005 3041 abire
3050 2981 3407 3043 retrorsum
3440 2998 3553 3045 eos
3573 3029 3598 3060 ,
3640 2982 3756 3066 qui
3788 2983 3915 3064 jam

2370 3099 2574 3147 unum
2603 3080 2832 3164 pedem
2861 3082 3191 3148 habebunt
3216 3083 3288 3149 in
3317 3086 3670 3169 paradiso?

2874 3259 3166 3332 SERMO
3220 3262 3319 3334 lv
3347 3274 3416 3334 ¹⁸.

2451 3406 2783 3475 Gaudium
2811 3413 2904 3476 est
2927 3411 3176 3494 anystis
3203 3412 3319 3480 Dei
3333 3427 3696 3496 super-une
3717 3429 3915 3498 pesca-

2367 3519 2500 3582 tore
2508 3517 2958 3597 poenitentiam
2975 3526 3202 3601 aperus
3220 3521 3264 3562 ¹¹¹
3272 3568 3288 3584 .
3309 3519 3640 3597 Quoniam
3652 3523 3917 3588 char-itas

2364 3626 2464 3688 est
2487 3622 2569 3687 de
2607 3623 2777 3690 bono
2816 3623 3024 3690 alieno
3063 3627 3346 3707 gaudere
3364 3674 3386 3706 ‚
3416 3628 3574 3693 hinc
3617 3635 3719 3696 est
3761 3627 3916 3714 quod

2365 3728 2673 3796 Dominus
2701 3735 2917 3796 noster
2942 3733 3011 3796 in
3046 3734 3247 3801 verbo
3283 3734 3617 3818 proposito
3659 3736 3916 3802 ostendit

2362 3835 2436 3900 in
2477 3837 2774 3920 supernis
2816 3837 3148 3921 spiritibus
3161 3887 3184 3920 ,
3228 3840 3346 3923 qui
3386 3843 3570 3908 omni
3620 3842 3916 3910 charitate

2364 3948 2518 4009 sunt
2540 3944 2789 4026 repleti,
2814 3944 3128 4025 gaudium
3145 3946 3532 4029 angelorum
3553 3949 3644 4015 de
3668 3967 3916 4016 conver-

2365 4050 2544 4116 sione
2582 4056 3011 4133 peccatorum,
3038 4071 3189 4119 cum
3223 4054 3377 4120 dicit
3410 4077 3427 4121 ι
3463 4057 3802 4126 Gaudium
3829 4063 3926 4126 αἱ·

2365 4157 2615 4240 anoctis
2657 4157 2822 4237 Dei,
2870 4162 2992 4224 etc.
3041 4157 3116 4224 In
3163 4161 3402 4244 quibus
3451 4165 3675 4230 verbis
3718 4165 3916 4249 primo

2364 4267 2780 4351 praemittitur
2824 4268 3082 4335 miseria
3127 4270 3437 4338 numm
3479 4273 3910 4352 infirmitatis;

2365 4373 2644 4440 secundo
2684 4375 3069 4458 adiungitur
3113 4375 3395 4446 efficacia
3435 4382 3780 4450 medicina
3819 4400 3916 4448 sa·

2365 4481 2800 4563 eramentalis3
2849 4484 3036 4549 tertio
3076 4486 3501 4570 subjungitur
3543 4489 3776 4556 laetitia
3810 4508 3911 4555 su-

2364 4607 2586 4673 pernae
2637 4589 2937 4657 civitatis.
2989 4591 3069 4658 Et
3108 4594 3250 4660 haec
3303 4596 3430 4662 tria
3477 4597 3722 4664 debent
3761 4596 3915 4666 ordi·

2364 4698 2531 4763 nari.
2565 4695 2729 4763 Nam
2760 4696 3110 4782 spiritualis
3135 4701 3478 4770 infirmitas
3518 4704 3805 4772 hominis
3828 4708 3915 4772 est

2363 4808 2562 4891 prior,
2593 4809 2657 4872 et
2681 4807 2983 4889 praecedit
3016 4810 3368 4878 efficaciam
3403 4815 3743 4883 medicinae
3783 4834 3914 4902 poe-

2363 4915 2733 4994 nitentialis,
2764 4918 2829 4980 et
2845 4917 3243 5002 poenitentis,
3266 4920 3407 4989 sive
3422 4924 3766 4990 conversio
3787 4940 3914 5008 pec·

2364 5085 3913 5155 xxv11,3-.3-¹¹ttcorv11,1o.—¹¹Jerem..xv,111

2365 5159 2414 5207 8.
2444 5183 2505 5194 —
2540 5155 2738 5217 ¹⁸„Act
2761 5169 2838 5221 11,
2864 5160 2942 5211 ¹8.
2965 5185 3029 5198 -
3062 5127 3339 5226 stua’ma„
3368 5176 3442 5228 iv,
3470 5166 3548 5216 17.
3571 5191 3636 5205 —
3671 5167 3914 5226 “Bes-n„

2366 5227 2566 5292 an
2598 5227 3165 5296 Nt.Domae1-m
3200 5245 3271 5298 11
3302 5237 3914 5290 ιι..ο-88Ηιιιιοιιοιι

2363 5298 2521 5350 habet
2544 5297 2666 5351 edit.
2695 5299 2858 5352 Par-is.
2885 5313 2973 5354 an.
3008 5307 3150 5356 1⁵21.
3178 5331 3243 5345 —
3269 5305 3477 5372 flue„
3510 5315 3599 5374 xv,
3631 5312 3716 5360 ιο.

2425 5397 2498 5463 (a)
2548 5396 2842 5449 cat.0‹12·e.
2887 5399 3052 5453 dedit.
3100 5429 3163 5442 -
3208 5404 3279 5469 (ὁ)
3329 5406 3455 5458 ιω...
3501 5407 3909 5472 pamma..-

2368 5470 2430 5537 (ο)
2457 5470 2584 5522 uem
2603 5468 2988 5537 poeniianua-
3014 5474 3086 5542 ‹a›
3115 5476 3269 5531 Forte
3291 5477 3394 5545 ιη.
3418 5479 3512 5532 01⁸.
