4059 6317
899 509 1275 579 DOM1N10A
1313 514 1338 577 1
1382 512 1464 578 IN
1508 511 2155 591 QUADRAGEStMA.
2200 513 2463 580 SERMO
2505 513 2585 584 11.

181 654 268 733 do,
289 652 363 718 de
381 667 548 715 vana
571 648 786 731 gloria
810 648 879 712 in
904 647 1175 730 templo;
1207 649 1318 714 sed
1355 649 1574 729 tertio,
1607 649 1687 714 de

182 759 412 825 avaritia
447 758 518 822 in
554 759 803 821 monte.
849 754 974 821 Sed
1020 757 1190 819 certe
1234 754 1525 821 diabolus
1552 773 1686 821 non

180 867 414 934 habeba
431 866 643 930 faeere
663 881 819 928 cum
845 862 1050 927 Adam
1076 862 1269 927 stulto
1296 867 1360 926 ct
1385 862 1687 946 insipien·

181 981 250 1055 te,
273 973 430 1057 quod
444 990 594 1037 cum
615 970 867 1037 Christo
883 972 1095 1034 astuto
1111 973 1176 1033 et
1193 969 1500 1053 sapiente.
1523 969 1684 1035 Nam

180 1082 555 1152 tentationem
584 1078 766 1161 gnlae
792 1076 947 1142 vicit
965 1076 1367 1154 abstinentia,
1396 1081 1461 1142 et
1485 1080 1686 1141 tenta-

179 1191 386 1256 tionem
409 1204 594 1253 vanae
620 1184 851 1267 gloriae
875 1183 1031 1249 vicit
1046 1182 1429 1263 bumilitate,
1450 1187 1515 1249 et
1541 1187 1684 1249 ten-

177 1297 448 1376 tationem
464 1293 755 1360 avaritiae
781 1292 931 1356 vicit
944 1293 1334 1374 paupertate.
1349 1290 1528 1356 Unde
1539 1291 1687 1357 licet

177 1404 378 1470 diaboli
387 1418 740 1485 aggressus
750 1399 946 1465 fuerit
957 1401 1525 1482 praesumptuosus,
1544 1416 1687 1481 pro-

177 1530 362 1578 cessus
395 1511 751 1576 malitiosus
771 1557 790 1589 ,
821 1511 1035 1572 tamen
1070 1508 1210 1588 ejus
1234 1523 1566 1588 processus
1597 1506 1678 1589 (a)

177 1620 275 1685 fuit
297 1618 746 1703 opprobriosus
763 1663 781 1693 ‚
811 1630 965 1679 cum
990 1612 1155 1676 nihil
1184 1611 1578 1677 certitudinis
1604 1612 1684 1677 de

178 1746 275 1793 sua
294 1726 676 1792 dubitatione
710 1723 919 1808 potuit
948 1719 1364 1802 investigare,
1394 1719 1685 1803 nihilque

175 1833 536 1916 gloriationis
574 1832 655 1898 de
683 1850 809 1896 sua
840 1829 1060 1895 dolosa
1101 1827 1446 1893 tentatione
1480 1828 1685 1910 potuit

177 1945 485 2025 reportare,
515 1943 579 2005 et
601 1938 773 2004 nibil
809 1934 1238 2004 excusationis
1276 1934 1355 1999 de
1380 1952 1501 1999 sua
1529 1951 1680 1999 con-

177 2049 390 2114 tusione
412 2046 616 2131 potuit
641 2045 928 2127 allegare
943 2092 967 2124 ,
1009 2043 1316 2127 quoniam
1345 2045 1684 2125 superatur

179 2173 210 2220 a
229 2153 514 2232 famelico,
536 2156 599 2217 et
626 2151 842 2232 debili,
876 2154 940 2215 et
965 2150 1280 2232 despecto,
1309 2153 1374 2214 et
1398 2152 1681 2213 contem·

178 2260 371 2343 ptibili,
399 2280 437 2325 a
462 2259 760 2324 mendico
787 2262 852 2322 et
875 2256 1075 2340 inopi.
1095 2255 1144 2322 Ο
1161 2254 1473 2340 stupenda
1486 2254 1682 2320 duelli

176 2366 493 2432 dimicatio!
522 2385 562 2433 o
589 2365 904 2431 imitanda
929 2364 1249 2448 patientiae
1273 2362 1594 2446 perfectio,
1619 2365 1685 2427 et

177 2473 511 2541 admiranda
559 2475 889 2557 sapientiae
947 2470 1237 2555 dignatio
1268 2517 1288 2549 ,
1340 2487 1489 2534 cum
1548 2469 1682 2534 dux

183 2580 304 2646 vitae
323 2600 360 2645 a
386 2581 674 2666 principe
714 2579 942 2644 mortis
973 2582 1249 2644 tentatur
1269 2624 1288 2655 ‚
1334 2581 1399 2642 et
1432 2576 1513 2641 ab
1539 2578 1683 2659 ejus

182 2693 442 2757 membris
489 2691 930 2773 crucifigitur,
976 2694 1039 2755 et
1087 2688 1506 2755 nihilominus
1545 2688 1682 2772 ipse

184 2801 429 2884 princeps
443 2801 679 2867 mortis
696 2801 779 2865 ab
801 2800 938 2883 ipw
961 2799 1121 2865 duce
1148 2799 1299 2863 vitae
1327 2815 1443 2881 per
1460 2798 1684 2861 mortis

189 2907 578 2975 inductionem
603 2911 948 2991 superatur
975 2907 1082 2989 (W
1115 2905 1329 2971 Primo
1356 2922 1518 2986 ergo
1541 2910 1681 2969 ten-

186 3016 308 3080 tavit
335 3016 657 3082 Christum
685 3016 768 3080 de
789 3014 967 3095 gula,
996 3017 1071 3078 ut
1094 3013 1340 3077 inficiat
1355 3013 1589 3076 animae
1617 3016 1681 3076 et

179 3123 419 3206 corporis
432 3124 781 3208 puritatem
799 3143 816 3200 ;
841 3119 1139 3199 secundo,
1157 3120 1238 3185 de
1256 3137 1422 3184 vana
1445 3118 1676 3201 gloria,

180 3234 240 3293 ut
271 3232 510 3297 inducat
550 3230 901 3295 mundanae
951 3227 1384 3293 ostentationis
1428 3227 1677 3292 vanita-

177 3339 314 3417 tem;
361 3341 544 3405 tertio
571 3387 594 3419 ,
640 3338 721 3403 de
780 3336 1067 3416 avaritia,
1121 3341 1193 3401 ut
1244 3334 1512 3418 decipiat
1566 3352 1680 3417 per

176 3445 482 3512 mundanae
547 3444 1041 3528 pulchritudinis
1108 3441 1674 3508 delectabilitatem.

175 3548 418 3618 Primam
463 3553 912 3632 tentationem,
952 3550 1186 3616 scilicet
1224 3550 1473 3633 gulam,
1529 3549 1681 3615 vicit

173 3675 268 3741 per
307 3661 648 3745 spiritualis
689 3660 812 3725 cibi
851 3662 1083 3743 jugem
1129 3657 1673 3739 degustationem3

172 3767 476 3833 mundam
501 3766 922 3834 tentationem
938 3782 1126 3832 vanae
1152 3764 1399 3845 gloriae,
1431 3782 1546 3847 per
1575 3782 1682 3829 vo-

173 3871 429 3940 ltmtariae
455 3874 833 3956 abjectionis
853 3872 1360 3936 humiliationem
1378 3893 1396 3949 ;
1426 3871 1679 3937 tertiam

173 3983 548 4047 tentationem
595 3981 885 4048 avaritiae
911 3980 1064 4046 vicit
1100 3996 1216 4062 per
1243 3978 1455 4043 omnis
1480 3982 1677 4044 terre-

172 4087 357 4154 nitatis
381 4090 874 4174 despectionem.

232 4194 512 4264 Tentavit
555 4196 770 4280 primo
798 4195 876 4261 de
906 4195 1094 4277 gula,
1124 4198 1198 4259 ut
1225 4193 1506 4260 inficeret
1533 4195 1678 4259 ani-

171 4320 272 4369 mae
303 4304 672 4388 etcorporis
709 4302 1090 4386 puritatem,
1138 4320 1287 4368 cum
1322 4301 1528 4367 dixit¹
1564 4301 1680 4369 :Si

171 4407 350 4478 lim
374 4412 602 4492 Deice,
635 4409 1448 4492 dicutlapidemtipanes
1473 4408 1676 4489 fiant.-

171 4521 320 4598 quasi
355 4538 506 4585 eum
535 4518 766 4586 volens
804 4534 1026 4599 capere
1077 4534 1192 4599 per
1230 4516 1457 4598 gulam
1471 4564 1488 4596 ,
1529 4520 1677 4580 tau-

169 4639 332 4705 quam
355 4626 608 4692 facilius
639 4624 874 4690 vitium
900 4624 981 4688 ad
1006 4622 1223 4688 omnia
1248 4623 1527 4687 facinora
1556 4641 1678 4706 pa-

167 4735 368 4799 ratum.
422 4732 609 4799 Unde
655 4732 783 4796 nisi
832 4732 1012 4815 prius
1073 4730 1231 4813 gula
1278 4730 1673 4809 retraeuetur‚

169 4836 368 4906 trustra
382 4844 609 4907 contra
633 4839 762 4905 alia
777 4839 934 4906 vitia
953 4838 1300 4918 laboratur,
1322 4837 1678 4903 secundum

169 4947 312 5024 quod
344 4947 491 5013 dicit
547 4947 792 5012 Glom.
841 4945 1016 5011 Hanc
1056 4945 1465 5011 tentationem
1500 4944 1677 5027 gulae

165 5050 349 5120 docuit
373 5056 689 5124 Dominus
731 5054 983 5119 vincere
1022 5072 1136 5136 per
1168 5054 1515 5137 spiritualis
1551 5054 1677 5118 cibi

161 5158 359 5240 iugem
392 5162 912 5246 degustationem
930 5209 953 5239 ‚
995 5179 1145 5226 cum
1184 5161 1510 5243 respondit
1536 5160 1674 5226 dia·

215 5285 233 5318 ¹
257 5284 449 5349 flata„
473 5298 550 5351 iv,
584 5290 633 5338 3.
655 5312 718 5326 -
745 5286 764 5317 ²
784 5285 936 5349 thid„
971 5287 1021 5338 4.
1040 5311 1102 5324 —
1128 5286 1152 5322 ⁸
1174 5287 1309 5343 luc..
1341 5298 1482 5352 ιω,
1510 5289 1590 5338 4⁰.
1614 5313 1676 5326 -

168 5351 363 5415 ⁸Redi..
402 5370 565 5423 xxxi,
605 5362 651 5409 t.
688 5382 752 5396 -
787 5358 812 5394 ⁸
841 5356 1047 5420 naith„
1081 5368 1218 5420 xvn,
1252 5360 1330 5409 2⁰.
1363 5384 1425 5395 —
1466 5360 1487 5390 ⁰
1527 5357 1676 5420 thid„

169 5429 302 5558 13Πῖ
327 5454 385 5550 Ξ
416 5427 433 5459 ’
468 5427 742 5495 chryson.
767 5449 834 5467 -·
860 5427 887 5463 ⁸
925 5426 1129 5487 naith..
1172 5439 1244 5491 iv,
1276 5430 1324 5482 7.
1357 5454 1418 5469 -
1445 5430 1466 5461 ⁹
1494 5428 1673 5491 Redi„

3214 522 3332 584 149

1791 647 3089 733 h01022Noninsotopanevivithomo,
3120 651 3334 720 sedin

1793 757 1972 822 omni
1995 755 2182 822 verbo
2207 756 2379 840 quod
2402 757 2693 840 procedit
2719 757 2797 825 de
2817 773 2923 825 ore
2954 758 3118 825 Dei:
3145 760 3331 842 quasi

1791 864 1998 930 dicat:
2031 863 2189 930 Cum
2231 865 2425 933 bomo
2453 867 2536 931 sit
2569 867 2955 950 compositus
2979 884 3063 933 ex
3098 867 3332 952 duplici

1792 971 2167 1050 substantia,
2214 972 2448 1038 scilicet
2495 974 2805 1056 corporali
2825 1021 2846 1052 ,
2877 977 2940 1038 et
2977 973 3324 1057 spirituali3

1789 1077 1954 1143 sicut
2000 1096 2233 1160 corpus
2283 1078 2531 1160 indiget
2575 1079 2850 1144 recreari
2887 1082 2952 1145 et
2985 1081 3331 1146 sustentari

1790 1184 1930 1250 cibo
1974 1184 2287 1249 materiali
2301 1233 2318 1263 ,
2370 1187 2462 1250 sio
2503 1186 2762 1269 spiritus
2811 1185 2951 1251 cibo
2994 1185 3327 1269 spirituali,

1791 1291 1902 1374 qui
1938 1291 2197 1374 quidem
2237 1292 2418 1357 cibus
2436 1303 2441 1309 ’
2456 1297 2550 1358 est
2588 1293 2859 1358 verbum
2881 1339 2900 1370 ,
2929 1293 3099 1376 quod
3127 1294 3333 1360 reficit

1788 1399 2085 1482 spiritum
2106 1448 2126 1480 ,
2154 1400 2209 1464 si
2239 1399 2313 1482 (c)
2338 1400 2636 1466 audiatur
2656 1404 3043 1481 reverenter,
3070 1401 3206 1467 sive
3228 1402 3332 1466 in-

1789 1506 2117 1589 telligatur
2181 1508 2522 1591 diligenter
2545 1556 2567 1588 ,
2623 1508 2760 1575 sive
2820 1509 2901 1575 ad
2954 1510 3330 1576 memoriam

1787 1613 2131 1680 reducatur
2165 1615 2634 1682 delectabiliter.
2684 1616 2763 1682 Et
2798 1620 3055 1700 propter
3080 1619 3204 1683 boc
3232 1618 3331 1685 di-

1790 1721 1971 1786 cebat
2017 1721 2327 1788 Dominus
2377 1724 2675 1807 apostolis
2710 1724 2734 1761 ⁸
2776 1743 2793 1784 ε
2848 1746 2880 1785 α
2905 1723 3213 1806 Vigilate,
3269 1729 3333 1792 et

1791 1834 1965 1894 orate
1985 1851 1999 1893 ε
2020 1850 2054 1890 1>
2088 1830 2182 1913 (d)
2198 1830 2432 1914 inquit,
2456 1848 2570 1914 per
2592 1831 2831 1897 fomitis
2845 1833 3327 1915 repressionem,

1788 1954 1941 2002 nam
1977 1961 2009 2000 οι
2034 1938 2259 2021 vigilia
2282 1940 2629 2006 honestatis
2653 1940 2972 2006 tabescere
2997 1941 3146 2005 facit
3185 1961 3328 2007 car-

1790 2061 1926 2124 nes,
1967 2066 2001 2105 ι)
2060 2045 2225 2110 sicut
2285 2046 2520 2113 dicitur
2566 2053 2624 2126 ⁸;
2679 2052 2743 2113 et
2783 2066 2958 2113 nunc
3000 2049 3074 2129 (e)
3114 2053 3333 2115 amota

1789 2151 2001 2216 carnis
2025 2152 2377 2236 petulantia
2394 2202 2416 2234 ,
2447 2155 2528 2220 ad
2551 2154 3021 2237 degustandam
3043 2155 3332 2221 dulcedi-

1789 2278 1940 2326 nem
1982 2260 2184 2326 divini
2221 2262 2425 2342 verbi,
2468 2268 2675 2344 orate,
2706 2281 2821 2347 per
2846 2264 3078 2329 mentis
3117 2264 3328 2331 eleva-

1790 2355 2052 2433 tionem.
2091 2367 2253 2434 Nam
2271 2368 2294 2405 ⁸
2330 2392 2362 2430 α
2388 2369 2512 2435 boc
2540 2387 2747 2451 genus
2772 2370 3231 2438 daemoniorum
3248 2419 3265 2449 ‚
3290 2393 3321 2433 n

1788 2474 1852 2539 id
1878 2478 1995 2554 est,
2023 2474 2150 2540 hoc
2174 2475 2403 2541 vitium
2426 2477 2630 2559 gulae,
2668 2501 2700 2539 α
2725 2497 2854 2544 non
2890 2479 3180 2562 ejicietur
3205 2479 3330 2544 nisi

1788 2561 1856 2646 in
1875 2583 2150 2665 Jejunio,
2182 2587 2245 2648 et
2271 2585 2580 2649 oratione.
2600 2605 2632 2644 n

1867 2689 2161 2755 Secundo
2193 2691 2460 2758 tentavit
2484 2692 2563 2757 de
2590 2710 2757 2758 vana
2778 2691 2989 2774 gloria
3002 2740 3020 2771 ,
3050 2697 3127 2760 ut
3150 2693 3331 2761 indu·

1787 2802 1956 2861 ceret
1998 2798 2078 2863 ad
2116 2800 2461 2865 mundanae
2490 2800 2926 2866 ostentationis
2955 2802 3327 2883 vanitatem,

1787 2923 1938 2971 cum
1965 2906 2165 2972 dixit⁸
2186 2927 2204 2973 z
2229 2909 2316 2975 Si
2340 2909 2557 2976 Filius
2583 2910 2707 2976 Dei
2734 2925 2824 2988 es,
2850 2911 3035 2978 mitte
3061 2916 3120 2978 te
3149 2911 3330 2980 deor-

1786 3029 1929 3079 sum
1956 3036 1982 3081 .·
2007 3015 2190 3097 quasi
2216 3014 2437 3080 volens
2472 3034 2626 3081 eum
2657 3016 2908 3082 allicere
2941 3017 3022 3082 ad
3050 3020 3328 3084 ostenta-

1785 3120 2028 3186 tionem
2074 3122 2397 3187 saecularis
2429 3123 2773 3206 jactantiae.
2813 3124 2993 3190 Unde
3018 3124 3324 3208 Chryses-

1787 3230 2004 3293 tomus
2018 3228 2043 3264 ‘¹
2071 3250 2087 3293 ι
2122 3253 2153 3291 α
2174 3227 2401 3296 Velare
2427 3248 2541 3313 per
2561 3248 2776 3296 aerem
2799 3249 2931 3297 non
2958 3236 3055 3297 est
3074 3232 3334 3316 proprie

1786 3351 1950 3417 opus
1989 3334 2126 3416 Dei,
2167 3335 2319 3418 quia
2360 3355 2478 3400 nec
2509 3336 2665 3402 utile
2685 3336 2900 3418 alicui,
2931 3355 3051 3403 nec
3080 3339 3162 3403 ad
3188 3338 3334 3403 ani-

1789 3459 1994 3521 mam,
2028 3460 2146 3506 nec
2186 3442 2266 3508 ad
2315 3460 2565 3525 corpus.
2612 3464 2644 3503 n
2686 3442 2866 3509 Hanc
2914 3445 3333 3511 tentationem

1788 3565 1977 3615 vanae
2028 3549 2253 3631 gloriae
2304 3550 2519 3616 docuit
2568 3550 2853 3616 Christus
2899 3551 3158 3618 vincere
3220 3571 3335 3636 per

1788 3656 2121 3739 profundae
2165 3656 2533 3738 abjectionis
2558 3656 2902 3724 cordialem
2928 3660 3330 3728 bumiliatio-

1786 3781 1973 3843 nem,
2021 3781 2172 3827 cum
2204 3762 2367 3828 dixit
2392 3769 2415 3805 ⁸
2448 3782 2467 3829 ε
2503 3764 2829 3848 Scriptum
2856 3773 2947 3835 est
2975 3786 2999 3833 .·
3026 3768 3171 3836 Non
3196 3774 3333 3838 ten-

1789 3872 1957 3939 tabis
1995 3872 2342 3939 Dominum
2395 3872 2592 3938 Deum
2638 3878 2825 3942 tuum
2854 3893 2880 3940 .·
2904 3875 3085 3958 quasi
3120 3877 3328 3944 dicat:

1787 3978 2263 4061 Experientiam
2288 3997 2419 4044 non
2447 3997 2665 4046 sumes
2691 3982 2772 4047 de
2797 3999 2902 4046 me
2925 3999 3042 4065 per
3064 3987 3335 4050 edenta-

1786 4085 1977 4151 tionis
2021 4085 2313 4167 signum.
2359 4085 2480 4164 Qui
2521 4087 2645 4152 hoc
2672 4087 2853 4168 facit,
2896 4088 3095 4156 Deum
3136 4094 3336 4158 tentat
3478 4061 3507 4087 ⁹

1787 4193 2286 4278 praesumptione
2339 4194 2648 4259 elationis.
2712 4195 2894 4275 Ecce,
2950 4196 3328 4278 charissimi,

1786 4303 2080 4386 exemplo
2110 4302 2341 4368 Christi
2368 4302 2684 4369 babemus
2713 4305 2908 4388 quod,
2937 4306 3053 4389 qui
3077 4325 3159 4372 ex
3185 4325 3334 4373 con-

1787 4414 2034 4494 temptu
2061 4428 2247 4476 vanae
2275 4409 2502 4492 gloriae
2529 4427 2599 4475 se
2624 4410 2946 4492 humiliat,
2972 4412 3128 4480 vitia
3153 4431 3335 4498 supe-

1787 4524 1922 4597 rat;
1959 4517 2072 4582 sed
2116 4517 2228 4599 qui
2261 4535 2331 4581 se
2355 4517 2589 4583 exaltat
2619 4566 2637 4598 ,
2670 4519 2955 4586 vincitur
2979 4524 3042 4585 et
3068 4538 3330 4604 supera·

1786 4626 1917 4688 tur.
1954 4623 2033 4689 Et
2082 4627 2335 4707 propter
2378 4625 2502 4690 boc
2539 4624 2704 4690 bene
2743 4625 2978 4691 dicitur
3004 4631 3027 4668 ⁹
3063 4645 3083 4691 t
3117 4650 3151 4687 α
3169 4630 3334 4693 Ante
3477 4622 3482 4626 ’

1787 4731 2137 4798 orationem
2181 4748 2473 4815 praepara
2525 4733 2809 4798 animam
2854 4738 3063 4815 tuam,
3089 4739 3155 4800 et
3198 4736 3333 4802 noli

1786 4855 1924 4903 esse
1958 4838 2141 4922 quasi
2175 4839 2370 4904 homo
2411 4840 2524 4922 qui
2567 4843 2770 4905 tentat
2801 4839 3027 4905 Deum.
3052 4863 3085 4903 ιο
3120 4841 3188 4907 8ὶ
3211 4861 3332 4909 vo-

1785 4945 2099 5011 luerimus
2142 4946 2315 5029 quod
2357 4947 2561 5013 oratio
2598 4952 2813 5012 nostra
2853 4947 2934 5013 sit
2961 4965 3175 5013 coram
3203 4948 3330 5015 Deo

1785 5056 2038 5135 accepta
2090 5056 2155 5117 et
2210 5051 2496 5136 gratuita
2522 5101 2540 5133 ,
2592 5054 2898 5120 debemus
2967 5073 3328 5138 praeparare

1786 5160 2072 5225 animam
2094 5164 2382 5226 nostram
2399 5180 2514 5245 per
2534 5161 2917 5246 profundam
2934 5161 3323 5228 humiliatio-

1786 5285 1938 5333 nem
1967 5268 2208 5348 cordis‚
2238 5271 2303 5334 et
2325 5268 2488 5334 nibil
2515 5273 2886 5353 reputemus
2907 5287 3046 5350 nos,
3075 5274 3141 5336 et
3165 5270 3321 5336 veli-

1851 5427 1922 5493 (ο)
1954 5427 2112 5478 Forte
2144 5427 2244 5494 leq.
2277 5439 2560 5481 memma.
2588 5455 2651 5469 —
2687 5428 2751 5494 (ὁ)
2780 5429 2902 5481 Goee.
2938 5429 3065 5481 edit.
3097 5433 3323 5496 superat.

1794 5525 1856 5537 —
1886 5497 1948 5568 (c)
1975 5499 2091 5566 kq·
2121 5500 2246 5558 sive.
2270 5525 2330 5546 ι-
2351 5500 2427 5564 (d)
2448 5500 2625 5570 suppl.
2644 5500 2936 5569 viqilate.—
2957 5502 3016 5568 (ο)
3039 5503 3156 5570 leq.
3182 5507 3321 5560 tunc.
