4059 6317
1157 440 1238 506 IN
1278 438 1527 505 COENA
1571 436 1868 505 DOMINI.
1917 439 2179 507 SERMO
2223 442 2299 506 ll.

170 586 463 664 ciendum,
488 583 648 646 sicut
674 580 851 645 Isaac
876 578 1077 662 patris
1095 578 1114 614 ¹
1135 578 1216 641 ad
1242 576 1668 641 offerendum.

170 692 307 757 Nota
319 689 674 755 historiam:
713 687 887 751 Isaac
905 684 1216 761 divinam,
1246 683 1412 748 aries
1436 682 1671 747 huma-

166 819 298 865 nam
324 797 536 865 Christi
564 800 867 861 naturam
887 841 910 873 ,
945 810 1176 874 vepres
1208 809 1513 857 coronam
1539 790 1671 873 spi-

167 924 324 970 neam
342 954 361 985 ,
388 909 588 969 strues
612 903 948 984 lignorum
980 916 1238 965 crucem
1267 902 1556 964 sanctam
1585 897 1674 960 si-

168 1011 425 1091 gnificat.

231 1116 310 1181 De
334 1116 508 1181 tertio
525 1122 549 1156 2
572 1138 588 1180 ε
612 1113 909 1179 «Audisti
936 1114 1136 1178 verba
1160 1110 1336 1176 illius
1360 1110 1440 1176 de
1465 1108 1676 1174 medio

168 1225 345 1306 igniS,
366 1224 509 1306 quia
535 1223 759 1288 dilexit
772 1226 1002 1305 patres.
1021 1242 1053 1280 υ
1079 1219 1392 1303 Loquitur
1423 1217 1503 1282 de
1530 1216 1676 1297 lege

168 1331 360 1407 veteri,
388 1334 551 1414 quia,
569 1331 738 1395 sicut
762 1330 1000 1394 dicitur
1020 1332 1066 1405 ⁸,
1093 1328 1241 1393 data
1260 1325 1379 1390 fuit
1406 1325 1474 1388 in
1492 1323 1673 1404 igne,

171 1440 300 1522 quia
322 1456 462 1504 vere
489 1439 688 1503 verba
715 1438 827 1502 Dei
854 1435 1047 1518 ignea
1077 1439 1248 1505 sunt,
1284 1431 1578 1498 Psalmus
1611 1435 1674 1493 ⁸:

177 1544 485 1627 «Ignitum
513 1544 844 1627 eloquium
877 1547 1081 1620 tuum,
1109 1562 1141 1600 »
1159 1544 1278 1605 etc.
1309 1537 1472 1604 Vere
1500 1538 1678 1603 enim

171 1655 311 1717 sicut
331 1654 491 1735 ignis
509 1702 530 1732 ,
563 1651 890 1716 illuminat
932 1650 1214 1714 animam
1236 1696 1252 1725 ,
1284 1666 1366 1712 ne
1393 1647 1462 1711 in
1504 1649 1681 1710 tene-

169 1761 488 1844 brishujus
510 1760 663 1824 vitae
692 1758 876 1823 cadat
911 1758 982 1820 in
1019 1756 1234 1821 lutum
1278 1752 1557 1838 peccati,
1605 1753 1676 1816 in

171 1871 388 1933 foveam
413 1868 666 1933 inferni.
699 1865 993 1931 Psalmus
1021 1868 1045 1906 ⁸
1077 1883 1095 1928 ε
1134 1886 1165 1923 «
1192 1862 1478 1929 Lucerna
1507 1859 1680 1944 pedi·

173 1978 310 2058 buS,
350 1999 381 2037 ι
413 1982 525 2041 etc.
570 1975 726 2040 Haec
770 1974 1030 2039 lucerna
1072 1972 1302 2037 clarior
1365 1974 1460 2035 est
1521 1969 1677 2034 sole.

173 2083 323 2148 Hanc
356 2084 464 2167 qui
497 2102 628 2147 non
664 2082 980 2165 sequitur,
1026 2096 1435 2165 nequaquam
1474 2096 1513 2142 a
1553 2076 1681 2141 Deo

172 2190 430 2273 diligitur
471 2192 494 2225 ⁸
536 2207 555 2254 ε
597 2213 628 2250 α
666 2188 1003 2254 Neminem
1045 2186 1256 2269 diligit
1303 2183 1507 2261 DeuS,
1556 2182 1683 2246 nisi

174 2315 302 2361 enm
320 2346 338 2378 ,
387 2299 495 2381 qui
548 2315 702 2361 cum
753 2295 1067 2378 sapientia
1118 2292 1456 2357 inhabitat.
1501 2312 1534 2350 1)
1575 2289 1686 2354 Est

174 2406 323 2469 enim
345 2406 479 2470 haec
505 2405 848 2488 speciosior
891 2402 1046 2469 sole.
1090 2400 1526 2466 certissimum
1561 2415 1685 2462 au-

176 2516 284 2576 tem
311 2514 653 2579 dilectionis
690 2512 801 2577 Dei
843 2515 939 2576 est
975 2512 1238 2593 signum
1280 2526 1395 2591 per
1433 2507 1681 2572 lumen.

177 2617 421 2685 Verbum
454 2622 558 2686 Dei
588 2621 776 2687 estin
805 2618 1125 2698 faciendo,
1155 2617 1380 2682 nonin
1407 2614 1682 2679 audien-

176 2724 243 2790 do
264 2729 284 2764 ⁷
311 2747 328 2791 :
351 2752 380 2789 α
413 2728 590 2795 Sicut
613 2727 840 2792 dilexit
867 2744 972 2790 me
1006 2725 1214 2802 Pater,
1241 2728 1305 2789 et
1330 2740 1455 2805 ego
1489 2720 1685 2786 dilexi

179 2851 304 2898 vos:
331 2839 581 2900 manete
609 2835 680 2899 in
707 2833 1042 2899 dilectione
1068 2850 1238 2896 mea.
1274 2828 1340 2895 Si
1367 2831 1689 2913 praecepta

181 2938 349 3005 Patris
375 2943 500 3007 mei
525 2940 937 3008 servaveritis
958 2989 974 3019 ,
1020 2938 1362 3004 manebitis
1389 2937 1464 3001 in
1491 2935 1684 3001 dilec-

180 3047 321 3112 tione
343 3067 503 3114 mea.
533 3069 565 3108 n
602 3052 797 3113 Estne
821 3047 1051 3131 aliquis
1079 3046 1219 3125 hic,
1252 3044 1367 3128 qui
1395 3043 1552 3108 velit
1588 3043 1686 3107 di-

180 3152 271 3234 ligi
292 3173 328 3218 a
349 3155 637 3221 Christo?
662 3153 902 3219 Audiat
925 3154 1097 3237 quod
1123 3153 1215 3216 ait
1238 3174 1255 3216 ε
1278 3152 1352 3217 Si
1364 3155 1689 3234 precepta

180 3275 296 3326 mea
332 3264 737 3330 servaveritis
765 3312 785 3342 ,
829 3260 1170 3329 manebitis
1215 3261 1292 3326 in
1344 3258 1690 3327 dilectione

180 3382 300 3434 mea

243 3473 319 3539 De
352 3481 582 3559 quarto
608 3484 632 3517 ⁸
664 3498 681 3540 ι
724 3498 756 3538 α
781 3474 906 3553 Qui
949 3475 1171 3541 dilexit
1209 3492 1358 3553 nos,
1405 3477 1471 3539 et
1516 3474 1691 3540 dedit

179 3583 636 3649 consolationem
663 3587 971 3649 aeternam
988 3630 1010 3662 ‚
1038 3586 1100 3647 et
1137 3600 1315 3666 spem
1343 3582 1582 3647 bonam
1620 3584 1691 3646 in

179 3690 376 3768 gratia.
402 3714 433 3751 1>
454 3691 606 3756 Haec
653 3690 1001 3756 consolatio
1049 3690 1168 3755 fuit
1216 3707 1331 3773 per
1377 3688 1688 3773 Spiritum

179 3802 459 3863 sanctum.
500 3799 680 3865 Unde
707 3799 787 3863 de
813 3799 1089 3864 Ecclesia
1132 3799 1365 3864 dicitur
1383 3803 1406 3837 ⁰
1440 3816 1458 3861 ε
1490 3821 1520 3858 α
1546 3798 1688 3880 Spi-

180 3903 317 3969 ritus
328 3909 525 3972 sancti
543 3907 973 3973 consolatione
989 3907 1377 3991 replebatur.
1399 3928 1431 3967 n
1461 3906 1687 3985 Pensa,

179 4014 462 4090 oanima,
490 4019 809 4098 quantum
846 4018 909 4079 te
958 4014 1206 4097 diligit,
1256 4015 1371 4098 qui
1419 4015 1537 4079 tibi
1576 4033 1689 4079 ar·

179 4118 338 4183 rham
372 4122 891 4205 pretiosissimam
935 4121 1128 4185 dedit.
1171 4122 1381 4186 Arrha
1413 4125 1559 4204 ejus
1593 4126 1691 4186 est

183 4221 425 4307 Spiritus
450 4233 732 4294 sanctus.
768 4226 1180 4310 Augustinus
1205 4229 1253 4270 ¹⁰
1285 4251 1302 4293 ε
1344 4252 1375 4290 α
1403 4228 1513 4293 llle
1538 4247 1687 4311 pre-

178 4331 350 4399 tiosus
369 4339 482 4412 oet,
512 4336 674 4401 dans
694 4334 956 4399 arrham
982 4352 1238 4419 sponsae
1264 4353 1400 4401 suae
1424 4336 1688 4418 sangui·

179 4456 304 4504 nem
348 4461 539 4509 suum
558 4491 576 4519 ,
624 4447 688 4506 et
725 4442 1032 4526 Spiritum
1053 4491 1075 4522 ,
1113 4462 1246 4526 quo
1282 4443 1692 4527 locupletavit
1731 4520 1750 4535 ³

180 4564 278 4612 nos
299 4550 364 4614 in
389 4553 513 4616 ista
542 4551 1082 4634 peregrinatione.
1113 4573 1145 4611 n
1176 4550 1225 4617 Ο
1253 4570 1450 4635 quam
1478 4552 1686 4617 melli·

179 4653 290 4721 flua
312 4664 404 4723 est
423 4660 659 4725 animae
692 4660 933 4724 amanti
957 4660 1063 4723 illa
1090 4660 1439 4725 consolatio
1453 4709 1471 4740 ,
1522 4661 1687 4725 scili-

181 4769 263 4828 cet
283 4764 551 4849 Spiritus
576 4766 816 4831 sanctii
850 4768 893 4808 ¹¹
932 4788 963 4827 α
984 4764 1260 4849 Spiritus
1285 4784 1469 4832 meus
1497 4786 1693 4852 super

183 4871 290 4935 mel
310 4873 539 4953 dulciS,
561 4897 593 4935 n
617 4877 740 4939 etc.
769 4872 894 4938 Sed
919 4872 1033 4938 ubi
1062 4872 1219 4938 illud
1252 4874 1380 4939 mel
1407 4874 1692 4941 invenie-

183 4994 329 5060 mus,
355 4980 713 5046 Bernardus
736 4980 1010 5046 ostendit
1032 4980 1246 5045 dicens
1271 4983 1321 5023 ¹¹
1365 5005 1380 5046 ε
1420 5004 1452 5043 α
1492 4982 1692 5049 Fode-

233 5142 250 5174 ¹
275 5141 407 5207 Gen„
433 5156 570 5207 xxti,
598 5145 647 5194 9.
682 5169 745 5181 —
772 5142 792 5172 ²
822 5142 988 5207 Daui„
1020 5154 1092 5206 tv,
1120 5145 1198 5193 37.
1224 5168 1287 5181 —
1314 5143 1336 5179 ⁸
1367 5143 1550 5208 Exod„
1575 5156 1694 5209 xix,

187 5212 250 5260 18.
274 5239 332 5250 -
353 5216 371 5245 ⁴
399 5214 533 5265 Psal.
562 5225 755 5277 cmxi,
795 5216 901 5265 ¹40.
931 5240 988 5251 -
1022 5214 1045 5249 ⁸
1078 5214 1229 5278 thid„
1264 5217 1371 5265 ¹⁰5.
1405 5242 1470 5254 —
1495 5216 1516 5247 ⁸
1546 5217 1691 5281 Sap„

187 5288 265 5345 vu,
288 5286 361 5335 28.
383 5311 445 5324 —
467 5288 486 5317 ⁷
519 5288 685 5344 Joan„
719 5297 807 5349 xv,
833 5288 969 5336 9·10.
1001 5311 1062 5322 -
1091 5285 1116 5322 ⁸
1149 5286 1190 5334 11
1230 5287 1408 5352 Thess„
1436 5300 1497 5352 11,
1527 5290 1604 5340 15.
1631 5315 1695 5327 --

187 5352 202 5381 ’
223 5356 344 5418 Aet„
373 5368 444 5417 lx,
471 5360 549 5408 31.
582 5382 636 5393 --
669 5356 716 5392 ¹⁰
741 5357 893 5422 Aug„
932 5356 1136 5420 Enarr.,
1163 5358 1216 5405 in
1246 5358 1375 5409 Psal.
1402 5370 1490 5423 xe,
1521 5373 1575 5410 n.
1613 5362 1693 5424 13,

187 5429 332 5488 quoad
357 5443 580 5479 sensum.
606 5454 671 5466 —
712 5430 748 5463 ¹¹
780 5428 961 5493 Eecli„
990 5440 1134 5491 xx1v,
1166 5431 1244 5479 γι.
1280 5458 1342 5469 -
1368 5432 1410 5466 ¹²
1438 5434 1612 5496 Rern„
1640 5432 1693 5483 in

436 5535 584 5582 ΊῸΙ.
626 5535 767 5582 xm.

3208 452 3325 513 193

1782 580 1937 638 runt
1979 595 2209 641 manus
2236 581 2414 658 ejuS‚
2462 584 2527 643 et
2572 581 2799 660 pedes,
2850 580 3141 663 latusque
3187 586 3327 663 ejus

1782 679 2004 747 lancea
2051 684 2561 766 perforaverunt.
2609 685 2732 751 Per
2781 688 2896 752 has
2937 687 3138 752 rimas
3183 688 3329 753 licet

1786 790 1945 855 mihi
1967 810 2201 875 sugere
2228 792 2355 857 mel
2368 794 2447 858 de
2470 799 2672 877 petra,
2697 794 3037 879 oleumque
3065 796 3143 860 de
3169 815 3324 862 saxo

1784 898 2148 965 durissimo.
2175 923 2208 961 ι)
2242 900 2453 983 Hujus
2484 905 2682 984 petrae
2709 902 2905 968 rimas
2945 921 3078 968 non
3104 903 3327 969 vultu·

1785 1023 1889 1070 res
1923 1007 2189 1088 diaboli,
2225 1007 2336 1072 sed
2367 1006 2683 1074 columbae
2711 1009 2821 1074 Dei
2846 1010 3207 1076 inhabitant
3230 1013 3276 1052 ¹⁸
3307 1031 3326 1076 ε

1795 1138 1827 1176 α
1853 1114 2160 1181 Columba
2197 1135 2342 1181 mea
2386 1116 2456 1180 in
2494 1118 2805 1183 foramine
2848 1123 3066 1202 petrae.
3097 1141 3129 1179 υ
3176 1119 3332 1185 Cum

1786 1239 1949 1304 ergo
1989 1221 2372 1304 dilexisset,
2418 1229 2538 1290 etc.
2591 1224 2760 1291 Bene
2799 1226 2949 1291 dicit
2981 1248 2996 1289 ε
3032 1227 3107 1293 in
3134 1226 3330 1307 tinem

1786 1328 2030 1397 dilexit
2058 1347 2158 1398 eos
2185 1333 2308 1396 :in
2348 1331 2469 1397 hac
2498 1332 2670 1397 enim
2697 1332 2871 1398 finali
2897 1351 3081 1398 coena
3114 1335 3334 1399 omnia

1787 1438 2092 1521 praedicta
2114 1440 2466 1505 dilectionis
2493 1441 2688 1524 signa
2709 1440 3079 1506 invenimus
3102 1464 3118 1506 ε
3142 1441 3332 1525 pedes

1787 1542 1957 1606 enim
1988 1543 2180 1620 lavit,
2230 1562 2461 1627 corpus
2503 1562 2695 1609 suum
2732 1544 2934 1623 dedit,
2974 1562 3333 1610 sermonem

1790 1648 1935 1713 fecit
1955 1698 1973 1729 ,
2024 1649 2331 1734 Spiritum
2378 1658 2671 1716 sanctum
2718 1652 3029 1736 promisit.
3089 1653 3336 1737 Adapta

1789 1756 2049 1839 singula
2072 1758 2368 1840 singulis.

2353 1938 2642 2010 SERMO
2685 1941 2772 2012 Π.

1874 2072 2096 2140 Sinon
2116 2073 2324 2141 lavero
2352 2081 2410 2143 te
2424 2123 2447 2155 ,
2475 2091 2607 2143 non
2626 2075 2882 2142 habebis
2897 2076 2964 2157 ¹⁸,
2989 2079 3106 2142 etc.
3137 2077 3338 2142 Lavat

1793 2196 1909 2243 nos
1936 2178 2247 2247 Dominus
2275 2183 2796 2267 quadrupliciter,
2843 2183 3137 2249 videlicet
3168 2203 3339 2268 aqua

1795 2289 2091 2374 baptismi
2104 2337 2123 2365 ,
2153 2291 2438 2373 lacryma
2460 2290 2879 2375 poenitentiali
2895 2339 2913 2372 ‚
2947 2291 3101 2356 vino
3131 2309 3339 2356 sacra-

1796 2397 2057 2461 mentali
2073 2446 2095 2477 ,
2126 2398 2446 2479 sanguine
2469 2397 2867 2483 triumphali.

1875 2502 1962 2568 De
1989 2506 2198 2588 primo
2224 2506 2270 2545 ¹⁸
2297 2527 2313 2569 ε
2348 2528 2378 2567 α
2405 2505 2565 2570 Lavi
2587 2510 2652 2572 te
2680 2525 2870 2590 aqua,
2900 2510 2964 2571 et
2988 2507 3337 2573 emundavi

1795 2612 2182 2693 sanguinem
2194 2617 2402 2693 tuum,
2414 2634 2447 2673 n
2457 2612 2519 2678 id
2530 2617 2647 2693 est,
2663 2618 2936 2696 peccata.
2952 2613 3248 2679 Psalmus
3258 2615 3333 2678 ¹⁸:

1804 2719 2288 2785 «Liberamede
2315 2720 2761 2802 sanguinibus,
2783 2720 2968 2786 Deus.
2991 2743 3022 2780 a>
3056 2720 3211 2786 Lavi
3240 2726 3334 2801 te,

1795 2827 2085 2910 inquam,
2111 2845 2299 2910 aqua.
2322 2826 2371 2891 Ο
2397 2828 2451 2891 si
2473 2832 2638 2893 esset
2659 2827 2872 2912 aliqua
2893 2832 3088 2910 terra,
3120 2829 3192 2893 in
3213 2848 3342 2912 qua

1795 2938 1961 2999 esset
1994 2935 2135 2999 fons
2149 2982 2170 3015 ,
2223 2937 2409 3018 cnjus
2447 2953 2619 3018 aqua
2659 2953 2885 3000 omnes
2938 2936 3340 3002 infirmitates

1795 3042 2068 3108 lavando
2119 3047 2409 3123 sanaret,
2476 3045 2793 3126 quantum
2852 3041 3233 3124 diligeretur
3280 3046 3345 3107 et

1798 3152 2234 3233 quaereretur!
2267 3150 2445 3216 Certe
2468 3152 2594 3215 hoc
2631 3149 2779 3214 facit
2816 3167 2989 3233 aqua
3016 3149 3338 3234 baptismi.

1796 3257 2248 3340 Significatum
2289 3263 2387 3322 est
2407 3305 2427 3336 ‚
2456 3257 2571 3323 ubi
2599 3254 2888 3323 Naaman
2929 3256 3181 3342 leproso
3207 3256 3338 3322 Eli-

1796 3382 1966 3430 saeus
1980 3365 2131 3429 dicit
2144 3365 2185 3401 ¹'¹
2202 3383 2258 3429 τι
2274 3364 2518 3430 Lavare
2530 3365 2758 3448 septies
2772 3365 2839 3429 in
2850 3363 3149 3446 Jordane,
3161 3386 3191 3425 n
3216 3369 3338 3429 etc.

1797 3470 1921 3537 Sed
1942 3521 1961 3551 ‚
1998 3474 2166 3538 heu!
2211 3472 2494 3537 multum
2532 3471 2879 3536 abhorrent
2914 3470 3208 3538 homines
3244 3473 3339 3538 le-

1797 3598 1982 3663 pram
2008 3579 2290 3663 corporis
2315 3627 2333 3657 ‚
2370 3578 2482 3661 qui
2508 3578 2792 3661 leprosas
2824 3595 2959 3644 non
2995 3577 3341 3644 abhorrent

1794 3687 2078 3766 animas,
2109 3685 2282 3770 quod
2309 3689 2525 3750 tamen
2564 3685 2769 3750 multo
2795 3685 3172 3751 horribilius
3220 3691 3338 3750 est.

1796 3793 1877 3859 Et
1895 3795 2038 3859 ideo
2062 3812 2235 3859 nunc
2258 3794 2328 3857 in
2346 3792 2640 3876 passione
2662 3811 2783 3858 sua
2795 3793 3004 3859 voluit
3032 3798 3341 3877 tanquam

1796 3903 2087 3987 leprosus
2113 3900 2458 3981 contemni,
2481 3903 2557 3965 ut
2580 3905 2867 3967 nostram
2888 3900 3136 3986 lepram
3156 3919 3344 3967 mun·

1795 4011 1974 4075 daret
1999 4010 2044 4046 ¹⁸
2074 4032 2091 4074 ε
2121 4033 2154 4071 α
2197 4009 2326 4076 Nos
2358 4010 2804 4092 reputavimus
2839 4027 2994 4074 eum
3033 4013 3340 4093 tanquam

1796 4118 2123 4202 leprosum
2142 4165 2161 4195 ‚
2188 4140 2220 4178 n
2264 4121 2383 4182 etc.

1877 4226 1966 4291 De
1977 4227 2279 4307 secundo,
2291 4224 2583 4290 Psalmus
2595 4227 2639 4262 ¹⁹
2656 4244 2674 4290 ε
2689 4224 2999 4290 «Lavabis
3016 4243 3142 4305 me,
3157 4246 3189 4285 ι
3212 4229 3341 4290 etc.

1799 4332 1937 4411 Quo
1962 4338 2178 4400 autem
2194 4335 2443 4418 liquore
2464 4333 2656 4399 vellet
2668 4332 2894 4414 lavari,
2917 4332 3066 4398 dicit
3086 4332 3237 4397 alibi
3248 4331 3298 4368 ¹⁰
3320 4350 3339 4396 ε

1807 4466 1839 4504 α
1859 4442 2115 4509 Lavabo
2164 4460 2278 4527 per
2318 4442 2609 4524 singulas
2653 4446 2902 4522 noctes,
2932 4463 2965 4502 n
3018 4445 3138 4507 etc.
3183 4439 3343 4505 Mira

1798 4552 2006 4616 virtus
2033 4552 2230 4633 hujus
2255 4548 2514 4616 lotionis
2531 4598 2548 4631 ‚
2578 4568 2711 4632 qua
2735 4550 2953 4614 anima
2976 4550 3051 4613 fit
3077 4549 3226 4614 nive
3256 4549 3344 4614 al·

1798 4658 1962 4739 hior,
1991 4675 2140 4741 quae
2168 4656 2349 4741 prius
2386 4656 2459 4721 in
2486 4657 2756 4739 peccatis
2782 4656 2905 4721 fuit
2930 4656 3204 4721 carbone
3242 4657 3344 4719 ni-

1799 4766 1984 4849 grior
2005 4766 2049 4802 ²¹
2077 4786 2093 4827 ε
2132 4787 2165 4825 «ι
2188 4763 2534 4846 Denigrata
2563 4767 2659 4828 est
2692 4781 2883 4846 super
2908 4764 3216 4830 carbones
3242 4765 3340 4831 fa-

1799 4874 1926 4939 cies
1944 4876 2111 4956 eJus,
2139 4894 2171 4933 ι
2204 4871 2268 4937 id
2294 4876 2421 4953 est,
2450 4872 2852 4939 conscientia.
2886 4871 2959 4938 ln
2977 4871 3229 4939 Psalmo
3255 4876 3340 4939 ¹²:

1809 4982 2143 5064 «Arguam
2154 4984 2240 5061 te,
2257 4984 2605 5046 etstatuam
2623 4986 2842 5047 contra
2853 4982 3079 5048 faciem
3094 4985 3334 5049 tuam.»

1803 5135 1973 5211 Cavit„
1996 5157 2149 5195 serm.
2182 5155 2287 5208 in,
2316 5159 2364 5193 u.
2401 5150 2439 5195 1.
2473 5169 2534 5180 -
2562 5145 2603 5180 ¹³
2631 5144 2801 5205 Cani„
2832 5158 2894 5210 11,
2923 5151 3001 5196 14.
3025 5174 3088 5187 -
3119 5150 3157 5186 ¹⁸
3176 5150 3343 5214 Joan„

1799 5229 1925 5280 xm,
1969 5220 2015 5266 8.
2048 5241 2109 5254 -
2148 5215 2188 5249 ¹⁵
2232 5215 2424 5276 Erech„
2470 5228 2593 5279 xv1,
2637 5219 2686 5267 9.
2721 5243 2786 5255 -
2834 5220 2868 5249 ¹⁶
2896 5218 3031 5268 Psal.
3072 5233 3130 5282 1.‚
3176 5224 3252 5271 16.
3282 5248 3345 5260 -

1799 5288 1845 5324 ¹⁸¹
1870 5292 1934 5338 lv
1975 5290 2114 5352 Κεφ,
2143 5299 2196 5350 v,
2227 5290 2301 5337 lo.
2328 5312 2390 5323 —
2420 5285 2461 5322 ¹⁸
2493 5287 2612 5351 Isa.,
2644 5300 2770 5354 Lm,
2805 5293 2850 5339 4.
2882 5316 2943 5327 -
2981 5291 3018 5325 ¹⁹
3044 5291 3182 5341 Psal.
3211 5305 3263 5355 1.,
3293 5298 3343 5344 9.

1802 5385 1862 5397 .-
1906 5360 1946 5391 ²·
1975 5359 2131 5465 ΦΡεαὶ.
2171 5368 2250 5422 Ἡ,
2295 5359 2349 5407 Ἰ.
2389 5385 2449 5397 -
2489 5359 2529 5393 *Ι
2582 5358 2775 5419 Thr-en„
2816 5372 2903 5424 ιν,
2944 5363 2992 5411 8.
3028 5389 3090 5401 —
3129 5363 3170 5393 ²²
3204 5364 3343 5415 Psal.

1801 5443 1946 5495 xmx,
1976 5437 2057 5480 ..1.

2992 5530 3069 5590 13
