4059 6317
896 487 1277 558 DOMINICA
1310 487 1364 554 V
1404 486 1599 554 POST
1642 484 2227 556 PENTECOSTEN.
2269 486 2531 555 SERMO
2573 488 2624 555 Ι.

3234 495 3353 562 353

0 649 106 704 οισι
171 627 277 693 tus
299 625 381 692 ad
406 625 764 692 nocendum
789 627 1067 692 exterius
1091 643 1353 710 prorum
1363 626 1472 707 pit.
1499 624 1712 689 Irasci·
1816 624 1989 707 quod
2014 624 2467 707 interpretatur
2502 643 2691 691 cenos
2726 625 2774 706 ⁸,
2818 624 2924 691 vel
2947 642 3213 706 vanum,
3244 628 3357 694 sed

0 714 114 756 nodis

0 777 123 831 Ιὶιιιῑ·

0 843 149 883 1000101·

0 903 61 945 utri
72 914 148 945 sno

173 741 281 800 tur
306 734 481 800 enim
505 734 735 817 aliquis
764 735 938 798 tratri
969 752 1089 800 sno
1114 732 1461 815 tripliciter,
1484 749 1709 796 secun-

128 843 333 908 ¹’dum
373 842 495 905 tria
518 841 939 906 instrumenta
965 839 1267 922 corporis,
1298 837 1533 902 scilicet
1571 855 1714 901 cor-

177 950 311 1028 dis,
362 950 524 1028 oris,
562 953 625 1014 et
668 966 919 1013 manua.
969 950 1130 1011 Nam
1173 945 1381 1029 primo
1424 945 1717 1009 irascitur

178 1057 407 1140 aliquis
431 1057 610 1121 fratri
648 1074 768 1122 suo
798 1073 1098 1139 perverso
1127 1054 1369 1136 judicio
1409 1052 1717 1133 malignae

176 1163 582 1246 cogitationis
618 1163 688 1228 in
728 1163 950 1241 corde;
982 1160 1291 1257 secundo,
1320 1161 1483 1225 duro
1520 1159 1719 1224 verbo

175 1271 505 1355 injuriosae
527 1269 1003 1356 conviciationis
1028 1269 1096 1333 in
1115 1286 1258 1347 ore;
1280 1267 1490 1346 tertio,
1520 1282 1720 1348 pravo

176 1380 492 1445 maleficio
518 1379 814 1444 fraternae
839 1377 1116 1444 laesionis
1140 1377 1209 1440 in
1229 1393 1441 1459 opere.

260 1485 478 1553 Primo
503 1487 802 1551 irascitur
822 1485 1055 1569 aliquis
1079 1483 1258 1548 fratri
1278 1500 1395 1548 sno
1422 1498 1724 1565 perverso

172 1595 420 1680 judicio
448 1595 755 1676 malignae
785 1591 1188 1675 cogitationis
1214 1590 1284 1655 in
1310 1589 1520 1654 corde.
1549 1587 1727 1652 Hanc

179 1703 553 1769 interiorem
594 1701 1049 1785 cogitationem
1075 1698 1363 1763 illicitam
1382 1746 1401 1777 ,
1448 1699 1514 1761 et
1548 1713 1722 1760 com-

182 1812 565 1890 motionem,
594 1812 885 1875 removet
923 1806 1267 1886 Dominus,
1306 1823 1458 1870 cnm
1483 1803 1633 1868 dicit
1658 1802 1726 1866 in

183 1917 495 1982 hodierno
523 1915 913 1999 Evangelio:
946 1916 1078 1999 qu
1105 1919 1317 1981 autem
1343 1912 1488 1979 dico
1504 1909 1680 1977 vobis
1703 1927 1727 1974 .·

192 2026 416 2093 Omnis
447 2028 565 2110 qui
590 2026 906 2093 irascitur
942 2025 1141 2104 fratri
1173 2038 1312 2091 suo.
1345 2020 1733 2102 Intelligitur

186 2132 501 2216 expositio
527 2133 618 2198 sic
654 2155 671 2196 z
703 2130 775 2197 Id
813 2136 909 2196 est
939 2153 956 2197 ι
990 2130 1144 2196 Ρ100
1167 2130 1352 2209 addo,
1380 2145 1576 2211 quam
1602 2143 1732 2191 non

187 2241 477 2307 occidere
493 2289 515 2320 ,
544 2240 781 2306 scilicet
819 2257 949 2304 non
987 2237 1197 2304 irasci.
1241 2236 1404 2302 Nam
1440 2234 1555 2318 qui
1602 2252 1734 2299 non

189 2349 525 2429 irascitur,
552 2366 684 2413 non
723 2347 942 2426 solvit,
975 2346 1087 2411 sed
1126 2344 1463 2428 perfectius
1489 2342 1731 2426 implet.

192 2455 375 2521 Unde
402 2454 618 2520 Glossa
642 2454 795 2519 dicit
828 2451 850 2517 ε’
881 2476 912 2515 e
941 2451 1308 2517 Mandatum
1351 2449 1578 2515 Christi
1606 2465 1737 2513 non

193 2565 292 2627 est
321 2562 716 2628 contrarium
736 2560 892 2642 legi,
921 2558 1030 2624 sed
1054 2559 1244 2623 latius
1268 2557 1336 2623 in
1354 2576 1432 2623 eo
1459 2557 1739 2622 contine·

194 2673 333 2735 tur.
364 2668 526 2734 Nam
550 2669 664 2753 qui
688 2686 821 2734 non
845 2666 1156 2746 irascitur,
1179 2684 1311 2731 non
1338 2664 1595 2744 occidit;
1629 2662 1740 2728 sed

195 2789 390 2861 aequa
415 2776 668 2842 licentia
696 2774 1009 2842 irascendi
1032 2791 1224 2839 causa
1260 2777 1358 2838 est
1390 2772 1737 2837 homicidii.

197 2883 280 2949 Et
300 2886 565 2967 propter
584 2882 708 2947 hoc
745 2881 1051 2947 Dominus
1075 2880 1277 2963 aperit
1305 2896 1564 2945 omnem
1596 2895 1742 2942 mo-

197 2996 341 3055 tum
391 2989 590 3055 animi
641 2990 722 3056 ad
772 2988 1133 3055 nocendum
1199 2987 1269 3051 in
1324 2983 1743 3051 homicidium

199 3099 584 3182 computari.
621 3099 800 3163 Certe
822 3098 874 3162 si
900 3097 1026 3162 hoc
1064 3094 1412 3160 attenderet
1451 3092 1740 3177 quilibet,

201 3225 546 3289 nunquam
597 3205 668 3270 in
721 3205 938 3270 animo
994 3208 1212 3268 contra
1254 3202 1512 3266 fratrem
1552 3217 1747 3264 suum

200 3312 602 3379 iracundiam
630 3311 950 3392 retineret,
974 3327 1310 3394 nunquam
1338 3307 1625 3388 maligna
1647 3323 1749 3371 co-

204 3422 520 3504 gitatione
549 3420 608 3485 ei
636 3419 995 3503 patibulum
1022 3419 1095 3482 in
1118 3418 1307 3483 domo
1326 3415 1532 3481 cordis
1554 3431 1749 3497 para-

203 3535 324 3613 ret,
356 3529 524 3595 sicut
549 3529 759 3594 Aman
779 3527 1028 3612 paravit
1043 3524 1441 3592 Mardochaeo
1465 3523 1531 3588 in
1559 3522 1749 3586 domo
1772 3571 1787 3586 .

203 3656 354 3718 00ος
417 3642 481 3702 01
528 3640 746 3702 tamen
797 3634 1144 3700 iracundus
1191 3633 1400 3697 Aman
1441 3635 1749 3714 tanquam

204 3744 529 3812 homicida
571 3760 921 3827 suspensus
955 3745 1085 3823 est,
1116 3758 1251 3805 non
1288 3738 1746 3804 Mardochaeus.

203 3852 453 3919 Tamen
484 3870 635 3917 cum
670 3851 768 3915 ira
805 3867 952 3934 quae
996 3847 1077 3932 (a)
1115 3851 1211 3913 est
1246 3865 1330 3912 ex
1359 3864 1586 3924 causa,
1619 3863 1751 3910 non

204 3965 302 4026 est
329 3959 678 4026 commotio
702 3958 946 4036 illicita,
974 3956 1086 4021 sed
1103 3954 1447 4037 judicium,
1477 3970 1554 4018 eo
1579 3951 1753 4035 quod

205 4087 342 4135 non
362 4066 660 4134 irascitur
689 4064 869 4130 tratri
895 4082 1036 4143 suo,
1061 4064 1172 4128 sed
1190 4062 1370 4141 vitio,
1399 4059 1754 4126 secundum

208 4176 386 4259 quod
425 4173 578 4238 dicit
594 4171 828 4238 Glossa.
851 4169 1032 4236 Unde
1057 4170 1125 4234 in
1147 4168 1402 4235 Psalmo
1428 4168 1449 4204 ¹
1487 4186 1504 4230 ε
1540 4189 1572 4228 α
1594 4165 1756 4230 Iras-

210 4282 461 4361 cimini,
488 4285 553 4347 et
571 4280 764 4345 nolite
788 4295 1068 4363 peccare.
1099 4298 1131 4338 ι

295 4388 591 4456 Secundo
630 4387 920 4452 irascitur
962 4384 1192 4467 aliquis
1229 4382 1409 4448 fratri
1444 4399 1564 4448 suo
1595 4382 1757 4448 duro

214 4499 421 4566 verbo
473 4495 800 4579 injuriosae
848 4490 1323 4558 conviciationis
1370 4490 1441 4554 in
1493 4508 1642 4569 ore;
1695 4492 1760 4554 01

214 4607 397 4672 11000
418 4606 671 4668 motum
696 4598 1077 4665 exteriorem
1103 4599 1390 4662 removet
1427 4597 1755 4676 Dominus,

217 4732 372 4780 cum
401 4711 555 4778 dicit
578 4710 603 4745 ¹
640 4730 657 4775 ε
702 4707 926 4774 Omnis
952 4708 1070 4789 qm·
1106 4704 1357 4772 ‹li-verit
1378 4704 1579 4785 fratri
1603 4718 1719 4770 suo
1735 4724 1763 4769 .-

219 4820 474 4900 Racha,
516 4815 622 4882 vel
662 4815 868 4897 fatue,
907 4812 1079 4896 quod
1117 4813 1221 4892 flt,
1255 4811 1510 4894 quando
1550 4815 1763 4875 motus

220 4927 494 4994 interior
543 4921 902 5008 prorumpit
954 4920 1025 4984 in
1080 4936 1307 4985 vocem
1355 4917 1757 4982 exteriorem.

220 5036 407 5104 Unde
433 5034 650 5099 Glossa
673 5030 847 5110 dicit,
867 5027 1033 5112 quod
1061 5026 1262 5095 racha
1287 5029 1385 5090 est
1407 5026 1764 5109 interjectio

222 5140 623 5226 indignantis
637 5186 658 5220 ,
704 5135 1071 5220 exprimens
1110 5150 1349 5200 nomen
1392 5133 1723 5199 hebraeum
1736 5180 1760 5214 ,

296 5338 477 5392 ¹P0al.
518 5349 593 5402 lv,
626 5340 676 5390 5.
707 5361 764 5374 -—
807 5332 1065 5399 ’Μῶλυ
1100 5343 1152 5397 v,
1189 5334 1268 5383 22.
1307 5356 1369 5371 --
1397 5332 1420 5368 ⁸
1444 5333 1624 5394 Κινος,
1658 5331 1766 5384 sive

227 5431 372 5467 mov
392 5411 450 5463 in
474 5413 661 5463 neutro
686 5418 897 5473 genere.
915 5432 977 5445 —
999 5404 1018 5435 ⁴
1047 5403 1193 5467 Gen„
1219 5414 1372 5468 mu,
1397 5405 1477 5455 24.
1498 5429 1558 5468 -,-
1584 5402 1768 5465 men„

230 5498 311 5552 lv,
333 5489 385 5537 5.

514 5589 664 5636 Ton.
706 5587 843 5633 xm.

1816 733 1994 812 fatue
2009 733 2177 797 idem
2187 737 2284 798 est
2296 735 2466 817 quod
2479 735 2887 800 infatuatum.
2906 733 3083 800 Unde
3102 734 3353 800 Glossa:

1827 862 1858 901 c
1883 838 2023 904 Non
2055 841 2227 904 enim
2255 842 2542 908 modicus
2577 843 2758 908 furor
2794 846 2925 921 est,
2959 860 3154 926 quem
3193 843 3359 908 Deus

1821 946 1950 1012 sale
1987 948 2318 1030 sapientiae
2359 950 2658 1029 condivit,
2694 950 3077 1015 infatuatum
3105 968 3354 1031 vocare,

1823 1058 1887 1118 et
1913 1053 2157 1119 salienti
2189 1055 2314 1120 Deo
2340 1057 2672 1139 derogare.
2705 1079 2737 1119 s
2765 1056 2930 1122 Tum
2957 1057 3174 1122 Glossa
3199 1059 3359 1122 assi-

1828 1166 1987 1243 gnat
2036 1161 2457 1227 differentiam
2514 1165 2682 1230 inter
2741 1167 2943 1231 irasci
2963 1211 2982 1242 ,
3037 1168 3101 1228 et
3152 1164 3364 1231 dicere

1826 1268 2045 1344 racha,
2075 1269 2141 1332 et
2165 1266 2376 1337 dicere
2402 1271 2602 1351 fatue.
2635 1271 2739 1337 Sic
2765 1272 3008 1353 gradus
3025 1277 3120 1336 est
3136 1273 3206 1336 in
3228 1272 3369 1337 istis

1826 1376 2099 1458 peccatis
2130 1397 2147 1440 x
2178 1377 2389 1459 primo
2412 1381 2506 1443 est
2522 1379 2731 1459 irasci,
2753 1385 2818 1445 et
2833 1379 3008 1445 hunc
3033 1383 3281 1444 motum
3300 1380 3371 1444 in

1829 1481 2048 1546 animo
2075 1483 2382 1562 retinere;
2413 1484 2558 1567 plus
2584 1488 2712 1566 est,
2746 1486 2801 1550 si
2828 1504 3050 1552 vocem
3085 1504 3370 1551 commo·
3465 1555 3484 1572 ‚

1829 1587 1920 1652 tio
1955 1589 2094 1671 ipsa
2128 1590 2428 1670 extorsit,
2472 1610 2668 1684 quam
2716 1593 2769 1656 si
2812 1592 3074 1658 feriatur
3119 1593 3224 1658 ille
3268 1593 3372 1658 001

1832 1694 2127 1760 irascitur
2144 1717 2163 1775 ;
2192 1696 2339 1779 plus
2356 1700 2473 1778 est,
2500 1699 2554 1764 si
2579 1703 2750 1764 certa
2766 1699 3147 1782 vituperatio
3163 1700 3369 1765 incre-

1834 1803 1997 1884 puit.
2046 1801 2230 1868 Hunc
2273 1809 2490 1870 autem
2539 1810 2788 1872 motum
2825 1807 2942 1872 irae
2961 1855 2981 1886 ,
3016 1807 3130 1891 qui
3169 1813 3266 1872 est
3308 1809 3376 1872 in

1836 1909 2058 1989 verbo,
2086 1912 2454 1976 removebat
2483 1917 2741 1979 sanctus
2767 1912 2802 1979 J
2803 1914 3001 1997 oseph
3022 1933 3064 1978 a
3079 1915 3380 1980 fratribus

1836 2015 2010 2095 suia,
2051 2017 2403 2083 secundum
2430 2018 2603 2101 quod
2647 2019 2880 2086 dicitur
2914 2021 2937 2056 ¹·
2979 2042 2994 2085 :
3059 2043 3090 2080 α
3132 2020 3383 2085 Dimisit

1840 2138 1998 2204 ergo
2026 2122 2252 2188 fratres
2279 2143 2452 2205 suos,
2481 2131 2545 2190 01
2570 2127 2660 2191 011
2684 2126 2811 2191 11110
2846 2150 2860 2192 :
2892 2126 2986 2193 Ne
3021 2128 3382 2194 irascamini

1839 2227 1911 2292 in
1936 2229 2066 2309 via,
2094 2229 2356 2297 dicendo
2384 2251 2557 2297 unus
2595 2232 2777 2297 alteri
2802 2235 3076 2299 verbum
3103 2235 3191 2317 inj
3202 2236 3383 2300 urio-

1842 2356 2010 2404 sum.
2042 2361 2073 2400 »
2109 2339 2271 2406 Nam
2296 2342 2409 2425 qui
2437 2342 2829 2408 conviciatur
2855 2343 3033 2409 fratri
3060 2362 3201 2421 suo,
3239 2342 3386 2409 vin-

1843 2445 2066 2509 culum
2078 2447 2488 2514 fraternitatis
2507 2449 2815 2530 dissolvit,
2831 2450 3006 2516 rixas
3019 2450 3284 2517 suscitat
3300 2450 3380 2533 (b)

1843 2556 1909 2617 et
1933 2552 2075 2618 lites
2100 2555 2400 2621 incendit.

1925 2657 2138 2725 Tertio
2182 2661 2480 2728 irascitur
2522 2663 2753 2748 aliquis
2791 2664 2971 2729 tratri
3025 2681 3144 2730 sno
3188 2682 3388 2747 pravo

1848 2766 2158 2833 maleficio
2183 2770 2479 2838 fraternas
2505 2772 2782 2838 laesionis
2811 2773 2881 2837 in
2916 2790 3144 2856 opere;
3177 2776 3243 2837 et
3267 2773 3392 2837 hoc

1850 2879 2183 2955 peccatum
2201 2878 2315 2944 irae
2334 2884 2619 2946 removet
2634 2880 2963 2960 Dominus,
2981 2879 3391 2963 approbando

1849 2985 2021 3068 quod
2068 2986 2309 3051 dictum
2355 2989 2558 3054 fuerat
2600 2990 2681 3054 ab
2725 2990 3007 3074 antiquis
3022 3038 3040 3070 ,
3088 2988 3323 3054 scilicet
3370 3010 3388 3052 z

1852 3093 1996 3161 Non
2023 3093 2289 3161 occides.
2332 3094 2510 3161 Unde
2537 3097 2929 3180 prohibendo
2964 3100 3213 3161 motum
3250 3096 3390 3175 irae,

1854 3199 2229 3264 mandatum
2255 3201 2335 3266 de
2361 3220 2492 3267 non
2516 3203 2859 3269 occidendo
2884 3221 3015 3269 non
3036 3203 3394 3285 evacuavit,

1854 3307 1966 3372 sed
2009 3308 2348 3391 perfectius
2390 3309 2595 3375 voluit
2637 3311 2983 3377 observari.
3036 3310 3199 3376 Nam
3247 3310 3397 3376 tolle

1831 3414 2045 3502 ¹iram,
2083 3419 2145 3480 et
2173 3415 2591 3482 homicidium
2619 3436 2748 3482 non
2774 3419 2870 3483 fit.
2902 3417 2981 3484 Et
3003 3417 3083 3483 de
3108 3418 3230 3483 hoc
3246 3418 3399 3483 dici-

1854 3524 1963 3586 tur
1988 3522 2012 3559 ⁸
2054 3543 2069 3585 :
2124 3545 2157 3584 ιι
2195 3522 2402 3589 110100
2436 3530 2531 3589 est
2573 3522 2726 3590 Cain
2768 3525 3214 3604 vehementer,
3257 3548 3289 3585 ι
3336 3530 3400 3590 01

1854 3629 2145 3713 sequitur
2191 3653 2207 3694 ε
2265 3654 2298 3693 α
2344 3630 2755 3699 consurrexit
2795 3633 3100 3701 adversus
3138 3635 3398 3700 fratrem

1855 3736 2057 3817 Abel,
2087 3741 2151 3801 et
2182 3738 2498 3803 interfecit
2534 3758 2710 3805 eum.
2743 3762 2774 3801 n
2811 3741 2888 3807 Et
2922 3742 3046 3808 hoc
3090 3746 3188 3807 est
3229 3742 3400 3826 quod

1856 3844 2221 3910 damnificat
2267 3845 2532 3911 fratrem
2574 3847 2917 3931 aliquando
2962 3850 3031 3914 in
3078 3831 3354 3930 persona
3372 3896 3395 3930 ,

1857 3953 2199 4036 aliquando
2253 3953 2321 4018 in
2377 3953 2573 4019 rebus
2611 3973 2631 4019 z
2678 3974 2824 4020 nam
2871 3974 2955 4022 ex
2995 3957 3136 4041 ipsa
3178 3975 3400 4041 proce-

1859 4060 2023 4126 dunt
2044 4059 2407 4143 homicidia,
2437 4061 2632 4144 furta,
2679 4061 2993 4144 incendia,
3035 4067 3103 4130 et
3127 4083 3403 4150 quaeque

1862 4168 2122 4233 damna.

1939 4274 2152 4340 Tertio
2178 4274 2553 4340 describitur
2579 4276 2648 4340 in
2686 4278 2886 4343 verbo
2919 4279 3240 4362 proposito
3265 4297 3404 4363 pec-

1862 4385 2078 4448 catum
2114 4381 2230 4448 irae
2273 4386 2588 4465 quantum
2632 4383 2713 4448 ad
2752 4384 3012 4452 finalem
3058 4387 3401 4454 ordinatio-

1862 4509 2038 4570 nem,
2068 4509 2263 4574 quam
2288 4490 2482 4557 habet
2516 4492 2587 4556 in
2613 4496 2852 4558 aeterno
2888 4495 3219 4579 supplicio,
3252 4514 3404 4562 cum

1864 4597 2174 4662 subinfert
2226 4619 2242 4663 ε
2299 4598 2465 4664 Reus
2518 4599 2641 4666 erit
2685 4598 2947 4682 ,judicio
3005 4623 3021 4667 ε
3080 4603 3407 4686 quodlibet

1866 4704 2041 4770 enim
2066 4703 2442 4788 praedictum
2462 4711 2790 4789 peccatum
2809 4707 2879 4772 in
2898 4710 3153 4793 proprio
3164 4710 3406 4792 judicio

1868 4829 2076 4895 poenae
2108 4812 2531 4877 ordinabitur.
2568 4811 2732 4877 Nam
2759 4815 3036 4898 primum
3080 4821 3408 4900 peccatum

1866 4918 1984 4983 irae
2010 4918 2407 4984 ordinabitur
2445 4919 2690 5002 judicio
2723 4917 2957 4986 011101εο
2991 4924 3406 4988 examinatio·

1869 5026 1969 5091 nis
1995 5026 2357 5106 scrutantis,
2384 5032 2448 5091 et
2462 5027 2800 5093 revelantis
2816 5028 3152 5093 temeraria
3174 5029 3409 5112 judicia

1871 5133 2079 5199 cordis
2101 5153 2117 5214 ;
2149 5133 2499 5199 secundum
2522 5137 2853 5217 peccatum
2871 5134 2987 5200 irae
3013 5136 3411 5203 ordinabitur

1871 5242 1939 5306 10
1971 5239 2290 5324 judicium
2333 5240 2763 5323 opprobriosae
2789 5241 3273 5325 vituperationis
3306 5244 3409 5309 in-

1873 5346 2188 5430 crepantis
2211 5346 2526 5429 injuriosa
2549 5347 2750 5413 verba
2777 5348 2940 5430 oris3
2963 5350 3227 5418 tertium
3263 5370 3408 5437 pec-

1941 5472 2013 5538 (a)
2050 5471 2157 5523 Del.
2186 5485 2319 5550 qum²
2352 5497 2408 5510 -
2443 5471 2509 5537 (ὁ)
2543 5473 2665 5525 coet.
2696 5472 2821 5524 edit.
2854 5475 3138 5531 suscitatas.

3061 5573 3141 5634 23
