4059 6317
1009 429 1392 497 DOMINICA
1423 428 1486 500 X
1527 428 1725 496 POST
1768 428 2351 498 PENTECOSTEN.
2396 429 2667 499 SERMO
2713 431 2818 499 IV.

306 563 880 649 aedepol-cutiam
891 569 1112 662 peetus
1124 582 1333 633 suum.
1363 565 1611 632 Glossa:
1649 589 1681 628 α
1705 565 1854 632 Pre-

304 672 426 736 mit
441 676 849 755 conscientia,
877 675 986 741 sed
1003 675 1210 758 specie
1240 674 1537 741 sublevat
1557 697 1575 753 ;
1604 691 1855 758 percus—

302 779 389 845 sit
419 784 666 863 pectus,
707 782 788 847 de
822 800 893 847 se
930 800 1152 867 poenas
1178 782 1405 864 exigit.
1430 805 1463 843 n
1499 782 1710 846 Tertio
1735 781 1855 847 ba-

299 889 443 954 buit
469 890 898 957 humilitatem
924 889 1383 973 recognitionis
1404 890 1608 974 culpae
1631 889 1698 953 in
1719 908 1850 957 ore,

300 1014 392 1061 ex
415 997 644 1063 timore
672 1002 932 1063 aeternae
963 998 1370 1079 calamitatis,
1399 999 1534 1064 sive
1562 997 1858 1064 severita-

298 1105 421 1184 tis3
451 1106 625 1170 unde
648 1105 891 1171 dicebat
918 1127 935 1171 ε
972 1110 1165 1187 Deus,
1189 1109 1516 1189 propitius
1542 1113 1672 1175 esto
1691 1107 1857 1175 mihi

292 1213 640 1296 peccatori,
689 1213 790 1277 eui
831 1212 1076 1278 ratione
1114 1214 1320 1298 culpas
1364 1215 1630 1280 debetur
1664 1232 1853 1298 poena

298 1320 706 1402 sempiterna.
731 1320 850 1385 Ubi
871 1319 1092 1386 Glossa
1122 1342 1139 1386 z
1181 1343 1213 1383 α
1241 1321 1574 1400 Confitere,
1591 1327 1667 1387 ut
1687 1322 1852 1388 Deus

295 1427 614 1510 ignoscat.
641 1448 675 1488 ι
709 1426 789 1491 Et
827 1427 918 1491 sic
959 1429 1258 1494 movebat
1284 1447 1437 1494 eum
1472 1428 1551 1493 ad
1579 1429 1853 1493 humili-

298 1537 498 1599 tatem
522 1533 761 1599 divinae
786 1534 1135 1618 majestatis
1166 1535 1525 1617 fastigium,
1555 1537 1727 1619 quod
1755 1540 1853 1602 est

296 1641 776 1723 venerandum3
820 1643 1179 1706 commissae
1224 1642 1578 1726 iniquitatis
1609 1661 1850 1727 oppro-

298 1749 538 1828 brium,
586 1748 758 1831 quod
800 1752 899 1814 est
950 1748 1491 1829 emboecendum3
1538 1753 1847 1818 extremae

299 1857 655 1921 severitatis
672 1855 1012 1938 judicium,
1042 1857 1213 1940 quod
1248 1860 1346 1921 est
1376 1858 1794 1924 metuendum
1829 1881 1848 1924 t

300 1967 366 2040 et
388 1962 482 2027 sie
503 1963 856 2047 perfectum
877 1963 1105 2028 habuit
1131 1964 1449 2030 motivum
1476 1964 1557 2030 ad
1584 1965 1853 2030 bumili-

299 2074 523 2150 tatem,
551 2070 788 2136 scilicet
811 2071 986 2155 quod
1010 2075 1150 2135 erat
1177 2089 1373 2154 supra
1402 2072 1617 2155 ipsum
1655 2071 1848 2154 Deus,

298 2179 415 2262 qui
440 2177 853 2260 praesidebat3
885 2177 1057 2261 quod
1080 2183 1219 2243 erat
1245 2178 1413 2243 intra
1429 2178 1645 2262 ipsum
1659 2179 1852 2245 dede-

299 2303 435 2365 cus,
451 2285 624 2368 qnod
636 2284 1005 2368 displicebat
1019 2305 1037 2365 ;
1054 2286 1227 2369 quod
1244 2290 1382 2352 erat
1398 2289 1618 2352 contra
1631 2287 1846 2370 ipsum

288 2393 634 2476 judicium,
671 2392 844 2476 quod
869 2393 1265 2458 imminebat.

380 2502 504 2568 Sed
552 2507 624 2566 ut
660 2505 831 2566 recto
876 2502 1097 2566 ordine
1138 2501 1577 2584 procedamus,
1627 2520 1847 2586 possu-

298 2628 447 2674 mus
473 2608 680 2674 dicere
705 2609 881 2693 quod
905 2609 1012 2674 ille
1034 2610 1433 2693 publicanus,
1469 2628 1701 2692 gerens
1720 2613 1845 2677 for-

296 2735 472 2782 mam
503 2717 638 2782 veri
663 2717 1048 2801 poenitentis,
1077 2718 1290 2802 primo
1321 2719 1547 2784 babuit
1578 2720 1846 2784 humili·

295 2829 492 2890 tatem
531 2826 931 2890 contritionis
957 2830 1020 2891 et
1044 2827 1432 2910 poenitentiae
1455 2828 1523 2891 in
1550 2829 1737 2894 corde
1762 2847 1844 2893 ex

296 2931 729 2998 recordatione
802 2934 1159 2999 commissae
1220 2933 1593 3017 iniquitatis.
1664 2934 1843 3001 Unde

295 3031 594 3105 convenit
614 3041 677 3105 ei
703 3042 874 3124 quod
905 3041 1138 3106 dicitur
1162 3043 1181 3078 ¹
1210 3062 1226 3105 z
1260 3065 1291 3104 α
1307 3040 1543 3107 Moeror
1565 3043 1634 3106 in
1656 3043 1844 3108 corde

295 3147 419 3214 viri
445 3147 808 3213 humiliabit
846 3148 1052 3213 illum.
1082 3170 1115 3209 n
1153 3148 1385 3213 Moeror
1422 3153 1519 3214 est
1550 3149 1731 3214 dolor
1761 3150 1844 3216 de

294 3255 566 3337 peccatis
587 3255 965 3338 praeteritis:
999 3256 1170 3338 quod
1197 3259 1292 3320 est
1318 3258 1636 3339 optimum
1659 3258 1842 3323 moti·

293 3380 452 3427 vum
479 3361 558 3427 ad
588 3361 1015 3427 humilitatem
1057 3363 1285 3442 cordis,
1333 3365 1487 3447 quia
1525 3365 1840 3449 poenitens

291 3470 514 3535 dolens
534 3470 614 3538 de
639 3469 928 3553 peccatis,
959 3472 1025 3534 et
1046 3486 1116 3534 se
1141 3469 1411 3535 libenter
1430 3473 1709 3537 subdens
1724 3473 1838 3539 Do-

289 3577 493 3657 mino,
522 3595 718 3661 quem
744 3575 1026 3656 offendit,
1056 3576 1400 3642 salubriter
1425 3578 1681 3644 veniam
1705 3580 1837 3645 im·-

286 3690 516 3769 petrat,
547 3684 899 3750 secundum
924 3684 1098 3768 quod
1127 3683 1358 3763 dicitur
1383 3685 1452 3750 in
1482 3684 1735 3753 Psalmo
1758 3691 1780 3725 ’
1813 3711 1831 3754 ι

296 3815 328 3854 α
359 3791 479 3858 Cor
505 3791 852 3856 contritum
887 3794 951 3855 et
986 3790 1426 3871 humiliatum,
1471 3792 1660 3874 Deus,
1702 3814 1835 3861 non

286 3898 610 3983 despicies.
655 3921 687 3960 ιι
732 3898 912 3964 Unde
943 3898 1272 3981 poenitenti
1311 3898 1542 3964 dicitur
1566 3901 1635 3966 ⁸:
1689 3924 1720 3962 α
1760 3901 1835 3967 In

287 4008 501 4073 dolore
536 4008 800 4086 sustine,
843 4009 908 4071 et
941 4005 1010 4070 in
1050 4004 1411 4070 humilitate
1447 4012 1559 4073 tua
1594 4012 1833 4091 patien-

284 4113 441 4178 tiam
475 4114 681 4180 habe:
725 4113 1032 4198 quoniam
1072 4112 1141 4176 in
1179 4112 1333 4195 igne
1371 4114 1679 4196 probatur
1709 4134 1828 4181 au·

283 4238 474 4299 rum3
521 4220 813 4288 homines
850 4238 1005 4286 vero
1044 4220 1438 4303 receptibiles
1472 4222 1542 4286 in
1576 4222 1827 4289 camino

279 4327 769 4393 humiliationis,
800 4348 862 4388 n.

363 4434 657 4499 Secundo
701 4433 808 4499 ille
857 4433 1240 4516 publicanus
1278 4452 1510 4517 gerens
1553 4437 1826 4501 formam

283 4539 646 4625 poenitentis
671 4540 898 4606 habuit
916 4541 1347 4630 humilitatem
1370 4543 1827 4625 recognitionis

285 4651 489 4735 culpae
516 4651 587 4715 in
612 4669 744 4734 ore,
770 4670 853 4718 ex
879 4653 1108 4720 timore
1133 4657 1394 4721 aeternae
1412 4654 1825 4737 calamitatis3

285 4759 455 4824 unde
472 4758 530 4823 *ι
564 4781 596 4819 c
627 4758 907 4824 Humilia
920 4759 1103 4825 valde
1120 4760 1418 4844 spiritum
1442 4765 1653 4841 tuum,
1674 4762 1829 4845 quia

286 4865 569 4932 vindicta
584 4867 795 4932 carnis
821 4868 1007 4951 impii
1031 4868 1203 4949 ignis
1229 4872 1293 4933 et
1313 4868 1574 4933 vermis.
1603 4888 1636 4927 ιι
1672 4866 1831 4934 Con-

285 4974 569 5039 siderans
607 4980 893 5058 peccator
941 4975 1114 5058 quod
1158 4975 1437 5042 vindicta
1475 4978 1541 5041 et
1580 4976 1828 5058 punitio

286 5097 422 5145 suae
445 5082 527 5164 (α)
559 5083 767 5147 carnis
795 5082 916 5146 erit
939 5082 1116 5164 ignis
1145 5083 1493 5166 gehennae,
1542 5083 1659 5166 qui
1693 5101 1826 5148 non

353 5207 569 5267 Ρίι·ου.,
608 5219 712 5272 1¹1,
745 5209 826 5259 25.
853 5232 915 5246 -
951 5207 1136 5259 ¹1².eal
1175 5221 1236 5272 L,
1277 5212 1355 5260 19.
1386 5235 1446 5247 -
1477 5207 1714 5273 ⁸Eccl'.‚
1754 5220 1827 5275 11,

288 5279 386 5327 405.
505 5277 1828 5386 ⁴lbid3‚vu‚19.-⁸1bid.,1⁸v,7.—⁸lllfle.,9

281 5349 534 5412 x11‚29.
561 5373 622 5387 -
664 5349 909 5407 ’neem
948 5361 1040 5413 ιιι,
1075 5355 1153 5402 2¹.
1191 5378 1252 5390 —
1289 5352 1502 5414 ⁸Aug„
1528 5349 1589 5399 de
1637 5349 1823 5404 derers

281 5383 780 5491 ῼιιᾶειᾸᾸΧΧΙΠ,
813 5434 862 5486 q.
893 5422 1521 5492 1-112n·5·-·⁹Phn'l'p
1555 5424 1679 5494 11,3

3394 436 3507 498 391

1963 567 2406 648 extinguetur,
2435 570 2502 632 et
2522 568 2762 634 vermis
2789 567 3211 645 conscientiae‚
3240 566 3356 651 qui
3383 584 3515 633 non

1963 673 2296 755 morietur,
2349 673 2535 740 valde
2583 673 2771 739 debet
2816 673 3164 738 humiliare
3213 674 3513 757 spiritum

1962 800 2157 847 suum
2200 801 2315 866 per
2362 783 2661 848 timorem
2702 800 2918 847 eoram
2978 781 3214 847 vicario
3261 782 3395 861 Dei,
3450 788 3514 848 et

1961 894 2103 975 eJus
2138 892 2403 975 pedibus
2439 893 2841 975 provolutus,
2882 909 3030 956 cum
3070 891 3285 956 dolore
3323 894 3389 956 et
3426 891 3513 956 la-

1960 999 2200 1083 crymis
2243 1018 2361 1064 sua
2410 1006 2664 1082 peccata
2707 1000 3018 1079 confiteri,
3062 1002 3140 1064 ut
3186 999 3406 1065 dolore
3450 1004 3515 1065 et

1961 1107 2391 1172 amaritudine
2417 1107 2920 1191 compunctionis
2948 1124 3235 1173 vermem
3268 1107 3512 1172 interfl-

1960 1214 2105 1287 eiat.
2148 1218 2211 1279 et
2240 1214 2514 1282 flumine
2560 1215 2996 1297 lacrymarum
3040 1215 3263 1296 ignem
3300 1214 3510 1279 extin-

1963 1326 2144 1405 guat.
2191 1321 2368 1387 Unde
2411 1324 2490 1387 de
2536 1322 2656 1387 ista
2695 1323 3142 1388 humiliatione
3172 1323 3408 1388 dicitur
3435 1324 3457 1360 ⁸
3489 1340 3508 1388 ε

1970 1453 2002 1492 c<
2025 1427 2400 1514 Presbytero
2425 1430 2697 1496 humilia
2722 1431 3007 1496 animam
3027 1434 3206 1495 tuam
3236 1452 3251 1496 ε
3281 1452 3312 1491 n
3341 1430 3515 1514 quod

1960 1539 2056 1616 fit,
2085 1538 2342 1622 quando
2360 1542 2671 1622 peccator,
2696 1540 3107 1608 considerans
3137 1540 3309 1624 quod
3335 1558 3515 1622 pres-

1960 1645 2148 1728 byter
2181 1650 2351 1711 tenet
2399 1646 2608 1710 locum
2642 1645 2786 1723 Dei,
2832 1665 2964 1711 non
3011 1648 3156 1713 vult
3198 1650 3511 1731 tanquam

1962 1754 2278 1836 superbus
2334 1753 2553 1823 sedere
2607 1754 2688 1818 ad
2749 1754 2916 1820 latus
2977 1755 3033 1836 ej
3044 1771 3141 1834 us,
3195 1755 3329 1819 imo
3376 1757 3513 1818 tan-
3606 1833 3620 1848 ·

1961 1879 2160 1944 quam
2205 1859 2471 1928 humilis
2522 1879 2591 1925 se
2643 1862 2982 1944 prosternit
3030 1864 3172 1945 ejus
3215 1861 3505 1946 pedibus,

1960 1986 2296 2053 quousque
2321 1968 2721 2047 confiteatur,
2750 1967 2904 2051 quia
2933 1971 3087 2033 tunc
3111 1968 3417 2051 impletur
3442 1968 3514 2032 in

1960 2095 2061 2156 eo,
2079 2078 2249 2161 quod
2266 2076 2499 2142 dicitur
2512 2082 2534 2118 ⁸
2558 2098 2575 2140 ε
2600 2074 2801 2152 «Quia
2814 2075 3191 2140 humiliatus
3209 2079 3305 2140 est
3316 2093 3511 2140 causa

1960 2186 2115 2263 mei,
2142 2202 2271 2248 non
2296 2183 2598 2248 inducam
2627 2181 2869 2247 malum
2894 2182 2963 2245 in
2991 2182 3219 2248 diebus
3244 2182 3437 2247 illius.
3474 2203 3508 2246 ι

2041 2292 2254 2358 Tertio
2281 2292 2399 2357 iste
2423 2291 2801 2374 publicanus
2822 2290 3051 2354 habuit
3077 2289 3506 2355 humilitatem

1960 2399 2376 2482 subjectionis
2407 2402 2472 2463 et
2500 2397 2877 2463 reverentiae
2904 2396 2973 2460 in
2997 2414 3210 2478 opere,
3242 2414 3324 2460 ex
3347 2413 3506 2460 con-

1959 2507 2342 2573 sideratione
2380 2485 2705 2572 altissimae
2741 2504 3086 2587 majestatis
3118 2525 3134 2567 ε
3167 2502 3339 2568 unde
3372 2519 3507 2568 non

1957 2615 2217 2680 accessit
2244 2614 2676 2697 impudentem
2705 2613 2813 2678 sed
2840 2616 3014 2677 stans
3040 2610 3298 2694 alonge
3321 2629 3502 2678 reve·

1957 2727 2195 2801 renter,
2226 2722 2483 2788 nolebat
2512 2720 2920 2804 supercilium
2949 2718 3282 2785 oculorum
3308 2719 3379 2783 in
3405 2718 3506 2783 al-

1955 2837 2098 2898 tum
2122 2817 2409 2897 elationis
2426 2831 2700 2910 elevare,
2729 2830 2839 2895 sed
2869 2830 2937 2894 in
2962 2829 3169 2894 imum
3198 2828 3504 2912 dejectio·
3586 2881 3609 2908 ,

1954 2940 2058 3005 nis
2081 2940 2457 3024 deprimere,
2488 2943 2564 3003 ut
2582 2942 2708 3021 ‘per
2736 2936 2860 3002 hoc
2890 2940 3104 3020 posset
3144 2936 3342 3002 Deum
3380 2936 3500 3002 ho-

1954 3061 2206 3122 norare,
2245 3041 2595 3107 secundum
2634 3041 2806 3123 quod
2836 3039 3065 3105 dicitur
3089 3039 3112 3071 '¹
3145 3060 3163 3103 ε
3212 3062 3244 3101 α
3269 3037 3504 3121 Magna

1958 3147 2241 3229 potentia
2268 3145 2378 3210 Dei
2406 3145 2602 3209 solius
2630 3147 2694 3208 et
2721 3144 2801 3208 ab
2831 3143 3202 3208 bominibus
3227 3144 3504 3208 honora·

1954 3259 2082 3321 tur.
2113 3278 2145 3316 ιι
2179 3255 2417 3337 Magna
2441 3273 2567 3335 rea,
2596 3255 2768 3337 quod
2786 3253 3074 3318 excelsus
3094 3250 3265 3318 Deus
3288 3252 3502 3318 humi-

1951 3362 2039 3427 lia
2053 3362 2460 3445 subjacentiae
2481 3362 2549 3425 in
2568 3361 2907 3444 publicano
2929 3361 3258 3443 approbat,
3287 3366 3354 3425 et
3374 3361 3502 3425 alta

1951 3469 2265 3554 superbias
2308 3469 2378 3532 in
2437 3468 2753 3551 pharisaeo
2806 3467 3124 3551 reprobat,
3170 3468 3326 3550 quia
3368 3485 3500 3534 non

1949 3578 2154 3643 Deum
2207 3577 2453 3656 orabat,
2498 3576 2628 3639 imo
2686 3575 2766 3640 de
2815 3575 3094 3657 propriis
3137 3575 3382 3639 meritis
3428 3592 3498 3640 se

1948 3686 2267 3765 laudabat,
2295 3683 2489 3774 etalii
2518 3683 2884 3748 insultabat.
2909 3681 3071 3747 Nam
3088 3680 3497 3762 justificatus

1948 3792 2281 3859 descondit
2334 3789 2710 3874 publicanus
2744 3809 2783 3853 a
2825 3789 3141 3872 pharisaeo
3192 3791 3269 3856 in
3309 3787 3495 3858 domo

1948 3900 2352 3966 conscientiae
2377 3897 2676 3982 propriae.
2718 3895 2799 3961 Et
2823 3897 2947 3961 boc
2966 3901 3064 3960 est
3089 3897 3258 3979 quod
3289 3897 3362 3980 (b)
3391 3917 3492 3963 se·

1945 4011 2231 4076 cundum
2256 4006 2557 4089 regulam
2583 4005 2822 4072 divinae
2839 4003 3138 4088 justitiae,
3169 4022 3319 4088 quae
3342 4012 3439 4071 est
3464 4024 3489 4073 z

1950 4116 2172 4182 Omnis
2194 4114 2311 4196 qui
2332 4129 2397 4178 se
2425 4111 2675 4178 exaltat
2694 4109 3166 4189 humiliabitur,
3199 4115 3262 4176 et
3287 4111 3491 4192 quise

1943 4223 2253 4290 humiliat
2303 4219 2721 4288 exaltabitur.
2776 4219 2953 4282 Certe
3005 4235 3338 4300 nunquam
3386 4217 3491 4282 ille

1943 4333 2299 4417 pharisaeus
2327 4329 2661 4412 publicano
2687 4327 3072 4407 insultasset,
3101 4326 3158 4390 si
3185 4327 3486 4424 attendis-

1942 4446 2040 4506 set
2086 4438 2258 4523 quod
2300 4438 2451 4502 dicit
2476 4435 2696 4500 Glossa
2738 4433 3142 4515 Augustini⁸
3178 4451 3371 4517 super
3409 4435 3491 4498 il-

1940 4548 2124 4613 lud.
2068 4552 2123 4589 ⁹·
2154 4546 2524 4629 Superiores
2541 4544 2818 4609 invicem
2831 4540 3272 4608 arbitrantes:
3296 4564 3327 4602 α
3348 4541 3492 4608 Νοιι

1940 4656 2028 4720 ita
2057 4654 2364 4720 debemus
2392 4650 2714 4727 arbitrari,
2749 4648 2855 4715 vel
2892 4651 3212 4714 aestimare
3238 4649 3381 4730 hoc,
3419 4655 3491 4715 ut

1942 4763 2261 4828 aestimare
2284 4761 2358 4840 (c)
2380 4761 2467 4822 fin
2476 4774 2711 4840 gamus
2734 4778 2752 4834 ;
2784 4756 2889 4820 sed
2924 4773 3075 4822 vere
3097 4755 3490 4822 aestimemus

1942 4868 2030 4952 (d)
2069 4885 2255 4952 poaee
2288 4883 2428 4932 esse
2475 4863 2732 4947 aliquod
2782 4860 3107 4927 occultum
3143 4863 3210 4926 in
3247 4862 3484 4947 aliquo,

1940 4993 2073 5059 quo
2102 4973 2286 5039 nobis
2325 4971 2618 5054 superior
2652 4973 2746 5034 est
2787 4968 2885 5052 (e),
2924 4968 3118 5032 etiam
3152 4969 3207 5032 si
3240 4969 3488 5035 bonum

1939 5085 2264 5162 nostrum,
2322 5095 2453 5161 quo
2492 5077 2603 5142 illo
2644 5076 2942 5143 videmur
2984 5075 3062 5158 (f)
3103 5076 3486 5159 superiores,

2005 5208 2054 5269 (a
2056 5205 2077 5272 )
2109 5205 2232 5258 coet.
2272 5202 2355 5254 edi
2357 5207 2394 5253 ι.
2437 5202 2565 5252 sive.
2611 5226 2676 5239 —
2714 5199 2783 5264 (ol
2825 5197 2939 5250 Del.
2974 5199 3131 5264 quod.
3171 5226 3233 5238 —
3270 5200 3335 5265 (c)
3368 5202 3488 5267 Leo.

1941 5281 2057 5330 Non
2079 5278 2181 5328 boc
2204 5276 2278 5328 ita
2295 5275 2544 5327 debemus
2569 5272 2881 5337 existimare,
2905 5274 3092 5323 utnon
3118 5272 3489 5339 existimemus,

1938 5351 2031 5402 sed
2058 5363 2153 5401 nos
2175 5347 2577 5400 existimare.—
2608 5343 2682 5407 (ά)
2717 5343 2803 5393 ΔΙ.
2834 5342 3205 5395 existimemus.
3222 5370 3282 5382 -
3310 5348 3323 5408 (
3328 5346 3374 5406 e)
3402 5345 3487 5397 ΔΙ.

1943 5422 2024 5474 sit.
2062 5447 2114 5458 -
2150 5420 2226 5484 (l)
2256 5419 2380 5472 coet.
2407 5417 2527 5468 edi-t
2565 5414 2682 5467 odd.
2721 5427 2852 5466 esse.
2884 5415 3043 5486 —(9)
3074 5416 3161 5494 Al.
3183 5415 3487 5495 judicemur.
