4059 6317
1208 547 1293 615 m
1333 545 1821 617 Ascssstons
1859 543 2170 616 nomm.
2209 526 2479 618 ssime
2520 548 2629 616 111.

322 686 743 770 maiman
782 685 1063 768 aoeipere
1112 684 1242 752 sibi
1290 700 1608 769 reanum,
1661 689 1724 753 et
1770 698 1861 751 rc-

552 792 1060 859 .Pulcherrime
1100 793 1169 859 in
1216 792 1433 859 verbis
1490 791 1723 858 Christi
1781 792 1865 858 ad

326 901 559 967 coelum
585 901 905 981 ascensio,
935 904 1001 964 et
1029 899 1259 965 Christi
1284 899 1368 965 ad
1404 900 1729 981 judicium
1752 917 1857 963 re·

326 1010 535 1077 versio
551 1008 906 1075 ostenditur
923 1028 942 1074 ε
960 1008 1242 1092 primum
1256 1009 1327 1073 in
1341 1008 1543 1074 verbo
1560 1008 1858 1087 abeundi,

327 1119 679 1185 secundum
698 1119 772 1182 in
799 1117 997 1185 verbo
1020 1114 1350 1181 redeundi.

406 1226 495 1292 De
517 1227 764 1311 primo,
790 1228 943 1291 nota
964 1224 1138 1308 quod
1164 1223 1320 1290 abiit
1345 1222 1635 1289 Christus
1657 1224 1738 1290 ad
1764 1242 1860 1291 re-

329 1351 541 1416 gnum
569 1332 1035 1416 accipiendum,
1067 1331 1225 1396 abiit
1250 1330 1333 1395 ad
1359 1330 1710 1420 hospitium
1735 1331 1867 1397 dis-

328 1440 720 1526 ponendum,
748 1439 906 1505 abiit
932 1439 1014 1504 ed
1032 1437 1345 1521 Spiritum
1371 1441 1667 1502 sanctum
1693 1440 1873 1504 emit·

327 1549 593 1615 tendum
608 1595 633 1627 ,
663 1546 819 1612 abiit
842 1544 926 1611 ad
950 1544 1342 1610 desiderium
1369 1545 1867 1612 accendendum.

328 1656 416 1722 De
436 1655 647 1740 primo
672 1653 903 1719 dicitur
938 1651 1047 1717 hic
1076 1673 1093 1717 t
1124 1653 1327 1720 Homo
1373 1651 1647 1736 quidam
1680 1653 1867 1720 nobi-

329 1765 442 1847 ns,
472 1767 596 1828 etc.
625 1759 869 1827 Nobilis
895 1763 990 1827 est
1032 1759 1356 1841 Christus,
1404 1765 1524 1826 etc.
1554 1759 1867 1851 Augusti-

328 1890 454 1939 nus
475 1877 499 1914 ²
529 1894 546 1936 ε
589 1892 621 1932 e
646 1867 957 1938 Nobilitas
980 1868 1104 1935 fuit
1143 1869 1460 1934 nascentis
1486 1870 1558 1935 in
1593 1870 1869 1952 virgini-

329 1981 457 2046 tate
497 1978 839 2064 parienti83
880 1978 1175 2044 nobilitas
1213 1981 1430 2044 autem
1462 1978 1765 2063 parientis
1800 1980 1871 2045 in

331 2088 658 2154 divinitate
694 2087 1037 2152 nascentis.
1073 2109 1106 2148 ι»
1152 2086 1391 2154 Nobilis
1435 2093 1532 2154 est
1583 2089 1869 2156 Christus

332 2195 686 2263 secundum
715 2212 973 2259 carnem
995 2242 1017 2274 ‚
1046 2195 1320 2260 nobilior
1346 2198 1701 2262 secundum
1730 2198 1871 2261 ani-

331 2321 505 2368 mam
519 2351 539 2384 ‚
566 2301 1007 2366 nobilissimus
1044 2302 1399 2367 secundum
1439 2302 1865 2370 divinitatem.

335 2410 456 2476 iste
483 2409 715 2474 nobilis
732 2408 909 2489 abiit,
934 2407 1005 2473 in
1026 2409 1418 2489 ascensione,
1446 2410 1516 2474 in
1536 2411 1874 2493 regionem

334 2518 756 2601 longinquam
780 2519 1005 2600 patriae
1032 2516 1330 2599 coelestis,
1370 2518 1654 2602 accipere
1680 2536 1874 2603 super

335 2624 617 2707 Angelos
641 2627 707 2689 et
734 2623 1170 2706 Archangelos
1190 2671 1212 2704 ,
1256 2629 1320 2690 et
1357 2642 1580 2691 omnes
1607 2626 1873 2692 Sanctos

338 2737 399 2797 et
424 2732 690 2798 Sanctae
715 2748 994 2812 regnum
1024 2731 1275 2813 gloriae,
1306 2736 1371 2798 et
1394 2734 1486 2798 ita
1511 2735 1752 2818 accepit
1778 2753 1877 2801 re-

341 2857 572 2922 gnum,
587 2839 763 2922 quod
775 2856 999 2904 omnes
1014 2840 1093 2904 de
1111 2855 1311 2906 manu
1326 2842 1470 2924 ejus
1487 2842 1800 2925 accipiant
1810 2843 1832 2879 ⁸
1855 2863 1872 2908 z

348 2968 380 3008 ι
392 2945 721 3030 Accipient
738 2964 1019 3028 regnum
1045 2946 1290 3013 decoris
1304 2993 1327 3027 ,
1341 2951 1408 3014 et
1425 2948 1717 3015 diadema
1742 2968 1880 3035 spe-

338 3054 455 3120 ciei
480 3055 560 3120 de
584 3072 788 3120 manu
810 3054 1090 3120 Domini.
1116 3077 1149 3116 n
1183 3055 1406 3123 Merito
1435 3075 1629 3140 super
1654 3076 1878 3124 omnes

337 3165 432 3227 est
455 3162 773 3227 exaltatus
786 3208 806 3242 ,
838 3162 951 3245 qui
994 3162 1117 3227 fuit
1154 3181 1347 3247 super
1387 3181 1613 3229 omnes
1658 3165 1875 3230 vivifi-

336 3269 542 3335 catus·
562 3291 579 3334 2
609 3267 1028 3334 «Humiliavit
1043 3272 1480 3355 semetipsum,
1498 3272 1700 3336 factus
1720 3272 1874 3337 obe-

337 3375 515 3442 diens
531 3393 742 3459 usque
768 3375 853 3440 ad
878 3380 1172 3457 mortem,
1197 3398 1228 3437 ο
1268 3380 1391 3442 etc.
1418 3377 1467 3442 Ο
1495 3395 1646 3443 vere
1669 3378 1881 3444 felices

335 3483 538 3566 hujus
553 3482 749 3563 regni
774 3481 1082 3561 haeredes,
1109 3485 1296 3566 cujus
1319 3483 1725 3567 pulchritudo
1745 3489 1878 3551 tam

338 3588 1005 3673 incomprehensibilis
1028 3590 1045 3652 l
1068 3589 1552 3672 Augustinus⁸2
1585 3613 1618 3653 c
1645 3591 1718 3656 ln
1743 3591 1881 3676 pul·

338 3698 696 3764 chritudine
724 3696 922 3780 hujus
938 3696 1157 3762 saeculi
1184 3715 1381 3781 prope
1408 3700 1544 3781 jam
1568 3698 1881 3765 ineffabili

340 3805 573 3872 vivunt
612 3808 824 3870 tecum
874 3821 1096 3870 mures
1115 3851 1135 3885 ‚
1179 3808 1501 3888 serpentes
1549 3810 1614 3870 et
1639 3806 1879 3873 vermi-

342 3912 507 3992 culi3
537 3911 727 3996 quale
752 3927 917 3994 ergo
943 3910 1136 3976 decus
1161 3914 1258 3977 est
1283 3911 1458 3977 illius
1493 3914 1719 3995 regni,
1766 3914 1883 3980 ubi

343 4023 552 4085 tecum
576 4037 708 4084 non
734 4019 957 4085 vivent
982 4018 1106 4082 nisi
1133 4019 1399 4101 angeli?
1423 4042 1455 4080 ι)
1496 4019 1736 4086 Nobilis
1762 4041 1883 4087 au·

343 4129 469 4191 tem
494 4127 616 4192 iste
642 4131 896 4210 accepto
921 4131 1056 4191 tam
1084 4126 1283 4191 nobili
1305 4175 1323 4203 ‚
1365 4133 1430 4192 et
1473 4128 1753 4210 glorioso
1778 4147 1886 4193 re-

346 4252 473 4316 gno
487 4281 511 4314 ,
539 4238 897 4302 revertetur
921 4252 1070 4299 cum
1115 4234 1516 4299 senatoribus
1557 4236 1691 4300 suis
1728 4254 1882 4319 spo-

345 4342 516 4408 stolis
541 4343 612 4407 in
637 4343 740 4408 die
773 4341 1125 4409 novissimo
1154 4343 1177 4379 ⁸
1208 4361 1226 4406 t
1267 4363 1298 4404 «ι
1327 4341 1571 4408 Nobilis
1595 4353 1665 4412 in
1688 4344 1887 4427 portis

346 4449 444 4514 vir
484 4452 631 4533 ejus
647 4498 669 4530 ,
718 4449 975 4533 quando
1019 4450 1251 4515 sederit
1295 4469 1445 4516 cum
1491 4452 1887 4517 senatoribus

348 4561 554 4623 terrae.
584 4577 617 4618 n
654 4556 703 4625 Ο
730 4573 884 4623 vere
906 4557 1076 4623 bona
1101 4573 1333 4640 sponsa
1364 4558 1678 4639 Ecclesia,
1718 4560 1888 4624 bona

349 4665 561 4729 anima
577 4712 595 4743 ‚
623 4681 773 4749 quae
799 4667 932 4728 tam
956 4663 1241 4729 nobilem
1272 4663 1466 4729 habet
1493 4664 1754 4731 virum!
1787 4665 1884 4732 Ci-

350 4789 458 4838 ves
483 4772 598 4856 qui
624 4770 901 4836 oderunt
941 4770 1142 4835 istum
1172 4771 1450 4835 nobilem
1469 4817 1491 4851 ,
1520 4789 1651 4838 non
1677 4773 1886 4838 solum

350 4876 587 4959 «ludici,
617 4878 728 4944 sed
753 4878 947 4943 etism
974 4876 1308 4943 Christiani
1335 4883 1487 4944 sum:
1506 4928 1526 4960 ‚
1576 4880 1688 4963 qui
1720 4881 1887 4945 bene

352 4985 519 5052 cives
541 4987 683 5069 ejus
709 4987 894 5065 sunt,
923 4984 1077 5068 quia
1102 4983 1174 5048 in
1208 4984 1466 5052 civitate
1493 4969 1633 5070 ej'us
1650 5036 1668 5069 ‚
1699 4986 1763 5052 id
1791 4990 1887 5052 est

352 5092 419 5157 in
444 5092 759 5170 Ecclesia,
783 5096 1137 5157 morantur.
1173 5092 1254 5156 Hi
1282 5095 1596 5176 perfidam
1623 5095 1886 5177 legatio-

338 5277 347 5286 ·
353 5257 453 5378 ‘01¹¹'
464 5255 601 5320 Luc„
632 5266 748 5376 31Χὲ
776 5258 853 5306 12.
877 5258 992 5377 ΓΒ*
1016 5257 1246 5379 Augus&
1278 5258 1639 5381 sermbgciel.
1665 5272 1789 5381 xxig,
1821 5260 1886 5310 de

356 5423 413 5436 -.
449 5341 790 5465 9333:-
826 5341 1187 5462 mma,
1224 5364 1304 5450 253.
1339 5426 1402 5440 ..
1444 5404 1461 5434 ‚
1496 5342 1884 5467 31:3413'2145.

356 5469 465 5510 —-⁸
495 5470 699 5530 Halm„
723 5481 851 5534 xxv,
876 5471 957 5520 3⁴.
989 5497 1045 5508 —
1074 5471 1095 5503 ⁹
1122 5472 1267 5533 Bar„
1293 5484 1372 5532 ιιι,
1403 5476 1483 5523 17.
1505 5501 1568 5512 -
1596 5474 1639 5511 ¹⁰
1664 5475 1780 5525 Non
1804 5485 1886 5523 re·

357 5540 544 5605 peritur
570 5541 706 5593 inter
730 5542 1005 5594 Sermones
1029 5541 1210 5594 editos.
1232 5569 1288 5582 --
1321 5546 1361 5581 ¹¹
1385 5545 1522 5597 Peal.
1549 5555 1775 5608 Lxxxm,
1804 5545 1882 5596 12.

3387 545 3509 611 283

1969 702 2122 749 nem
2153 688 2558 769 peccatorum
2581 684 2876 766 mittunt,
2907 684 3142 770 quibus
3166 680 3509 748 Dominum

1969 809 2165 857 suum
2212 791 2532 858 Christum
2573 793 2920 877 abjiciunt,
2960 795 3023 857 et
3056 807 3249 874 super
3284 806 3354 856 se
3398 807 3508 854 re-

1974 919 2180 983 gnare
2199 902 2445 967 nolunt.
2469 899 2637 979 Quot
2653 901 2826 967 enim
2846 900 3015 965 mala
3030 899 3272 964 faciunt
3287 915 3505 981 opera,

1969 1013 2065 1074 tot
2078 1009 2321 1074 nuntiis
2335 1008 2580 1075 Christo
2597 1008 3055 1074 contradicunt.
3078 1004 3202 1071 Sed
3223 999 3510 1071 Christus

1973 1115 2057 1180 ad
2079 1115 2392 1199 judicium
2429 1120 2754 1183 revertens
2787 1115 2958 1199 ipsos
2996 1112 3264 1179 interfici
3300 1112 3506 1177 faciet.

2056 1223 2144 1289 De
2171 1225 2445 1289 secundo
2473 1224 2496 1260 ⁷
2528 1245 2544 1289 :
2580 1247 2612 1286 α
2642 1222 2709 1289 Si
2736 1224 2949 1288 abiero
2979 1226 3043 1287 et
3070 1237 3513 1306 praeparavero

1979 1333 2165 1399 vobis
2206 1333 2420 1398 locum
2434 1381 2457 1413 ‚
2490 1333 2726 1398 iterum
2771 1332 3025 1398 veniam
3046 1379 3069 1412 ‚
3108 1333 3172 1396 et
3205 1330 3512 1414 accipiam

1974 1458 2093 1506 vos
2117 1441 2199 1506 ad
2224 1439 2573 1523 meipsum,
2604 1443 2679 1505 ut
2704 1440 2817 1506 ubi
2840 1458 2987 1506 sum
3012 1456 3139 1522 ego
3155 1489 3177 1521 ,
3196 1441 3261 1504 et
3286 1456 3403 1504 vos
3431 1438 3513 1502 si-

1976 1548 2081 1613 tis.
2107 1569 2139 1608 ι»
2172 1548 2477 1627 Quamvis
2502 1549 2676 1612 enim
2708 1548 2888 1614 locus
2917 1547 3138 1630 gloriae
3165 1548 3246 1612 ab
3273 1551 3514 1612 aeterno

1976 1657 2061 1723 sit
2115 1657 2330 1722 electis
2374 1661 2772 1741 praeparatus
2815 1655 2838 1691 ⁸
2878 1676 2894 1719 τ
2935 1679 2967 1718 α
3010 1655 3266 1736 Venite,
3308 1653 3510 1719 bene-

1974 1764 2147 1844 dicti,
2167 1785 2200 1825 1·
2228 1768 2374 1845 etc.;
2395 1768 2611 1829 tamen
2630 1763 2916 1829 Christus
2932 1763 3285 1847 specialiter
3300 1765 3514 1830 locum

1976 1869 2364 1955 praeparavit
2391 1876 2708 1955 quantum
2734 1871 2817 1937 ad
2855 1872 3151 1937 effectum
3171 1919 3192 1952 ‚
3225 1872 3379 1954 quia
3407 1872 3520 1937 ob-

1977 1980 2294 2046 staculum
2322 1980 2630 2062 removit,
2661 1981 2816 2064 quia
2853 1980 3128 2063 placavit
3172 1978 3379 2046 Patris
3416 1978 3515 2043 of-

1976 2090 2244 2170 fensam,
2276 2089 2615 2156 mundavit
2636 2093 2923 2155 nostram
2952 2089 3421 2168 conscientiam,
3452 2091 3517 2154 et

1976 2197 2229 2282 aperuit
2252 2198 2393 2262 coeli
2408 2201 2705 2281 januam.
2730 2197 2803 2261 In
2829 2196 3108 2262 hocloco
3136 2214 3265 2261 non
3291 2214 3516 2262 omnes

1979 2324 2128 2371 cum
2158 2306 2295 2389 ipso
2323 2309 2545 2384 erunt,
2587 2305 2746 2389 quia
2780 2323 2913 2370 non
2938 2303 3062 2368 nisi
3105 2304 3309 2368 electi.
3340 2302 3519 2369 Unde

1979 2414 2057 2478 de
2079 2414 2363 2497 reprobis
2390 2414 2620 2478 dicitur
2636 2417 2661 2454 ⁹
2691 2433 2761 2477 :u
2777 2411 2898 2477 Ubi
2925 2416 3076 2475 sunt
3094 2460 3112 2491 ‚
3142 2411 3256 2494 qui
3280 2412 3350 2475 in
3378 2411 3518 2477 avi-

1980 2522 2106 2586 bus
2132 2521 2271 2585 coeli
2299 2520 2579 2586 ludunt?
2608 2541 2639 2580 n
2675 2523 2795 2584 etc.
2831 2518 3056 2597 Quaere
3086 2519 3156 2582 in
3184 2535 3512 2584 sermone:

1990 2629 2167 2708 Vola,
2183 2629 2371 2694 Pater
2395 2628 2460 2691 ¹⁰.
2494 2626 2563 2692 Si
2589 2625 2799 2691 omnis
2820 2625 3155 2690 amoenitas
3170 2674 3188 2705 ‚
3221 2628 3284 2690 et
3308 2626 3519 2690 oblec-

1981 2736 2139 2800 tatio
2154 2785 2175 2814 ,
2205 2753 2400 2820 quam
2427 2735 2499 2799 in
2531 2734 2687 2799 locis
2714 2733 3016 2799 omnibus
3042 2732 3278 2797 habent
3317 2733 3522 2816 pisces

1982 2843 2051 2907 in
2079 2843 2243 2908 mari
2270 2843 2426 2908 etin
2451 2842 2672 2926 aquiS,
2720 2842 3012 2908 volucres
3045 2842 3113 2905 in
3151 2857 3298 2905 aere
3327 2843 3391 2905 et
3415 2858 3523 2904 ra-

1984 2951 2144 3030 mis,
2174 2951 2473 3016 animalia
2496 2952 2566 3014 in
2591 2949 2791 3034 sylvis
2822 2953 2887 3014 et
2913 2950 3164 3032 pascuis
3183 2994 3201 3029 ,
3229 2947 3524 3012 homines

1981 3060 2055 3123 in
2080 3057 2282 3124 hortis
2315 3058 2469 3123 etin
2494 3056 2766 3123 cellariis
2782 3105 2800 3136 ,
2835 3057 2991 3122 etin
3034 3053 3284 3121 choreis
3306 3104 3325 3137 ,
3355 3060 3418 3121 et
3456 3057 3520 3120 in

1984 3167 2164 3232 omni
2189 3166 2361 3246 loco,
2391 3164 2626 3248 quibus
2651 3165 2847 3230 homo
2873 3165 2945 3230 in
2971 3164 3212 3230 mundo
3233 3181 3525 3248 unquam

1984 3275 2109 3339 fuit
2125 3323 2143 3356 ‚
2174 3274 2475 3340 libentius
2500 3272 2694 3338 sim'ul
2741 3276 2805 3337 et
2830 3272 3025 3338 semel
3068 3275 3233 3337 esset
3279 3273 3348 3336 in
3389 3289 3526 3337 uno

1985 3384 2152 3464 1000,
2180 3401 2220 3450 o
2238 3400 2435 3467 quam
2449 3381 2779 3447 delectatio
2792 3380 3024 3463 ingens
3040 3384 3203 3445 esset
3223 3383 3240 3443 1
3263 3397 3304 3444 o
3327 3396 3527 3463 quen-

1987 3495 2056 3558 ιο
2084 3493 2412 3575 ingentior
2449 3491 2572 3556 erit
2596 3490 2855 3556 cuilibet
2880 3487 3210 3553 oblectatio
3245 3506 3329 3552 ex
3370 3486 3528 3552 colle

1991 3591 2135 3664 coeli
2159 3597 2632 3664 deliciosissimo
2646 3646 2665 3677 ,
2684 3596 2754 3661 in
2774 3613 2904 3678 quo
2914 3595 3266 3678 jncundius
3282 3600 3377 3661 est
3398 3612 3531 3660 ma-

1986 3725 2141 3771 nere
2166 3724 2300 3771 uno
2325 3704 2427 3771 die
2444 3752 2461 3786 ‚
2492 3722 2691 3789 quem
2730 3704 3030 3768 omnibus
3059 3703 3283 3768 diebus
3308 3703 3529 3771 saeouli

1992 3815 2063 3879 in
2083 3814 2220 3879 loco
2247 3813 2588 3897 praedictol
2625 3812 2961 3878 Psalmista
2985 3813 3028 3849 ¹¹
3060 3833 3076 3876 ι
3119 3834 3151 3875 α
3175 3809 3399 3877 Melior
3433 3816 3530 3878 est

1992 3920 2126 3986 dies
2152 3939 2288 3987 una
2309 3921 2379 3985 in
2405 3921 2582 3985 atriis
2601 3920 2729 3986 tuis
2754 3936 2947 4002 super
2971 3918 3194 3984 millia.
3216 3941 3247 3980 υ
3274 3919 3531 4001 Augus-

1998 4028 2219 4116 tinus:
2243 4023 2488 4093 «Tanta
2504 4030 2602 4092 est
2627 4026 3033 4111 pulchritudo
3053 4026 3342 4111 Justitiae,
3358 4049 3390 4087 n
3407 4032 3527 4093 etc.

1999 4135 2273 4219 Require
2297 4153 2493 4219 supra
2519 4135 2587 4197 in
2614 4150 2909 4199 sermone
2937 4155 2952 4197 ε
2990 4133 3214 4201 Catelli
3232 4133 3433 4202 edunt
3455 4134 3534 4202 dc

1996 4246 2188 4312 micis
2212 4246 2282 4308 ¹².
2311 4241 2439 4307 Nec
2464 4245 2633 4306 certe
2662 4245 2876 4306 arctus
2915 4242 3038 4305 erit
3069 4240 3534 4306 habitatoribus

1993 4352 2174 4417 locus
2191 4351 2310 4416 iste
2341 4353 2389 4392 ¹⁸
2415 4348 2545 4416 :cO
2575 4349 2787 4429 lsrael,
2817 4366 3011 4432 quam
3039 4365 3279 4430 magna
3305 4353 3400 4413 est
3425 4349 3535 4432 do·

1994 4477 2144 4525 mus
2175 4458 2327 4539 Dei,
2355 4462 2418 4523 et
2444 4458 2677 4540 ingens
2700 4457 2879 4521 locus
2901 4455 3316 4540 possessionis
3357 4459 3530 4540 ejus!

1994 4567 2278 4649 Magnus
2301 4570 2430 4647 est,
2471 4570 2534 4630 et
2559 4582 2692 4630 non
2716 4563 2959 4629 habens
2986 4565 3214 4645 finem,
3244 4563 3535 4628 excelsus

1993 4681 2058 4740 et
2110 4676 2487 4740 immensus.
2529 4695 2560 4732 n
2596 4672 2723 4737 Nec
2765 4672 2971 4738 solum
3012 4675 3269 4756 paratus
3311 4671 3491 4736 locus
3508 4720 3531 4752 ‚

1998 4782 2132 4847 imo
2159 4781 2203 4819 ¹⁸
2233 4804 2266 4844 α
2298 4784 2520 4866 parata
2546 4781 2781 4845 omnia.
2813 4801 2844 4840 n
2893 4778 3006 4846 Vae
3049 4781 3234 4845 vohis
3260 4778 3530 4845 miseris,

1996 4892 2229 4970 Quaere
2255 4892 2324 4956 in
2347 4908 2639 4956 sermone
2660 4891 2916 4958 :Venite
2934 4888 3025 4955 ad
3049 4889 3215 4955 mess.
3240 4886 3332 4951 Ibi
3353 4904 3534 4970 para·

1994 5004 2101 5066 tus
2145 5003 2239 5064 est
2286 4999 2463 5064 locus
2516 5000 2828 5081 spatiosus
2845 5046 2866 5077 ,
2928 4998 3110 5061 cibus
3160 4995 3493 5061 deliciosus
3506 5043 3529 5074 ,

1996 5112 2199 5174 coetus
2228 5107 2539 5191 copiosae.
2573 5106 2684 5174 Vae
2711 5105 3077 5172 autemillis
3094 5153 3115 5185 ,
3149 5103 3387 5187 quibus
3415 5121 3530 5185 pa-

1996 5220 2174 5280 ratus
2201 5218 2297 5280 est
2320 5215 2497 5279 locus
2525 5213 2594 5277 in
2619 5214 2898 5292 infernO,
2925 5213 3003 5277 de
3029 5229 3158 5294 quo
3185 5212 3231 5252 ¹⁸
3261 5229 3280 5274 t
3310 5232 3340 5271 c
3357 5208 3535 5291 Rogo

1994 5425 2058 5436 —
2078 5399 2120 5433 ¹²
2142 5396 2258 5448 Vid.
2288 5410 2428 5461 sup„
2449 5397 2601 5447 Dom:
2626 5407 2667 5448 11
2696 5395 2748 5446 in
2780 5393 3055 5460 Quadi-eg„
3082 5407 3238 5445 serm.
3263 5396 3323 5458 5,
3350 5408 3402 5459 p.
3426 5394 3534 5460 163,

1997 5470 2098 5522 col.
2124 5475 2234 5520 4.-
2256 5469 2296 5505 ¹⁸
2317 5469 2464 5528 Bar„
2494 5480 2576 5531 nr,
2594 5470 2738 5517 24.--
2763 5466 3021 5530 fluam„
3051 5478 3187 5531 κω,
3214 5470 3330 5519 4.-
3358 5467 3398 5503 ¹⁸
3419 5467 3537 5518 Non

1994 5542 2251 5609 reperitur
2271 5539 2403 5592 inter
2427 5542 2704 5593 Sermones
2731 5537 2977 5590 editos.—
3006 5539 3045 5575 ¹⁸
3059 5539 3194 5603 Luc„
3227 5549 3333 5604 xv1,
3361 5540 3532 5591 27-28.
