4059 6317
2681 387 2697 420 ἱ
3180 391 3185 396 ,

881 489 1255 558 DOMINICA
1296 489 1378 556 ΙΙΙ
1421 483 1618 558 POST
1659 486 2182 560 ΕΡΙΡΗΑΝΙΑΜ.
2223 486 2485 554 SERMO
2526 487 2632 555 IV.
3266 493 3346 564 99

273 624 351 689 De
372 628 620 708 quarto,
675 629 835 691 nota
883 625 1054 709 quod
1108 625 1326 690 multis
1377 625 1705 691 medicinis

207 733 384 797 utitur
412 733 717 800 Dominus
752 734 832 798 ad
868 733 1248 802 sanandum.
1294 731 1489 799 Sanat
1527 732 1704 797 enim

206 858 301 922 per
331 839 767 904 contritionem
793 857 816 920 3
846 837 1178 903 Psalmista
1204 841 1223 876 ¹
1256 858 1273 902 :
1314 863 1344 902 α
1370 839 1493 918 Qui
1523 844 1706 905 sanat

207 947 470 1010 contritos
484 968 544 1024 ‚n
569 950 692 1010 etc.
711 946 871 1011 Item
894 964 1008 1029 per
1026 947 1516 1026 consessionem
1541 947 1706 1012 Psal-

203 1055 446 1120 mista¹z
474 1055 837 1132 uDomine,
870 1055 1142 1118 clamavi
1168 1056 1432 1134 adte,»
1467 1059 1585 1119 etc.
1617 1054 1705 1119 De

203 1161 556 1228 confessione
580 1180 844 1245 quoque
882 1170 950 1226 et
974 1162 1264 1228 oratione
1287 1161 1557 1242 intelligi
1587 1179 1702 1244 po-

199 1271 303 1332 test
324 1270 483 1350 quod
512 1269 750 1334 dicitur
772 1275 796 1311 ⁸
830 1291 846 1334 :
887 1293 918 1329 a
941 1268 1165 1334 Creavi
1194 1270 1474 1334 fructum
1504 1268 1703 1334 labio-

200 1392 325 1439 rum
351 1394 598 1458 pacem,
633 1395 858 1459 pacem
893 1377 954 1442 ei
981 1377 1093 1459 qni
1120 1376 1316 1457 longe
1342 1379 1471 1455 est,
1503 1375 1705 1458 etqui

198 1499 386 1563 prope,
408 1483 566 1548 dixit
586 1484 927 1561 Dominus,
951 1488 1018 1549 et
1033 1484 1258 1549 sanavi
1283 1502 1458 1548 eum.
1479 1504 1511 1543 ιι
1547 1482 1706 1547 Item

197 1590 729 1671 peroperationem
742 1590 765 1626 ‘
782 1615 799 1652 z
822 1590 1148 1656 «Extende
1165 1609 1430 1655 manum
1448 1594 1647 1670 tuam,
1665 1612 1697 1651 ι»

198 1696 399 1762 scilieet
421 1698 500 1763 ad
528 1717 702 1782 opus
726 1699 1006 1764 bonum:
1032 1723 1062 1762 α
1089 1704 1153 1766 et
1178 1700 1491 1779 extendit,
1519 1703 1585 1763 et
1609 1717 1708 1764 re-

194 1803 380 1868 stituta
426 1809 522 1870 est
558 1805 847 1870 sanitati.
888 1828 919 1866 n
975 1805 1132 1870 ltem
1176 1823 1290 1888 per
1345 1806 1702 1887 castigatio-

196 1927 322 1973 nem
347 1916 368 1950 ⁸
412 1932 428 1973 :
469 1935 500 1971 a
528 1911 678 1995 Ipse
705 1912 1002 1977 vulnerat
1044 1916 1112 1976 et
1166 1912 1486 1991 medetur,
1517 1933 1548 1970 ι)
1582 1916 1702 1974 etc.

193 2015 325 2081 Ecce
367 2036 560 2101 qnam
606 2020 988 2103 multiplicia
1025 2023 1176 2084 sunt
1223 2021 1305 2086 ad
1349 2019 1707 2085 sanandum

195 2121 283 2187 Dei
313 2125 587 2190 remedia
613 2173 638 2204 ‚
686 2127 843 2209 quia
879 2127 1252 2209 multiplicia
1279 2131 1429 2190 sunt
1453 2128 1706 2192 anima·

195 2249 318 2294 rum
340 2232 638 2298 vulnera.
679 2234 1085 2314 Augustinus
1109 2235 1132 2269 ⁸
1161 2256 1176 2298 ε
1216 2256 1246 2295 α
1273 2234 1486 2316 Magni
1513 2239 1663 2300 sunt
1685 2285 1701 2313 ‚

194 2335 422 2404 Domine
437 2387 454 2419 ,
479 2340 848 2422 languores
871 2341 1071 2404 nostri
1089 2388 1107 2420 ,
1137 2340 1326 2406 multi
1350 2345 1417 2406 et
1440 2344 1702 2424 magni3

1812 642 1896 690 ne
1919 624 2130 692 videat
2169 623 2445 706 gloriam
2490 623 2619 692 Dei.
2664 622 2839 690 Caim
2882 625 3101 690 autem
3139 623 3349 689 adbuc

1811 731 2001 795 hodie
2026 734 2158 810 est,
2190 731 2579 814 quicumque
2606 729 2817 794 fratris
2843 729 2945 795 sui
2984 732 3348 814 persecutor

1811 842 1907 902 est
1933 837 1976 874 ¹⁸
2008 856 2027 902 ι
2063 860 2095 900 c
2120 837 2339 904 Omnis
2363 838 2476 920 qui
2503 838 2635 906 odit
2658 839 2920 903 fratrem
2960 856 3153 902 suum
3178 887 3198 917 ‚
3227 838 3350 904 ho-

1812 944 2044 1010 micida
2068 949 2207 1024 est,
2238 967 2270 1006 ι)
2308 950 2426 1010 etc.
2462 944 2600 1010 Imo
2642 950 2706 1010 et
2754 946 3184 1011 incendiarius
3205 945 3350 1010 dia-

1811 1053 1940 1118 boli
1964 1056 2097 1132 est;
2122 1052 2397 1118 loannes
2424 1053 2911 1137 chrysostomus
2935 1055 2980 1090 ¹¹⁵
3012 1077 3027 1119 :
3060 1053 3149 1120 «Ο
3178 1053 3347 1120 invi-

1812 1159 1917 1224 dia
1937 1208 1955 1240 ‚
1986 1160 2163 1224 omni
2205 1161 2447 1226 malitia
2487 1162 2847 1228 cumulata!
2896 1159 3144 1226 Invidia
3175 1159 3352 1244 ignis

1810 1266 2342 1352 inextinguibilis,
2374 1289 2406 1327 s

1894 1373 2055 1439 Item
2079 1378 2336 1457 propter
2362 1374 2755 1442 iracundiam
2779 1377 2824 1418 ¹⁶
2853 1397 2868 1439 :
2906 1373 3122 1458 «Ejice
3150 1374 3352 1440 ancil-

1809 1480 1940 1545 lam
1966 1485 2030 1545 et
2059 1480 2265 1544 fllium
2294 1483 2437 1562 ejus
2456 1530 2473 1559 ‚
2504 1504 2535 1546 s
2572 1482 2808 1547 scilieet
2835 1482 3166 1548 Ismaelem
3188 1527 3206 1560 ‚
3236 1482 3353 1566 qui

1812 1586 1974 1651 bene
2023 1588 2419 1652 iracundiam
2477 1590 2818 1671 significat.
2867 1589 2954 1655 De
2999 1590 3136 1673 ipso
3179 1589 3352 1654 enim

1812 1694 2041 1759 dicitur
2060 1694 2105 1735 ¹⁷
2137 1713 2207 1758 :a
2226 1694 2341 1759 Hic
2365 1695 2485 1761 erit
2510 1697 2685 1762 ferus
2711 1697 2931 1779 homo,
2961 1715 3191 1764 manus
3212 1699 3355 1779 ejus

1812 1807 2031 1866 contra
2075 1820 2298 1868 omnes
2318 1851 2336 1881 ,
2397 1807 2462 1868 et
2513 1795 2745 1870 manus
2789 1804 3082 1870 omnium
3108 1854 3126 1886 ,
3160 1826 3191 1865 s
3226 1807 3350 1869 etc.

1816 1907 1972 1972 item
1999 1911 2499 1993 persequebatur
2523 1912 2786 1977 fratrem
2814 1931 3006 1977 suum
3035 1912 3080 1948 ¹⁸
3110 1912 3354 1990 παρηο-

1815 2016 2004 2081 modo
2036 2021 2187 2082 tunc
2212 2020 2324 2101 qui
2339 2019 2694 2084 secundum
2722 2038 2980 2086 caruem
3005 2023 3193 2085 natus
3221 2020 3355 2084 fue-

1815 2127 1920 2188 rat
1944 2125 2022 2207 (b)
2052 2173 2070 2203 ‚
2100 2126 2620 2208 persequebatur,
2637 2149 2668 2188 υ
2691 2131 2811 2194 etc.
2841 2127 2920 2193 Et
2944 2127 3088 2192 ideo
3114 2129 3352 2210 ejectus
3423 2162 3428 2166 -

1813 2235 1910 2296 est
1943 2231 2021 2298 de
2045 2232 2439 2314 possessione
2465 2233 2855 2299 haereditatis
2896 2252 3055 2298 suae.
3090 2233 3196 2299 Sic
3223 2233 3351 2298 ira-

1813 2339 2003 2405 cundi
2030 2343 2290 2423 propter
2324 2340 2638 2406 feritatem
2658 2389 2682 2422 ‚
2710 2346 2776 2407 et
2813 2342 3159 2407 fraternam
3204 2359 3351 2425 per-

195 2445 282 2508 sed
306 2447 571 2530 amplior
597 2450 702 2512 est
729 2446 1042 2512 medicina
1065 2451 1199 2513 tua.
1229 2470 1261 2507 n
1811 2447 2200 2512 secutionem
2230 2453 2593 2514 exercentes
2613 2497 2635 2529 ‚
2663 2449 3011 2531 ejiciuntur
3036 2449 3117 2515 de
3141 2449 3350 2515 haere-

1810 2554 2003 2619 ditate
2055 2559 2316 2620 aeterna.
2368 2556 2601 2623 Contra
2644 2557 2815 2640 quod
2864 2557 2946 2629 de
3002 2558 3355 2624 mansuetis

615 2624 917 2695 SERMO
961 2626 1053 2696 IV
1087 2627 1169 2720 (α)
1204 2642 1250 2695 ⁷·
1812 2663 2045 2728 dicitur
2090 2663 2134 2705 ¹⁹
2168 2685 2183 2727 ε
2226 2688 2258 2726 <1
2281 2665 2591 2730 Mansueti
2630 2669 2847 2732 autem
2890 2666 3356 2732 haereditabunt

253 2768 400 2833 Filii
440 2774 673 2836 autem
709 2772 894 2851 requi
925 2769 1270 2851 ejicimur
1310 2772 1384 2836 ia
1427 2769 1707 2838 tenebras

195 2878 498 2942 maiores
521 2878 572 2940 ⁸.
610 2876 965 2958 Eiicientur
992 2877 1209 2942 miseri
1236 2877 1567 2958 injudicio
1592 2897 1704 2944 ex-

196 2985 271 3044 tra
292 2987 686 3047 consortium
737 2982 1190 3048 salvandorum
1208 3033 1226 3064 ‚
1273 2989 1530 3067 propter
1564 3004 1709 3067 sep-

195 3092 298 3152 tem
322 3091 472 3157 vitia
495 3091 837 3175 capitalia:
870 3092 1036 3174 quod
1064 3091 1492 3173 significatum
1518 3097 1615 3157 est
1637 3093 1707 3158 in

193 3200 398 3278 septem
424 3198 855 3280 eiectionibus
878 3198 1220 3264 hominum
1244 3198 1323 3264 de
1349 3199 1585 3282 quibus
1611 3200 1705 3265 le-

195 3318 400 3383 gunuS.

259 3409 597 3493 Eiicientnr
620 3429 789 3494 ergo
815 3411 1159 3478 damnandi
1187 3417 1445 3497 propter
1480 3432 1704 3498 super-

193 3516 373 3583 biam:
402 3522 583 3604 quod
613 3520 1052 3602 significatum
1082 3521 1271 3585 estin
1296 3521 1708 3587 Nabuchodo-

193 3641 356 3690 nosor
381 3634 403 3667 ⁹
433 3650 452 3691 ε
492 3652 525 3691 c
555 3627 718 3692 Haec
760 3630 858 3691 est
898 3627 1331 3709 interpretatio
1378 3630 1705 3696 sententiae

191 3730 464 3798 Altissimi
502 3752 524 3798 :
564 3733 830 3815 eJicient
855 3738 916 3798 te
932 3733 1015 3798 ab
1037 3734 1443 3816 hominibuS,
1471 3741 1706 3802 etcum

191 3834 378 3904 hestiis
403 3841 694 3925 ferisque
720 3840 840 3905 erit
856 3839 1163 3906 habitatio
1190 3845 1372 3915 tua.»
1400 3822 1554 3909 Cum
1577 3844 1709 3911 bes-

191 3946 317 4026 ῑὶἰε,
347 3947 410 4012 id
441 3953 572 4028 est,
605 3946 1031 4012 daemonibus.
1076 3946 1412 4014 psalmista
1438 3950 1483 3991 ¹⁰
1510 3972 1526 4016 t
1551 3973 1581 4012 α
1611 3949 1706 4015 Ne

193 4051 368 4118 badas
391 4055 617 4120 bestiis
643 4054 931 4120 animam
975 4073 1211 4122 meam.
1239 4079 1269 4116 n
1307 4055 1458 4120 Haec
1482 4058 1706 4139 ejectio

190 4156 323 4224 facta
349 4165 463 4240 ,est
498 4167 766 4246 propter
804 4162 1167 4245 superbiam
1208 4162 1706 4232 Nabuchodono-

191 4282 296 4346 sor,
314 4268 480 4338 sicut
510 4275 579 4335 et
606 4270 882 4336 Luciferi
911 4271 954 4313 ²¹
987 4289 1006 4335 ε
1037 4294 1069 4332 e
1094 4270 1267 4353 Ejeci
1290 4275 1358 4336 te
1383 4272 1462 4336 de
1487 4278 1706 4340 monte

1814 2773 2072 2834 terram.
2097 2793 2129 2830 n
2163 2771 2211 2807 ¹⁰
2248 2795 2279 2832 <t
2306 2771 2481 2836 Beati
2519 2772 2725 2851 mites,
2757 2793 2788 2832 n
2825 2776 2946 2838 etc.
2976 2771 3156 2838 Mites
3193 2790 3356 2855 ergo

1811 2895 1958 2942 cum
2000 2879 2241 2960 gaudio
2273 2882 2707 2963 persecutores
2742 2898 2894 2944 suos
2930 2880 3202 2945 tolerare
3252 2879 3355 2943 de-

1814 2984 1969 3049 bent
1982 3033 2002 3065 ,
2045 2986 2210 3050 sicut
2237 2985 2409 3050 Isaac
2424 3035 2442 3067 ,
2496 3004 2691 3070 quem
2744 2986 2972 3051 ismael
3025 3004 3357 3070 perseque-

1814 3091 2003 3156 batur
2023 3140 2043 3171 ,
2111 3093 2225 3176 qui
2282 3093 2723 3160 haereditatem
2779 3094 3065 3160 obtinere
3124 3093 3353 3159 voluit.

1816 3198 1993 3264 Unde
2012 3203 2185 3265 Isaac
2210 3201 2663 3284 interpretatur
2689 3203 2863 3268 risus
2881 3201 2986 3266 vel
3009 3200 3325 3286 pendium
3338 3248 3354 3265 .

1813 3307 1858 3344 ¹¹
1893 3329 1925 3366 α
1942 3306 2144 3372 Omne
2168 3306 2481 3388 gaudium
2508 3306 2888 3388 existimate,
2909 3310 3157 3390 fratres,
3175 3330 3207 3370 ι)
3233 3313 3353 3373 etc.

1892 3413 2047 3479 Item
2078 3419 2337 3497 propter
2360 3415 2696 3480 avaritiam
2707 3417 2757 3454 ‘²
2788 3438 2806 3482 z
2839 3415 3186 3498 «Ejiciebat
3214 3434 3355 3482 om-

1810 3538 1925 3586 nes
1945 3521 2293 3586 vendentes
2313 3526 2377 3586 et
2395 3526 2679 3587 ementes
2696 3522 2776 3588 de
2795 3523 3053 3606 templo,
3086 3528 3149 3588 et
3174 3535 3358 3590 men-

1811 3647 1914 3694 sas
1937 3630 2552 3710 nummulariorum,
2568 3651 2600 3690 1>
2621 3634 2742 3695 etc.
2773 3630 3037 3696 Difficile
3064 3635 3159 3698 est
3183 3632 3354 3698 inter

1810 3737 2079 3804 ementis
2108 3743 2170 3801 et
2196 3737 2527 3802 vendentis
2553 3738 2944 3804 consortium
2980 3757 3111 3805 non
3150 3738 3347 3805 inter-

1812 3845 2031 3909 venire
2067 3849 2422 3928 peccatum.
2471 3844 2708 3926 Fugite
2751 3864 2909 3927 ergo
2950 3846 3351 3914 venditiones

1810 3956 1874 4016 et
1898 3953 2252 4035 emptiones
2275 3953 2534 4036 iniquas
2555 3999 2573 4032 ,
2614 3954 2727 4019 sed
2756 3973 2886 4020 non
2908 3955 3086 4021 illam
3114 3956 3192 4021 de
3218 3974 3351 4039 qua

1811 4059 2106 4124 dicim-²⁸
2136 4078 2155 4123 ι
2186 4082 2217 4121 α
2246 4058 2313 4126 Si
2350 4061 2454 4125 vis
2503 4079 2640 4127 esse
2678 4064 3032 4146 perfectus,
3081 4066 3242 4132 vade
3285 4070 3351 4131 et

1812 4167 2018 4231 vende
2042 4168 2288 4248 omnia,
2320 4190 2353 4229 n
2373 4173 2492 4234 etc.
2498 4216 2519 4250 ,
2549 4192 2581 4232 α
2600 4175 2665 4234 et
2685 4170 2949 4237 habebis
2970 4174 3349 4240 thesaurum

1810 4277 1878 4340 in
1901 4275 2084 4356 coeIo,
2099 4297 2131 4336 ι»
2156 4282 2276 4342 etc.
2300 4277 2477 4344 Unde
2505 4276 2733 4344 Petrus
2753 4281 2804 4319 ¹⁶
2830 4299 2845 4341 ε
2882 4303 2913 4341 (ι
2931 4280 3088 4346 Ecce
3114 4300 3231 4348 nos
3254 4300 3350 4349 re-

1 4675 36 5126 *ᾑ-ἿΠἮΙἪῚᾈ
0 4631 24 4648 '-
17 4565 36 4600 -f
14 4527 22 4540 ι
15 4437 24 4448 ιι
11 4365 12 4372 ⁴
11 4327 24 4340 1
11 4251 26 4284 ⁴-
13 4171 24 4204 ι·-
13 4075 28 4148 -Ίμι
15 3995 24 4004 ι
11 3879 26 3928 'n—
13 3809 22 3822 =
9 3711 18 3722 ¹¹
11 3659 26 3678 h
7 3571 10 3618 ⁴⁴
7 3507 8 3516 ⁴
9 3443 20 3482 *-

195 4370 402 4450 nei‚et
445 4378 700 4460 perdidi
739 4382 838 4458 te,
884 4396 926 4444 o
960 4376 1284 4444 Cherub.»
1318 4380 1412 4445 De
1451 4387 1700 4460 monte,

193 4477 242 4542 id
277 4488 401 4563 est,
443 4485 530 4549 de
557 4484 718 4551 coelo
746 4503 1075 4569 empyreo,
1104 4486 1181 4550 de
1208 4504 1340 4570 quo
1356 4488 1403 4526 ¹¹
1433 4510 1448 4552 ε
1486 4511 1519 4549 α
1549 4489 1705 4566 Quis

194 4592 454 4658 aeoendet
477 4594 554 4658 in
579 4599 866 4660 montem
894 4581 1190 4660 bomini?
1221 4616 1254 4656 n
1282 4602 1403 4661 etc.

255 4696 400 4764 item
426 4706 692 4784 propter
709 4702 1021 4767 invidiam
1043 4703 1119 4766 ¹⁸:
1151 4702 1347 4770 «Eece
1365 4704 1577 4787 ejicies
1598 4724 1704 4771 me

195 4800 354 4871 lindie
377 4825 419 4870 a
443 4807 607 4874 facie
626 4813 777 4888 tua,
798 4813 864 4874 et
887 4827 928 4872 a
951 4810 1108 4876 facie
1132 4815 1244 4875 tua
1268 4812 1641 4878 abscondar.
1661 4835 1693 4874 a

189 4906 336 4977 Beue
358 4915 514 4979 dicit
540 4938 556 4979 t
584 4915 963 4993 abscondar,
990 4917 1141 4999 quia
1163 4918 1420 4984 tolletur
1439 4920 1698 5004 impius,

244 5035 410 5088 ¹Pul.
442 5052 618 5103 cxm,
644 5043 693 5094 3.
721 5067 786 5079 --
807 5042 831 5076 ¹
853 5041 986 5092 Psal.
1023 5053 1177 5105 xxix,
1209 5045 1258 5093 3.
1291 5070 1347 5082 -
1379 5044 1398 5074 ³
1425 5051 1542 5104 λιιι..
1574 5057 1700 5112 nvn,

194 5107 337 5155 12—
365 5113 382 5140 ⁴
417 5112 622 5174 natm„
656 5125 765 5175 ιιι,
808 5117 885 5163 13.
921 5139 981 5151 -
1012 5116 1030 5145 ⁵
1055 5112 1186 5178 Job„
1212 5126 1262 5176 v,
1294 5116 1370 5165 18.
1405 5143 1461 5153 -
1498 5118 1520 5151 ⁶
1548 5118 1699 5183 Aug„

195 5173 348 5228 hm.
383 5182 440 5229 in
473 5183 614 5233 Paul.
655 5195 754 5246 cn,
790 5197 846 5233 n.
881 5187 937 5245 5,
970 5186 1136 5248 quoad
1163 5200 1388 5236 sensum.
1415 5213 1472 5224 —
1509 5189 1526 5220 ⁷
1555 5189 1700 5240 Hunc

191 5246 328 5300 habet
360 5265 567 5317 quoque
592 5255 712 5306 edit.
748 5256 908 5305 Paris.
941 5269 1023 5306 an.
1055 5259 1192 5309 1521.
1223 5283 1283 5297 -
1310 5260 1330 5288 ⁸
1356 5259 1555 5316 uatem,
1583 5272 1697 5322 vm,

191 5319 260 5369 12.
299 5347 357 5359 -
399 5324 420 5353 ⁹
469 5325 621 5388 Dm„
667 5338 739 5390 lv,
779 5330 863 5378 22.
907 5353 960 5364 --
1009 5328 1051 5363 ¹⁰
1093 5329 1233 5379 Psal.
1276 5341 1471 5392 unu,
1515 5334 1590 5382 19.
1638 5356 1699 5369 -

195 5385 228 5420 ¹²
251 5389 442 5455 &sn-h„
471 5407 663 5460 xxviii,
702 5401 782 5449 16.
809 5424 864 5435 -
898 5398 943 5433 ¹²
969 5398 1100 5448 Psal.
1127 5411 1286 5465 xxiii,
1315 5403 1362 5452 3.
1390 5428 1453 5439 -
1489 5401 1527 5437 ¹⁸
1555 5403 1699 5457 Gen..

196 5469 257 5520 π,
298 5467 372 5513 14.
411 5491 479 5502 -
523 5467 560 5500 ¹⁸
597 5469 614 5518 l
653 5469 820 5530 lom,
863 5481 960 5531 ln,
1002 5473 1076 5520 15.
1123 5497 1184 5514 --
1224 5471 1267 5508 ¹⁸
1308 5472 1593 5537 chrysost„
1645 5475 1699 5524 in

1807 4383 2121 4467 liquimus
2146 4387 2399 4467 omnia,
2448 4392 2513 4450 et
2549 4388 2748 4453 secuti
2795 4406 3019 4454 sumus
3048 4393 3115 4456 te
3132 4437 3149 4468 ,
3191 4391 3346 4476 quid

1811 4512 1973 4576 ergo
1999 4495 2124 4560 erit
2147 4495 2332 4561 nobis
2355 4497 2388 4558 ⁴?
2405 4518 2437 4557 ι)
2471 4495 2590 4561 Cui
2613 4514 2777 4579 ergo
2803 4497 3135 4581 injudicio
3165 4499 3343 4566 sede-

1809 4620 1880 4666 re
1895 4652 1913 4682 ‚
1955 4607 2017 4667 et
2054 4601 2425 4686 centuplum
2450 4603 2736 4686 accipere
2760 4652 2778 4686 ,
2822 4608 2889 4669 et
2914 4604 3116 4674 vitam
3155 4611 3343 4673 aeter-

1808 4726 1962 4774 nam
1987 4706 2306 4790 possidere
2326 4707 2737 4790 promittitur.
2762 4710 3141 4795 centuplum
3171 4715 3344 4782 enim

1808 4820 1905 4879 est
1963 4814 2238 4897 Spiritus
2284 4814 2485 4882 sancti
2552 4815 2897 4884 consolatio
2948 4820 3054 4885 vel
3108 4822 3341 4903 gratia.

1808 4921 2206 5003 Quicumque
2230 4939 2385 5002 ergo
2401 4921 2523 4988 hoc
2536 4924 2913 5008 centuplum
2939 4944 3070 4994 non
3094 4929 3338 5012 recipit,

1806 5090 2404 5226 lethatii-„usk
2429 5103 2562 5229 {²52
2576 5094 2776 5216 ²3¹¹?
2803 5096 3343 5234 efflas-:trs

1807 5233 1849 5268 ¹²
1875 5232 2005 5282 Psal.
2039 5245 2222 5296 xxxv1,
2252 5236 2327 5284 12.
2357 5259 2421 5272 -
2445 5235 2492 5271 ’θ
2515 5237 2726 5300 Hatita,
2754 5250 2805 5300 v,
2836 5241 2885 5289 4.
2909 5266 2974 5278 —
3003 5241 3045 5276 Β
3069 5241 3192 5308 Iac„
3224 5253 3264 5306 1,
3291 5246 3342 5296 2.

1807 5331 1868 5340 —
1896 5304 1938 5340 ²¹
1964 5304 2169 5369 flatile„
2202 5316 2316 5370 xxi,
2346 5307 2424 5356 12.
2449 5332 2510 5345 -
2538 5307 2581 5343 ⁸⁸
2604 5308 2752 5372 ibid„
2789 5320 2902 5376 111,
2928 5314 3009 5364 21.
3036 5339 3092 5350 -
3119 5313 3166 5350 ¹⁸
3187 5313 3341 5382 lhid„

1805 5378 1884 5424 27.

1877 5475 1941 5538 (a)
1971 5473 2057 5525 AI.
2080 5486 2153 5525 iv.
2179 5476 2391 5530 Domin.
2416 5478 2625 5531 secund.
2651 5504 2717 5525 -.
2738 5479 2804 5542 (ὁ)
2833 5480 2957 5533 eat.
2984 5483 3104 5540 edit.
3128 5490 3208 5539 est
3233 5487 3339 5554 qui.

3422 4724 3583 4768 Centu-

3369 4783 3511 4841 plum.
