4059 6317
486 3332 643 3375 Exem-

429 3394 572 3451 plum.

666 462 787 525 528

665 595 809 667 bat;
847 592 956 652 sed
996 607 1104 653 vas
1144 590 1313 650 omni
1356 591 1558 668 lapide
1595 595 1857 668 pretioso
1894 598 2169 652 ornatum
2187 634 2209 665 ,

664 688 907 761 propter
927 683 1428 758 resplendentiam
1456 685 1797 752 honestatis,
1825 702 1946 761 qua
1975 684 2206 743 mundo

665 779 946 852 fulgebat.
993 781 1072 836 De
1118 777 1388 853 quolibet
1426 777 1644 836 horum
1690 778 1818 837 fieri
1847 782 2046 854 posset
2072 779 2206 836 lon-

665 890 775 947 gus
801 888 1029 943 serm03
1063 872 1171 931 sed
1198 872 1512 931 videamus
1538 889 1722 947 quam
1749 872 1998 942 solidus,
2024 889 2207 946 quam

666 972 940 1026 constans
966 971 1026 1025 et
1049 967 1257 1025 firmus
1285 966 1459 1025 fuerit
1483 967 1580 1025 hic
1603 971 1839 1025 sanctus
1868 966 2205 1041 Apostolus,

666 1062 825 1122 Sicut
866 1061 1024 1120 enim
1066 1062 1192 1135 ipse
1237 1061 1363 1119 ait¹
1406 1079 1422 1120 ε
1456 1082 1487 1116 α
1515 1064 1665 1119 Deus
1707 1077 1820 1119 nos
1852 1059 2208 1118 novissimos

666 1156 922 1214 ostendit
944 1154 1277 1231 Apostolos,
1309 1158 1593 1229 tanquam
1622 1156 1799 1213 morti
1826 1154 2200 1213 destinatos.»

667 1252 732 1307 Et
776 1249 1134 1325 quibusdam
1179 1248 1569 1324 interpositiS,
1615 1250 1695 1307 ait
1717 1246 1742 1281 ⁸
1781 1269 1796 1308 ε
1833 1270 1861 1300 c<
1907 1251 2098 1324 Usque
2142 1248 2207 1306 in

663 1343 818 1401 hanc
845 1342 1005 1400 diem
1029 1345 1322 1400 esurimus
1345 1347 1402 1401 et
1430 1343 1678 1414 sitimuS,
1707 1342 1856 1401 nudi
1883 1359 2122 1408 sumus,
2152 1346 2210 1400 et

666 1437 934 1511 colaphis
961 1436 1273 1503 caedimur,
1305 1440 1363 1493 et
1380 1436 1684 1495 instabiles
1706 1453 1930 1509 sumus,
1962 1441 2018 1493 et
2043 1435 2208 1494 labo-

665 1548 866 1591 ramus
905 1530 1185 1589 manibus
1224 1530 1459 1588 nostriS.
1489 1530 1894 1589 maledicimur
1939 1536 1994 1590 et
2024 1531 2208 1589 bene-

668 1625 957 1698 dicimuS,
1004 1624 1477 1700 persecutionem
1515 1625 1805 1699 patimur,
1854 1630 1910 1682 et
1953 1624 2206 1682 sustine-

666 1737 861 1793 mus‚»
897 1725 1005 1778 etc.
1040 1722 1180 1778 Item
1204 1721 1227 1756 ⁸
1259 1737 1275 1775 z
1311 1738 1340 1772 α
1370 1723 1430 1777 ln
1458 1718 1737 1776 omnibus
1764 1717 2208 1776 tribulationem

665 1813 959 1889 patimur,
1000 1813 1107 1871 sed
1151 1828 1273 1871 non
1314 1812 1743 1886 angustiamur,
1767 1835 1794 1865 n
1830 1816 1940 1872 etc.
1969 1814 2111 1870 item
2136 1810 2157 1844 ⁴
2189 1831 2203 1865 :

673 1930 702 1963 a
741 1911 807 1967 ln
845 1908 1154 1966 laboribus
1185 1907 1455 1981 plurimis
1473 1950 1489 1978 ,
1534 1907 1598 1965 in
1637 1907 1972 1964 carceribus
2018 1906 2208 1964 abun-

668 2002 934 2071 dantiuS,
971 2004 1033 2059 in
1069 2001 1262 2075 plagis
1297 2016 1478 2073 supra
1514 2000 1799 2071 modum,
1827 2002 1890 2057 in
1917 2000 2208 2058 mortibus

667 2096 1006 2171 frequenter
1043 2114 1058 2152 :
1103 2112 1140 2152 a
1176 2093 1398 2152 Judaeis
1434 2093 1749 2168 quinquies
1793 2093 2208 2168 quadragenas

669 2207 790 2249 una
815 2188 1014 2247 minus
1040 2188 1241 2263 accepi
1269 2190 1390 2245 :ter
1418 2186 1599 2259 virgis
1626 2204 1811 2245 caesus
1839 2204 1992 2259 sum,
2023 2187 2208 2245 semel

668 2284 964 2358 lapidatus
1006 2299 1167 2355 sum,
1217 2286 1304 2339 ter
1349 2280 1723 2353 naufragium
1766 2280 1910 2353 feci,
1940 2286 2113 2339 nocte
2149 2285 2209 2340 et

668 2378 766 2435 die
792 2379 853 2434 in
874 2375 1174 2451 profundo
1205 2374 1382 2433 maris
1408 2374 1515 2446 fui,
1544 2379 1652 2433 etc.
1685 2375 1740 2432 Si
1772 2374 2012 2447 gloriari
2036 2391 2210 2449 opor·

667 2474 778 2542 tet,
810 2470 874 2527 in
908 2470 1030 2541 his,
1071 2486 1206 2543 quoe
1237 2468 1591 2527 infirmitatis
1617 2484 1764 2526 meoe
1790 2474 1958 2537 sunt,
1987 2467 2208 2541 gloria·

668 2565 801 2623 bor.
830 2584 860 2619 ¹>
891 2562 1057 2622 Tales
1083 2562 1368 2621 deberent
1404 2579 1527 2620 esse
1564 2562 1780 2621 milites
1819 2562 2026 2620 Christi
2065 2580 2079 2618 τ
2124 2562 2207 2620 sic

666 2675 774 2734 per
800 2659 1004 2716 omnia
1029 2658 1227 2728 solidi,
1257 2660 1323 2713 ut
1347 2672 1456 2714 nec
1485 2656 1617 2730 ipsa
1646 2661 1832 2714 morte
1860 2661 2101 2730 possent
2128 2655 2206 2713 ab

665 2752 935 2810 hostibus
963 2750 1264 2809 deterreri.
1288 2754 1353 2807 Et
1378 2749 1529 2824 quid
1554 2749 1792 2819 mirum,
1813 2749 2020 2807 sicum
2056 2754 2209 2823 Apo-

667 2847 820 2905 stolo
844 2845 1171 2904 debeamus
1199 2859 1372 2917 agere
1418 2842 1642 2900 fortiter
1683 2859 1796 2917 pro
1843 2843 2068 2900 Christo
2085 2885 2105 2914 ,
2152 2848 2211 2902 et

665 2956 777 3014 pro
818 2956 1005 3013 regno
1041 2938 1368 2997 obtinendo
1412 2942 1664 3005 aeterno,
1711 2937 1996 3010 quoniam
2038 2935 2209 2994 multi

667 3036 890 3092 inventi
919 3038 1055 3092 sunt
1076 3032 1289 3090 milites
1312 3031 1547 3100 terreni,
1570 3030 1673 3105 qui
1697 3031 1878 3089 vitam
1904 3047 2075 3088 suam
2097 3034 2209 3088 tra·

670 3130 819 3187 dunt
846 3144 958 3202 pro
997 3143 1135 3200 rege
1163 3131 1428 3194 terren0,
1455 3141 1567 3199 pro
1596 3141 1718 3200 quo
1746 3125 2065 3182 morientes
2086 3139 2210 3182 non

669 3222 963 3295 accipiunt
983 3220 1316 3294 praemium,
1334 3218 1442 3275 sed
1466 3218 1821 3292 supplicium
1840 3218 2039 3292 potius
2059 3232 2213 3275 sem-

668 3315 1000 3390 piternum?
1021 3318 1163 3372 Nam
1181 3312 1427 3387 quidam
1453 3315 1710 3370 Hermon
1728 3311 1970 3370 nomine
1989 3313 2034 3382 ⁸,
2052 3310 2211 3386 prin-

672 3425 811 3485 ceps
846 3406 1145 3465 maximus
1187 3406 1250 3463 in
1291 3421 1479 3479 regno
1523 3409 1860 3476 Persarum,
1905 3405 2052 3463 dum
2097 3420 2208 3478 pro

672 3504 919 3561 domino
946 3518 1055 3559 suo
1093 3500 1322 3558 bellum
1349 3503 1555 3559 contra
1594 3500 1997 3558 Alexandrum
2039 3516 2208 3557 com-

672 3598 940 3666 mitteret,
969 3611 1104 3653 cum
1132 3611 1194 3652 se
1226 3594 1303 3652 ab
1332 3594 1462 3651 aliis
1490 3592 1834 3651 derelictum
1860 3593 2122 3667 videret,
2146 3609 2210 3651 se

669 3692 777 3750 toti
804 3689 1082 3749 exercitui
1109 3687 1426 3748 Alexandri
1455 3687 1765 3763 opposuit,
1801 3691 1860 3744 et
1895 3687 2046 3745 alios
2085 3687 2211 3761 qui-

672 3786 808 3844 dem
838 3786 1021 3855 hasta,
1045 3782 1195 3841 alios
1224 3781 1426 3855 gladio
1456 3781 1867 3840 obtruncabat.
1892 3781 2068 3838 Plura
2084 3782 2211 3853 jam

671 3882 979 3953 acceperat
1028 3876 1310 3945 vulnera,
1365 3880 1421 3934 et
1469 3893 1506 3934 a
1556 3879 1722 3950 parte
1785 3874 2095 3945 anteriori,
2155 3878 2215 3932 et

672 3993 710 4035 a
734 3979 929 4048 terg03
958 3973 1062 4031 sed
1098 3972 1275 4047 plura
1317 3969 1591 4028 intulerat
1632 3969 1920 4028 hostibus.
1960 3971 2029 4027 Ut
2069 3983 2212 4040 ergo

672 4086 794 4128 non
820 4069 1119 4129 videretur
1145 4067 1386 4136 virtute,
1418 4064 1524 4122 sed
1549 4064 1743 4122 solum
1766 4062 2039 4121 felicitate
2068 4061 2213 4120 infe-

669 4164 793 4221 rior
818 4162 1185 4231 Alexaudro,
1212 4163 1435 4217 tantam
1458 4163 1713 4231 stragem
1747 4157 2006 4215 hostium
2042 4155 2175 4214 fecit
2188 4196 2208 4228 ‚

674 4262 737 4314 ut
787 4257 947 4314 solus
996 4254 1236 4327 agmina
1289 4252 1650 4327 quandoque
1697 4250 1947 4324 fugaret.
2000 4253 2213 4308 Verum

671 4367 810 4408 cum
837 4347 1299 4407 innumerabiles
1320 4348 1468 4404 ictus
1494 4344 1664 4403 haud
1687 4345 1971 4401 sustinere
1988 4345 2213 4418 posset,

673 4444 750 4502 de
784 4461 941 4518 equo
978 4442 1177 4517 lapsus
1216 4457 1396 4516 super
1432 4455 1628 4512 genua
1663 4455 1726 4497 se
1767 4439 2000 4513 posuit,
2048 4443 2212 4495 scuto

670 4543 985 4613 protegens
1035 4539 1226 4593 totum
1288 4549 1505 4608 corpus
1524 4573 1544 4602 ‚
1599 4534 1659 4589 et
1707 4531 1978 4606 gladium
2026 4546 2214 4588 manu

672 4632 981 4703 stringens,
1009 4630 1206 4687 hostes
1228 4626 1596 4702 provocabat
1621 4625 1702 4683 ad
1727 4624 1973 4697 bellum,
2000 4624 2050 4681 si
2080 4624 2213 4698 quis

672 4726 916 4784 auderet
942 4738 1144 4781 secum
1181 4719 1538 4793 confligere,
1583 4718 1775 4776 donec
1813 4717 2047 4776 lethalis
2087 4717 2215 4775 lan-

673 4836 778 4879 cea
820 4817 1039 4895 pectori
1091 4816 1218 4889 ejus
1262 4814 1447 4871 infixa
1490 4816 1594 4870 est.
1637 4814 1704 4870 Et
1744 4811 2017 4887 quamvis
2063 4814 2214 4869 esset

673 4914 936 4988 undique
966 4909 1331 4986 perforatus,
1354 4923 1466 4964 nec
1491 4912 1691 4964 tamen
1714 4905 1866 4978 fugit
1880 4948 1900 4979 ,
1929 4921 2043 4964 nec
2070 4922 2211 4981 cap·

671 5014 798 5066 tum
825 5023 888 5065 se
913 4994 1209 5075 reddidit,
1237 5017 1346 5060 nec
1371 4998 1840 5061 misericordiam
1866 5000 2060 5075 petiit;
2104 4998 2213 5058 sed

671 5106 897 5161 tantum
926 5115 990 5157 se
1017 5096 1309 5169 defendit,
1350 5094 1543 5153 donec
1581 5093 1887 5167 sanguinis
1924 5093 2212 5153 effusione

734 5252 748 5287 ¹
784 5250 798 5299 1
827 5249 1066 5312 Cor.,1v,
1093 5249 1143 5297 9.
1172 5271 1234 5285 —
1261 5243 1280 5276 ²
1310 5242 1461 5306 thid„
1490 5243 1656 5294 1¹42.
1678 5267 1739 5279 —
1767 5241 1790 5276 ⁸
1812 5243 1850 5291 tt
1885 5240 2023 5300 Cor..
2057 5253 2130 5306 ιν,
2163 5245 2210 5293 8.

675 5348 727 5360 -
759 5322 780 5352 ⁴
807 5320 956 5380 thid„
986 5332 1060 5383 xi,
1082 5320 1243 5369 2340.
1264 5342 1319 5354 -
1350 5317 1373 5352 ⁸
1399 5316 1476 5365 De
1502 5315 1760 5365 Hermone
1779 5314 2052 5365 Persarum
2079 5313 2210 5365 duee

669 5393 797 5446 nihil
828 5393 994 5458 potuit
1030 5389 1273 5442 inveniri.
1311 5413 1371 5429 -
1408 5388 1431 5424 ⁸
1467 5385 1667 5450 Tho-en„
1709 5397 1780 5449 ιν,
1821 5389 1872 5436 2.
1910 5412 1973 5425 --
2006 5386 2030 5422 '1
2071 5385 2210 5437 Psoi.

1679 454 2096 525 SERMONES
2137 454 2241 525 DE
2280 454 2633 524 SANCTIS.
2677 456 2838 526 XVI.

2319 592 2550 652 deiecit.
2583 598 2732 667 Ergo
2758 595 2810 651 si
2832 596 3027 652 tantus
3062 591 3257 667 potuit
3300 607 3427 651 esse
3471 590 3649 650 miles
3692 607 3869 649 mun·

2320 685 2515 744 danus
2538 703 2652 761 pro
2680 686 2872 761 gloria
2892 685 3103 744 mundi
3118 727 3140 757 ‚
3167 686 3363 761 qualis
3390 684 3575 744 debet
3606 702 3736 743 esse
3763 685 3871 743 mi·

2317 778 2406 837 les
2443 780 2651 838 Christi
2690 797 2803 855 pro
2847 780 3036 853 gloria
3082 779 3383 854 paradisi?
3431 778 3551 838 Sed
3593 777 3737 837 tacti
3782 795 3873 836 su·

2317 889 2454 931 mus
2477 874 2659 932 hodie
2682 890 2828 933 vasa
2848 874 3170 943 confracta,
3198 889 3343 932 vasa
3370 877 3586 943 terrea,
3617 887 3741 930 non
3772 888 3871 930 an-

2317 983 2459 1038 rea3
2508 982 2633 1026 non
2677 972 2986 1041 argentea,
3028 966 3137 1025 sed
3180 966 3397 1035 vitrea,
3441 983 3585 1042 quo
3628 967 3869 1024 modico

2318 1062 2477 1118 tactu
2518 1060 2888 1134 franguntur.
2940 1060 3103 1119 Unde
3148 1064 3339 1136 potest
3388 1059 3465 1118 de
3520 1060 3705 1119 nobis
3756 1060 3871 1119 dici

2316 1152 2470 1212 illud
2514 1156 2537 1191 ⁸
2585 1172 2600 1212 ε
2655 1175 2684 1208 α
2728 1154 2856 1213 Filii
2896 1155 3036 1213 Sion
3078 1153 3318 1227 inclyti,
3364 1160 3423 1213 et
3472 1153 3683 1211 amicti
3727 1168 3869 1211 auro

2317 1249 2545 1322 primo,
2572 1248 2883 1324 quomodo
2909 1249 3164 1323 reputati
3199 1252 3335 1307 sunt
3366 1249 3432 1307 in
3472 1265 3624 1308 vasa
3664 1252 3868 1321 mee,

2319 1359 2476 1418 opus
2500 1360 2788 1403 manuum
2816 1343 3024 1417 figuli?
3049 1365 3079 1400 n

2318 1543 2417 1617 DE
2465 1544 2525 1621 S.
2576 1543 2895 1618 AGATHA
2940 1543 3249 1617 VIRGINE
3306 1542 3405 1616 ET
3459 1542 3861 1618 MARTYRE.

2788 1694 3046 1757 SERMO
3090 1694 3401 1797 PRIMUUS.

2344 1826 2349 1830 ·
2389 1813 2673 1870 Fortitudo
2705 1830 2847 1885 mea,
2882 1821 2933 1871 et
2964 1816 3084 1871 lans
3117 1830 3237 1871 mea
3279 1818 3543 1872 Dominus
3569 1817 3616 1872 ².
3660 1817 3867 1874 Seehn·

2320 1907 2463 1964 dum
2492 1907 2825 1965 doctrinam
2841 1907 3035 1965 Sancti
3052 1907 3333 1965 Bernardi
3362 1908 3405 1976 ⁸,
3440 1923 3571 1966 non
3602 1913 3693 1967 est
3721 1909 3869 1967 dete-

2316 2000 2548 2072 standa,
2578 2000 2686 2058 sed
2713 2001 2977 2074 optanda
3001 2001 3330 2071 infirmitaS,
3355 2018 3494 2074 qum
3521 2001 3741 2060 Christi
3766 2003 3867 2060 vir-

2316 2097 2437 2153 tute
2464 2096 2749 2154 firmatur.
2789 2114 2818 2148 α
2834 2096 2995 2166 Quis,
3024 2095 3236 2169 inquit,
3269 2094 3440 2153 dabit
3462 2096 3614 2153 mihi
3640 2112 3768 2154 non
3784 2113 3867 2155 so-

2316 2188 2443 2246 lum
2462 2188 2770 2260 infirmari,
2794 2188 2902 2246 sed
2924 2189 3169 2247 omnino
3198 2188 3455 2261 destitui,
3488 2194 3549 2246 et
3574 2190 3815 2264 penitus
3834 2208 3867 2248 a

2317 2298 2413 2340 me
2427 2282 2559 2356 ipso
2581 2282 2856 2353 deficere,
2870 2284 3042 2340 utme
3060 2285 3208 2341 Deus
3227 2282 3511 2339 virtutum
3530 2298 3647 2341 sua
3662 2283 3869 2342 virtute

2317 2375 2629 2434 stabilitet?
2662 2396 2690 2431 n
2732 2379 2860 2434 Non
2897 2392 3040 2450 ergo
3083 2375 3370 2434 dicendus
3404 2385 3495 2434 est
3534 2377 3864 2449 destitutus,

2319 2470 2422 2543 qui
2442 2470 2608 2527 estin
2636 2486 2698 2528 se
2725 2470 3017 2543 infirmus,
3049 2487 3184 2528 cum
3203 2470 3495 2543 fortitudo·
3520 2487 3636 2527 sua
3662 2472 3739 2528 sit
3764 2474 3868 2529 Do·

2317 2564 2534 2621 minus.
2565 2564 2725 2623 Dicat
2743 2580 2885 2637 ergo
2912 2568 3117 2622 sancta
3140 2564 3385 2637 Agatha,
3406 2568 3467 2621 et
3490 2564 3581 2621 sic
3596 2581 3729 2623 esse
3756 2581 3868 2623 cre-

2317 2657 2447 2714 dat:
2477 2658 2760 2727 Fortitudo
2780 2675 2897 2715 mea
2914 2659 3192 2715 Dominus.
3220 2657 3397 2727 Quasi
3425 2656 3589 2716 dicat
3620 2678 3637 2715 ι
3671 2663 3751 2716 De
3774 2673 3866 2716 me

2314 2753 2520 2826 utique
2546 2768 2671 2811 non
2701 2752 2964 2826 confido,
3003 2752 3111 2810 sed
3143 2753 3340 2811 solum
3370 2753 3446 2810 de
3487 2753 3620 2825 illo,
3653 2755 3760 2828 qui
3785 2760 3867 2811 est

2315 2848 2654 2903 sanctorum
2683 2846 2954 2903 omnium
2971 2844 3270 2905 fortitudo.
3302 2848 3364 2904 ln
3382 2862 3510 2921 quo
3536 2847 3729 2906 verbo
3748 2847 3866 2905 val·

2318 2938 2392 2996 de
2424 2939 2716 3013 sapienter
2751 2939 3054 3013 procedit:
3097 2955 3236 2996 nam
3280 2940 3481 3014 primo
3507 2941 3865 3015 principium

2315 3031 2537 3090 fontale
2560 3033 2737 3090 totius
2764 3032 3065 3102 bonitatiS,
3093 3036 3159 3089 ut
3184 3032 3383 3106 ipsum
3410 3032 3646 3106 diligat,
3676 3040 3866 3092 osten-

2319 3125 2435 3197 dit3
2483 3126 2748 3184 secundo
2786 3130 3093 3200 acceptum
3134 3126 3214 3183 ab
3255 3142 3328 3183 eo
3374 3126 3776 3199 beneficium,
3808 3132 3869 3184 nt

2318 3219 2537 3278 amoris
2559 3217 2921 3278 desiderium
2938 3224 3176 3288 crescat,
3203 3219 3500 3291 agnoscit3
3535 3221 3705 3279 tertio
3731 3237 3867 3279 vero

2316 3313 2532 3386 gratias
2563 3313 2673 3384 illi,
2703 3330 2779 3372 ne
2807 3312 3037 3386 ingrata
3066 3317 3373 3388 appareat,
3400 3313 3619 3371 reddit.
3644 3315 3871 3389 Optime

2318 3407 2761 3480 conjunguntur
2787 3407 2913 3464 haec
2945 3407 3056 3464 tria
3083 3421 3366 3477 munera,
3411 3405 3695 3465 datorem
3738 3406 3871 3464 dili·

2318 3516 2477 3572 gere,
2505 3516 2726 3559 munus
2753 3492 3061 3574 acceptum
3099 3514 3424 3572 agnoscere
3443 3541 3461 3571 ‚
3492 3504 3553 3558 et
3588 3516 3704 3575 pro
3740 3517 3871 3558 mu·

2317 3609 2457 3651 nere
2474 3594 2691 3666 gratias
2714 3609 3119 3667 compensare.
3154 3597 3249 3651 ssst
3270 3594 3449 3666 igitur
3473 3593 3743 3668 primum
3760 3593 3874 3667 pri·

2320 3687 2405 3745 mi
2431 3687 2707 3762 principii
2734 3691 2795 3745 et
2817 3686 3056 3745 fontalis
3076 3688 3394 3753 veneratio,
3429 3687 3683 3762 quando
3704 3687 3869 3746 dicit:

2326 3784 2600 3838 Dominus.
2654 3780 2995 3839 Secundum
3050 3785 3140 3838 est
3189 3781 3452 3838 muneris
3504 3781 3835 3854 recognitio
3853 3825 3872 3853 ,

2320 3875 2569 3948 quando
2597 3875 2767 3933 addit
2797 3892 2813 3932 ;
2844 3876 3134 3933 Fortitudo
3158 3891 3297 3933 mea.
3326 3874 3584 3933 Tertium
3608 3891 3757 3934 vero
3792 3879 3876 3934 εἰ

2318 3968 2643 4043 gratiarum
2670 3967 2824 4026 actio
2844 4010 2865 4040 ,
2901 3968 3148 4043 quando
3174 3967 3380 4026 subdit
3406 3986 3424 4025 :
3467 3971 3543 4025 Et
3572 3972 3697 4027 laus
3734 3985 3870 4027 nea.

2317 4065 2478 4121 Tunc
2507 4063 2667 4121 enim
2692 4064 2844 4121 Deus
2872 4065 2994 4121 laus
3021 4080 3138 4121 mea
3161 4063 3397 4133 dicitur,
3427 4062 3679 4137 quando
3706 4079 3745 4121 a
3768 4078 3874 4121 no—

2317 4159 2412 4216 bis
2433 4174 2545 4234 pro
2571 4158 2749 4217 bonis
2774 4158 3031 4233 acceptis
3054 4158 3352 4217 laudatur.
3385 4158 3546 4217 Dicat
3572 4174 3720 4233 ergo
3736 4158 3874 4216 bea-

2319 4253 2543 4311 tissima
2569 4253 2834 4325 Agatha:
2864 4253 3155 4311 Fortitudo
3181 4269 3319 4325 mea,
3349 4259 3402 4310 et
3441 4254 3563 4311 lctis
3598 4270 3723 4310 meu
3760 4256 3869 4310 Bo-

2318 4350 2518 4403 minus.
2544 4348 2761 4404 Verum
2798 4344 2943 4420 quia
2978 4346 3105 4404 haec
3142 4346 3313 4420 virgo
3356 4350 3560 4405 sancta
3584 4346 3783 4416 sirmi,
3817 4351 3874 4404 at

2319 4440 2522 4512 semel,
2549 4444 2606 4497 et
2630 4456 2867 4516 semper
2893 4443 2953 4498 et
2981 4443 3166 4498 Deum
3194 4439 3584 4498 fortissimum
3606 4440 3671 4497 in
3700 4441 3870 4498 auxi·

2319 4533 2465 4592 lium
2491 4533 2830 4605 invocabat,
2851 4537 2909 4592 et
2924 4538 3222 4592 tormenta
3241 4532 3469 4592 fortiter
3489 4533 3871 4609 hilariterque

2318 4627 2614 4702 portabat,
2646 4632 2705 4685 et
2740 4644 2976 4703 semper
3021 4628 3082 4686 in
3121 4628 3402 4686 omnibus
3436 4628 3656 4701 gratias
3692 4644 3874 4701 agms

2320 4724 2439 4779 Deo
2485 4721 2818 4792 referebat,
2874 4722 3079 4780 omnia
3121 4723 3186 4779 in
3237 4737 3511 4780 sermone
3566 4721 3874 4780 tractanda

2318 4820 2456 4873 sunt
2472 4814 2672 4873 simul.
2700 4818 2797 4873 Est
2823 4814 3001 4888 igitur
3018 4814 3351 4874 notandum
3368 4815 3536 4890 quod
3554 4816 3681 4874 haec
3696 4815 3872 4889 Virgo

2320 4914 2521 4968 sancta
2549 4908 2775 4983 accepit
2799 4924 2837 4967 a
2878 4912 2995 4967 Deo
3022 4909 3454 4982 fortitudinem,
3495 4925 3619 4984 qua
3654 4913 3739 4967 est
3763 4925 3872 4967 usa

2319 5002 2401 5061 ad
2438 5002 2637 5077 plura.
2677 5006 2824 5061 Nam
2865 5002 2975 5060 fuit
3008 5001 3174 5061 fortis
3210 5004 3295 5062 ad
3334 5008 3627 5079 quatuor:
3674 5002 3872 5078 primo

2318 5095 2401 5154 ad
2424 5095 2659 5155 bonum
2682 5095 2827 5154 fidei
2853 5095 3079 5156 Christo
3107 5112 3331 5173 sponso
3355 5096 3754 5170 servandum3
3784 5112 3878 5154 se-

2320 5189 2521 5248 cundo
2547 5189 2629 5248 ad
2666 5205 2844 5249 omne
2883 5190 3210 5266 temporale
3248 5190 3585 5250 subsidium
3610 5194 3878 5251 contem-

2320 5327 2494 5379 exvu,
2525 5319 2601 5367 14.
2630 5342 2693 5354 —
2724 5316 2748 5350 ³
2770 5316 3037 5379 Bernard„
3062 5316 3126 5365 de
3155 5316 3387 5368 convers.
3416 5316 3485 5367 ad
3509 5316 3670 5381 cler„
3696 5332 3743 5367 e.
3778 5329 3877 5381 vu,

2318 5399 2375 5437 n.
2404 5392 2484 5450 ¹2,
2511 5387 2681 5452 quoad
2705 5400 2934 5438 senmm.
