4059 6317
941 434 1323 502 DOMINICA
1363 433 1504 502 vlu
1545 433 1742 501 POST
1783 435 2365 507 PENTECOSTEN.
2412 442 2672 510 SERMO
2717 445 2795 510 n.

261 575 542 641 earnalia
586 574 1043 640 delectamenta
1084 568 1386 654 AEgypti3
1440 570 1576 635 imo
1611 585 1806 653 appo-

259 689 528 752 suerunt
554 683 767 751 adhuc
790 696 1043 765 peccare
1070 680 1131 747 ei
1156 683 1411 763 peccato
1437 678 1804 744 diffidentiae

258 796 324 856 et
348 791 788 875 blasphemiae,
813 788 978 856 male
998 787 1318 870 loquentes
1340 785 1420 852 dc
1448 787 1598 868 Deo,
1627 784 1801 869 quod

257 917 390 964 non
406 902 617 983 posset
632 899 723 964 eis
730 913 967 981 parare
979 912 1262 964 metuam
1279 897 1354 962 in
1372 894 1633 961 deserto.
1655 893 1802 962 Ideo

258 1006 524 1075 audivit
549 1008 857 1074 Dominus
877 1006 1047 1071 hanc
1073 1019 1319 1081 vocem,
1348 1006 1411 1066 et
1437 1000 1756 1084 displicuit
1778 1023 1797 1080 ;

256 1116 366 1180 sed
393 1119 704 1198 tanquam
738 1114 1102 1179 misericors
1137 1110 1427 1190 distulit,
1458 1109 1800 1192 disponens

254 1226 477 1290 omnia
500 1224 803 1304 suaviter,
828 1241 1162 1308 quousque
1189 1238 1350 1286 escae
1370 1224 1581 1285 essent
1603 1221 1677 1286 in
1697 1235 1802 1288 ore

254 1339 493 1411 eorum,
514 1335 590 1398 ut
606 1331 1051 1414 experirentur
1067 1327 1233 1393 nihil
1249 1345 1387 1392 esse
1405 1325 1798 1409 impossibile

253 1440 425 1522 apud
454 1439 687 1517 Deum3
719 1441 784 1503 et
809 1439 1050 1520 postea,
1075 1419 1385 1517 tanquam
1402 1436 1638 1516 J‘ustuS,
1670 1453 1792 1517 pu-

252 1547 418 1613 nivit
446 1564 577 1624 eos,
607 1564 755 1612 cum
790 1546 900 1612 ira
926 1544 1047 1610 Dei
1077 1542 1403 1607 descendit
1434 1559 1633 1623 super
1659 1558 1791 1605 eos.

249 1653 416 1720 Vere
441 1654 676 1736 gulosi,
705 1668 975 1735 quorum
1003 1655 1171 1717 Dens
1197 1655 1416 1717 venter
1439 1655 1531 1716 est
1549 1650 1595 1729 ¹,
1619 1651 1795 1714 tanto

246 1764 495 1846 impetu
519 1762 598 1827 ad
626 1761 840 1826 cibum
867 1760 1214 1825 bestialiter
1239 1757 1555 1836 feruntur,
1587 1760 1663 1821 ut
1691 1760 1791 1821 ni-

246 1870 344 1934 hil
371 1870 653 1952 cogitent
690 1869 769 1933 de
795 1866 946 1944 Deo,
992 1866 1104 1931 sed
1140 1865 1585 1929 tantummodo
1627 1883 1790 1948 quo-

245 1978 442 2042 modo
469 1976 712 2059 possint
735 1975 817 2055 (a)
840 1991 1033 2040 suum
1055 1965 1345 2040 ventr‘em
1369 1971 1576 2036 colere
1598 1975 1663 2037 et
1683 1973 1790 2038 ad·

245 2085 538 2168 implere,
573 2099 840 2167 quorum
866 2083 1075 2167 cloria
1101 2084 1177 2147 in
1211 2082 1588 2162 confusione
1616 2086 1636 2121 ²
1667 2086 1786 2160 est,

245 2195 506 2275 propter
530 2191 812 2256 rancoris
840 2190 1345 2256 subversionem.

325 2297 538 2364 Tertio
563 2299 635 2362 in
657 2298 855 2364 verbo
882 2298 1203 2381 proposito
1228 2299 1486 2362 notatur
1513 2296 1792 2361 satisfac·

241 2406 435 2471 tionis
462 2405 826 2490 postulatiO,
857 2424 1007 2470 cum
1043 2405 1396 2470 subinfert:
1431 2403 1646 2470 Redde
1675 2420 1785 2470 ra·

242 2517 484 2581 tionem
518 2513 948 2581 villicationis
976 2517 1123 2579 tuoe.
1165 2511 1448 2577 Postulat
1485 2511 1790 2576 Dominus

240 2622 756 2702 satisfactionem,
785 2625 862 2686 ut
902 2621 1169 2704 quilibet
1209 2619 1429 2685 reddat
1470 2619 1789 2683 rationem

239 2725 673 2813 principaliter
695 2729 777 2794 de
800 2729 1010 2793 tribus
1033 2751 1048 2792 ε
1075 2729 1308 2811 prime,
1336 2728 1414 2793 de
1435 2726 1788 2792 immundis

240 2838 741 2919 cogitationibus
766 2837 1011 2918 cordis;
1044 2837 1354 2917 secundo,
1383 2838 1463 2901 de
1487 2837 1694 2916 vanis,
1725 2841 1788 2902 et

240 2946 424 3010 duris
465 2947 868 3011 sermonibus
909 2947 1076 3024 oris;
1121 2945 1339 3024 tertio,
1383 2945 1464 3011 de
1503 2945 1689 3010 malis
1723 2952 1786 3010 et

239 3051 462 3133 pravis
488 3052 819 3117 maleficiis
844 3055 1076 3135 operis,

321 3159 539 3225 Primo
567 3160 764 3225 homo
791 3163 1045 3226 tenetur
1069 3160 1329 3226 reddere
1366 3160 1681 3225 rationem
1707 3161 1784 3226 de

238 3266 597 3332 immundis
613 3272 678 3332 et
692 3269 1010 3350 perversis
1027 3267 1520 3350 cogitationibus
1546 3268 1780 3345 cordis;

237 3374 416 3439 unde
441 3381 466 3415 ’
499 3397 517 3440 z
567 3397 598 3437 t(
639 3372 872 3439 Omnes
915 3375 1263 3439 astabimus
1308 3379 1454 3439 ante
1502 3373 1786 3438 tribunal

239 3479 510 3560 Christi3
540 3503 573 3541 ι
606 3485 672 3546 et
708 3481 1043 3564 sequitur:
1087 3505 1118 3543 α
1145 3481 1594 3565 Unusquisque
1633 3500 1782 3546 nos-

240 3592 417 3653 trum
460 3588 678 3654 reddet
718 3590 1030 3654 rationem
1072 3609 1190 3673 pro
1237 3607 1304 3654 se
1353 3590 1498 3655 Deo.
1549 3611 1580 3649 n
1628 3590 1784 3668 Quis

240 3698 417 3761 enim
445 3714 580 3760 non
607 3696 860 3761 timebit
895 3701 1064 3762 stare
1104 3702 1251 3762 ante
1278 3697 1560 3762 tribunal
1596 3697 1784 3763 istius

227 3805 492 3888 judicis,
523 3804 635 3887 qui
661 3808 980 3870 scrutatur
1002 3805 1442 3887 cogitationes,
1474 3804 1784 3888 ponderat

232 3912 604 3979 affectiones
617 3960 635 3992 ,
666 3913 992 3977 examinat
1026 3913 1430 3992 intentiones,
1463 3917 1527 3978 et
1552 3913 1783 3995 quaerit

228 4021 316 4085 de
335 4020 655 4103 perversis
679 4020 1198 4101 cogitationibus,
1226 4019 1580 4084 immundis
1600 4019 1783 4083 affec-

227 4127 544 4207 tionibus,
566 4131 631 4191 et
652 4127 837 4191 malis
859 4127 1322 4192 intentionibus
1343 4126 1681 4208 rationem,
1703 4145 1780 4192 eo

227 4234 410 4318 quod
435 4234 615 4298 nulla
639 4235 852 4318 ipsum
879 4234 1030 4300 latet
1054 4233 1355 4316 cogitatio
1370 4235 1404 4297 ’ἲ
1427 4233 1604 4300 Certe
1626 4238 1780 4299 tunc

224 4345 434 4407 latere
450 4342 574 4407 erit
589 4342 1002 4426 impossibile,
1023 4360 1331 4425 apparere
1354 4342 1775 4407 intolerabile.

227 4450 629 4530 charissimi,
651 4451 707 4514 si
727 4434 1032 4516 nolumus
1053 4450 1279 4514 timere
1302 4453 1470 4515 stare
1495 4454 1641 4516 ante
1663 4452 1778 4515 tri·

225 4559 436 4624 hunal
477 4560 639 4624 tanti
671 4560 929 4643 judicis,
963 4559 1317 4624 habeamus
1348 4578 1458 4625 cor
1483 4565 1776 4625 nostrum

225 4668 556 4734 mundum
582 4672 648 4732 et
671 4686 932 4750 purum,
948 4671 1023 4733 ut
1048 4667 1127 4731 sit
1144 4668 1380 4751 absque
1403 4673 1655 4735 tumore
1673 4687 1777 4733 su-

223 4772 501 4857 perbiae,
518 4771 760 4855 absque
776 4772 979 4837 livore
999 4771 1281 4854 invidiae,
1300 4774 1539 4857 absque
1551 4775 1776 4840 ardore

223 4879 544 4960 avaritiae,
574 4879 814 4962 absque
853 4883 1105 4963 torpore
1143 4881 1401 4960 acediae,
1439 4887 1500 4946 et
1527 4887 1602 4947 ut
1627 4883 1773 4947 bre-

225 4987 384 5052 vius
431 4987 641 5052 dicam
657 5034 678 5067 ,
727 4987 966 5071 absque
1016 4987 1194 5052 omni
1248 4988 1573 5055 voluntate
1624 5008 1771 5073 pec-

225 5093 441 5161 candi.

310 5199 609 5266 Secundo
633 5201 895 5267 reddere
923 5201 1107 5268 debet
1127 5202 1323 5269 homo
1355 5204 1664 5271 rationem
1693 5206 1773 5272 de

296 5365 312 5396 ¹
337 5361 554 5424 Philip„
583 5374 665 5425 ιιι,
693 5366 766 5414 19.
790 5391 853 5402 -
876 5364 897 5399 ⁸
918 5363 1071 5424 Rom„
1093 5377 1199 5428 xiv,
1231 5371 1306 5428 10,
1339 5368 1412 5416 12.
1438 5393 1501 5405 -
1520 5367 1544 5403 ⁸
1573 5367 1775 5428 naith„

231 5446 337 5499 m,
362 5436 529 5488 ³637.
558 5461 618 5474 -
643 5437 665 5471 δ
689 5437 857 5498 Pron„
884 5447 1041 5502 nui,
1073 5440 1152 5492 21.
1170 5465 1231 5478 -·
1258 5439 1281 5475 ⁸
1317 5439 1443 5502 lino,
1473 5443 1529 5490 ut
1556 5439 1773 5505 videtur,

3344 455 3463 515 375

1917 573 2136 639 otiosis
2160 578 2223 640 et
2246 576 2600 645 criminosis
2622 580 2836 646 verbis
2858 581 3015 660 oris;
3040 581 3211 647 unde
3226 582 3289 647 ⁸:
3321 605 3353 645 α
3374 582 3462 650 De

1913 681 2091 745 omni
2113 683 2311 750 verbo
2336 685 2561 765 otiose,
2578 687 2747 770 quod
2767 686 2961 752 locuti
2977 688 3217 753 fuerint
3236 691 3448 756 homi-

1915 805 2051 868 nes,
2081 790 2347 855 reddent
2372 792 2684 858 rationem
2711 795 2840 860 Deo
2857 794 2935 879 (b)
2970 796 3039 860 in
3065 796 3170 862 die
3187 798 3454 879 judicii:

1914 913 1996 960 ex
2022 898 2240 962 verbis
2263 899 2394 964 tuis
2413 901 2881 984 justificaberiS,
2903 906 3068 968 etex
3085 904 3301 969 verbis
3326 906 3458 970 tuis

1913 1006 2460 1072 condemnaberis,
2491 1030 2522 1068 ι)
2559 1008 2721 1074 Illud
2748 1012 2845 1074 est
2872 1012 3147 1077 verbum
3178 1013 3456 1080 otiosum

1911 1112 2265 1178 secundum
2312 1111 2629 1196 Glossam,
2673 1115 2842 1200 qnod
2866 1117 3003 1181 sine
3041 1118 3316 1184 utilitate
3355 1119 3455 1186 lo·

1909 1221 2166 1302 quentis
2192 1222 2442 1304 dicitur,
2475 1228 2587 1288 aut
2612 1224 2926 1289 audientis
2957 1247 2972 1289 ε
3007 1230 3081 1291 ut
3107 1225 3184 1291 de
3210 1226 3454 1292 frivolis

1909 1332 1975 1393 et
2000 1328 2252 1394 fabulis.
2285 1329 2460 1395 Unde
2485 1332 2542 1395 si
2559 1330 2637 1396 de
2664 1333 2863 1396 verbo
2887 1331 3089 1397 otioso
3112 1333 3334 1399 reddet
3355 1353 3453 1399 ra-

1908 1434 2172 1513 tionem,
2193 1441 2431 1520 quanto
2459 1438 2673 1519 magis
2700 1438 2776 1503 de
2805 1439 3018 1504 verbis
3044 1440 3449 1507 criminosis?

1909 1540 2087 1606 Certe
2115 1561 2197 1607 ex
2224 1545 2435 1608 verbis
2461 1546 2647 1611 bonis
2663 1547 2859 1611 homo
2880 1547 3358 1629 justificabitur,
3387 1553 3451 1615 et

1906 1666 1990 1713 ex
2017 1649 2230 1714 verbis
2256 1652 2440 1715 malis
2463 1651 2659 1718 homo
2687 1653 3212 1719 condemnabitur
3245 1677 3260 1720 ε
3293 1657 3449 1740 quia

1913 1780 1943 1817 ιι
1969 1775 2143 1821 mors
2164 1762 2228 1822 et
2251 1758 2381 1824 vita
2408 1757 2478 1822 in
2506 1778 2705 1824 manu
2727 1759 2998 1842 linguae,
3024 1783 3055 1821 υ
3090 1764 3443 1829 secundum

1904 1863 2316 1930 Salomonem
2350 1864 2394 1928 ⁸.
2443 1866 2515 1931 Si
2558 1865 2863 1931 nolumus
2914 1868 3322 1934 condemnari
3363 1891 3446 1937 ex

1903 1972 2119 2038 verbis
2163 1974 2393 2037 nostris
2432 1974 2499 2036 in
2539 1973 2642 2038 die
2675 1973 2903 2056 judicii
2919 2023 2937 2054 ,
2982 1974 3335 2042 habeamus
3375 1980 3446 2043 in

1901 2099 2012 2146 ore
2043 2086 2258 2146 nostro
2285 2081 2482 2146 verba
2506 2081 2736 2162 dulcia,
2764 2099 2896 2146 non
2918 2081 3112 2161 dura3
3144 2083 3441 2164 humilia,

1900 2203 2034 2252 non
2058 2188 2333 2271 superba
2355 2208 2373 2268 ;
2404 2188 2834 2268 aediflcatoria,
2859 2205 2990 2253 non
3015 2189 3357 2256 criminosa
3380 2195 3446 2257 et

1899 2296 2304 2362 detractoria.

1978 2405 2191 2470 Tertio
2237 2404 2421 2470 debet
2464 2404 2660 2471 homo
2701 2405 2965 2471 reddere
3006 2408 3318 2472 rationem
3364 2407 3444 2473 de

1898 2513 2111 2595 pravis
2158 2512 2484 2577 maleficiis
2531 2513 2762 2595 operis.
2809 2512 2989 2578 Unde
3026 2514 3094 2578 in
3137 2514 3445 2599 Symbolo

1894 2619 2281 2685 Athanasius
2316 2621 2337 2657 ⁸
2378 2641 2394 2685 ε
2443 2642 2474 2681 α
2529 2619 2763 2686 Omnes
2819 2639 3160 2702 resurgere
3204 2622 3443 2687 habent

1895 2745 2048 2792 cum
2088 2728 2459 2811 corporibus
2501 2728 2669 2808 suis,
2717 2735 2782 2792 et
2826 2727 3135 2793 reddituri
3183 2732 3333 2793 sunt
3359 2730 3441 2794 de

1893 2835 2072 2900 factis
2105 2836 2380 2920 propriis
2420 2835 2758 2901 rationem.
2788 2858 2821 2896 v
2855 2835 2934 2901 Et
2958 2836 3028 2900 in
3059 2838 3256 2901 verbo
3283 2853 3439 2921 pro-

1891 2943 2137 3027 posito:
2180 2943 2448 3011 Vocavit
2474 2941 2688 3021 illum,
2717 2949 2777 3011 et
2809 2945 2912 3012 ait
2942 2944 3047 3011 illi
3064 2966 3085 3007 .·
3116 2944 3291 3023 Quid
3321 2945 3439 3013 hoc

1893 3049 2095 3118 audio
2138 3050 2217 3117 de
2263 3053 2369 3119 te?
2408 3050 2619 3118 Redde
2657 3052 2969 3118 rationem
3012 3052 3437 3120 villicationis

1893 3166 2044 3226 tuce.
2083 3159 2349 3226 Vocavit
2364 3157 2572 3236 illum,
2603 3158 2858 3242 quando
2883 3160 3180 3226 timorem
3208 3160 3438 3227 incutit

1891 3274 2150 3333 aeternae
2202 3267 2655 3346 damnationiS,
2722 3269 3076 3334 secundum
3122 3269 3431 3336 Glossam.

1890 3376 1986 3443 Ec
2015 3379 2114 3442 ait
2156 3375 2284 3452 illi,
2328 3377 2597 3440 dictante
2638 3375 3066 3440 conscientia:
3111 3376 3283 3450 Quid
3323 3376 3439 3444 hoc

1890 3483 2091 3550 audio
2137 3483 2215 3551 de
2256 3486 2314 3550 ie
2333 3485 2368 3548 Ρ
2410 3482 2605 3550 redde
2653 3485 2964 3551 rationem
3008 3483 3439 3554 villicationis

1890 3600 2016 3659 iuae
2062 3610 2085 3656 .·
2128 3592 2195 3655 id
2235 3594 2364 3671 est,
2409 3590 2762 3656 secundum
2815 3590 3098 3656 Glossam
3117 3641 3135 3671 ,
3180 3593 3445 3674 cogita,-

1888 3698 2046 3764 dum
2074 3699 2274 3776 vivis,
2306 3698 2581 3781 qualiter
2601 3699 2830 3764 debeas
2861 3700 3110 3783 operari
3128 3747 3146 3779 ,
3179 3705 3254 3765 ut
3281 3719 3431 3766 eva-

1887 3807 1999 3871 das
2029 3823 2250 3888 poenas
2276 3809 2570 3871 aeternas.
2593 3806 2740 3871 Ideo
2766 3807 2938 3872 enim
2956 3810 3242 3890 tempore
3262 3827 3431 3873 mor-

1887 3914 1972 3978 tis
1999 3932 2130 3978 non
2154 3912 2390 3997 poteris
2415 3913 2717 3994 villicare,
2739 3914 2804 3979 id
2824 3917 2939 3993 est,
2963 3915 3212 3997 operari
3232 3916 3313 3981 ad
3333 3933 3429 3981 sa-

1885 4020 2349 4086 tisfaciendum.
2382 4018 2732 4102 Rogemus,
2763 4026 2884 4088 etc.

2421 4196 2711 4268 SERMO
2756 4198 2819 4267 11
2846 4202 2893 4268 ⁶.

1965 4341 2182 4411 Redde
2206 4344 2519 4410 rationem
2560 4341 2986 4410 villicationis
3013 4348 3142 4411 τηαν
3167 4344 3213 4408 ⁷.
3246 4343 3429 4410 Villi-

1885 4471 1996 4517 cus
2035 4451 2285 4516 Domini
2313 4454 2408 4514 est
2447 4450 2656 4515 omnis
2697 4450 2892 4515 homo
2904 4498 2926 4531 ,
2970 4452 3074 4515 cui
3100 4451 3269 4516 bona
3308 4471 3427 4518 sua

1882 4559 2221 4640 naturalia,
2251 4558 2354 4625 vel
2383 4557 2783 4637 temporalia,
2814 4558 3133 4623 commisit
3167 4558 3423 4643 dispen-

1884 4684 2047 4742 sare,
2096 4666 2175 4731 de
2214 4667 2449 4749 quibus
2487 4668 2732 4748 oportet
2759 4663 2886 4730 Deo
2926 4667 3238 4730 rationem
3277 4666 3423 4732 red-

1882 4775 2056 4839 dere.
2087 4771 2426 4837 Reddenda
2451 4776 2545 4836 est
2571 4776 2785 4835 autem
2821 4771 2900 4836 de
2925 4772 3164 4852 tribus,
3198 4773 3422 4838 videli-

1883 4884 2016 4958 cet,
2072 4879 2151 4944 de
2206 4878 2527 4944 malorum
2576 4879 3056 4959 commissione,
3104 4880 3421 4944 bonorum

1882 4987 2246 5067 omissione,
2275 4986 2354 5051 de
2388 4985 2789 5050 subditorum
2832 4987 3299 5053 commissione.
3334 4988 3422 5053 De

1880 5097 2091 5180 primo
2118 5095 2142 5131 ⁸
2173 5115 2188 5158 ε
2228 5114 2260 5155 α
2286 5092 2374 5157 De
2398 5093 2577 5156 omni
2619 5093 2818 5159 verbo
2844 5093 3049 5158 otioso
3065 5141 3088 5174 ,
3127 5095 3301 5178 quod
3323 5097 3418 5163 lo·

1883 5213 2031 5278 vigil.
2077 5213 2226 5275 Taps.
2262 5235 2325 5247 —
2364 5211 2385 5241 ⁸
2424 5211 2571 5260 Hunc
2606 5217 2659 5259 et
2701 5223 2809 5275 seq.
2855 5223 3015 5275 usque
3051 5211 3115 5262 ad
3152 5213 3305 5264 Dom.
3342 5225 3419 5279 11,

1882 5298 2038 5336 serm.
2068 5295 2121 5333 iv
2147 5280 2424 5346 exclusive,
2450 5280 2604 5332 habet
2620 5294 2825 5347 quoque
2844 5281 2965 5333 edit.
2987 5281 3147 5335 Paris.
3167 5296 3252 5334 an.
3268 5287 3417 5337 1⁵2¹.

1882 5383 1943 5396 —-
1966 5358 1990 5393 ⁷
2022 5356 2159 5414 Luc..
2193 5365 2308 5416 xvi,
2341 5355 2389 5403 2.
2416 5378 2479 5390 —
2510 5353 2531 5382 ⁸
2559 5352 2762 5413 naith„
2792 5364 2897 5415 χιι,
2932 5355 3013 5404 36.

1941 5437 2014 5502 (a)
2046 5437 2169 5487 Coet.
2196 5432 2319 5484 edit.
2347 5435 2574 5499 possent.
2608 5457 2669 5473 --
2694 5431 2765 5499 (b)
2802 5433 2946 5501 ναις.
2973 5433 3039 5486 de
3066 5447 3152 5489 eo.
