4059 6317
730 423 856 491 43⁴

725 560 1189 627 cumdederunt
1229 577 1335 628 me
1374 564 1653 645 gemitus
1679 566 1903 629 mortis
1921 613 1939 642 ‚
1959 587 1990 624 a
2029 562 2264 627 scilicet

724 665 931 751 culpae
957 671 1263 752 mortalis,
1304 695 1336 734 α
1361 676 1423 737 et
1448 671 1726 755 pericula
1749 673 1980 737 inferni
1999 673 2263 735 invene-

721 783 875 842 runt
905 795 1027 858 me,
1064 801 1097 838 n
1129 779 1362 845 scilicet
1386 798 1593 863 poenae
1635 779 2031 861 gehennalis.
2072 800 2104 838 α
2130 775 2264 840 Tri-

720 882 1114 949 bulationem
1137 890 1202 950 et
1232 886 1513 952 dolorem
1542 888 1783 967 inveni,
1813 909 1844 947 n
1878 885 2110 951 scilicet
2138 882 2263 946 mi·

721 991 906 1056 seriae
926 1039 943 1069 ‚
974 992 1079 1059 vel
1106 995 1471 1077 temporalis
1498 994 1916 1059 adversitatis.
1948 993 2068 1057 Sed
2094 1009 2254 1073 quo-

719 1100 934 1180 mod0,
969 1119 1010 1166 o
1033 1101 1256 1183 David,
1287 1104 1589 1169 evasisti?
1614 1126 1646 1164 α
1667 1102 2055 1167 Humiliatus
2082 1116 2251 1178 sum,

718 1212 783 1272 et
809 1209 1110 1275 liberavit
1131 1229 1256 1277 me.
1287 1234 1318 1272 n

795 1315 884 1380 De
910 1318 1190 1382 secundo
1221 1320 1240 1355 ¹
1276 1338 1294 1383 ε
1348 1342 1380 1380 α
1405 1319 1652 1396 Quanto
1678 1336 1954 1400 magnus
1994 1335 2093 1396 es,
2140 1317 2261 1380 hu·

715 1422 895 1488 milia
919 1429 984 1489 te
1012 1424 1082 1488 in
1105 1425 1402 1490 omnibus
1421 1475 1440 1504 ,
1487 1430 1552 1491 et
1585 1444 1802 1491 coram
1849 1424 2117 1490 Domino
2159 1424 2261 1487 in-

714 1531 934 1596 venies
981 1531 1282 1614 gratiam.
1328 1554 1359 1593 n
1408 1531 1577 1598 Bene
1624 1533 1912 1598 dicitur:
1961 1532 2257 1600 invenies

711 1639 990 1719 qratiam
1005 1656 1034 1719 ;
1060 1639 1214 1722 quia
1252 1640 1459 1720 gratia
1497 1639 1859 1703 humilitate
1897 1639 2251 1717 invenitur,

711 1759 859 1826 quae
876 1746 1161 1810 oratione
1187 1746 1524 1829 quaeritur.
1553 1748 1578 1782 ³
1607 1770 1638 1809 α
1668 1744 1883 1811 Oratio
1915 1745 2259 1811 humilian-

711 1851 794 1914 tis
818 1870 886 1916 se
925 1851 1130 1917 nubes
1170 1857 1478 1936 penetrat.
1513 1876 1544 1913 »
1578 1853 1911 1918 Psalmista
1938 1857 1963 1894 ⁸
1990 1871 2008 1918 z
2048 1876 2079 1913 α
2104 1853 2255 1916 Res-

713 1959 893 2040 pexit
919 1960 985 2023 in
1021 1961 1376 2026 orationem
1415 1961 1795 2042 humilium,
1839 1983 1870 2020 n
1905 1965 2025 2026 etc.
2074 1961 2256 2025 Sicut

713 2070 928 2130 autem
959 2068 1167 2149 gratia
1204 2068 1566 2135 humilitate
1608 2069 1933 2133 invenitur
1953 2116 1974 2147 ,
2003 2069 2097 2132 sic
2124 2068 2251 2131 hu-

712 2174 978 2239 militate
1009 2176 1385 2241 custoditur.
1417 2175 1764 2258 Gregorius
1788 2175 1813 2210 ⁴
1845 2195 1861 2238 :
1901 2197 1932 2235 «ι
1967 2175 2087 2251 Qui
2116 2177 2255 2240 sine

681 2278 1068 2366 <humilitate
1092 2282 1363 2346 virtutes
1390 2286 1745 2364 congregat
1765 2331 1784 2361 ‚
1818 2282 2001 2367 quasi
2028 2282 2142 2365 qui
2184 2283 2254 2346 in

708 2393 979 2452 ventum
1006 2389 1258 2471 plumas
1293 2394 1521 2472 portat.
1545 2411 1576 2449 ι)

788 2494 876 2559 De
918 2496 1104 2560 terlio
1150 2495 1382 2560 dicitur
1435 2498 1543 2560 hic
1588 2515 1607 2560 z
1643 2497 1774 2578 Qui
1816 2513 1881 2565 se
1921 2497 2247 2576 humiliat,

707 2599 1120 2669 multabitur.
1151 2601 1228 2667 Et
1259 2599 1281 2639 ⁸
1316 2624 1332 2667 ε
1369 2627 1402 2664 α
1425 2602 1751 2669 Humilem
1786 2604 2017 2688 spiritu
2049 2605 2251 2669 susci-

705 2707 837 2792 piet
860 2708 1088 2791 gloria.
1119 2730 1146 2770 ο
1179 2707 1535 2792 RogemuS,
1569 2718 1687 2777 etc.

1225 2887 1514 2958 SERMO
1558 2889 1654 2960 lv
1680 2898 1726 2958 ⁸.

787 3030 932 3110 Ipse
959 3044 1103 3096 vero
1138 3032 1608 3113 apprehensum
1644 3033 1908 3099 sanavit
1959 3048 2125 3111 eum,
2173 3048 2248 3099 ac

707 3135 965 3203 dimisit
987 3138 1032 3200 '¹.
1067 3135 1265 3217 Quia,
1300 3138 1765 3220 pharisaeorum
1792 3138 2038 3221 judicio
2066 3143 2130 3202 et
2153 3158 2248 3203 re-

704 3244 1052 3326 putatione,
1083 3242 1198 3308 bos
1224 3245 1329 3309 vel
1353 3245 1578 3309 asinus
1597 3293 1618 3324 ,
1649 3261 1844 3310 ruens
1869 3246 1937 3308 in
1963 3245 2240 3326 foveam,

702 3352 952 3415 extrahi
978 3355 1224 3435 poterat
1253 3352 1356 3417 die
1383 3352 1630 3416 sabbati
1657 3353 1796 3417 sine
1835 3353 2001 3434 legis
2041 3356 2246 3417 trans·

704 3457 1028 3538 gressione
1052 3477 1069 3538 3
1101 3458 1249 3523 hinc
1276 3465 1371 3524 est
1398 3461 1572 3542 quod
1590 3460 1902 3524 Dominus
1926 3465 2141 3525 noster
2168 3462 2237 3524 in

700 3564 1010 3630 hodierno
1029 3566 1365 3648 evangelio
1381 3616 1400 3645 ,
1431 3567 1753 3649 persimile
1779 3568 2120 3632 efficaciter
2147 3586 2244 3632 ar-

700 3689 909 3754 guens
945 3690 985 3737 a
1009 3673 1284 3755 minori,
1335 3675 1608 3739 ostendit
1651 3691 1719 3739 se
1761 3674 1963 3739 multo
2012 3675 2243 3739 fortius

700 3797 833 3845 non
873 3779 1122 3848 solvere
1147 3781 1486 3845 sabbatum
1520 3781 1590 3846 in
1627 3781 1921 3863 languidi
1960 3782 2244 3848 hominis

699 3890 1050 3969 curatione,
1082 3907 1229 3953 cum
1252 3889 1423 3953 salus
1447 3889 1730 3953 hominis
1753 3891 2146 3973 praeferenda
2161 3893 2243 3956 sit

700 3996 890 4060 saluti
921 3996 1104 4062 bovis
1131 4000 1195 4059 et
1213 3995 1398 4060 asini.
1421 3993 1619 4076 Unde,
1641 3996 1720 4060 ad
1741 3997 2239 4062 confutationem

698 4102 1119 4183 malignitatis
1146 4108 1211 4167 et
1233 4103 1509 4167 susurrii
1535 4102 1928 4182 ludaeorum,
1950 4104 2076 4168 tria
2089 4106 2238 4170 dan·

696 4214 806 4274 tur
828 4210 1013 4275 nobis
1038 4209 1314 4292 intelligi
1349 4211 1428 4274 de
1467 4211 1606 4293 ipso
1648 4210 1850 4275 verbo
1887 4213 2233 4294 proposito.

700 4316 779 4381 Et
806 4318 1090 4401 primum
1117 4322 1211 4381 est
1234 4316 1564 4381 humilitas
1581 4317 1652 4380 in
1664 4319 2009 4399 tangendo,
2042 4322 2109 4382 et
2132 4337 2242 4402 ap-

699 4424 1150 4509 prehendendo
1194 4423 1566 4502 infirmum;
1597 4424 1953 4489 secundum
1981 4430 2079 4489 est
2106 4428 2240 4490 vir-

697 4534 965 4598 tuositas
992 4533 1059 4594 in
1095 4529 1376 4595 curando
1413 4532 1554 4611 ejus
1590 4530 1935 4610 morbum;
1976 4532 2236 4597 tertium

697 4643 793 4705 est
816 4637 1157 4704 liberalitas
1180 4638 1249 4700 in
1267 4637 1531 4702 dicendo
1552 4654 1703 4702 eum
1721 4637 1899 4702 abire
1913 4637 2191 4705 liberum
2215 4663 2231 4704 ε

694 4752 769 4812 ut
796 4748 887 4810 sic
911 4764 1026 4828 per
1062 4744 1491 4808 humilitatem
1536 4744 1817 4808 confutet
1859 4743 1893 4809 J
1900 4745 2234 4812 udaeorum

693 4854 1062 4937 superbiam
1084 4873 1100 4930 3
1129 4868 1242 4934 per
1263 4850 1590 4929 virtutem,
1623 4867 1851 4916 eorum
1877 4852 2183 4918 desidiam
2207 4878 2227 4934 ;

689 4981 803 5046 per
851 4959 1290 5026 liberalitatem
1316 5006 1335 5037 ,
1387 4976 1611 5022 eorum
1666 4959 2000 5041 perfidiam
2030 4983 2047 5026 :
2080 4980 2229 5028 cum

686 5070 809 5155 ipsi
835 5088 969 5134 non
996 5068 1419 5150 dignarentur
1446 5083 1597 5130 eum
1623 5069 1894 5149 tangere
1911 5113 1930 5146 ,
1960 5085 2077 5132 nec
2108 5087 2225 5150 po-

745 5271 765 5305 ¹
793 5266 971 5330 Eecli„
997 5277 1079 5329 ιιι,
1112 5266 1191 5316 2ο.
1223 5289 1277 5301 -
1306 5264 1327 5295 ²
1347 5263 1528 5328 Βαὰλ,
1561 5273 1723 5326 xxxv,
1751 5265 1833 5313 21.
1855 5287 1918 5301 -
1943 5262 1963 5295 ³
1983 5263 2124 5314 Peal.
2154 5277 2224 5330 ct,

684 5343 765 5393 18.
796 5366 857 5378 -
885 5340 904 5371 ⁴
931 5340 1106 5402 Greg„
1133 5339 1187 5387 in
1216 5337 1430 5402 Evanq„
1459 5336 1604 5387 hom.
1635 5348 1727 5399 vn,
1756 5349 1811 5385 n.
1844 5339 1894 5386 4.
1925 5362 1982 5372 —
2009 5336 2033 5371 ⁸
2056 5338 2222 5403 Pron„

682 5423 839 5474 xxix,
866 5413 945 5461 23.
972 5435 1035 5447 —-
1066 5409 1086 5439 ⁸
1114 5409 1261 5459 Hunc
1286 5422 1396 5459 non
1419 5408 1577 5459 habet
1612 5408 1734 5457 edit.
1766 5406 1927 5459 Paris.
1955 5421 2043 5460 an.
2080 5410 2218 5459 1521.

1824 424 2241 496 saauouss
2285 421 2385 510 nu
2425 419 2821 491 TEMPORE.

2376 563 2584 625 terant
2607 577 2836 653 curare
2856 608 2876 641 ,
2906 577 3025 624 nec
3050 558 3289 626 vellent
3331 559 3621 626 liberare.
3653 560 3737 627 Et
3758 562 3914 645 quia

2373 685 2490 749 per
2515 667 2637 731 ista
2666 668 2828 732 facta
2849 715 2870 747 ,
2904 685 3051 750 quae
3083 668 3282 749 gessit
3308 666 3590 733 Christus
3630 671 3914 734 exterius

2370 773 2437 836 in
2460 791 2745 856 corpore,
2776 775 3082 839 docemur
3116 794 3194 840 ea
3220 776 3360 840 fleri
3407 776 3677 842 interius
3721 776 3907 859 spiri·

2371 881 2625 944 tualiter
2650 882 2719 945 in
2746 882 2998 960 anima;
3030 882 3173 946 ideo
3198 900 3311 965 per
3338 883 3655 947 humilem
3680 902 3903 966 appre-

2369 986 2746 1051 hensionem
2771 987 3066 1069 signatur
3089 988 3317 1070 gratiae
3336 989 3568 1054 infusio
3588 1012 3607 1068 3
3639 1008 3755 1072 per
3780 992 3909 1054 effi-

2370 1112 2581 1160 cacem
2604 1095 3024 1176 curationem,
3055 1097 3258 1181 culpae
3276 1098 3556 1182 expiatio
3575 1118 3595 1176 3
3625 1117 3743 1181 per
3762 1099 3911 1164 libe-

2367 1202 2568 1267 ralem
2595 1203 3027 1268 dimissionem
3050 1251 3069 1283 ,
3100 1221 3307 1287 poenae
3344 1204 3679 1270 relaxatio.
3711 1204 3906 1286 Unde,

2368 1308 2437 1372 in
2481 1311 2678 1375 verbo
2718 1311 3074 1394 proposito,
3125 1311 3334 1393 primo
3364 1312 3787 1394 spiritualiter
3812 1314 3909 1378 in-

2366 1415 2631 1481 firmum
2660 1416 3074 1500 apprehendit
3102 1437 3216 1501 per
3240 1419 3468 1500 gratiae
3522 1420 3911 1486 infusionem

2367 1524 2438 1588 in
2465 1527 2922 1606 incamatione‚
2953 1530 3108 1611 quia
3135 1547 3469 1612 nunquam
3505 1530 3783 1611 angelos
3802 1549 3909 1614 ap-

2365 1633 2734 1716 prehendit,
2797 1635 2906 1700 sed
2958 1633 3125 1700 filios
3176 1634 3457 1701 Abrahae
3475 1683 3497 1715 ,
3556 1638 3907 1702 secundum

2364 1741 2533 1822 quod
2556 1741 2791 1806 dicitur
2818 1743 2881 1822 8;
2910 1743 3188 1808 secundo
3213 1746 3357 1825 ejus
3384 1744 3696 1809 morbum
3722 1763 3904 1809 sana-

2366 1848 2461 1911 vit
2488 1866 2602 1932 per
2628 1848 2837 1933 culpae
2863 1850 3291 1933 expiationem
3319 1851 3386 1914 in
3414 1851 3757 1935 passione3
3787 1857 3905 1917 ter-

2363 1957 2453 2021 tio
2481 1957 2718 2021 dimisit
2746 1959 2923 2023 abire
2965 1959 3246 2024 liberum
3273 1978 3387 2042 per
3413 1978 3623 2043 poenae
3651 1960 3909 2027 relaxa-

2361 2063 2600 2128 tionem
2651 2065 2719 2128 in
2760 2066 2961 2129 sancti
2995 2065 3270 2148 Spiritus
3313 2066 3621 2132 missione
3643 2115 3663 2147 ‚
3714 2072 3865 2152 quia
3883 2076 3904 2110 ⁹

2365 2191 2398 2231 α
2430 2170 2540 2236 ubi
2587 2170 2860 2254 Spiritus
2906 2172 3190 2251 Domini,
3237 2173 3327 2238 ibi
3366 2174 3654 2240 libertas.
3704 2196 3735 2235 ι
3764 2173 3903 2241 Non

2362 2278 2532 2342 enim
2555 2281 2863 2362 tanquam
2893 2298 3132 2346 avarus
3162 2280 3368 2347 voluit
3403 2282 3484 2346 ab
3523 2300 3604 2347 eo
3646 2284 3904 2364 exigere

2361 2385 2639 2468 pretium
2662 2435 2680 2466 ,
2713 2387 3067 2470 redigendo
3094 2388 3162 2452 in
3188 2388 3566 2453 servitutem
3592 2388 3762 2471 legis
3790 2409 3901 2455 ve-

2360 2493 2513 2557 teris
2559 2492 2943 2559 Testamenti
2996 2498 3256 2577 propter
3305 2494 3607 2559 collatum
3662 2497 3895 2561 benefi-

2359 2598 2533 2664 cium
2554 2621 2571 2678 ;
2593 2600 2703 2665 sed
2720 2606 3024 2684 tanquam
3050 2601 3329 2666 liberalis
3356 2607 3419 2666 et
3456 2601 3707 2685 largus,
3741 2610 3815 2670 ut
3833 2623 3899 2669 se

2358 2707 2696 2771 transferat
2721 2707 2801 2772 ad
2828 2707 3187 2773 libertatem
3228 2707 3593 2792 Evangelii,
3621 2710 3893 2776 dicitur:

2357 2814 2451 2877 sic
2474 2831 2623 2878 eum
2654 2815 2804 2880 fecit
2828 2815 3002 2880 abire
3027 2814 3328 2880 liberum.
3357 2814 3436 2879 Et
3462 2822 3722 2900 propter
3752 2818 3891 2898 hoe,

2358 2940 2505 2987 cum
2532 2921 2692 2987 illud
2717 2928 2882 2988 esset
2908 2940 3070 3006 opus
3097 2923 3549 2988 misericordiae
3577 2929 3644 2988 et
3668 2923 3896 2990 libera-

2354 3032 2546 3096 litatis
2569 3081 2586 3112 ,
2615 3051 2730 3116 per
2756 3034 2914 3100 illud
2958 3033 3295 3098 sabbatum
3336 3049 3469 3098 non
3508 3033 3897 3115 solvebatur,

2355 3139 2465 3204 sed
2490 3141 2940 3206 tantummodo
2967 3159 3083 3223 per
3112 3158 3274 3224 opus
3308 3141 3599 3206 avaritiae
3624 3144 3896 3208 servitu-

2354 3248 2459 3326 tis,
2490 3248 2663 3330 quod
2710 3248 2781 3312 in
2820 3265 2898 3313 eo
2936 3249 3077 3312 fleri
3121 3247 3582 3331 prohibebatur
3602 3296 3622 3328 ,
3670 3268 3891 3315 secun—

2351 3352 2511 3417 dum
2537 3354 2710 3436 quod
2734 3354 2967 3419 dicitur
2995 3355 3084 3419 ¹⁰:
3126 3377 3157 3416 ι
3182 3353 3260 3419 Et
3297 3373 3463 3437 opus
3495 3356 3731 3421 servile
3767 3375 3893 3422 non

2350 3461 2591 3526 facietis
2614 3462 2682 3525 in
2710 3479 2809 3528 eo.
2836 3484 2867 3523 s

2430 3566 2647 3633 Primo
2686 3569 2889 3650 igitur
2927 3569 2998 3633 in
3031 3569 3232 3634 verbo
3268 3573 3597 3653 proposito
3636 3578 3897 3641 notatur

2350 3674 2696 3740 Salvatoris
2734 3675 3068 3742 humilitas
3107 3675 3177 3740 in
3217 3678 3757 3761 apprehendendo
3794 3684 3892 3748 in-

2331 3783 2615 3847 firmum
2663 3802 2778 3865 per
2823 3784 3051 3864 gratiae
3094 3783 3479 3851 infusionem
3504 3786 3575 3850 in
3604 3787 3898 3855 incarna-

2347 3891 2547 3969 tione,
2581 3907 2732 3955 cum
2777 3889 2928 3954 dicit
2959 3913 2973 3954 :
3012 3890 3147 3973 Ipse
3195 3907 3343 3958 vcro
3398 3894 3891 3977 apprehensum.

2347 3998 2786 4081 Apprehendit
2820 4002 3036 4063 autem
3074 3998 3410 4065 infirmum
3454 4000 3890 4084 spiritualiter,

2345 4103 2738 4170 infundendo
2772 4123 2956 4169 suam
2986 4105 3264 4185 gratiam
3290 4105 3644 4189 tripliciter.
3673 4108 3892 4176 Primo

2344 4227 2459 4292 per
2472 4211 2967 4276 amaritudinem
2988 4212 3380 4294 poenitentiae
3398 4213 3466 4278 in
3475 4214 3891 4284 detestatione

2342 4321 2581 4402 peccati
2605 4342 2622 4401 3
2653 4320 2823 4386 unde
2850 4322 2892 4356 ¹²
2921 4338 2939 4384 ε
2973 4342 3006 4382 α
3030 4320 3436 4403 Apprehendi
3462 4340 3732 4389 manum
3779 4343 3887 4390 eo—

2343 4447 2518 4508 rum,
2548 4450 2579 4489 n
2606 4428 2668 4493 id
2691 4432 2807 4508 ent,
2840 4445 3036 4511 opera
3059 4427 3510 4510 praeveniendo
3534 4447 3655 4512 per
3680 4431 3881 4497 inter-

2341 4554 2495 4600 nam
2518 4534 3062 4617 inspirationem«
3084 4542 3157 4600 ut
3184 4535 3521 4601 educerem
3547 4555 3679 4614 eos,
3703 4561 3736 4599 n
3771 4540 3882 4605 ad-

2333 4643 2623 4725 juvando
2690 4661 2803 4724 per
2866 4642 3019 4707 boni
3069 4644 3280 4726 operis
3330 4646 3877 4727 persecutionem,

2347 4774 2379 4812 α
2402 4752 2481 4816 de
2510 4756 2675 4815 terra
2698 4749 2995 4833 AEgypti,
3016 4772 3048 4811 n
3084 4751 3145 4814 id
3178 4754 3293 4829 est,
3323 4750 3402 4814 de
3418 4755 3589 4816 statu
3610 4755 3872 4836 peccati.

2336 4857 2658 4940 AEgyptus
2684 4858 2860 4921 enim
2886 4856 3141 4924 tenebra
3182 4857 3639 4940 interpretatur
3654 4908 3675 4939 ,
3702 4865 3769 4924 et
3788 4861 3874 4925 si-

2335 4967 2598 5047 gnificat
2636 4970 3008 5047 peccatum:
3039 4965 3286 5029 ratione
3328 4967 3516 5047 cujus
3551 4967 3642 5030 ita
3679 4969 3873 5033 homo

2333 5071 2810 5150 obtenebratur,
2832 5076 3058 5135 utnon
3088 5072 3304 5136 videat
3348 5071 3504 5155 quid
3541 5090 3736 5156 agere
3762 5074 3871 5140 de-

2331 5178 2499 5256 beat,
2527 5195 2678 5243 cum
2706 5196 2839 5242 non
2886 5177 3081 5261 possit
3121 5177 3316 5261 dirigi
3353 5178 3422 5242 in
3443 5178 3691 5245 bonum
3734 5182 3869 5247 sine

2330 5340 2434 5376 -ἵ
2460 5341 2598 5401 Luc„
2625 5351 2732 5406 xlv,
2762 5342 2810 5389 4.
2844 5365 2907 5377 —
2933 5341 2952 5370 ⁸
2982 5338 3156 5405 flebr„
3194 5352 3266 5403 n,
3299 5341 3376 5392 16.
3401 5366 3462 5377 -
3489 5341 3509 5371 ⁰
3534 5341 3579 5391 ΙΙ
3609 5342 3749 5405 Cor„
3784 5354 3861 5407 ιιι,

2334 5413 2409 5459 17.
2438 5435 2499 5449 -
2526 5411 2571 5447 ¹⁰
2596 5409 2777 5472 Est-od„
2807 5421 2962 5476 mn,
2991 5413 3037 5460 Ἰ.
3068 5437 3127 5449 -
3158 5413 3194 5448 ¹¹
3223 5413 3423 5475 lev-em,
3454 5422 3600 5477 xxxi,
3627 5416 3708 5464 32.
