4059 6317
682 524 805 587 234

681 657 933 723 minum
959 675 979 722 ε
1007 657 1301 740 quodest
1323 674 1582 723 summa
1617 654 1942 741 perversio
1968 659 2035 719 et
2059 653 2221 720 abu-

682 765 799 830 sio.
850 762 1028 829 Unde
1067 764 1262 845 Hugo
1304 764 1383 848 (a)
1402 813 1442 844 ,,
1466 764 1546 832 dc
1585 764 1779 839 libero
1822 762 2111 830 Arbitrio
2136 762 2156 799 ¹
2201 783 2218 827 :

684 895 716 935 «ι
743 871 854 937 Vae
896 871 1022 936 illis
1072 871 1186 954 qui
1224 871 1705 955 dereliquerunt
1742 874 1806 935 te
1833 871 2063 936 ducem
2085 918 2104 950 ,
2159 870 2225 932 et

681 980 982 1044 aberrant
1026 978 1099 1042 in
1139 980 1431 1061 vestigiis
1471 979 1645 1057 tuis;
1699 978 1812 1061 qui
1837 981 2039 1041 nutus
2077 980 2224 1040 tuos

682 1093 943 1171 propter
957 1104 1026 1151 se
1049 1086 1124 1169 (b)
1142 1089 1381 1166 amant,
1400 1089 1464 1151 et
1480 1085 1945 1150 obliviscuntur
1954 1084 2128 1168 quod
2148 1083 2222 1165 (c)

685 1195 958 1260 innuant
983 1192 1100 1277 (d).
1132 1215 1163 1254 ι»
1199 1191 1494 1258 Secundo
1539 1191 1844 1256 viderunt
1877 1190 2224 1256 Dominum

680 1300 897 1366 Jesum
941 1301 1261 1366 Christum
1303 1301 1787 1382 Redemptorem
1828 1297 2125 1363 omnium
2151 1297 2220 1361 in

680 1414 913 1475 natura
938 1412 1296 1492 assumpta,
1326 1412 1773 1490 resurgentem
1798 1425 1951 1472 cum
1978 1405 2223 1471 cicatri-

682 1519 883 1584 cibus.
925 1517 1006 1584 Et
1048 1517 1128 1582 de
1163 1517 1283 1582 hoc
1310 1516 1542 1582 dicitur
1567 1518 1591 1553 ¹
1622 1537 1637 1579 ι
1679 1538 1712 1577 α
1736 1514 1956 1580 Videte
1989 1531 2223 1579 manus

680 1644 857 1690 meas
875 1672 894 1703 ‚
924 1626 1077 1709 quia
1100 1643 1226 1707 ego
1252 1625 1388 1708 ipse
1415 1642 1581 1688 sum.
1610 1645 1642 1684 s
1670 1623 1979 1688 Dominus
2006 1623 2224 1686 noster

679 1733 863 1800 Jesus
889 1734 970 1799 ad
994 1734 1116 1799 hoc
1140 1733 1346 1799 voluit
1369 1732 1588 1798 divina
1626 1730 2090 1814 dispensatione
2128 1729 2218 1793 ci-

682 1842 941 1906 catrices
961 1890 981 1921 ,
1010 1858 1172 1924 quas
1196 1841 1269 1903 in
1296 1840 1585 1922 passione
1634 1839 1904 1921 recepit,
1947 1837 2223 1901 retinere

680 1954 824 2033 post
865 1947 1397 2031 glorificationem
1440 1948 1513 2011 in
1540 1963 1659 2011 suo
1697 1962 1992 2028 corpore,
2014 1948 2079 2008 et
2103 1944 2225 2008 dis-

680 2057 908 2142 cipulis
951 2057 1386 2124 demonstrare
1407 2106 1425 2135 ,
1477 2057 1552 2119 ut
1578 2054 1875 2138 probaret
1924 2053 2222 2118 identita-

679 2172 812 2231 tem
843 2165 945 2230 sui
986 2164 1270 2247 corporis
1307 2163 1602 2247 patientis
1623 2210 1642 2242 ,
1685 2165 1751 2226 et
1794 2160 2216 2242 resurgentis.

680 2271 846 2338 Nam
882 2271 938 2336 si
981 2271 1152 2337 idem
1179 2274 1472 2336 servatur
1498 2270 1790 2335 accidens
1811 2317 1830 2349 ,
1878 2269 2015 2334 sive
2054 2269 2220 2333 cica-

679 2381 867 2447 trices
887 2428 905 2461 ‚
955 2398 1208 2445 necesse
1248 2384 1346 2445 est
1389 2379 1558 2444 idem
1587 2396 1725 2451 esse
1764 2395 1995 2460 corpus
2017 2423 2036 2456 ,
2085 2377 2222 2444 sive

680 2487 1061 2569 subjectum.
1113 2485 1503 2569 Impossibile
1554 2488 1651 2550 est
1703 2485 1877 2550 enim
1932 2484 2222 2549 accidens

678 2601 932 2684 mutare
957 2597 1396 2662 substantiam.
1427 2595 1507 2661 Et
1551 2599 1808 2679 propter
1839 2595 1963 2659 hoc
1998 2594 2215 2659 Domi-

678 2725 800 2772 nus
828 2706 1038 2790 primo
1060 2704 1460 2787 proponebat
1478 2704 1560 2768 ad
1578 2703 1932 2769 videndum
1959 2720 2216 2781 manus,

679 2814 746 2878 in
774 2813 1011 2897 quibus
1036 2815 1306 2877 servatae
1333 2815 1518 2876 erant
1543 2810 1862 2875 cicatrices
1879 2858 1899 2889 ,
1942 2828 2092 2874 cum
2120 2808 2219 2874 di-

677 2923 897 2987 cebat:
941 2919 1167 2987 Videte
1197 2935 1431 2985 manus
1459 2934 1655 2985 meas,
1687 2919 1921 2984 Deinde
1956 2917 2223 2983 conclu-

677 3029 865 3094 debat
888 3031 965 3093 ut
996 3028 1292 3110 probaret
1336 3026 1732 3092 identitatem
1777 3025 2061 3108 corporis
2099 3043 2221 3107 pa-

678 3135 893 3201 tientis
931 3137 998 3199 et
1037 3133 1431 3216 resurgentis
1453 3180 1473 3212 ,
1507 3150 1658 3197 cum
1700 3132 1970 3197 addebat
2001 3154 2017 3196 :
2057 3134 2224 3208 Quia

679 3259 790 3327 eqo
816 3246 953 3326 ipse
979 3259 1124 3308 sum
1148 3242 1262 3325 qui
1293 3258 1520 3324 passus
1543 3241 1659 3320 fui,
1678 3244 1742 3304 et
1765 3258 1897 3304 non
1922 3241 2113 3305 alius.
2136 3240 2224 3306 De

679 3352 791 3416 illa
813 3350 1057 3415 visione
1085 3348 1374 3413 similiter
1398 3348 1629 3414 dicitur
1658 3347 1680 3383 '
1717 3368 1733 3412 z
1775 3369 1806 3407 α
1834 3345 2004 3411 Inter
2047 3346 2223 3429 digi-

679 3464 818 3524 tum
847 3464 1034 3523 tuum
1062 3459 1223 3537 huc,
1257 3456 1406 3523 vide
1444 3474 1678 3521 manus
1705 3473 1882 3520 meas
1904 3503 1923 3535 ‚
1966 3459 2031 3520 et
2064 3455 2226 3520 affer

680 3584 949 3631 manum
975 3568 1189 3643 tuam,
1224 3568 1289 3629 et
1323 3563 1504 3628 mitte
1543 3563 1610 3627 in
1655 3562 1825 3627 latus
1868 3580 2119 3644 meum,
2161 3566 2227 3628 et

679 3674 813 3740 noli
840 3691 975 3738 esse
1001 3671 1397 3751 incredulus,
1433 3671 1544 3736 sed
1570 3670 1798 3736 fidelis.
1813 3692 1845 3732 n
1870 3670 2049 3736 Unde
2072 3671 2226 3736 dicit

680 3780 1026 3863 Gregorius
1056 3784 1080 3821 ⁴
1123 3800 1138 3844 z
1176 3801 1209 3843 α
1256 3776 1469 3843 Minus
1513 3778 1678 3843 mihi
1729 3778 1968 3860 profuit
2022 3777 2224 3842 Maria

678 3887 1052 3972 Magdalene
1092 3905 1241 3971 quae
1278 3886 1463 3951 citius
1491 3885 1757 3950 credidit
1777 3932 1794 3963 ‚
1828 3903 2025 3968 quam
2053 3883 2225 3949 Tho·

679 4014 819 4062 mas
854 3997 968 4078 qui
993 3994 1105 4059 diu
1148 3994 1484 4059 dubitavit.
1527 3993 1639 4059 llle
1676 3994 1851 4058 enim
1876 3992 2225 4059 dubitando

679 4103 997 4168 cicatrices
1023 4102 1274 4184 tetigit,
1321 4107 1387 4166 et
1421 4103 1500 4167 de
1537 4106 1757 4167 nostro
1804 4105 2058 4184 pectore
2095 4102 2226 4167 du-

679 4210 929 4276 bietatis
969 4210 1211 4276 vulnus
1256 4209 1617 4291 amputavit
1668 4230 1684 4273 ε
1727 4228 1760 4268 ι)
1794 4209 1947 4291 quia
1990 4214 2012 4249 ⁸
2059 4210 2228 4275 beati

681 4321 952 4402 quinon
980 4316 1289 4384 viderunt
1315 4322 1378 4384 et
1409 4316 1851 4384 crediderunt.
1885 4315 2099 4381 Tertio
2124 4316 2225 4381 vi-

681 4426 915 4491 derunt
941 4425 1285 4492 Dominum
1310 4424 1530 4490 Jesum
1572 4424 1891 4490 Christum
1932 4424 2227 4489 omnium

683 4536 1229 4598 remuneratorem
1256 4580 1278 4612 ,
1307 4532 1376 4596 in
1400 4530 1661 4615 propria
1686 4531 2102 4608 conscientia,
2132 4548 2229 4595 re·

685 4645 996 4722 gnantem
1021 4639 1091 4703 iu
1121 4639 1502 4705 coelestibus.
1533 4638 1613 4704 Et
1645 4639 1725 4704 de
1750 4638 1874 4703 hoc
1897 4637 2127 4703 dicitur
2151 4646 2174 4681 ⁸
2206 4659 2223 4703 ε

693 4770 724 4809 ι
751 4746 932 4812 Beati
981 4747 1223 4814 mundo
1264 4747 1483 4826 corde,
1530 4746 1846 4829 quoniam·
1864 4745 1983 4828 ipsi
2023 4745 2230 4810 Deum

685 4854 1016 4920 videbunt.
1032 4875 1065 4915 n
1091 4853 1249 4919 Ecce
1266 4854 1438 4937 quod
1460 4854 1540 4918 ad
1562 4852 1909 4919 videndum
1935 4853 2135 4919 Deum
2158 4854 2229 4918 in

682 4964 943 5047 propria
967 4964 1348 5028 conscientia
1387 4962 1739 5045 requiritur
1782 4962 2030 5046 puritas
2074 4980 2226 5028 con-

683 5070 984 5135 scientiae.
1017 5068 1196 5135 Unde
1224 5069 1630 5152 Augustinus
1647 5117 1664 5148 ‚
1697 5069 1776 5136 de
1813 5071 2130 5137 Trinitate
2157 5069 2225 5134 ⁷:

691 5199 724 5239 α
750 5177 826 5242 In
871 5176 1208 5260 agnitione
1251 5176 1361 5242 Dei
1395 5176 1648 5260 justitia
1686 5181 1784 5243 est
1829 5178 2185 5243 necessaria
2203 5225 2225 5258 ,

748 5376 766 5411 ¹
797 5377 950 5440 Aug„
978 5374 1040 5425 de
1072 5374 1179 5427 Lib.
1207 5374 1353 5438 Art„
1379 5375 1469 5427 lib.
1501 5377 1567 5441 ll,
1596 5390 1651 5428 n.
1680 5377 1760 5428 43.
1786 5402 1838 5415 -
1869 5376 1892 5412 ²
1919 5378 2057 5441 Luc„
2086 5389 2228 5440 xxiv,

685 5448 766 5498 39.
815 5472 873 5484 —
926 5446 950 5482 ⁸
995 5447 1160 5510 Joan„
1201 5460 1300 5512 xx,
1352 5450 1432 5498 27.
1473 5475 1537 5487 —
1575 5448 1599 5483 ὅ
1632 5451 1869 5514 Gregor.,
1915 5450 1967 5499 in
2016 5450 2229 5515 Evanq„

685 5517 830 5572 hom.
867 5528 1023 5584 xxix,
1055 5532 1108 5570 n.
1141 5523 1187 5571 1.
1220 5544 1280 5559 --
1310 5520 1334 5559 ⁸
1361 5522 1529 5584 locum,
1556 5531 1658 5585 xx,
1683 5522 1765 5573 29.
1796 5544 1856 5558 -·
1889 5521 1911 5553 ⁶
1941 5520 2147 5585 natm„
2178 5532 2233 5585 v,

1772 515 2194 586 SERMONES
2234 517 2339 585 DE
2377 517 2773 588 TEMPORE.

2331 654 2482 737 quia
2508 656 2624 739 qui
2649 657 2986 723 veritatem
3004 655 3351 721 sanctitatis
3368 657 3447 723 de
3470 657 3576 724 die
3598 658 3672 723 in
3694 659 3862 725 diem

2331 767 2638 843 renovat,
2679 765 2975 829 transfert
3010 780 3291 828 amorem
3333 782 3374 828 a
3410 765 3863 848 temporalibus

2330 872 2411 937 ad
2437 876 2710 953 aeterna,
2737 892 2779 938 a
2803 872 3164 938 carnalibus
3189 872 3271 937 ad
3291 873 3677 957 spiritualia,
3708 894 3749 940 a
3770 877 3862 943 vi·

2332 978 2621 1044 sihilibus
2663 980 2745 1045 ad
2783 979 3156 1045 invisibilia.
3178 1000 3209 1039 n
3235 978 3315 1045 Et
3356 998 3490 1046 non
3535 982 3748 1047 solnm
3785 983 3864 1048 ad

2331 1086 2617 1151 divinam
2639 1088 2955 1153 visionem
2980 1086 3329 1170 requiritur
3347 1089 3652 1171 purgatio
3666 1107 3707 1155 a
3728 1108 3864 1172 pec-

2331 1198 2470 1259 cato
2487 1243 2506 1275 ‚
2553 1196 2665 1260 oed
2710 1195 2903 1261 etiam
2929 1195 3264 1260 abstractio
3290 1195 3371 1260 ab
3408 1214 3631 1262 amore
3678 1215 3868 1263 mun-

2332 1303 2499 1369 dano
2521 1350 2538 1380 ‚
2568 1302 2923 1369 secundum
2949 1301 3106 1367 illud
3133 1300 3370 1367 Psalmi
3388 1301 3412 1337 ⁸
3442 1323 3458 1366 z
3494 1326 3525 1364 e
3550 1303 3785 1369 Vacate
3809 1310 3870 1371 et

2331 1411 2540 1476 videte
2556 1459 2574 1489 ‚
2602 1412 2912 1496 quoniam
2938 1411 3155 1475 suavis
3183 1415 3278 1475 est
3309 1410 3636 1478 Dominus.
3666 1434 3699 1474 n
3743 1414 3866 1482 Va-

2329 1525 2469 1588 cate
2495 1521 2578 1585 ab
2620 1520 2920 1603 operibus
2958 1521 3025 1584 et
3060 1519 3385 1584 desideriis
3411 1520 3828 1586 saecularihus
3848 1570 3865 1603 ,

2330 1645 2447 1711 per
2492 1627 2954 1711 quietationem
2987 1627 3243 1692 mentis.
3276 1630 3369 1695 Et
3404 1627 3619 1696 videte
3662 1630 3875 1695 Domi—

2329 1752 2488 1799 num
2502 1734 2574 1798 in
2593 1734 2851 1818 propria
2866 1735 3247 1799 conscientia
3259 1782 3281 1815 ‚
3303 1753 3419 1818 per
3441 1736 3773 1801 excelsum
3799 1740 3869 1818 (6)

2330 1841 2874 1925 contemplationis
2902 1863 2920 1906 ι
2954 1842 3260 1924 quoniam
3285 1845 3513 1910 suavis
3539 1848 3638 1911 est
3664 1846 3877 1911 Domi-

2329 1968 2456 2019 nus
2475 1999 2496 2031 ,
2523 1955 2785 2035 propter
2809 1951 3205 2017 dulcedinem
3233 1952 3629 2036 sapientialis
3654 1953 3876 2020 oblec-

2329 2060 2606 2126 tationis.
2636 2059 2844 2136 Quam
2872 2059 3132 2143 quidem
3177 2060 3579 2127 dulcedinem
3625 2064 3880 2146 experi-

2329 2172 2436 2233 tur
2452 2167 2690 2245 anima,
2715 2165 2970 2249 quaudo
2989 2168 3130 2249 ejus
3146 2165 3410 2232 affectus
3432 2172 3526 2233 est
3553 2174 3879 2251 purgatus

2329 2295 2371 2340 a
2420 2278 2825 2359 peccatorum
2872 2274 3258 2340 foeditatibus
3274 2322 3291 2353 ‚
3338 2278 3478 2358 ejus
3520 2277 3880 2343 intellectus

2328 2383 2682 2448 abstractus
2709 2401 2749 2445 a
2775 2381 3182 2446 sensibilibus
3210 2382 3540 2465 speciebus
3557 2432 3576 2463 ‚
3598 2403 3639 2448 a
3667 2384 3880 2467 phan-

2327 2489 2567 2554 tasticis
2592 2489 2991 2571 imaginibus
3012 2535 3030 2565 ,
3081 2492 3146 2554 et
3191 2489 3649 2573 philosophicis
3694 2493 3880 2558 ratio-

2327 2597 2546 2662 nibus.
2605 2597 2781 2663 Unde
2819 2596 3257 2678 Augustinus,
3301 2596 3381 2663 dc
3427 2598 3755 2668 Trinitate
3790 2606 3814 2641 ⁹
3854 2622 3872 2664 ε

2345 2729 2376 2768 ι
2401 2705 2551 2771 Haec
2581 2705 2742 2770 visio
2768 2705 2936 2788 rapit
2960 2706 3064 2769 sui
3093 2705 3404 2770 desiderio
3430 2724 3697 2772 omnem
3738 2708 3876 2772 ani-

2330 2828 2504 2875 mam
2523 2811 2702 2874 tanto
2724 2809 3147 2874 ardentiorem
3169 2858 3186 2889 ‚
3213 2814 3455 2893 quanto
3473 2813 3553 2876 ad
3579 2813 3881 2896 spiritua·

2327 2917 2415 2982 lia
2442 2910 2912 2998 assurgentem,
2937 2920 3001 2983 et
3016 2916 3380 2983 carnalibus
3403 2919 3816 2986 morientem.
3838 2944 3869 2983 n

2410 3026 2625 3092 Tertio
2651 3028 2912 3090 notatur
2938 3026 3205 3091 internae
3225 3025 3646 3108 ,iucunditatis
3672 3028 3880 3095 oblec-

2328 3137 2505 3215 tatio,
2535 3153 2686 3200 cum
2718 3134 3110 3199 subinfertur
3152 3157 3170 3198 ε
3217 3136 3447 3202 (ιάυἰεὶ
3491 3140 3672 3202 sunt.
3716 3137 3879 3216 Quia

2329 3248 2487 3314 illud
2535 3246 2852 3329 gaudium
2886 3246 3214 3329 sapientiae
3249 3244 3688 3311 oblectationis
3730 3250 3877 3314 nul·

2329 3354 2431 3419 lus
2467 3356 2673 3437 potest
2705 3354 3010 3436 experiri,
3046 3352 3166 3416 nisi
3198 3353 3437 3434 primo,
3470 3354 3880 3437 appropriate

2328 3460 2669 3544 loquendO,
2701 3479 2742 3525 a
2767 3460 3077 3542 sapientia
3113 3458 3256 3524 Filii
3290 3459 3721 3542 illuminetur,
3765 3463 3876 3526 de-

2328 3569 2477 3634 inde
2503 3587 2542 3632 a
2563 3568 2847 3650 potentia
2874 3567 3081 3632 Patris
3101 3566 3172 3630 in
3196 3565 3406 3631 filium
3429 3566 3797 3649 adoptetur,
3818 3573 3881 3635 et

2328 3680 2546 3760 postea
2571 3674 2810 3740 deliciis
2828 3673 3099 3756 Spiritus
3113 3674 3313 3737 sancti
3338 3674 3662 3757 repleatur
3684 3699 3702 3753 ;
3736 3675 3880 3742 ideo

2329 3787 2617 3871 apostoli,
2645 3788 2711 3851 et
2736 3788 2878 3869 ejus
2904 3786 3280 3864 imitatores,
3311 3785 3392 3850 ad
3419 3786 3541 3851 hoc
3577 3789 3656 3851 ut
3685 3788 3878 3853 habe-

2328 3897 2473 3959 rent
2494 3894 2841 3977 perfectum
2876 3892 3194 3974 gaudium
3219 3891 3490 3957 internae
3516 3893 3880 3959 oblectatio-

2329 4002 2459 4082 nis,
2526 4000 2735 4083 gavisi
2781 4004 2931 4065 sunt
2984 3999 3194 4081 primo
3246 3998 3327 4064 de
3374 4000 3746 4081 cognitione
3794 4002 3873 4085 (f)

2329 4109 2557 4191 primae
2599 4107 2918 4186 veritatis;
2968 4107 3246 4172 secundo
3257 4154 3280 4187 ,
3328 4106 3408 4172 de
3453 4107 3877 4191 acquisitione

2329 4220 2655 4301 perpetuae
2683 4214 3072 4280 haereditatis
3088 4237 3106 4293 ;
3146 4215 3354 4294 tertio,
3389 4214 3470 4280 de
3499 4217 3876 4297 ‘gustatione

2329 4323 2566 4388 divinae
2618 4322 2971 4387 suavitatis.
3034 4321 3295 4386 Ratione
3355 4321 3549 4405 primi
3573 4370 3590 4400 ‚
3642 4341 3875 4389 eorum

2333 4428 2644 4511 gaudium
2672 4429 2794 4492 fuit
2829 4446 3060 4493 verum
3103 4445 3219 4510 per
3260 4427 3650 4492 amotionem
3699 4429 3872 4509 salsi3

2330 4536 2576 4602 ratione
2600 4535 2889 4617 secundi,
2918 4554 3145 4602 eorum
3173 4536 3487 4617 gaudium
3504 4535 3628 4600 fuit
3653 4554 3876 4620 perpe-

2331 4646 2521 4707 tuum
2550 4661 2665 4725 per
2681 4642 3116 4707 exclusionem
3144 4641 3435 4721 termini;
3466 4641 3721 4707 ratione
3747 4646 3878 4706 ter·

2332 4751 2440 4831 tii,
2494 4767 2721 4815 eorum
2765 4748 3079 4830 gaudium
3131 4749 3250 4813 fuit
3292 4747 3557 4832 plenum
3611 4754 3880 4832 propter

2333 4858 2819 4942 completionem
2844 4855 3160 4921 desiderii.
3211 4855 3429 4920 Primo
3470 4856 3683 4937 gavisi
3726 4862 3881 4922 sunt

2333 4967 2646 5032 veraciter
2669 4964 2807 5029 sine
2842 4962 3190 5028 admitione
3227 4960 3366 5025 falsi
3401 4962 3465 5026 in
3508 4962 3879 5045 cognitione

2334 5075 2559 5159 primae
2584 5071 2870 5138 veritatis
2884 5093 2902 5148 ;
2931 5074 2999 5134 et
3019 5069 3100 5134 de
3124 5068 3249 5134 hoc
3275 5068 3508 5134 dicitur
3534 5071 3581 5110 ²·
3612 5086 3631 5134 ε
3668 5090 3701 5131 α
3718 5068 3881 5134 Fac·

2334 5222 2381 5269 8.
2412 5245 2475 5256 —
2502 5219 2519 5249 ⁷
2551 5220 2700 5281 Aug„
2726 5213 2786 5265 de
2815 5213 2996 5264 Trinit.
3023 5238 3087 5249 —
3112 5211 3136 5247 ⁸
3160 5210 3297 5261 Psal.
3329 5222 3449 5276 xm,
3480 5214 3557 5262 ii.
3588 5238 3644 5249 -
3673 5214 3696 5244 ³
3725 5214 3877 5279 Aug„

2334 5289 2394 5340 de
2427 5290 2608 5341 Trinit.
2641 5313 2696 5325 -
2729 5287 2774 5324 ¹⁰
2798 5287 2998 5349 Jerem„
3026 5293 3116 5348 xv,
3146 5285 3223 5335 16.

2398 5380 2466 5443 (α)
2504 5377 2614 5443 Leq.
2650 5375 2981 5442 Augustinus.
3018 5402 3073 5412 —
3101 5375 3171 5440 (ὁ)
3202 5374 3317 5437 Lep.
3348 5386 3446 5437 pro
3473 5375 3544 5425 te.
3570 5397 3632 5412 —
3660 5373 3728 5438 (c)
3760 5374 3873 5441 ὣς.

2336 5450 2476 5515 quid.
2504 5475 2565 5488 —
2592 5447 2669 5513 (d)
2698 5448 2783 5500 At.
2815 5447 3017 5499 innuas.
3052 5472 3116 5486 -—-
3150 5444 3217 5511 (6)
3255 5446 3406 5497 Forte
3447 5444 3546 5513 leq.
3583 5458 3874 5499 excessum.

2336 5548 2396 5560 —
2418 5520 2495 5587 (s)
2526 5521 2651 5574 Caet.
2674 5519 2799 5572 edit.
2825 5518 3145 5587 cognatione.
