4059 6317
671 476 793 540 634

669 608 905 685 pientiae
932 607 1012 668 ad
1038 607 1245 680 laicos,
1270 608 1375 683 qui
1393 608 1670 667 dicuntur
1686 608 1930 683 indocti,
1946 626 2019 668 eo
2041 609 2209 685 quod

669 703 733 763 in
760 703 977 762 divinis
993 703 1246 779 eloquiis
1267 718 1390 762 non
1407 709 1543 763 sunt
1559 704 1841 763 instructi.
1868 704 1962 763 Isti
1984 720 2206 780 appro-

667 797 836 872 piant
875 796 954 856 ad
995 796 1346 872 sapientiam
1384 797 1703 857 increatam
1724 841 1743 869 ‚
1796 797 2041 873 quando
2084 801 2208 855 tam

669 891 925 964 aurium,
952 904 1139 966 quam
1162 891 1434 950 cordium
1455 892 1722 966 praebent
1736 891 2099 950 audientiam
2128 891 2209 950 ad

666 984 1121 1060 praedicatorum
1163 984 1588 1060 eloquentiam.
1644 987 2090 1059 congregantur
2145 986 2207 1043 in

669 1079 919 1139 domum
960 1079 1317 1153 disciplinas,
1361 1081 1606 1155 quando
1661 1080 2001 1139 adunantur
2054 1081 2208 1140 intra

665 1172 918 1249 parietes
962 1172 1221 1231 ecclesiae
1261 1175 1580 1233 materialis
1600 1218 1620 1248 ,
1653 1175 1761 1233 ubi
1798 1174 1860 1232 in
1887 1174 2095 1233 diebus
2115 1190 2207 1232 so-

665 1268 964 1327 lemnibus
991 1268 1298 1328 metanda
1338 1275 1474 1329 sunt
1497 1271 1683 1329 verba
1723 1270 2036 1329 dominicas
2062 1270 2205 1329 doc-

665 1362 849 1421 trinae.
879 1359 1005 1433 Qui·
1038 1367 1236 1421 autem
1284 1362 1413 1423 vult
1459 1364 1635 1438 plene
1678 1363 1758 1422 ad
1803 1364 2070 1422 divinam
2111 1380 2206 1422 sa-

663 1457 949 1531 pientiam
975 1457 1477 1533 appropinquare,
1509 1457 1707 1530 debet,
1736 1458 1983 1533 quando
2009 1457 2207 1531 ingre-

667 1548 824 1609 ditur
849 1549 1175 1624 ecclesiam‚
1196 1566 1406 1610 omnes
1420 1567 1591 1610 curas
1609 1552 1808 1610 saeculi
1828 1551 1904 1610 de
1930 1566 2042 1609 suo
2065 1566 2205 1626 pec-

665 1646 792 1703 tore
815 1643 1117 1718 relegare,
1157 1648 1213 1704 et
1237 1644 1456 1720 pedem
1499 1646 1742 1704 affectus
1786 1645 1865 1704 ab
1893 1647 2059 1704 omni
2086 1646 2203 1703 im-

663 1738 959 1797 munditia
983 1752 1289 1814 separare,
1323 1742 1390 1798 ut
1426 1739 1500 1798 sit
1523 1739 1777 1798 intentus
1813 1740 1886 1797 in
1928 1739 2043 1809 his,
2071 1752 2205 1814 qum

666 1831 960 1905 dicuntur,
990 1835 1049 1890 et
1071 1833 1255 1907 possit
1280 1831 1359 1890 ad
1385 1848 1457 1890 ea
1481 1833 1616 1892 totis
1650 1832 1877 1891 viribus
1903 1833 2199 1893 anhelare.

662 1925 804 1984 ldeo
836 1925 1048 1984 dicitur
1077 1928 1096 1964 ¹
1135 1944 1152 1983 z
1189 1944 1218 1979 α
1245 1926 1486 1985 Custodi
1527 1927 1748 2002 pedem
1791 1931 1958 1986 tuum
2004 1928 2201 2001 ingre-

664 2020 834 2079 diens
858 2019 921 2078 in
948 2020 1198 2078 domum
1235 2022 1364 2093 Dei,
1403 2025 1462 2080 et
1501 2019 1955 2096 appropinqua,
1995 2025 2063 2079 ut
2098 2038 2203 2080 au-

663 2113 812 2172 dias.
840 2134 869 2168 »
901 2113 1004 2172 Ille
1048 2116 1306 2172 meretur
1353 2114 1434 2173 ad
1473 2113 1669 2188 legem
1722 2115 1844 2172 sive
1892 2114 2202 2175 veritatem

662 2206 990 2266 intellectus
1017 2207 1517 2282 appropinquare,
1546 2208 1652 2283 qui
1678 2208 1845 2267 novit
1868 2208 2111 2284 pedem,
2137 2210 2203 2269 id

662 2304 768 2372 est,
793 2300 1110 2377 puritatem
1136 2300 1379 2360 affectus
1406 2317 1442 2360 a
1467 2301 1748 2360 sordibus
1775 2303 2092 2361 custodire.

725 2395 1031 2465 Secundo,
1058 2395 1306 2453 ecclesia
1352 2399 1436 2455 est
1472 2395 1688 2455 domus
1734 2397 2018 2455 orationis
2038 2441 2059 2471 ,
2085 2413 2199 2473 pro

658 2488 1017 2564 postulanda
1036 2488 1448 2564 impetratione
1476 2490 1818 2563 gratiarum.
1853 2494 1928 2549 De
1952 2508 2075 2566 qua
2101 2492 2201 2550 di·-

657 2582 810 2641 citur
832 2580 897 2641 ¹:
933 2601 963 2637 α
988 2585 1207 2641 Domus
1245 2598 1412 2656 mea,
1441 2583 1659 2643 domus
1698 2585 1982 2643 orationis
2018 2602 2198 2645 voca-

657 2675 834 2734 bitur.
865 2695 893 2731 n
927 2675 1209 2751 Loquitur
1244 2677 1526 2735 Dominus
1569 2677 1784 2736 Judaeis
1826 2678 1901 2737 de
1948 2681 2195 2756 templo,

656 2770 718 2827 in
744 2784 900 2845 quo,
930 2769 1074 2845 quia
1107 2769 1351 2829 videbat
1404 2771 1644 2844 negotia
1697 2772 2001 2831 saecularia
2049 2778 2199 2832 trac·

657 2863 785 2935 tari,
812 2863 967 2922 facto
992 2862 1233 2936 flagello
1272 2863 1348 2922 de
1390 2862 1667 2923 funiculis
1692 2906 1708 2934 ,
1741 2866 1917 2940 coepit
1938 2866 2197 2924 venden-

654 2960 740 3015 tes
768 2958 978 3031 ejicere
1019 2962 1077 3016 et
1105 2962 1363 3016 ementes
1391 2979 1410 3015 .·
1451 2958 1594 3033 quia
1621 2958 1870 3018 ecclesia
1903 2964 1995 3017 est
2025 2962 2197 3019 locus

591 3110 600 3116 ,
655 3050 937 3110 orationis
962 3055 1020 3109 et
1036 3051 1515 3123 consecrationiS,
1543 3067 1668 3110 non
1690 3053 2069 3127 venditionis,
2098 3054 2194 3113 vel

653 3144 1046 3204 mercationis.
1109 3144 1250 3203 ideo
1311 3144 1392 3203 ad
1444 3145 1598 3204 hauc
1659 3146 1909 3205 domum
1971 3147 2195 3207 debent

654 3238 960 3297 Christiani
983 3254 1103 3296 una
1130 3239 1447 3297 convenire
1473 3239 1535 3297 in
1573 3238 1786 3299 diebus
1824 3240 2193 3301 solemnibus

654 3337 713 3390 et
737 3331 977 3404 festivis,
1003 3347 1114 3407 pro
1136 3333 1325 3407 gratia
1345 3333 1444 3391 Dei
1469 3333 1864 3409 impetranda,
1882 3350 1995 3410 pro
2014 3336 2193 3411 culpa

654 3425 898 3484 dimissa
927 3425 1244 3497 diluenda,
1289 3429 1349 3485 et
1381 3441 1493 3501 pro
1534 3427 1808 3486 societate
1837 3430 2192 3503 angelorum

651 3518 951 3592 habenda,
981 3520 1122 3596 quia
1145 3522 1168 3558 ⁸
1203 3541 1230 3573 ι(
1258 3525 1671 3596 praevenerunt
1704 3522 2035 3597 principes,
2066 3543 2097 3578 υ
2127 3523 2194 3582 id

652 3615 771 3685 est,
801 3613 999 3687 angeli
1019 3655 1040 3686 ,
1079 3632 1109 3669 α
1134 3612 1525 3689 psallentibus
1563 3616 1902 3689 conjuncti,
1927 3637 1955 3672 n
1990 3617 2058 3675 id
2084 3622 2189 3690 est,

651 3705 714 3764 in
754 3707 1032 3766 charitate
1084 3708 1500 3782 contoederati3
1539 3714 1595 3767 et
1650 3709 1828 3768 etiam
1879 3725 1992 3784 pro
2044 3727 2192 3784 pace

650 3801 1054 3859 conservanda
1074 3845 1094 3874 ,
1124 3803 1228 3877 qui
1272 3802 1382 3874 ibi,
1426 3802 1489 3860 in
1530 3802 1847 3861 dominicis
1882 3803 2095 3862 diebus
2135 3809 2193 3863 et

648 3893 1149 3967 solemnitatibus,
1176 3896 1342 3971 pacis
1382 3897 1590 3955 oscula
1624 3896 1739 3956 sibi
1767 3896 2022 3955 invicem
2049 3914 2191 3973 por-

647 3987 849 4062 rigunt
872 3988 1197 4049 Christiani.
1228 3992 1508 4061 Quamvis
1544 3993 1703 4051 enim
1746 3994 1998 4069 quilibet
2021 3996 2191 4054 locus

647 4080 867 4141 habeat
917 4085 1102 4141 Deum
1149 4090 1527 4158 praesentem,
1560 4089 1758 4144 tamen
1800 4086 1969 4145 locus
2003 4088 2069 4145 in
2095 4104 2190 4147 ec-

649 4173 891 4234 clesiam
916 4183 1291 4236 consecratus
1318 4182 1404 4237 est
1429 4178 1509 4236 ad
1536 4179 1866 4240 orationem
1890 4183 2187 4258 praecipue

647 4269 976 4343 eligendus,
1003 4271 1224 4330 scilicet
1249 4275 1493 4348 propter
1526 4274 1879 4332 memoriam
1913 4276 2189 4335 crucifixi

645 4362 988 4423 habendam
1003 4408 1022 4438 ‚
1049 4368 1294 4441 propter
1333 4365 1671 4425 societatem
1716 4368 2069 4441 angelorum
2096 4387 2189 4430 ac-

648 4457 1022 4531 quirendam,
1050 4462 1108 4518 et
1129 4464 1372 4535 propter
1385 4475 1597 4535 pacem
1612 4460 1928 4521 hominum
1951 4479 2188 4523 conser-

645 4550 927 4610 vandam.
973 4551 1135 4611 Unde
1162 4550 1225 4611 ⁴:
1261 4572 1292 4608 ι
1318 4554 1579 4614 introibo
1616 4555 1698 4614 ad
1724 4556 1972 4615 domum
1997 4563 2186 4633 tuam,

645 4642 915 4704 adorabo
943 4644 1024 4704 ad
1049 4646 1340 4721 templum
1375 4653 1644 4707 sanctum
1678 4655 1846 4709 tuum
1871 4652 1935 4708 in
1971 4652 2184 4712 timore

645 4741 770 4797 tuo.
797 4758 828 4791 ν»

714 4831 935 4903 Terflo,
981 4836 1068 4891 est
1113 4833 1361 4893 ecclesia
1404 4836 1622 4895 domus
1663 4837 2039 4899 exultationis
2070 4857 2183 4916 pro

646 4924 972 4985 obtinenda
995 4926 1309 4986 refectione
1337 4929 1671 4989 animarum
1691 4932 1756 4990 in
1782 4933 2182 4995 celebratione

644 5018 969 5080 missarum.
1017 5020 1157 5080 ideo
1200 5021 1224 5057 ⁸
1262 5040 1278 5080 ε
1333 5040 1364 5077 ι
1389 5026 1453 5082 ln
1494 5024 1747 5085 domum
1793 5029 2025 5086 Domini
2067 5028 2182 5088 ibi-

645 5130 802 5188 mus,
828 5135 856 5171 »
890 5115 955 5174 id
984 5119 1090 5188 est,
1116 5116 1180 5174 in
1203 5116 1449 5176 ecclesia
1474 5134 1610 5177 cum
1647 5119 1843 5180 laetitia
1865 5123 2183 5182 convenie-

645 5224 813 5283 mus,
850 5211 994 5285 quia
1035 5211 1123 5272 ibi
1172 5211 1545 5273 celebrantur
1591 5214 1814 5290 Missas,
1849 5216 1913 5275 in
1962 5215 2184 5295 quibus

712 5334 725 5363 ¹
765 5332 947 5396 Eccle„
988 5348 1060 5401 Π,
1106 5340 1183 5389 Π.
1221 5364 1283 5376 -
1327 5337 1346 5370 ²
1381 5339 1586 5404 Mami„
1622 5353 1741 5405 xxx,
1777 5344 1857 5395 ¹3.
1895 5371 1956 5382 —
1992 5344 2015 5380 ⁸
2045 5343 2180 5398 Pscl.

649 5410 823 5467 um,
867 5408 1279 5467 m-ssl’nt,
1323 5411 1990 5485 V‚8.-—⁸ha8.cxn,
2034 5422 2181 5468 l...-

1670 472 2086 541 SERMONES
2126 472 2228 541 DE
2270 470 2620 542 SANGTIS.
2656 475 2839 543 LVII.

2316 609 2466 670 fiunt
2490 611 2806 684 orationes,
2832 611 3291 684 obsecrationes,
3314 613 3754 688 postulationes,
3782 619 3845 676 et

2316 707 2639 779 gratiamm
2662 707 2946 778 actiones;
2989 709 3048 764 et
3092 706 3236 780 quia
3280 707 3365 765 ibi
3408 708 3713 767 conficitur
3750 725 3845 768 sa·

2314 799 2703 858 cratissimum
2728 816 2943 875 corpus
2966 800 3195 871 Christi,
3219 801 3281 859 in
3312 801 3516 860 cibum
3551 806 3611 861 et
3640 804 3845 862 alimo-
3902 828 4031 883 ca„

2314 893 2477 951 niam
2503 894 2788 952 mentium
2814 893 3025 952 devote
3052 894 3481 954 intendentium
3507 912 3845 955 sacramen-
3888 891 4016 934 Μ

2314 987 2512 1059 talem,
2541 988 2590 1046 si
2615 987 2922 1063 recipitur3
2963 988 3059 1046 vel
3096 989 3461 1062 spiritualem
3480 1032 3499 1060 ,
3532 991 3583 1047 si
3624 991 3844 1050 devote
3867 956 4031 1056 ἐμῷ-εἷ

2314 1080 2588 1139 creditur.
2644 1085 2710 1140 Et
2753 1082 3026 1157 quamvis
3066 1082 3131 1140 in
3174 1083 3441 1158 qualibet
3460 1085 3635 1144 mssa
3665 1088 3846 1161 posm't
3866 1087 4026 1181 ζ’..

2314 1189 2531 1249 corpus
2556 1176 2788 1234 Domini
2831 1176 2906 1235 ab
2944 1175 3219 1235 audiente
3255 1178 3640 1252 spiritualiter
3684 1195 3851 1238 man-
3868 1168 4008 1254 «μέ...

2314 1267 2539 1342 ducati,
2566 1273 2765 1328 tamen
2788 1272 2877 1328 ter
2900 1270 2963 1327 in
2990 1285 3178 1341 anno,
3206 1271 3305 1328 vel
3328 1271 3540 1343 semel,
3569 1272 3849 1332 videlicet

2311 1362 2374 1420 in
2398 1363 2620 1437 pascha
2644 1362 2848 1421 saltem
2871 1405 2892 1435 ,
2928 1379 2964 1421 a
2992 1363 3258 1438 quolibet
3291 1365 3622 1424 Christiano
3661 1383 3849 1427 sam-a·

2310 1456 2640 1515 mentaliter
2690 1456 2843 1514 sumi
2886 1456 3095 1528 debet,
3136 1463 3202 1516 ut
3235 1458 3319 1517 sic
3357 1460 3598 1534 corpori
3644 1461 3849 1519 Chrisu'

2312 1551 2580 1626 mystico,
2606 1550 2773 1626 quod
2792 1554 2879 1611 est
2893 1554 3095 1609 sancta
3112 1553 3168 1609 et
3190 1551 3544 1610 universalis
3562 1554 3843 1626 Ecclesia,

2308 1661 2418 1720 per
2456 1645 2889 1720 sumptionem
2932 1645 3196 1718 corporis
3234 1644 3441 1704 Christi
3490 1647 3620 1704 veri
3665 1648 3849 1722 poae’t

2308 1738 2695 1813 incorporari.
2728 1740 2792 1797 Et
2829 1737 2879 1796 si
2914 1738 3176 1797 lentanter
3204 1737 3267 1797 in
3302 1738 3561 1797 domum
3586 1742 3845 1799 convivii

2307 1832 2484 1890 trahit
2520 1832 2808 1906 appetitus
2853 1831 3179 1907 corporalis
3195 1872 3215 1902 ‚
3242 1832 3575 1891 exultanter
3603 1838 3760 1892 certe
3786 1834 3846 1892 in

2310 1924 2616 1984 ecclesiam
2642 1925 2741 1984 Dei
2778 1925 2857 1984 ad
2897 1926 3297 2000 receptionem
3339 1927 3615 2001 corporis
3643 1927 3846 1986 Christi

2310 2018 2489 2077 debet
2524 2019 2753 2077 trahere
2787 2018 3077 2094 appetitus
3103 2020 3420 2094 spiritualis
3437 2063 3459 2090 ,
3487 2020 3635 2096 quia
3657 2022 3719 2079 in
3742 2021 3846 2079 illo

2309 2113 2444 2171 cibo
2465 2113 2748 2170 uniuntur
2772 2128 2910 2171 caro
2946 2113 3150 2171 Christi
3182 2113 3534 2186 glorificata,
3565 2119 3627 2172 et
3651 2115 3849 2173 anima

2308 2206 2661 2278 beatificata,
2699 2209 2756 2265 et
2777 2205 3049 2265 divinitas
3068 2207 3273 2266 Christi
3291 2210 3417 2266 tam
3442 2207 3635 2280 carni,
3666 2225 3847 2283 quam

2308 2300 2541 2372 animas,
2565 2301 3050 2361 indissolubiliter
3077 2303 3316 2362 sociata.

2380 2397 2443 2453 ll.
2474 2394 2775 2466 Secundo,
2802 2394 2881 2453 ad
2909 2395 3326 2470 perfectionem
3368 2398 3728 2457 clericorum
3764 2404 3850 2459 est

2309 2488 2557 2547 ecclesia
2585 2488 2875 2561 dedicata,
2912 2493 2976 2546 ut
3001 2491 3073 2548 sit
3099 2490 3313 2549 domus
3334 2490 3766 2551 immolationis
3786 2494 3850 2551 in

2306 2582 2607 2641 oblatione
2650 2580 3174 2656 holocaustorum3
3222 2584 3441 2643 domus
3480 2586 3851 2644 benedictio-

2304 2677 2417 2748 nis,
2446 2676 2509 2734 in
2534 2675 3039 2734 administratione
3065 2684 3601 2752 sacramentorum,
3630 2680 3850 2739 domus

2306 2769 2759 2843 decantationis,
2809 2770 2874 2827 in
2923 2771 3392 2845 frequentatione
3440 2772 3844 2847 psalmorum,

2301 2864 2663 2939 hymnorum
2690 2869 2748 2923 et
2767 2863 3150 2922 canticorum.
3182 2865 3293 2922 ista
3329 2865 3491 2922 enim
3531 2866 3644 2924 tria
3683 2881 3848 2925 com-

2300 2962 2505 3034 petunt
2538 2958 2765 3017 clericis
2797 2957 2860 3016 in
2902 2957 3107 3014 divino
3140 2957 3306 3015 cultu
3340 2956 3665 3032 deputatis,
3700 2959 3848 3035 quia

2303 3053 2522 3112 debent
2545 3053 2770 3127 seipsos
2784 3051 2849 3110 in
2875 3066 3124 3126 corpore
3151 3053 3209 3108 et
3240 3049 3304 3107 in
3325 3051 3529 3109 anima
3550 3054 3671 3110 Deo
3694 3056 3850 3112 tota-

2298 3147 2430 3206 liter
2451 3145 2761 3205 immolare
2776 3188 2796 3218 ,
2824 3146 3187 3204 sacramenta
3213 3143 3447 3219 populo
3472 3145 3843 3221 ministrare,

2301 3244 2359 3299 et
2384 3244 2502 3300 Deo
2532 3239 2740 3299 laudes
2781 3239 3089 3297 continuas
3124 3238 3477 3312 decantare3
3528 3243 3596 3296 ut
3627 3239 3744 3298 sint
3778 3242 3844 3298 in

2298 3351 2361 3393 se
2389 3335 2558 3411 quasi
2584 3334 2789 3393 hostias
2820 3332 3142 3404 immolati,
3179 3332 3259 3390 ad
3296 3333 3642 3407 proximum
3678 3334 3843 3392 obli-

2297 3430 2445 3503 gati,
2476 3432 2535 3487 et
2554 3427 2634 3487 ad
2661 3432 2843 3487 Deum
2884 3425 3161 3485 ordinati.
3190 3424 3422 3499 Eligant
3453 3427 3670 3500 abjecti
3710 3444 3843 3488 esse

2298 3523 2361 3581 in
2389 3525 2574 3581 domo
2600 3522 2723 3595 Dei,
2746 3522 2938 3595 magis
2961 3534 3146 3595 quam
3169 3519 3438 3579 habitare
3464 3520 3530 3578 in
3556 3521 3841 3580 taberna-

2297 3616 2444 3676 culis
2488 3620 2867 3692 peccatorum
2895 3633 2911 3673 ε
2961 3614 3103 3690 quia
3142 3613 3301 3673 beati
3340 3614 3451 3688 qui
3484 3613 3569 3672 sic
3598 3614 3840 3673 inhabi-

2294 3715 2420 3770 tant
2456 3710 2520 3769 in
2557 3709 2825 3785 prasenti
2841 3750 2862 3780 ,
2898 3711 3187 3784 quantum
3225 3706 3304 3765 ad
3330 3706 3653 3765 Ecclesiam
3677 3708 3841 3766 mili·

2295 3809 2548 3878 tantem,
2587 3802 2610 3837 ·
2638 3824 2667 3856 α
2692 3802 2756 3861 in
2790 3801 3006 3861 meula
3042 3800 3394 3860 soculorum
3427 3800 3770 3860 laudabunt
3794 3822 3827 3857 ι

2296 3899 2610 3957 Dominum
2652 3897 2717 3954 in
2762 3895 2999 3967 futuro,
3042 3899 3332 3969 quantum
3372 3894 3455 3953 ad
3512 3895 3834 3955 Ecclesiam

2292 3993 2773 4069 triumphantem.

2362 4088 2557 4147 Primo
2584 4102 2757 4160 ergo,
2788 4089 3077 4160 quantum
3113 4084 3193 4143 ad
3216 4082 3641 4159 perfectionem
3666 4084 3837 4144 cleri-

2293 4198 2531 4255 corum,
2574 4185 2661 4239 est
2686 4179 2935 4238 ecclesia
2963 4178 3260 4248 dedicata,
3290 4179 3356 4235 ut
3382 4178 3455 4235 sit
3480 4177 3698 4237 domus
3722 4180 3834 4238 im-

2290 4276 2632 4337 molationis
2652 4276 2716 4333 in
2742 4274 3046 4333 oblatione
3071 4271 3575 4331 holocaustorum.
3607 4275 3684 4331 De
3710 4290 3833 4350 qua

2291 4372 2503 4430 dicitm·
2526 4373 2549 4407 ⁷
2576 4387 2593 4427 ε
2626 4386 2659 4424 ιι
2686 4367 2947 4427 introibo
2972 4367 3037 4424 in
3062 4365 3313 4425 domum
3337 4369 3528 4438 tuam,
3547 4386 3578 4421 ιι
3610 4366 3831 4427 seilicet

2293 4464 2554 4535 Domini,
2588 4482 2619 4518 α
2656 4463 2720 4519 in
2752 4459 3130 4520 holocaustis.
3160 4478 3190 4514 ι·
3222 4459 3397 4529 Quod
3435 4459 3532 4533 fit,
3582 4462 3827 4535 quando

2288 4559 2536 4617 clericus
2568 4556 2878 4615 ordinatur
2908 4555 2977 4628 (α)
3010 4553 3071 4611 in
3096 4552 3386 4623 Ecclesia,
3412 4558 3471 4612 et
3492 4570 3605 4628 per
3624 4570 3826 4614 veram

2288 4651 2708 4713 continentiam
2746 4652 2863 4708 Deo
2902 4647 3142 4706 dedicat
3176 4646 3438 4704 animam
3472 4651 3530 4706 et
3562 4663 3777 4724 corpus
3802 4668 3821 4707 t

2287 4747 2702 4807 holocaustum
2738 4743 2898 4803 enim
2925 4744 3052 4800 erat
3093 4738 3447 4799 sacrificium
3460 4783 3481 4813 ,
3526 4742 3694 4816 quod
3733 4746 3821 4801 to-
3884 4762 3998 4808 ud.-

2286 4848 2412 4901 tum
2455 4844 2571 4899 Deo
2613 4836 3059 4897 incendebatur.
3096 4836 3122 4870 ⁸
3153 4853 3184 4889 ι
3224 4832 3495 4893 Reddam
3536 4836 3644 4895 tibi
3684 4841 3821 4897 vota
3843 4827 4019 4899 ’Ψ

2285 4950 2456 5007 mea,
2494 4948 2631 5009 quae
2668 4930 3059 4989 distinxerunt
3090 4926 3254 4986 labia
3279 4944 3431 4987 mea.
3462 4950 3492 4986 s
3524 4931 3697 5001 Quod
3728 4931 3819 5003 fit,
3842 4887 3957 4946 ’Μ’

2288 5028 2532 5107 quando
2572 5026 2757 5087 corde
2788 5040 2943 5101 puro
2982 5028 3039 5082 et
3070 5036 3323 5097 corpore
3358 5029 3522 5083 casto
3558 5029 3677 5085 Deo
3716 5029 3822 5085 mi-

2284 5126 2538 5185 nistrans
2564 5119 2931 5195 obsequitur.
2961 5120 3109 5177 vota
3134 5130 3243 5175 sm
3269 5116 3470 5177 reddit
3506 5121 3657 5192 Deo,
3684 5123 3821 5197 quia

2286 5260 2307 5290 ⁶
2345 5256 2482 5308 Paul.
2523 5263 2755 5317 nxxxm,
2788 5254 2839 5303 Β.
2872 5276 2938 5289 -—
2973 5249 2996 5286 ἵ
3027 5247 3164 5300 Psal.
3206 5258 3370 5313 um,
3408 5252 3487 5302 13.
3528 5275 3591 5288 —
3628 5250 3653 5287 ι
3685 5253 3819 5307 12⁸1·

2288 5342 2409 5393 bxv,
2437 5330 2517 5380 13.

2357 5414 2425 5481 (a)
2455 5413 2578 5464 Coi.
2612 5412 2733 5465 coit.
2763 5407 3048 5464 ordinum-
