4059 6317
680 433 801 498 128

681 567 791 632 bet
805 563 1237 632 baemditatem
1253 562 1322 629 in
1341 579 1547 646 regno
1567 562 1699 629 Dei.
1725 584 1758 625 n
1792 561 1943 629 Tela
1961 578 2216 630 araneae

683 673 1157 737 instabilitatem
1171 671 1617 754 temporalium
1631 670 1954 753 significat
1973 689 1991 735 ε
2011 671 2216 736 multo

682 780 854 845 enim
881 778 1097 844 labore
1122 779 1384 858 texitur,
1420 778 1605 843 facile
1647 777 2018 857 destruitur,
2050 778 2218 841 sicut

683 885 1080 969 temporalia.
1114 884 1294 951 Unde
1321 886 1498 951 avari
1516 890 1666 951 sunt
1690 903 1942 951 araneae
1958 884 2216 950 diaboli.

682 993 780 1057 Ad
811 993 1074 1058 modum
1098 993 1274 1057 enim
1296 1011 1703 1072 aranearum,
1732 992 1986 1075 quando
2025 991 2219 1057 telam

684 1100 1130 1184 temporalium
1175 1104 1565 1183 componunt
1601 1100 1907 1180 exteriuS,
1949 1117 2018 1163 se
2058 1098 2223 1164 evis-

685 1211 900 1274 cerant
929 1207 1220 1273 interius.
1252 1207 1359 1273 Sic
1383 1208 1564 1274 avari
1588 1207 1846 1291 quando
1870 1206 2028 1272 telas
2055 1209 2221 1272 tem-

684 1315 1001 1398 poralium
1032 1320 1443 1398 componunt,
1472 1320 1740 1381 ventum
1765 1315 2023 1399 quidem
2050 1316 2225 1398 cupi·

686 1421 897 1487 ditatis
930 1440 1044 1505 per
1069 1441 1333 1504 usuras,
1373 1441 1487 1507 per
1533 1421 1810 1511 rapinas,
1858 1440 1972 1505 per
2008 1421 2224 1487 illicita

685 1529 865 1596 lucra
892 1530 1243 1612 seminant3
1283 1532 1393 1597 sed
1437 1531 1761 1597 turbinem
1800 1529 2225 1596 damnationis

688 1642 949 1705 metent.

768 1743 858 1810 De
883 1749 1113 1828 quarto
1137 1749 1195 1807 ¹:
1222 1766 1254 1807 α
1280 1742 1637 1810 Seminanti
1648 1746 1967 1828 justitiam
1986 1764 2227 1812 merces

690 1851 916 1933 fidelis,
948 1873 980 1912 n
1013 1852 1316 1933 docendo,
1345 1853 1686 1936 operando,
1711 1854 2076 1937 judicando.
2111 1853 2228 1921 Se-

693 1959 993 2026 minanda
1030 1964 1124 2024 est
1153 1960 1424 2042 justitia,
1472 1964 1547 2025 ut
1572 1963 1747 2044 justa
1780 1962 1864 2026 sit
1904 1962 2189 2028 doctrina
2206 2009 2224 2041 ,

688 2070 864 2152 justa
889 2070 1043 2147 vita,
1064 2068 1232 2133 bona
1248 2068 1622 2151 temporalia
1639 2069 1813 2151 justa
1837 2068 1918 2152 (a)
1935 2074 2088 2135 sunt
2111 2089 2229 2154 pro

689 2176 956 2259 justitia.
1006 2175 1144 2254 Quo
1185 2176 1373 2241 modo
1414 2179 1629 2240 autem
1673 2175 2056 2256 seminares,
2106 2177 2228 2241 nisi

695 2284 876 2367 prius
914 2301 1129 2349 arares
1158 2288 1185 2348 ἲ
1212 2291 1236 2325 ²
1268 2307 1299 2346 α
1344 2283 1567 2348 Arabit
1602 2284 1827 2363 Judas,
1868 2283 2231 2367 confringet

697 2390 824 2456 sibi
850 2390 1058 2456 sulcos
1083 2390 1297 2457 Jacob.
1325 2390 1649 2457 Seminate
1667 2390 1848 2456 vobis
1865 2390 1935 2455 in
1962 2392 2230 2457 veritate

690 2498 1007 2579 J'ustitiam
1051 2498 1153 2582 (b),
1184 2502 1249 2563 et
1283 2499 1502 2565 metite
1524 2499 1595 2564 in
1620 2517 1731 2564 ore
1758 2498 2227 2580 misericordiae,

699 2604 997 2669 innovate
1035 2605 1219 2670 vobis
1253 2605 1504 2672 novale.
1560 2604 1838 2690 Tempus
1870 2609 2086 2672 autem
2134 2624 2233 2671 re·

700 2712 993 2794 quirendi
1020 2711 1384 2792 Dominum,
1417 2713 1531 2797 qui
1557 2731 1705 2777 cum
1733 2714 1998 2794 venerit,
2040 2716 2228 2780 doce·

702 2818 795 2882 bit
819 2818 1279 2901 vosjustitIam.
1307 2819 1546 2883 Arastis
1563 2820 1975 2903 impietatem,
1996 2819 2232 2904 iniqui-

701 2929 896 2990 tatem
939 2925 1324 3005 messuistis,
1373 2926 1726 2991 comedistis
1762 2927 2021 3008 frugem
2060 2946 2233 2992 men·

703 3033 890 3099 dacii.
903 3054 934 3093 n
970 3033 1005 3100 J
1007 3035 1165 3099 udas
1192 3035 1498 3116 confitens
1527 3034 1996 3118 interpretatur.
2031 3034 2235 3100 Confl-

701 3146 843 3206 tens
878 3158 1041 3222 ergo
1086 3145 1253 3221 arat,
1317 3142 1472 3207 dum
1515 3159 1777 3208 vomere
1822 3143 2233 3209 confessionis

703 3249 905 3332 aperit
924 3252 1164 3317 terram
1203 3248 1427 3314 cordis.
1466 3248 1642 3313 Unde
1671 3250 2069 3331 Augustinus
2095 3251 2236 3334 qui-

704 3356 974 3422 busdam
999 3356 1090 3421 ait
1116 3362 1139 3399 ⁸
1169 3375 1187 3421 z
1213 3380 1246 3418 a
1275 3356 1507 3422 Semen
1534 3357 1740 3422 seritis
1764 3357 2005 3422 devotis
2028 3358 2234 3423 cordi·-

703 3464 827 3528 bus
847 3510 865 3540 ,
915 3468 1226 3547 tanquam
1253 3463 1498 3529 sulcata
1547 3464 1942 3531 invenientes
1981 3469 2237 3549 pectora

703 3575 923 3637 nostra
944 3575 1155 3637 aratro
1174 3571 1602 3637 confessionis.
1630 3594 1662 3633 n
1695 3573 2104 3655 confringere
2128 3592 2237 3639 au-

703 3685 835 3745 tem
864 3680 1260 3746 contritionis
1286 3687 1381 3745 est
1411 3702 1426 3743 :
1459 3681 1697 3763 frangit
1735 3682 1908 3746 enim
1944 3682 2236 3747 contritio

706 3787 1003 3852 duritiam
1031 3787 1256 3852 cordis.
1290 3788 1522 3853 Deinde
1539 3787 1908 3853 seminanda
1925 3790 2020 3852 est
2038 3789 2236 3872 justi-

704 3894 863 3959 titia.
914 3894 1180 3976 Legitur
1222 3896 1397 3959 enim
1435 3896 1506 3958 in
1543 3896 1835 3978 praesenti
1883 3894 2238 3978 Evangelio

702 4019 922 4066 semen
947 4003 1211 4082 aruisse,
1238 4003 1410 4086 quod
1437 4003 1777 4068 humorem
1800 4021 1934 4068 non
1959 4003 2186 4070 habuit
2214 4027 2231 4070 z

702 4107 845 4171 ideo
870 4107 1145 4172 humore
1172 4110 1402 4190 gratiae
1430 4112 1494 4173 et
1508 4109 1940 4192 lacrymarum
1962 4110 2237 4192 riganda

701 4218 852 4282 sunt
867 4215 1112 4280 semina
1128 4216 1445 4282 bonorum
1471 4234 1760 4299 operum.
1779 4240 1810 4278 n
1846 4217 1869 4252 ⁴
1894 4216 2236 4283 Effundam

661 4366 670 4377 .
703 4340 900 4404 aquas
926 4325 999 4402 (o)
1039 4340 1231 4405 super
1264 4323 1614 4404 sitientem,
1656 4327 1721 4389 et
1763 4323 2004 4390 fluenta
2049 4343 2240 4408 super

703 4427 969 4493 aridam.
1021 4427 1357 4493 Effundam
1417 4428 1712 4510 spiritum
1769 4443 1985 4495 meum
2048 4450 2240 4516 super

704 4553 922 4600 semen
951 4538 1165 4600 tuum.
1192 4556 1224 4595 υ
1256 4534 1307 4600 Ε
1333 4535 1651 4601 contrario
1673 4536 1898 4620 injusti
1922 4540 2243 4605 seminant

706 4661 922 4708 semen
966 4643 1314 4725 iniquitatis
1356 4651 1418 4707 et
1459 4643 1715 4725 injuriae
1739 4643 1761 4680 ⁸
1796 4666 1811 4710 z
1846 4668 1877 4707 α
1921 4645 2046 4711 Sex
2091 4650 2242 4711 sunt

706 4767 852 4833 quae
878 4749 1010 4814 odit
1036 4748 1376 4829 Dominus,
1406 4753 1470 4814 et
1512 4750 1856 4833 septimum
1895 4752 2241 4818 detestatur

705 4857 919 4921 anima
946 4857 1121 4938 ejus:
1145 4855 1362 4921 oculos
1383 4856 1713 4936 sublimeS,
1743 4858 2039 4941 linguam
2060 4878 2240 4926 men-

706 4963 921 5028 dacem
941 5010 960 5040 ,
1011 4981 1240 5027 manus
1277 4962 1676 5028 effundentes
1722 4964 2064 5031 innoxium
2102 4986 2243 5034 san-

707 5071 995 5152 guinem,
1025 5088 1134 5135 cor
1159 5069 1542 5135 'machinans
1585 5072 2005 5162 cogitationes
2045 5077 2243 5158 pessi-

768 5196 787 5230 ¹
815 5196 983 5256 Prom,
1011 5206 1087 5258 xi,
1122 5198 1200 5247 18.
1227 5221 1291 5234 -
1315 5196 1339 5230 ¹
1370 5194 1502 5257 Ose„
1529 5208 1585 5261 x,
1614 5198 1773 5250 11-13.
1802 5224 1865 5236 -
1894 5198 1914 5230 ⁸
1940 5200 2150 5264 August.
2177 5229 2242 5241 —-

706 5265 728 5300 ⁸
755 5267 874 5330 isa„
918 5277 1059 5331 xmv,
1087 5268 1138 5317 3.
1168 5293 1228 5305 —
1267 5268 1290 5303 ⁸
1317 5268 1486 5332 Prov„
1520 5279 1589 5332 vi,
1617 5271 1696 5320 17.
1725 5265 1789 5307 -ss
1828 5270 1848 5302 ¹
1879 5271 2015 5336 Luc„
2048 5284 2162 5337 vm,
2190 5277 2239 5325 8.

706 5362 761 5376 -
788 5335 808 5366 '¹
841 5338 983 5396 Gen..
1026 5351 1118 5402 111,
1149 5342 1228 5390 19.
1254 5365 1316 5377 -
1354 5339 1378 5374 ⁸
1403 5341 1577 5405 Greg„
1613 5341 1669 5390 in
1698 5340 1910 5406 Evanq„
1941 5342 2083 5393 hom.
2112 5356 2241 5410 xxx,

705 5422 760 5462 n.
792 5417 840 5462 2.
861 5437 924 5449 —
943 5411 967 5446 ⁸
992 5411 1128 5479 Luc„
1155 5424 1289 5478 xxn,
1310 5413 1391 5464 44.
1415 5438 1482 5451 —
1512 5412 1548 5444 ¹·
1576 5412 1759 5476 necti..
1783 5425 1836 5477 x,
1868 5417 1916 5467 9.
1941 5441 2004 5454 -
2029 5416 2070 5452 ¹¹
2095 5416 2241 5479 Gen„

1773 426 2189 495 SERMONES
2228 427 2331 494 DE
2370 422 2759 494 TEMPORE.
2878 455 2885 463 ·

2320 579 2481 643 mas,
2511 562 2701 646 pedes
2724 560 3063 628 velocesad
3090 560 3478 628 currendum
3497 561 3567 626 in
3584 561 3843 642 malum,

2320 672 2744 755 proferentem
2788 670 3117 736 mendacia
3156 674 3380 737 testem
3424 670 3708 736 fallacem
3724 718 3741 750 ,
3787 674 3850 736 et

2322 797 2472 844 eum
2501 780 2614 863 qui
2654 779 2925 845 seminat
2959 779 3125 844 inter
3160 778 3386 845 fratres
3417 778 3781 858 discordias,
3811 798 3841 837 ι

2321 885 2444 951 hoc
2473 890 2590 965 est,
2622 885 2969 969 pessimum
2986 902 3206 950 semen
3227 886 3676 952 detractorum.
3699 884 3851 950 Ecce

2322 994 2390 1057 in
2416 992 2733 1076 praedictis
2773 992 2985 1057 verbis
3024 990 3325 1058 Salomon
3366 992 3664 1058 describit
3699 991 3853 1058 vitia

2323 1100 2655 1166 oculorum
2674 1149 2691 1180 ,
2737 1117 3083 1180 manuum,
3135 1099 3367 1183 pedum
3383 1148 3403 1179 ,
3450 1100 3693 1179 cordis,
3731 1099 3850 1163 lin-

2324 1225 2479 1290 guae
2510 1229 2528 1271 ι
2570 1206 2906 1290 cujuslibet
2930 1225 3139 1272 unum
3162 1207 3392 1273 vitium
3408 1253 3428 1285 ,
3459 1206 3662 1272 solius
3704 1223 3855 1272 vero

2324 1315 2572 1397 linguae
2612 1312 3057 1378 infelicissimae
3093 1314 3218 1378 tria
3250 1313 3408 1379 vitia
3454 1313 3814 1379 describens
3830 1361 3855 1394 ,

2326 1421 2639 1501 videlicet,
2672 1420 3098 1498 mendacium,
3129 1420 3358 1486 falsum
3399 1419 3856 1499 testimouium,

2327 1527 2658 1596 discordiae
2683 1526 3153 1593 seminatorem.

2861 1709 3152 1781 SERMO
3207 1710 3326 1783 IV.

2410 1853 2617 1922 Aliud
2632 1853 2865 1922 cecidit
2890 1855 2967 1920 in
2992 1858 3227 1922 terram
3253 1852 3479 1921 bonam
3502 1857 3551 1915 ⁸.
3584 1850 3867 1930 Quadru-
3924 1862 4043 1965 {grur-

2331 1961 2479 2046 plex
2506 1967 2600 2028 est
2634 1965 2806 2028 terra
2843 1962 3014 2027 bona
3043 1984 3059 2026 ε
3093 1960 3461 2042 materialis,
3503 1958 3863 2043 virginalis,
3891 1984 4059 2104 aaa·

2330 2068 2700 2153 spiritualis,
2725 2068 3064 2134 aeternalis.

2411 2176 2500 2240 De
2526 2175 2835 2241 materiali
2858 2175 2882 2210 ‘¹
2906 2196 2923 2241 z
2954 2196 2987 2236 α
3002 2174 3075 2240 ln
3090 2174 3321 2240 sudore
3337 2174 3555 2239 vultus
3573 2173 3696 2255 tui,
3711 2176 3865 2238 nete.

2333 2282 2467 2349 Hoc
2505 2286 2604 2348 est
2643 2285 2862 2348 contra
2914 2281 3319 2348 otiositatem.
3366 2280 3718 2363 Gregorius
3770 2279 3794 2315 ⁸
3848 2302 3864 2345 t

2342 2414 2374 2453 α
2399 2391 2742 2474 Nunquam
2768 2393 2864 2455 est
2887 2407 3070 2455 amor
3097 2389 3206 2454 Dei
3240 2390 3501 2467 otiosus,
3542 2409 3575 2449 υ
3610 2389 3732 2453 etc.
3764 2385 3873 2451 Li-

2333 2499 2556 2564 benter
2574 2498 2869 2564 sudorem
2914 2495 3209 2562 laborum
3249 2514 3366 2579 pro
3405 2495 3515 2560 illo
3558 2495 3872 2560 sustinea-

2332 2625 2502 2687 mus,
2553 2605 2665 2689 qui
2702 2623 2820 2689 pro
2865 2605 3052 2670 nobis
3091 2603 3346 2670 sudavit
3388 2602 3777 2685 sanguinem
3801 2600 3826 2637 ⁹
3856 2622 3873 2665 t

2345 2736 2376 2775 e
2401 2713 2629 2779 Factus
2666 2717 2762 2779 est
2792 2714 2987 2779 sudor
3019 2714 3191 2795 ejus,
3234 2733 3266 2771 ι»
3309 2714 3431 2778 etc.
3474 2709 3826 2793 Sequitur⁷
3856 2728 3874 2772 ε

2346 2845 2378 2884 α
2404 2822 2612 2888 Donec
2636 2821 2979 2887 revertaris
3003 2821 3084 2885 ad
3110 2823 3372 2899 terram,
3398 2818 3478 2883 de
3504 2835 3634 2900 qua
3661 2833 3880 2897 sump-

2335 2933 2442 2995 tus
2459 2946 2584 2993 es.»
2610 2926 2724 2992 Hic
2741 2926 3142 3011 reprehendit
3160 2924 3527 3008 superbiam
3543 2924 3589 2961 ¹⁰
3610 2943 3627 2988 ε
3660 2946 3696 2985 α
3715 2920 3880 3000 Quid

2338 3035 2656 3119 superbis,
2684 3039 2857 3100 terra
2895 3037 2960 3099 et
3003 3032 3201 3097 cinis?
3230 3054 3261 3093 n
3299 3030 3521 3097 Merito
3558 3031 3742 3096 enim
3767 3030 3877 3095 de-

2338 3144 2446 3209 bet
2462 3161 2599 3209 esse
2616 3143 2756 3227 subj
2763 3151 2959 3223 ectus,
2982 3142 3096 3226 qui
3116 3142 3194 3207 de
3210 3144 3403 3223 terra,
3423 3157 3570 3224 quae
3582 3139 3880 3206 omnium

2340 3251 2609 3333 pedibus
2633 3250 3066 3331 conculcatur,
3090 3252 3185 3312 est
3206 3251 3593 3330 assumptus.

2422 3358 2510 3423 De
2537 3357 2858 3440 virginali,
2904 3376 3052 3441 quse
3083 3360 3179 3423 est
3214 3357 3399 3421 beata
3432 3355 3630 3437 Virgo
3658 3354 3878 3434 Maria,

2340 3463 2570 3528 dicitur
2585 3464 2664 3528 ¹¹:
2696 3486 2727 3525 α
2747 3463 2915 3529 Fons
2940 3464 3312 3530 ascendebat
3338 3464 3418 3528 de
3433 3467 3624 3527 terra.
3654 3484 3688 3522 ι)
3717 3461 3883 3527 Fons

2342 3569 2630 3635 Christus
2660 3574 2775 3635 est.
2809 3570 3101 3635 Psalmus
3128 3573 3171 3614 ¹¹
3206 3591 3222 3636 ε
3263 3570 3522 3636 «Ξίιίνῆ
3554 3570 3775 3634 anima
3805 3567 3884 3632 ad

2343 3677 2547 3743 Deum
2607 3677 2849 3743 fontem
2902 3678 2986 3761 (cl)
3031 3679 3280 3744 vivum.
3313 3700 3346 3740 «ι
3400 3675 3753 3759 Gregorius
3773 3676 3819 3712 ¹⁸
3864 3695 3880 3738 ε

2352 3808 2384 3847 α
2422 3785 2598 3851 Bone
2639 3786 2829 3864 lesu,
2889 3787 3033 3850 fons
3078 3785 3447 3851 indeficiens
3490 3787 3554 3848 et
3594 3783 3886 3849 bumana

2343 3893 2534 3958 corda
2560 3893 2873 3974 reficiens,
2904 3893 2984 3958 ad
3007 3896 3069 3957 te
3087 3910 3298 3972 curro,
3319 3896 3382 3957 te
3400 3891 3610 3956 solum
3637 3889 3879 3968 sitiens,

2343 4006 2417 4063 tu
2442 4000 2614 4065 solus
2639 4001 2801 4065 mibi
2827 4019 2897 4065 es
2933 4000 3276 4065 sufficiens.
3308 4021 3341 4060 ι)
3376 3999 3550 4066 Fons
3588 3994 3887 4064 ascende·

2345 4110 2450 4177 but
2474 4110 2553 4178 de
2579 4119 2774 4193 terra,
2801 4112 3059 4195 quando
3085 4110 3372 4176 Christus
3397 4110 3783 4176 nascebatur
3807 4106 3886 4172 de

2348 4216 2568 4283 Maria.
2602 4219 2685 4283 De
2721 4237 2851 4302 qua
2889 4220 3102 4284 terra?
3130 4216 3177 4254 ¹⁸
3216 4240 3249 4280 a
3274 4216 3471 4283 Terra
3509 4216 3620 4281 illa
3645 4215 3887 4281 inculta

2343 4325 2507 4389 facta
2533 4329 2631 4390 est
2655 4324 2834 4390 velut
2860 4324 3087 4388 hortus
3112 4323 3476 4408 voluptatis.
3506 4345 3537 4383 n
3564 4322 3766 4386 Terra
3786 4321 3883 4384 in-

2345 4431 2514 4496 culta
2538 4436 2632 4498 est
2661 4430 2860 4496 Maria
2889 4430 3089 4513 Virgo
3117 4431 3385 4511 intacta,
3415 4433 3480 4494 et
3510 4433 3729 4494 tamen
3763 4429 3884 4493 foe-

2346 4539 2575 4604 cunda.
2598 4538 2671 4603 In
2691 4539 2813 4604 hoc
2828 4538 3018 4603 horto
3032 4538 3263 4602 herbas
3287 4536 3625 4617 virtutum,
3655 4535 3883 4601 flores—

2345 4665 2472 4729 que
2495 4639 2941 4729 exemplorum
2967 4645 3370 4728 colligamus.
3386 4645 3431 4682 ¹⁸
3461 4667 3494 4706 α
3513 4643 3733 4710 Flores
3759 4643 3885 4709 mei

2346 4753 2590 4818 fructus
2614 4752 2904 4819 honoris.
2933 4773 2965 4813 a

2429 4862 2516 4927 De
2538 4860 2850 4945 spirituali
2868 4908 2890 4941 ,
2921 4880 3068 4945 quae
3108 4864 3203 4925 est
3230 4879 3338 4926 cor
3363 4861 3756 4942 humanum,
3782 4861 3887 4929 vel

2347 4968 2589 5048 anima,
2617 4969 2850 5034 dicitur
2873 4970 2941 5033 in
2962 4969 3085 5034 hoc
3102 4966 3452 5050 Evangelio
3465 4967 3542 5032 ¹⁶:
3571 4969 3758 5048 Quod
3775 4985 3884 5035 au·

2350 5179 2409 5231 11,
2431 5171 2483 5220 6.
2503 5193 2565 5206 -—
2588 5167 2628 5204 1²
2648 5166 2787 5218 Psal.
2807 5178 2918 5230 xm,
2939 5168 2987 5217 3.
3010 5192 3074 5204 -
3104 5165 3142 5201 ¹⁸
3163 5167 3395 5230 Greg.—
3419 5165 3463 5202 ¹⁸
3483 5164 3681 5232 Ezech„
3703 5178 3880 5232 xxxvl,

2351 5240 2432 5290 35·
2465 5264 2520 5275 “-”
2544 5239 2587 5276 ¹⁸
2612 5237 2795 5303 Reciso,
2822 5249 2970 5302 nlv,
2993 5239 3073 5289 23·
3096 5263 3162 5276 ⁸·-
3187 5237 3228 5274 ι.
3253 5237 3391 5300 Luco,
3416 5248 3531 5303 ull,
3559 5240 3608 5291 80

2413 5347 2481 5412 (a)
2524 5347 2644 5411 [ις.
2671 5346 2856 5397 sint.—
2877 5345 2948 5411 (ὁ)
2974 5345 3119 5412 Vulq.
3152 5344 3207 5397 in
3228 5343 3439 5411 justitia.
3458 5371 3513 5382 —
3530 5345 3588 5411 (c)
3618 5345 3741 5397 Goet.
3760 5345 3879 5397 edit.

2349 5430 2552 5482 aquam.
2574 5443 2637 5456 —
2665 5416 2738 5482 (d)
2773 5418 2919 5484 ναις.
2942 5416 3149 5469 fortem.
