4059 6317
0 3293 90 3336 lum.

1473 440 1576 511 DE
1614 440 1729 509 SS.
1773 436 2141 506 ANGELIS.

205 592 345 638 nem
376 576 477 653 (a),
509 579 567 637 et
591 592 702 653 per
727 576 976 652 dignam
1012 579 1570 638 remunerationem.
1599 577 1743 637 Mul-

203 676 333 731 tum
360 684 504 746 ergo
534 671 826 730 debemus
852 672 1056 730 conari
1082 675 1139 730 et
1160 676 1426 747 satagere
1452 672 1534 731 ad
1560 672 1744 743 bona,

205 765 453 841 quando
495 764 643 824 tales
681 765 1007 825 advocatos
1052 768 1110 824 et
1141 766 1286 825 tales
1311 767 1550 826 nuntios
1570 765 1750 824 habe·

202 875 361 931 mus,
389 858 494 934 qui
523 859 717 917 statim
744 875 816 918 ea
842 859 1182 918 referuntin
1207 865 1522 936 conspectu
1549 858 1670 932 Dei,
1692 864 1750 917 et

202 953 470 1011 scribunt
494 952 558 1010 in
585 952 742 1013 libro
770 954 926 1012 vitae.

275 1050 473 1119 Nono,
521 1046 635 1121 ipsi
679 1048 1013 1122 perducunt
1063 1053 1122 1106 et
1173 1047 1554 1106 introducunt
1595 1047 1746 1106 elec-

201 1145 294 1199 tos
339 1141 420 1198 ad
460 1144 677 1199 aeterna
721 1143 998 1216 praemia,
1040 1142 1164 1199 sive
1216 1157 1402 1214 regna
1458 1141 1747 1211 eoelestia,

200 1239 270 1293 ut
306 1237 596 1293 monstrat
636 1234 969 1292 Bernartius
1002 1234 1065 1293 in
1107 1237 1334 1308 Dialoqo
1364 1238 1403 1291 ¹.
1432 1237 1497 1294 ln
1525 1238 1743 1309 puncto

201 1328 589 1403 separationis
615 1329 832 1386 animae
860 1344 897 1386 a
927 1343 1198 1403 corpore,
1220 1329 1505 1387 obseratis
1532 1343 1746 1404 corpo-

199 1422 283 1480 ris
309 1422 613 1492 sensibus,
650 1420 858 1494 Angeli
885 1422 1031 1481 boni
1074 1426 1131 1479 et
1166 1422 1310 1480 mali
1353 1422 1747 1494 conveniunt,

198 1516 299 1573 vel
325 1515 673 1588 adveniunt,
703 1515 807 1590 qui
835 1516 1037 1574 omnia
1058 1516 1222 1574 bona
1249 1520 1306 1574 et
1326 1515 1487 1574 mala
1513 1515 1593 1574 ad
1621 1530 1745 1573 me-

200 1610 455 1669 moriam
481 1616 797 1682 revocant,
826 1613 909 1670 ita
948 1611 1116 1686 quod
1142 1611 1337 1670 statim
1370 1612 1595 1685 judicet
1633 1614 1747 1670 Do-

199 1705 398 1763 minus
439 1706 644 1765 omnia
683 1706 850 1765 bona
886 1709 944 1764 et
968 1706 1158 1778 mala,
1189 1705 1396 1764 merita
1421 1705 1520 1763 vel
1547 1705 1745 1763 deme-

195 1800 329 1858 rita.
361 1801 504 1859 Hinc
533 1805 619 1860 est
653 1802 913 1875 Angelus
947 1802 1145 1860 bonus
1183 1801 1347 1859 bona
1387 1800 1651 1874 allegans
1690 1804 1747 1858 et

197 1895 475 1966 recitans,
488 1894 631 1954 inde
659 1896 920 1970 Angelus
947 1911 1247 1967 accusans,
1272 1897 1330 1953 et
1355 1895 1559 1955 omnia
1584 1894 1745 1953 mala

199 1989 280 2047 ad
314 1988 672 2049 memoriam
709 2005 1027 2061 revocans,
1059 1993 1118 2047 et
1142 1990 1190 2047 si
1219 2005 1353 2064 quae
1380 1988 1542 2047 mala
1567 1988 1742 2046 bonis

195 2083 686 2158 praeponderent,
711 2086 916 2158 utpote
942 2083 993 2140 si
1012 2082 1339 2157 reperiatur
1371 2083 1435 2140 in
1473 2081 1742 2152 mortali,

195 2177 394 2234 statim
441 2176 692 2235 traditur
735 2176 1055 2235 tortoribus
1072 2219 1091 2248 ,
1135 2176 1237 2250 qui
1273 2175 1584 2234 retrudunt
1608 2191 1742 2234 eam

195 2269 260 2327 in
288 2285 588 2328 carcerem
613 2269 829 2328 inferni
855 2269 1240 2328 cruciandam
1279 2269 1343 2327 in
1383 2270 1599 2328 soecula
1636 2286 1741 2327 εω-

197 2363 478 2422 culorum
503 2381 521 2420 ε
551 2363 600 2421 si
648 2380 793 2422 vero
837 2362 1086 2421 decedat
1127 2363 1192 2420 in
1238 2362 1548 2436 charitate,
1596 2368 1738 2422 tunc

195 2472 338 2514 cum
385 2457 589 2532 aliquo
633 2456 966 2532 purgabili,
1013 2456 1160 2515 boni
1200 2457 1401 2530 angeli
1439 2457 1743 2515 deducunt

194 2566 332 2610 eam
357 2551 420 2608 in
446 2550 889 2627 purgatorium,
920 2567 1055 2625 quae
1082 2554 1398 2625 purgatam
1438 2550 1741 2609 deducunt

193 2660 332 2703 eam
364 2645 428 2702 in
454 2644 818 2720 paradisum.
849 2645 908 2704 Si
927 2649 1125 2702 autem
1154 2645 1215 2702 in
1241 2649 1399 2702 tanta
1428 2642 1740 2704 decesserit

190 2738 506 2810 charitate,
550 2743 617 2796 ut
660 2753 902 2796 omnem
948 2737 1377 2813 consumpserit
1399 2738 1738 2812 rubiginem

187 2836 606 2906 peccatorum,
652 2832 735 2891 ita
779 2831 948 2906 quod
992 2831 1143 2889 nihil
1190 2831 1498 2906 purgabile
1535 2847 1738 2890 secum

187 2925 440 2995 habeat,
468 2926 662 2984 statim
690 2926 987 2999 accipiunt
1009 2941 1143 2983 eam
1183 2923 1391 2997 Angeli
1430 2925 1647 2996 sancti,
1680 2930 1737 2983 et

188 3019 497 3092 deferunt,
541 3023 599 3077 et
640 3019 1024 3078 introducunt
1062 3019 1125 3075 in
1162 3033 1422 3091 regnum
1467 3019 1732 3092 coeleste,

171 3113 295 3172 nbi
340 3112 550 3171 divina
591 3112 820 3172 visione
863 3113 927 3170 in
969 3116 1324 3186 perpetuum
1378 3112 1730 3186 perfruetur.

141 3253 163 3267 .
188 3208 309 3264 Hoc
336 3206 681 3281 exemplum
703 3205 995 3265 habemus
1024 3207 1086 3264 in
1111 3208 1261 3264 Luca
1287 3206 1363 3264 de
1392 3205 1571 3265 divite
1593 3221 1734 3280 epu-

183 3298 326 3358 lone
373 3302 435 3358 et
476 3302 691 3358 Lazaro
731 3299 1011 3358 mendico
1056 3299 1093 3371 ²,
1138 3299 1244 3358 ubi
1293 3298 1506 3358 dicitur
1566 3300 1735 3375 quod

190 3412 219 3447 ι
245 3398 521 3451 mortuus
548 3396 635 3451 est
660 3392 848 3464 dives,
867 3396 926 3451 et
945 3393 1208 3468 sepultus
1229 3393 1404 3452 estin
1428 3380 1725 3452 inferno.»

183 3487 397 3562 Utique
440 3486 520 3544 ad
561 3486 741 3546 talem
782 3487 1128 3561 parochiam
1174 3502 1310 3544 cum
1353 3487 1456 3545 tali
1494 3503 1734 3561 proces-

181 3581 353 3639 sione
386 3580 622 3639 delatus
646 3584 916 3638 mortuus
942 3585 1029 3639 est
1051 3596 1313 3655 pauper,
1348 3583 1732 3655 portatusque

183 3677 271 3732 est
317 3674 402 3734 ab
447 3673 685 3748 Angelis
723 3674 788 3731 in
833 3674 1029 3731 sinum
1071 3673 1342 3732 Abrahae.
1398 3675 1732 3733 Secundum

180 3768 580 3841 Augustinum
620 3768 674 3840 ⁸,
732 3786 762 3821 σε
804 3768 968 3826 sinus
1018 3767 1265 3826 Abrahae
1306 3772 1393 3826 est
1442 3771 1731 3826 secretum

180 3861 431 3936 quietis,
477 3860 585 3919 ubi
633 3860 1011 3936 requiescunt
1052 3860 1266 3919 animae
1305 3865 1588 3935 separatas
1631 3880 1646 3915 ε
1695 3880 1724 3917 n

169 3957 348 4013 sinus
377 3953 540 4014 enim
567 3955 872 4013 communi
893 3955 1136 4014 nomine
1162 3960 1455 4014 secretum
1471 3955 1729 4030 appella-

177 4055 293 4107 tur.
343 4051 470 4107 lloo
514 4048 811 4122 signatum
855 4053 942 4107 est
983 4050 1168 4107 Exodi
1208 4063 1350 4108 xxm
1391 4049 1415 4085 ⁴
1445 4067 1461 4106 ε
1504 4069 1529 4103 α
1555 4048 1730 4108 Mittet

167 4143 344 4201 enim
385 4145 538 4200 Deus
579 4157 1005 4217 proecursorem
1050 4140 1142 4217 (ὁ)
1177 4156 1354 4200 suum
1400 4143 1691 4216 Angelum
1706 4184 1726 4215 ,

176 4243 243 4295 ut
267 4236 613 4296 introducat
639 4240 696 4295 te
728 4236 791 4295 in
817 4240 1032 4295 terram
1058 4236 1376 4296 chanaam.
1405 4255 1437 4292 »

555 4433 669 4509 DE
735 4433 856 4510 SS.
926 4432 1351 4509 ANGELIS.

800 4588 1120 4650 SERMO.

244 4710 322 4767 Et
364 4722 547 4766 omnes
585 4708 778 4779 Annali
810 4708 1028 4765 stabam
1075 4709 1139 4762 in
1182 4709 1414 4763 eir-witta
1451 4708 1634 4764 throni
1672 4714 1726 4765 et

172 4806 474 4873 seniorum,
496 4806 548 4858 et
566 4802 871 4859 ceciderunt
883 4802 948 4857 in
961 4804 1238 4871 compacta
1268 4800 1452 4857 throni
1476 4803 1537 4857 in
1551 4803 1723 4870 facies

236 4950 252 4983 ¹
286 4965 315 4995 «
355 4945 599 5012 Dialogus
638 4946 739 4997 boc
771 4944 886 4997 loco
919 4944 1101 4996 citatus
1129 4947 1207 4995 est
1233 4944 1403 4995 forsan
1431 4958 1602 4996 sermo
1638 4944 1721 4997 vel

169 5018 303 5070 liber
339 5018 813 5080 Declamatiunum,
844 5014 1116 5079 inscriptus
1153 5015 1466 5081 Colloqm'um
1504 5017 1645 5067 Petri
1671 5020 1719 5066 et

177 5092 408 5151 Christi,
438 5095 496 5141 ut
526 5091 701 5141 videre
737 5091 816 5141 est
849 5089 902 5139 in
938 5088 1189 5152 principio
1215 5087 1358 5147 libri,
1388 5088 1518 5139 etin
1552 5088 1719 5139 lndice

163 5168 394 5229 'operum
420 5160 474 5213 S.
501 5160 778 5224 Bernardi,
819 5159 1112 5211 inscribitur
1137 5159 1508 5225 Dialoqismus,
1534 5159 1588 5210 in
1615 5174 1719 5225 quo

159 5235 235 5285 ‘de
264 5232 480 5298 Angelis
503 5232 631 5284 nihil
657 5235 814 5282 extat.
842 5248 871 5280 n
903 5234 988 5286 tta.
1005 5230 1240 5282 Editores
1264 5232 1482 5283 Romani
1495 5247 1512 5297 ;
1539 5245 1718 5283 verum

169 5307 314 5357 enim
361 5319 491 5356 vero
531 5303 780 5369 suspicari
820 5302 944 5354 licet
987 5316 1215 5353 errorem
1257 5304 1589 5370 typographi,
1631 5303 1719 5367 qui

171 5378 499 5430 Ber-nardum
548 5375 730 5441 legerit
771 5388 868 5441 pro
911 5374 1186 5439 Gregorio,
1231 5375 1455 5441 Dialoq„
1497 5375 1589 5426 lib.
1628 5378 1717 5438 lv,

1851 590 2020 648 suas,
2065 582 2118 633 et
2163 575 2525 634 αάοναυεηιηέ
2566 579 2734 635 Deum
2773 578 2815 632 ⁸.
2864 577 2888 613 ⁶
2936 595 2965 632 α
3000 578 3403 654 Quascumque

1853 670 2071 744 scripta
2116 672 2281 740 sunt,
2338 670 2417 729 ad
2467 673 2735 729 nostram
2790 671 3125 731 doctrinam
3183 672 3404 749 scripta

1851 768 2009 835 sunt,
2036 783 2065 819 n
2094 766 2159 820 ut
2183 780 2293 838 per
2316 764 2517 824 audita
2546 770 2604 823 et
2628 764 2926 823 intellecta
2951 765 3251 825 discamus
3276 782 3401 825 non

1853 856 2051 914 solum
2096 859 2279 915 Deum
2323 858 2603 932 diligere,
2642 859 2751 917 sed
2793 859 2991 935 ipsum
3038 861 3299 919 amando
3329 861 3399 919 ti·

1853 965 2037 1008 mere.
2068 954 2133 1008 Et
2158 951 2295 1008 hinc
2336 957 2423 1010 est
2459 952 2627 1026 quod
2670 944 2858 1011 oculis
2895 954 3261 1026 ingratorum
3304 955 3400 1012 in-

1851 1043 2184 1102 troducitur
2209 1044 2509 1103 humilitas
2532 1046 2916 1120 Angelorum,
2945 1047 3051 1122 qui
3076 1051 3195 1108 Deo
3218 1048 3400 1107 inhae—

1851 1141 2045 1195 rentes
2081 1136 2313 1196 fervent
2349 1138 2629 1196 incendio
2670 1139 3034 1209 dilectionis,
3080 1145 3138 1199 et
3182 1141 3400 1215 invigi-

1850 1229 1975 1289 lant
2006 1231 2298 1305 obsequio
2325 1230 2692 1304 devolionis,
2722 1235 2790 1303 ut
2813 1233 3038 1307 pudeat
3070 1251 3400 1311 presump-

1851 1324 1934 1382 tio
1957 1324 2288 1397 fragilitatis
2314 1326 2613 1393 humanae,
2633 1326 2738 1385 ubi
2765 1327 2850 1384 sic
2877 1344 2940 1385 se
2969 1327 3243 1387 humiliat
3271 1327 3400 1387 alti-

1851 1417 2000 1475 tudo
2025 1417 2353 1477 nobilitatis
2378 1419 2678 1494 angelicae.
2709 1423 2777 1479 Et
2795 1421 2857 1478 in
2881 1421 3068 1479 verbo
3090 1422 3397 1496 proposito

1853 1512 2178 1570 ostenditur
2216 1514 2579 1585 Angelorum
2622 1513 2963 1573 studiositas
3001 1521 3291 1591 quantum
3314 1517 3396 1574 ad

1852 1604 1975 1662 duo
2009 1623 2024 1661 :
2057 1605 2254 1679 primo
2289 1609 2579 1681 quantum
2608 1607 2688 1665 ad
2719 1609 3251 1684 promptitudinem
3288 1611 3397 1669 ob-

1849 1698 2173 1772 sequendi,
2200 1715 2338 1757 cum
2364 1699 2577 1758 dicitur
2607 1719 2623 1758 z
2652 1703 2726 1758 Et
2754 1717 2927 1759 omnes
2952 1704 3153 1774 Anqeli
3178 1705 3397 1762 stabam

1849 1794 1912 1848 in
1937 1795 2171 1849 circuitu
2200 1794 2402 1851 throni.
2433 1796 2500 1850 ln
2526 1797 2775 1866 circuitu,
2813 1795 2983 1867 dicit,
3008 1800 3074 1854 ut
3100 1796 3396 1871 intelliga-

1849 1888 1944 1943 tur
1980 1885 2046 1942 in
2083 1886 2321 1959 Angelis
2362 1887 2556 1946 unitas
2592 1888 2914 1946 voluntatis
2924 1931 2945 1962 ,
2986 1889 3052 1947 in
3090 1894 3209 1949 Deo
3248 1907 3392 1950 vero

1849 1978 2182 2037 sublimitas
2209 1979 2508 2054 potestatis
2532 1983 2554 2019 '¹
2585 1999 2601 2040 ε
2630 2000 2661 2036 α
2686 1983 2865 2041 millia
2900 1983 3155 2042 millium
3193 1984 3398 2042 minis-

1849 2074 2087 2134 trabant
2108 2077 2184 2148 ei,
2224 2080 2281 2134 et
2306 2076 2502 2136 decies
2530 2082 2777 2138 centena
2812 2079 3001 2139 millia
3045 2080 3397 2140 assistebant

1848 2168 1924 2225 ei.
1956 2188 1985 2224 n
2018 2168 2323 2242 Secundo,
2354 2175 2645 2245 quantum
2680 2173 2763 2230 ad
2797 2172 2980 2231 decus
3017 2176 3355 2233 reverentiae
3372 2218 3392 2249 ,

1849 2278 1987 2320 cum
2014 2262 2184 2321 addit
2210 2281 2227 2320 z
2257 2265 2330 2321 Et
2353 2265 2655 2324 ceciderunt
2679 2270 2742 2323 in
2767 2269 2935 2335 facies
2971 2283 3100 2325 suas
3141 2271 3205 2324 in
3244 2284 3395 2326 com·

1842 2362 2006 2429 pecta
2036 2357 2215 2414 throni
2228 2397 2248 2427 ,
2274 2363 2328 2414 et
2357 2358 2718 2417 adoraverunt
2768 2364 2955 2417 Dwm.
2998 2362 3263 2430 Quorum
3306 2378 3395 2420 re·

1845 2450 2111 2506 verentia
2134 2450 2198 2507 in
2228 2449 2466 2510 duobus
2493 2452 2842 2523 ostenditur,
2857 2453 3081 2512 scilicet
3100 2471 3117 2511 ε
3138 2454 3201 2512 in
3219 2455 3390 2528 signo

1843 2541 2274 2601 humiliationis
2285 2585 2308 2615 ,
2339 2545 2484 2618 quia
2510 2547 2817 2604 ceciderunt
2843 2550 2902 2604 in
2927 2550 3098 2616 facies
3127 2563 3292 2615 suas,-
3334 2554 3392 2607 et

1844 2634 1910 2692 in
1942 2636 2137 2709 ,iubilo
2175 2637 2572 2708 adorationis,
2609 2640 2753 2715 quia
2794 2641 3154 2699 adoraverant
3198 2646 3384 2700 Datm.

1844 2730 2092 2804 Propter
2128 2731 2295 2806 quod
2340 2733 2605 2807 sequitur
2634 2752 2650 2791 z
2693 2736 3005 2793 Bevwdictio
3041 2741 3093 2792 et
3132 2738 3387 2808 clm-itas,

1845 2828 1900 2879 et
1934 2829 2247 2899 sapientia,
2292 2829 2402 2884 etc.
2460 2826 2606 2885 Dicit
2656 2826 2836 2902 igitur
2885 2848 2901 2887 ε
2950 2831 3024 2887 Et
3067 2846 3245 2889 omnes
3283 2848 3388 2889 an-

1843 2920 1974 2990 geli,
2004 2923 2115 2977 etc.
2230 2936 2235 2943 ·

1916 3012 2072 3071 Licet
2105 3012 2338 3087 Angeli,
2366 3013 2698 3072 secundum
2734 3031 2799 3073 se
2841 3015 3227 3091 considerati,
3257 3033 3385 3076 om-

1841 3122 1983 3166 nem
2002 3111 2332 3167 creaturam
2357 3107 2570 3166 decore
2591 3108 3029 3182 transcendant,
3057 3111 3200 3185 quia
3225 3131 3254 3164 α
3278 3110 3382 3170 flo-

1841 3215 1937 3258 res
1962 3205 2184 3259 natiuae
2210 3204 2373 3274 sunt,
2403 3223 2431 3255 »
2464 3202 2615 3260 sicut
2654 3202 2796 3260 dicit
2835 3204 3190 3276 Augustinus
3211 3205 3265 3277 ⁸3
3297 3210 3384 3263 ta-

1841 3311 1982 3353 men
2009 3294 2363 3354 considerati
2400 3297 2462 3354 in
2504 3300 2795 3371 quantum
2838 3298 2901 3354 in
2942 3297 3287 3357 hierarchiis
3326 3302 3385 3356 et

1843 3388 2155 3446 ordinibus
2180 3395 2315 3448 sunt
2340 3390 2616 3463 distincti,
2643 3391 2726 3448 ita
2743 3391 2911 3466 quod
2937 3393 3271 3467 superiores
3296 3392 3383 3451 in·

1839 3482 2156 3543 ferioribus
2190 3485 2606 3560 proeferantur,
2636 3492 2692 3545 et
2726 3486 3033 3545 inferiores
3067 3489 3382 3563 superiori-

1840 3576 1955 3634 bus
1979 3577 2390 3651 disponantur,
2414 3583 2638 3653 quanto
2656 3579 2832 3652 huJus
2851 3580 3243 3639 ordinationis
3264 3582 3381 3640 dis-

1838 3670 2053 3744 positio
2100 3670 2165 3727 in
2203 3671 2320 3729 illis
2362 3672 2620 3743 relucet,
2659 3676 2822 3731 tanto
2870 3673 3014 3732 viris
3058 3675 3384 3748 intelligen-

1840 3763 1997 3822 tibus
2020 3765 2213 3838 magis
2237 3765 2452 3839 placet.
2480 3764 2647 3824 Unde
2675 3766 2724 3823 si
2750 3766 3044 3826 admirata
3064 3771 3152 3826 est
3176 3769 3382 3842 regina

1837 3856 1994 3916 Saba
2020 3858 2293 3917 ordinem
2319 3858 2778 3917 ministrantium
2802 3858 2866 3917 in
2893 3877 3101 3919 mensa
3117 3862 3382 3922 Salomo-

1837 3950 1952 4024 nis,
1979 3955 2204 4025 quanto
2232 3951 2424 4025 magis
2446 3958 2637 4027 potest
2661 3954 2863 4012 anima
2895 3955 3181 4015 admirari
3222 3957 3381 4016 ordi-

1837 4060 1976 4104 nem
2001 4047 2459 4106 ministrantium
2484 4048 2548 4106 in
2574 4065 2782 4108 mensa
2807 4051 3122 4124 creatoris,
3154 4052 3248 4112 vel
3275 4069 3379 4112 cu-

1835 4140 1925 4197 ria
1969 4140 2155 4211 illius,
2200 4140 2418 4200 scilicet
2444 4144 2468 4180 ⁹
2501 4162 2530 4197 ι
2559 4144 2662 4218 qui
2706 4143 2844 4202 iacit
2886 4145 3271 4204 concordiam
3315 4148 3379 4206 ln

1835 4232 2192 4292 sublimibus
2215 4234 2354 4292 suis.
2372 4254 2401 4290 n
2419 4239 2484 4293 Et
2510 4236 2649 4294 ideo
2674 4241 2816 4296 nota
2830 4238 2998 4312 quod
3023 4239 3226 4314 Angeli
3254 4240 3377 4298 dis-

1834 4329 1996 4387 tincti
2018 4334 2155 4387 sunt
2186 4330 2250 4387 in
2275 4331 2487 4404 triplici
2513 4331 2877 4404 hierarchia,
2909 4333 3126 4393 scilicet
3167 4351 3376 4410 supre-

1834 4438 1956 4495 ma,
1980 4423 2181 4482 media
2205 4428 2263 4482 et
2280 4424 2484 4482 infima
2512 4443 2529 4482 :
2560 4440 2840 4499 suprema
2862 4432 2951 4486 est
2984 4429 3378 4491 assistentium

1833 4517 2123 4590 majestati
2150 4518 2364 4577 divinae
2378 4538 2398 4591 ;
2427 4518 2630 4578 media
2656 4526 2742 4578 est
2767 4521 3157 4581 resistentium
3180 4528 3378 4598 potes-

1832 4610 1936 4669 tati
1974 4611 2310 4684 contrariee3
2340 4612 2549 4672 infima
2574 4616 2659 4672 est
2694 4613 3154 4675 ministrantium
3179 4632 3378 4678 necea

1832 4705 1986 4764 sitati
2013 4705 2310 4765 humanm.

1831 4874 1877 4912 c.
1923 4871 2012 4923 xv,
2048 4871 2169 4923 xix,
2198 4864 2295 4911 etc.
2327 4886 2390 4899 —
2426 4860 2444 4891 ²
2471 4861 2569 4912 Luc
2592 4898 2609 4925 ,
2653 4874 2769 4926 xvi,
2798 4866 2877 4914 22.
2904 4890 2967 4901 —
3001 4863 3024 4900 ³
3050 4865 3286 4929 August,
3314 4865 3376 4919 de

1830 4931 2012 4983 Anima
2043 4935 2092 4981 et
2119 4931 2188 4996 ej.
2221 4933 2385 4997 Orio,
2410 4932 2497 4985 lib.
2534 4897 2619 4998 13³¹,
2659 4949 2706 4984 c.
2748 4947 2865 4999 xvi,
2900 4949 2955 4987 u.
2989 4939 3076 4999 245
3106 4938 3166 4986 de
3194 4939 3375 4991 Gener.

1830 5002 1899 5052 ad
1932 5001 2060 5064 lita,
2087 5002 2178 5052 lib.
2207 5003 2327 5067 xil,
2357 5014 2404 5053 c.
2436 5015 2635 5069 υκαι,
2663 5018 2721 5055 n.
2748 5008 2835 5069 633
2866 5020 3024 5057 serm.
3053 5019 3175 5071 xlv,
3206 5021 3287 5074 m,
3316 5016 3377 5077 ⁴3

1828 5077 1960 5123 cont.
1989 5074 2169 5139 Fau-et,
2204 5074 2297 5125 lib.
2324 5076 2560 5140 ΧΧΧΙΙΙ,
2599 5088 2649 5126 v.
2676 5103 2739 5114 —
2774 5077 2791 5106 ⁸
2821 5077 3010 5132 Eaeod..
3044 5090 3204 5144 xxm,
3234 5084 3283 5133 2.
3314 5109 3377 5122 -

1831 5145 2045 5210 ⁸Apoc„
2076 5158 2180 5207 vn,
2212 5151 2287 5197 Η.
2320 5173 2375 5183 -
2414 5147 2436 5179 ⁸
2469 5148 2626 5211 Rom„
2656 5160 2745 5212 xv,
2768 5151 2818 5199 4.
2845 5174 2909 5187 -
2936 5150 2953 5181 ”
2980 5150 3137 5214 Dan„
3163 5164 3263 5217 vn,
3289 5158 3374 5208 1⁰.

1826 5242 1893 5255 —
1920 5218 1939 5247 ¹⁸
1968 5218 2095 5282 Aug.
2125 5243 2187 5256 —
2213 5217 2233 5248 ⁰
2260 5216 2372 5280 Job,
2400 5230 2524 5283 xxv,
2553 5221 2599 5273 2.

1894 5304 1961 5367 (α)
2000 5302 2123 5354 Coet.
2161 5301 2288 5353 edit.
2325 5302 2700 5355 ascensionem.
2732 5331 2793 5343 -
2832 5304 2905 5370 (b)
2945 5306 3068 5356 Item
3104 5321 3374 5373 pereusso-

1828 5386 1959 5425 rem.
