4059 6317
654 432 774 499 320

648 569 814 635 ne.'¹
867 589 899 630 ι
926 566 999 632 In
1043 565 1227 648 nagia
1268 565 1498 632 vinum
1541 568 1677 630 erat
1723 565 2089 644 abundans,
2124 568 2189 629 et

647 677 1044 761 praecipuum
1070 674 1441 758 ponebatur.
1465 695 1497 734 s
1514 672 1595 739 Et
1618 673 2028 757 praemittitur
2051 671 2181 737 ibi:

648 806 682 843 α
700 782 1007 848 Bibebant
1041 784 1256 844 autem
1306 779 1420 863 qui
1459 779 1711 844 invitati
1753 781 1936 844 erant
1971 779 2187 844 aureis

646 887 913 972 poculiS.
928 908 960 947 ι)
991 885 1267 969 Require
1287 886 1743 970 expositionem
1760 885 1829 950 in
1845 902 2140 951 sermone
2164 908 2180 950 :

648 996 990 1076 Deficiente
1014 994 1229 1076 vinos.

1188 1170 1479 1244 SERMO
1524 1173 1617 1241 111
1624 1161 1640 1242 .

734 1317 882 1385 Tres
933 1322 1122 1397 sunt,
1150 1318 1270 1400 qui
1308 1318 1744 1384 testimonium
1765 1315 1926 1384 dant
1958 1317 2034 1383 in
2063 1333 2180 1384 οω-

648 1426 756 1504 lo⁸,
786 1430 904 1490 etc.
935 1424 1153 1490 Glossa
1181 1447 1196 1491 :
1239 1447 1270 1486 α
1291 1424 1410 1489 Per
1435 1425 1557 1489 hoc
1583 1429 1865 1508 apparet,
1891 1425 2059 1508 quod
2087 1424 2188 1491 Je-

648 1551 759 1599 sus
770 1540 864 1602 est
886 1533 1184 1612 veritas&
1203 1554 1235 1593 n
1260 1551 1454 1598 verus
1468 1531 1657 1612 Deus,
1673 1535 1740 1597 et
1749 1549 1943 1598 verus
1962 1531 2181 1598 homo.

646 1639 735 1705 De
777 1645 1050 1723 utroque
1091 1643 1335 1705 certum
1370 1640 1685 1705 habemus
1720 1638 2179 1704 testimonium.

645 1748 696 1815 Ο
721 1766 874 1815 vere
903 1764 1222 1828 magnum
1257 1746 1322 1811 id
1346 1746 1779 1811 testimonium
1804 1750 1820 1809 1
1859 1745 2008 1812 Tres
2028 1794 2048 1826 ,
2079 1746 2179 1810 in-

645 1856 806 1938 quit,
835 1859 1009 1935 sunt,
1034 1856 1152 1938 qui
1187 1855 1625 1923 testimonium
1652 1853 1850 1933 dant,
1879 1858 1997 1919 etc.
2028 1853 2184 1919 Tres

644 1963 867 2045 utique
916 1962 1212 2028 credendi
1258 1962 1603 2027 certissime
1617 2010 1636 2042 ,
1691 1965 1820 2026 tres
1856 1961 2185 2028 metuendi

639 2070 1023 2153 justissime,
1066 2074 1196 2135 tres
1223 2069 1535 2153 diligendi
1577 2070 2013 2152 veracissime,
2058 2075 2186 2136 tres

643 2177 890 2245 colendi
911 2176 1307 2260 dignissime.
1616 2173 1627 2183 “

723 2284 812 2350 De
837 2285 1045 2368 primo
1061 2286 1084 2321 ⁸
1110 2306 1129 2350 ε
1169 2284 1463 2350 «Ibimus
1488 2284 1665 2351 viam
1702 2284 1904 2350 trium
1929 2285 2184 2351 dierum

645 2394 716 2458 iu
755 2393 1115 2459 solitudine.
1144 2415 1175 2453 ι
1209 2392 1327 2459 Via
1369 2397 1585 2460 nostra
1628 2397 1724 2459 est
1758 2395 1918 2459 fides
1965 2398 2187 2460 nostra

644 2503 841 2567 trium
876 2520 1294 2585 personarum
1321 2550 1341 2582 ,
1369 2519 1566 2586 quam
1591 2504 1666 2565 ut
1697 2501 1931 2567 rectius
1963 2503 2186 2566 tenea-

648 2627 793 2674 mus
811 2657 830 2689 ,
864 2609 1069 2693 ipsam
1107 2609 1292 2674 nobis
1334 2627 1448 2692 per
1486 2608 1733 2674 variam
1779 2607 2185 2691 scripturam,

646 2716 850 2801 ipsam
878 2735 992 2800 per
1019 2716 1304 2799 apertam
1330 2718 1644 2798 figuram,
1676 2717 1878 2798 ipsam
1922 2733 2038 2799 per
2076 2735 2183 2781 ra·

646 2823 948 2889 tionalem
984 2828 1306 2904 naturam,
1337 2825 1543 2909 ipsam
1574 2841 1688 2906 per
1716 2840 1975 2888 omnem
2003 2841 2187 2889 crea-

428 2951 624 2997 ·ranim
647 2937 862 2999 turam
888 2932 1183 2998 ostendit.
1215 2932 1363 2998 Dico
1404 2932 1576 3016 quod
1609 2930 1882 2997 Trinitas
1908 2931 2186 2997 ostendi-

438 3009 607 3125 ζῖζῗῖἷ
649 3045 757 3106 tur
786 3059 899 3123 per
925 3039 1325 3123 scripturam,
1356 3044 1488 3103 tam
1514 3039 1778 3117 veteris,
1810 3055 2004 3120 quam
2030 3038 2188 3103 novi

450 3146 584 3187 ²²⁸¹·-
650 3145 1049 3212 Testamenti.
1081 3145 1257 3211 Unde
1286 3144 1576 3211 Psalmus
1594 3145 1653 3208 ⁸:
1688 3168 1720 3207 α
1742 3143 1949 3209 Verbo
1970 3144 2184 3209 Domi·

447 3206 584 3250 menti

409 3267 625 3374 2133?
651 3261 742 3338 ni,
767 3280 799 3319 n
845 3268 964 3324 etc.
996 3257 1112 3322 Hic
1157 3256 1424 3321 dicitur:
1475 3256 1623 3321 Tres
1657 3261 1846 3334 sunt,
1875 3259 1989 3342 etc.
2026 3254 2187 3320 ltem

653 3368 1004 3433 ostenditur
1030 3384 1144 3450 per
1172 3366 1452 3447 figuram
1476 3370 1524 3443 ⁷,
1557 3363 1671 3428 ubi
1702 3362 1944 3445 legitur
1965 3412 1984 3445 ,
2014 3365 2186 3447 quod

654 3475 976 3540 Abraham
1004 3479 1129 3539 tres
1151 3473 1346 3550 vidit,
1365 3477 1430 3537 et
1454 3489 1659 3537 unum
1685 3470 1993 3536 adoravit.
2026 3469 2187 3536 Item

653 3601 768 3666 per
819 3585 1117 3646 naturam
1180 3579 1539 3645 ostenditur
1591 3578 1823 3643 animae
1871 3578 2186 3660 rationali,

649 3695 908 3773 propter
949 3707 1143 3772 quam
1189 3688 1419 3753 dieitur
1436 3692 1459 3728 ⁸
1491 3709 1507 3751 ε
1560 3709 1590 3746 α
1613 3684 1941 3751 Faciamus
1973 3684 2184 3750 homi-

648 3816 800 3862 nem
827 3798 906 3862 ad
934 3796 1306 3879 imaginem,
1323 3818 1355 3856 ι)
1383 3799 1502 3859 etc.
1536 3793 1903 3859 Secundum
1929 3794 2190 3875 Augus-

649 3905 860 3970 tinum
890 3904 1103 3970 anima
1130 3922 1242 3988 per
1269 3902 1671 3983 memoriam,
1701 3919 1813 3984 per
1840 3901 2180 3982 rationem,

650 4033 764 4098 per
780 4014 1176 4080 voluntatem
1191 4061 1209 4094 ,
1240 4017 1334 4077 est
1353 4013 1571 4093 imago
1601 4011 1831 4092 Patris,
1862 4014 1924 4076 et
1952 4010 2094 4075 Filii
2124 4015 2188 4077 et

651 4121 925 4205 Spiritus
942 4120 1140 4185 sancti
1162 4144 1178 4185 :
1210 4119 1438 4199 Patris,
1455 4138 1567 4202 per
1580 4120 1957 4183 memoriam
1979 4140 1997 4198 ;
2014 4116 2184 4199 Filii,

650 4246 765 4311 per
790 4228 1137 4305 rationem;
1168 4225 1442 4311 Spiritus
1464 4225 1662 4290 sancti
1683 4272 1703 4300 ,
1731 4243 1846 4308 per
1882 4225 2187 4290 volunta-

650 4340 800 4401 tem.
830 4335 943 4402 Vae
963 4352 1123 4417 ergo
1151 4336 1263 4412 eis,
1286 4335 1398 4417 qui
1423 4332 1775 4414 imaginem
1801 4332 1988 4397 istam
2015 4351 2190 4398 sum·

650 4459 778 4507 mae
819 4441 1145 4506 Trinitatis
1179 4441 1432 4507 vitiant.
1474 4439 1634 4505 Item
1687 4439 2038 4505 ostenditur
2074 4457 2190 4524 per

650 4567 907 4616 omnem
947 4553 1303 4614 creaturam
1319 4595 1338 4627 ,
1375 4546 1545 4631 quod
1580 4547 1653 4611 in
1686 4546 1987 4611 omnibus
2016 4563 2190 4611 crea·

650 4659 815 4722 turis
850 4656 1200 4737 vestigium
1235 4659 1330 4720 est
1353 4653 1676 4720 Trinitatis
1697 4652 1720 4689 ⁹
1753 4672 1771 4717 ε
1802 4677 1833 4715 α
1853 4650 2082 4718 Omnia
2117 4653 2188 4717 in

650 4782 974 4843 mensura,
995 4767 1060 4828 et
1075 4779 1366 4843 numero,
1378 4766 1441 4827 et
1458 4760 1735 4844 pondere
1746 4759 2132 4844 disposuisti.
2145 4782 2176 4820 n

653 4871 909 4937 Glossa:
951 4893 983 4931 α
1000 4869 1073 4935 In
1095 4869 1201 4934 his
1224 4869 1432 4935 tribus
1456 4866 1764 4933 Dominus
1790 4867 2084 4948 institunt,
2118 4870 2184 4932 et

652 4980 995 5062 gubernat,
1026 4981 1089 5042 et
1105 4975 1509 5060 judicaturus
1534 4980 1649 5039 est.
1670 4995 1702 5035 n

730 5088 817 5153 De
855 5085 1042 5152 tertio
1064 5085 1148 5149 ¹⁹:
1190 5105 1222 5146 «ι
1249 5081 1389 5165 Ego
1414 5086 1545 5147 tres
1569 5081 1834 5164 sagittas
1856 5081 2175 5146 mittam.»

715 5215 733 5250 ¹
754 5213 920 5277 Esth„
946 5225 984 5277 1,
1013 5213 1061 5263 7.
1083 5237 1146 5249 —
1163 5212 1185 5247 ¹
1208 5210 1324 5263 vid.
1353 5222 1487 5274 sup„
1514 5207 1570 5258 in
1594 5209 1746 5259 Dom.
1772 5207 1839 5271 ll,
1862 5211 1978 5272 post
1998 5205 2182 5272 Epiph.

650 5298 804 5338 serm.
834 5298 892 5351 ιι,
927 5299 1043 5350 pag.
1074 5287 1151 5348 88,
1187 5281 1287 5335 col.
1318 5284 1450 5333 2.—
1475 5281 1493 5311 ⁸
1523 5281 1727 5345 ilcan„
1754 5292 1805 5342 v,
1828 5282 1878 5330 7.
1903 5305 1965 5317 —
1985 5278 2008 5314 ⁸
2038 5278 2185 5344 thid„

651 5362 701 5409 6.
723 5384 787 5397 -
810 5360 833 5394 ⁸
860 5358 1044 5421 Evod„
1073 5368 1164 5419 ιιι,
1201 5357 1279 5407 18.
1306 5381 1360 5392 —
1391 5354 1414 5389 ⁸
1442 5352 1579 5404 Psat.
1609 5363 1789 5414 xxm,
1823 5354 1872 5401 6.
1898 5376 1964 5389 -
1990 5352 2009 5382 ”
2038 5348 2184 5416 θαι,

610 5435 809 5493 'xvim
853 5434 901 5483 2.
942 5456 1004 5469 -
1044 5428 1070 5466 ⁸
1114 5427 1258 5491 Gen„
1303 5439 1356 5493 1,
1399 5428 1481 5478 26.
1510 5449 1574 5463 -
1616 5426 1637 5457 ⁰
1685 5423 1830 5490 Sap„
1877 5435 1956 5489 n,
2000 5425 2080 5473 21.
2117 5448 2182 5462 —

1750 424 2166 496 SERMONES
2208 425 2311 494 DE
2347 426 2742 499 TEMPORE.

2295 563 2636 646 sonamus,
2675 567 2789 651 qui
2827 566 2952 633 hoc
2986 567 3261 635 verbum
3293 566 3476 650 dicit,
3512 569 3832 656 significat

2296 670 2652 752 Christum;
2693 673 2930 756 sagitta
2965 694 3122 741 vero
3153 676 3437 743 animam
3467 684 3828 764 penetrans,

2295 783 2391 844 est
2416 780 2610 846 timor
2647 781 2921 846 Domini.
2955 781 3108 848 Tres
3138 784 3389 865 sagittae
3415 786 3713 853 timorem
3754 792 3830 855 si·

2293 886 2631 967 gnificant,
2657 887 2735 953 de
2771 907 2901 973 quo
2929 891 2972 933 ¹¹
3005 912 3020 955 :
3063 914 3095 952 α
3117 889 3453 958 Benedicat
3483 912 3604 959 nos
3641 896 3826 978 Dens,

2292 990 2458 1058 Deus
2473 995 2710 1075 noster,
2726 1015 2757 1054 a
2792 997 2940 1074 etc.,
2986 1018 3018 1057 α
3036 1000 3099 1061 et
3122 999 3408 1064 metuant
3431 1017 3582 1065 eum
3611 1019 3831 1068 omnes

2293 1099 2454 1164 fines
2487 1105 2699 1169 terrae.
2715 1122 2746 1162 1>
2779 1100 2941 1167 Nota
2965 1103 3134 1186 quod
3163 1104 3313 1170 dicit
3336 1104 3717 1174 Ambrosius
3747 1111 3826 1175 ¹²:

2302 1230 2333 1270 α
2347 1203 2540 1273 Trina
2566 1209 2676 1274 Dei
2701 1210 3008 1275 confessio
3035 1210 3404 1277 Trinitatem
3432 1213 3672 1280 indicat
3695 1233 3829 1299 per-

2295 1334 2624 1382 sonarum.
2641 1339 2674 1378 s
2712 1316 3029 1384 Timorem
3059 1324 3275 1385 autem
3301 1324 3538 1387 sanctae
3567 1320 3830 1389 Trinita-

2293 1422 2375 1486 tis
2408 1425 2581 1507 juste
2614 1424 2854 1490 habere
2879 1425 3213 1508 debemus,
3250 1431 3508 1511 propter
3543 1431 3688 1511 eJus
3716 1449 3826 1514 po-

2292 1530 2558 1594 tentiam
2582 1532 3073 1616 insuperabilem
3088 1582 3106 1615 ,
3133 1538 3392 1618 propter
3416 1537 3559 1618 ejus
3585 1538 3831 1621 sapien-

2293 1637 2450 1701 tiam
2496 1638 3004 1720 inscrutabilem,
3046 1646 3304 1725 propter
3342 1645 3399 1726 ej
3409 1662 3481 1707 us
3513 1644 3829 1726 justitiam

2292 1742 2823 1810 indeclinabilem.
2854 1745 3144 1813 Potentia
3179 1749 3402 1832 utique
3428 1754 3667 1815 sanctae
3692 1750 3830 1815 Tri-

2294 1849 2509 1915 nitatis
2523 1851 2970 1935 insuperabilis
2982 1858 3078 1918 est
3095 1855 3140 1890 ί*
3155 1877 3172 1919 z
3185 1877 3216 1915 ι
3228 1855 3517 1936 Sanctus,
3536 1855 3827 1938 SanctuS,

2294 1954 2564 2024 Sanctus
2602 1958 2909 2025 Dominus
2928 2009 2946 2042 ,
2967 1982 2998 2021 a
3047 1965 3167 2028 etc.
3196 1962 3275 2028 Et
3296 1965 3441 2047 quis
3475 1970 3690 2048 posset
3722 1984 3828 2030 su·-

2292 2083 2518 2150 perare
2570 2067 2907 2133 Dominum
2958 2070 3384 2152 exercituum,
3438 2091 3589 2138 cum
3639 2074 3829 2139 etiam

2293 2192 2502 2239 unum
2545 2175 2626 2240 de
2664 2176 2946 2241 exercitu
2990 2181 3164 2244 totus
3208 2180 3485 2245 mundus
3529 2199 3830 2264 superare

2292 2300 2424 2346 non
2444 2286 2690 2367 posset?
2716 2283 2827 2350 Est
2849 2289 2914 2351 et
2938 2284 3246 2352 Dominus
3271 2287 3392 2353 iste
3416 2291 3551 2352 tam
3575 2288 3829 2372 insupe-

2293 2389 2513 2455 rabilis
2535 2389 2752 2474 Pater,
2782 2396 2848 2457 et
2870 2390 3070 2457 Filius
3085 2441 3103 2473 ,
3134 2397 3200 2459 et
3226 2392 3501 2479 Spiritus
3529 2401 3823 2468 sanctus:
3939 2473 3948 2484 ι

2291 2502 2552 2582 propter
2576 2500 2749 2583 quod
2787 2505 2883 2566 ter
2920 2500 3084 2565 Deus
3108 2504 3364 2567 sanctus
3387 2502 3640 2569 dicitur.
3672 2502 3824 2569 Item

2293 2606 2601 2690 sapientia
2636 2612 2870 2674 sanctae
2908 2606 3231 2674 Trinitatis
3256 2610 3686 2676 inscrutabilis
3710 2615 3822 2689 est,

2293 2731 2440 2796 quae
2480 2732 2598 2779 nos
2637 2719 2702 2780 et
2736 2719 2949 2796 extra,
2989 2718 3054 2780 et
3093 2715 3260 2783 intra
3293 2718 3619 2798 agnoscit,
3653 2725 3719 2784 et
3750 2721 3827 2784 ab

2294 2825 2537 2888 aeterno
2591 2823 2894 2904 cognovit
2926 2824 2971 2860 ¹⁸
3013 2847 3030 2889 ι
3089 2847 3122 2886 α
3162 2824 3210 2890 Ο
3263 2826 3529 2891 altitudo
3588 2826 3827 2892 divitia·

2295 2947 2473 3009 rum,
2491 2951 2525 2991 ι
2570 2933 2691 2997 etc.
2720 2950 2924 3015 usque
2954 2950 2970 2994 :
3019 2955 3051 2994 α
3079 2933 3383 3016 quoniam
3411 2952 3494 2999 ex
3519 2933 3657 3016 ipso
3685 2938 3829 2999 sunt

2293 3035 2580 3101 omnia.»
2616 3037 3113 3119 Augustinus¹⁸2
3152 3040 3309 3107 «Est
3331 3044 3473 3124 ipso
3499 3043 3619 3120 ait,
3654 3060 3829 3125 prop-

2293 3147 2390 3208 ter
2423 3143 2713 3211 Patrem:
2739 3162 2859 3229 per
2883 3148 3096 3230 ipsum
3124 3148 3294 3227 dicit,
3321 3153 3577 3232 propter
3595 3146 3825 3213 Filium

2293 3269 2487 3317 suum
2518 3274 2536 3317 ι
2585 3259 2646 3321 et
2685 3255 2761 3321 in
2797 3256 2974 3339 ipsu,
3012 3260 3269 3340 propter
3303 3256 3610 3340 Spiritum
3649 3276 3826 3322 sanc·

2291 3361 2458 3425 tum.
2477 3379 2509 3419 n
2543 3359 2699 3425 ltem
2717 3361 2967 3444 justitia
2992 3362 3196 3427 beatae
3228 3361 3549 3429 Trinitatis
3567 3364 3823 3430 indecli-

2290 3465 2520 3530 nabilis
2562 3472 2686 3546 est,
2727 3467 2875 3534 licet
2915 3470 3180 3553 quidam
3222 3470 3365 3535 falsi
3412 3470 3829 3537 consolatores

2291 3571 2515 3637 falsam
2569 3592 2749 3657 spem
2802 3575 3106 3656 ingerant
3131 3576 3344 3661 impiis
3374 3577 3462 3640 ¹⁸:
3497 3600 3529 3636 «
3559 3576 3638 3656 A,
3661 3596 3731 3657 a,
3761 3595 3825 3656 a,

2291 3679 2558 3746 Domine
2583 3680 2771 3764 Deus,
2806 3681 3133 3766 prophetae
3161 3684 3381 3749 dicunt
3405 3684 3498 3749 eis
3525 3706 3542 3750 ι
3571 3682 3715 3749 Νοιι
3737 3686 3829 3748 vi-

2289 3788 2516 3853 debitis
2544 3786 2853 3870 gladium.
2874 3811 2905 3849 n
2940 3788 3106 3867 Quid
3141 3794 3238 3856 est
3261 3790 3562 3857 severitas
3594 3791 3827 3858 divinae

2286 3895 2579 3978 justitiae,
2608 3895 2736 3961 nisi
2763 3895 3014 3978 gladius
3039 3896 3335 3966 timoris?
3365 3897 3686 3981 Propheta
3716 3916 3824 3979 ge-

2292 4001 3035 4068 mensterclamabatAl
3062 4003 3243 4086 quasi
3268 4004 3472 4070 dicatz
3499 4004 3830 4089 Atjustis-

2291 4110 2453 4176 sime
2469 4108 2655 4176 Pater
2680 4109 2872 4190 Deus,
2898 4108 2988 4174 Al
3013 4110 3367 4194 justissime
3383 4110 3502 4176 Fili
3518 4111 3707 4193 Deus,
3734 4112 3823 4177 At

2285 4218 2636 4300 justissime
2687 4217 2960 4301 Spiritus
3006 4222 3222 4283 sancte
3271 4217 3470 4299 Deus,
3512 4222 3632 4285 etc.
3672 4218 3829 4285 Item

2289 4325 2600 4409 injustitia
2635 4330 2851 4391 nostra
2891 4325 3347 4392 inexcusabilis
3386 4330 3483 4392 est
3514 4333 3579 4393 et
3616 4346 3826 4410 poena,

2290 4433 2443 4517 quia
2480 4434 2620 4517 ipsa
2655 4432 2939 4497 timenda
2979 4433 3360 4499 inevitabilis
3395 4436 3492 4499 est
3510 4434 3554 4471 ¹⁷
3587 4455 3604 4500 z
3644 4457 3677 4496 α
3692 4434 3828 4516 Vae,

2291 4558 2395 4607 vae
2417 4588 2435 4621 ,
2480 4557 2582 4606 ναι
2620 4538 3053 4604 habitantibus
3087 4539 3156 4604 in
3194 4544 3388 4622 terra,
3406 4561 3440 4601 ι
3480 4540 3547 4605 id
3588 4544 3716 4621 est,
3759 4542 3830 4606 in

2291 4647 2560 4713 terrenis
2585 4647 2777 4712 vitiis.
2800 4645 2912 4712 Vae
2939 4646 3053 4730 qui
3077 4646 3407 4712 offendunt
3420 4646 3698 4730 Patrem,
3727 4667 3830 4716 νε

2290 4755 2401 4839 qui
2428 4754 2759 4821 offendunt
2779 4752 3037 4833 Filium,
3063 4771 3166 4830 vas
3182 4754 3294 4837 qui
3321 4753 3654 4820 offendunt
3681 4756 3833 4841 Spi-

2287 4861 2488 4926 ritum
2513 4862 2803 4925 sanctum
2849 4876 2996 4925 :vae
3021 4858 3115 4923 eis
3129 4907 3148 4940 ,
3178 4843 3329 4942 quia
3342 4906 3360 4937 ,
3397 4859 3474 4942 (α)
3503 4859 3655 4924 dicit
3688 4860 3832 4927 Au-

2292 4969 2592 5052 gustinus
2613 4971 2660 5008 ¹·
2678 4989 2741 5031 ιιι
2760 4965 2881 5045 Qui
2895 4968 3129 5051 inpace
3142 4983 3275 5031 non
3287 4967 3477 5032 tuerit
3498 4967 3829 5050 inventus,

2289 5113 2330 5150 ¹·
2357 5115 2373 5165 Ι
2407 5114 2546 5179 neq„
2573 5124 2719 5176 xxvi,
2743 5113 2824 5163 20.
2850 5136 2916 5149 —
2943 5111 2983 5147 ¹¹
3009 5108 3149 5162 Psal.
3178 5121 3318 5171 uin,
3349 5113 3400 5163 Ἰ.
3427 5137 3489 5149 -
3516 5111 3557 5148 ¹²
3585 5111 3831 5163 Ambrae.

2288 5210 2352 5223 —
2381 5184 2420 5218 ¹³
2450 5185 2569 5248 Ita„
2595 5195 2671 5247 vr,
2698 5184 2746 5233 3.
2771 5209 2831 5220 -
2860 5181 2903 5216 ¹⁸
2927 5183 3084 5243 Rom..
3117 5194 3194 5246 xl,
3222 5182 3388 5234 33-36.
3416 5209 3479 5220 -
3507 5184 3548 5219 ¹⁶
3574 5184 3728 5249 Aug„
3755 5183 3822 5233 de

2289 5257 2489 5315 Trahit„
2512 5255 2602 5309 lib.
2623 5256 2664 5320 1,
2686 5266 2760 5319 vr,
2789 5255 2867 5305 ¹2.
2887 5279 2948 5291 —
2979 5254 3015 5289 ¹⁸
3033 5255 3235 5316 lev-em„
3258 5263 3363 5319 xiv,
3395 5257 3471 5306 ¹3.
3487 5280 3549 5294 —
3572 5255 3613 5290 ²²
3636 5257 3821 5322 Apum,

2287 5340 2412 5394 vm,
2442 5331 2519 5379 13.
2540 5352 2605 5365 -
2636 5326 2679 5364 ¹⁸
2706 5330 2834 5392 Aug.

2273 5431 2280 5440 ·
2361 5419 2428 5485 (a)
2455 5416 2632 5484 suppl.
2660 5420 2734 5470 ut.

3397 5592 3610 5618 ...ο-μ·
