4059 6317
768 492 887 555 580

766 640 890 700 quo
917 621 1119 681 anima
1143 623 1264 680 Deo
1299 619 1619 695 perfruitur
1663 638 1680 678 :
1723 620 1840 678 hoc
1885 622 1972 681 est
2003 617 2305 677 desidera-

763 717 909 789 bile,
933 715 1076 791 quia
1102 717 1189 774 est
1209 714 1290 773 ad
1315 714 1663 774 oeternaliter
1689 712 2133 772 delectandum.

577 818 734 890 ΒΨ·
834 812 973 869 Dico
1036 808 1205 884 quod
1250 808 1589 882 sepulerum
1629 807 1892 882 primum
1933 810 2018 864 est
2074 810 2305 878 tempo-

523 884 737 1001 mm
762 904 909 975 rale,
939 906 998 961 et
1023 906 1109 960 est
1136 902 1211 961 de
1239 918 1347 961 sua
1372 905 1585 960 natura
1610 900 1925 972 horribile3
1956 898 2063 957 sed
2088 906 2175 955 est
2198 897 2306 955 ali-

763 996 1010 1073 quando
1038 995 1480 1066 dimittendum,
1509 995 1660 1053 sicut
1695 993 1804 1052 erit
1828 993 1892 1050 in
1925 990 2305 1050 resurrectio-

762 1108 838 1150 ne
865 1106 1205 1165 corporum,
1237 1088 1482 1163 quando
1512 1104 1586 1147 ex
1612 1087 1731 1146 illis
1747 1085 2030 1161 sepulcris
2050 1099 2305 1159 corpora

761 1188 1154 1253 assumentur,
1175 1183 1254 1242 ad
1274 1182 1397 1241 duo
1422 1181 1538 1241 alia
1557 1181 1948 1251 adducentur,
1976 1177 2305 1236 secundum

762 1278 930 1355 quod
956 1277 1168 1336 animae
1199 1277 1261 1334 in
1287 1275 1403 1334 illis
1431 1274 1782 1350 corporibus
1806 1276 2169 1343 meruerunt,
2208 1271 2305 1329 vel

762 1372 978 1432 deduci
1004 1371 1067 1429 in
1091 1369 1329 1438 coelum,
1361 1369 1484 1427 sive
1513 1368 1594 1427 ad
1618 1367 1934 1426 infernum.
1971 1369 2050 1424 De
2075 1366 2192 1424 hoc
2217 1381 2307 1423 se·

761 1467 972 1542 pulcro
999 1469 1120 1525 tota
1149 1463 1446 1538 Scriptura
1472 1466 1561 1521 est
1595 1462 1796 1536 plena,
1824 1465 1881 1519 et
1897 1460 2038 1518 ideo
2066 1460 2163 1518 bic
2190 1459 2309 1517 sui-

761 1559 922 1618 ficiat
964 1559 1280 1618 auctoritas
1321 1560 1340 1594 ¹
1389 1575 1404 1614 ε
1442 1577 1470 1610 α
1519 1555 1799 1630 Sepulcra
1840 1570 2050 1613 eorum
2090 1553 2309 1612 domus

763 1670 973 1714 eorum
1008 1654 1071 1711 in
1113 1654 1419 1710 veternum.
1459 1670 1488 1705 n
1540 1651 1670 1707 Non
1715 1647 1856 1706 dicit
1906 1651 1967 1705 in
2012 1654 2302 1715 oeternum,

763 1748 907 1822 quia
932 1746 1016 1804 ibi
1052 1760 1287 1820 semper
1314 1745 1388 1802 sit
1413 1742 1720 1814 standum;
1761 1741 1869 1800 sed
1894 1742 2078 1814 longo
2121 1742 2186 1798 in
2224 1740 2309 1798 eis

763 1844 1032 1915 tempore
1055 1837 1554 1915 permanendum,
1581 1836 1803 1895 scilicet
1827 1852 2019 1910 usque
2049 1835 2129 1893 ad
2145 1834 2310 1907 iudi-

765 1935 943 1992 cium.
970 1936 1015 1993 O
1044 1948 1226 2009 quam
1263 1932 1416 1990 dura
1455 1936 1543 1989 est
1580 1930 1796 1990 domus
1839 1928 1980 1998 ista,
2023 1932 2082 1986 et
2124 1943 2310 2003 quam

764 2028 980 2100 stricta,
1001 2044 1185 2103 quam
1199 2025 1424 2097 ioetida,
1445 2041 1626 2101 quam
1647 2008 2035 2099 paupercula,
2050 2027 2107 2079 et
2126 2037 2307 2096 quam

767 2123 1042 2194 obscura,
1072 2138 1206 2196 quae
1228 2120 1562 2180 communis
1580 2123 1667 2177 est
1694 2118 1996 2187 omnibus,
2026 2115 2310 2173 divitibus

767 2221 824 2276 et
848 2216 1234 2292 pauperibus,
1261 2213 1491 2273 rusticis
1528 2218 1584 2271 et
1617 2212 1882 2286 regibus,
1919 2210 2062 2268 viris
2096 2212 2155 2268 et
2180 2227 2307 2268 mu·

766 2311 1032 2383 lieribus,
1073 2309 1339 2385 parvulis
1374 2313 1430 2366 et
1464 2307 1731 2365 senibus!
1778 2306 2006 2363 Utinam
2050 2303 2311 2363 attende·

766 2410 898 2464 rent
934 2404 1046 2462 viri
1082 2403 1280 2475 fortes,
1314 2406 1370 2459 et
1393 2418 1588 2475 reges,
1613 2399 1943 2475 principes,
1993 2403 2052 2456 et
2090 2397 2309 2456 divitiis

768 2499 1172 2568 abundanteS,
1217 2495 1529 2570 quomodo
1575 2511 1611 2552 a
1655 2497 1777 2551 tam
1825 2492 2039 2567 amplis
2076 2492 2311 2567 palatiis

767 2596 904 2650 sunt
930 2589 1235 2649 deferendi
1273 2589 1350 2648 ad
1391 2587 1728 2664 sepulcrum
1756 2589 1881 2645 tam
1920 2587 2215 2657 strictum3
2253 2592 2312 2645 et

770 2701 808 2743 a
838 2685 1072 2761 palatiis
1102 2687 1224 2742 tam
1267 2683 1581 2741 luminosis
1621 2687 1678 2740 et
1719 2679 1985 2754 fulgidis,
2012 2679 2094 2738 ad
2121 2680 2313 2755 sepul-

769 2795 937 2837 crum
975 2776 1343 2836 horrendum
1387 2777 1445 2834 et
1497 2774 1848 2846 obscurum;
1909 2777 1967 2832 et
2007 2790 2045 2831 a
2084 2773 2312 2847 palatiis

769 2874 853 2930 sic
894 2872 1073 2930 rebus
1119 2870 1399 2928 omnibus
1426 2868 1825 2944 sapei-plenis,
1859 2867 1939 2925 ad
1973 2865 2313 2941 sepulcrum

769 2968 894 3025 tam
919 2965 1192 3038 indigens
1222 2968 1280 3021 et
1305 2978 1589 3036 egenum3
1638 2966 1697 3020 et
1729 2977 1766 3019 a
1806 2960 2041 3036 palatiis
2080 2960 2217 3017 filiis
2256 2964 2315 3018 et

768 3058 1009 3117 familiis
1039 3057 1373 3128 adornatiS,
1410 3055 1490 3113 ad
1528 3055 1865 3130 sepulcrum
1908 3055 1991 3112 sic
2031 3071 2311 3125 vacuum,

771 3153 854 3211 sic
882 3153 960 3211 ab
990 3153 1193 3210 amicis
1230 3156 1286 3209 et
1312 3150 1450 3208 filiis
1490 3149 1857 3208 derelictum.
1889 3148 2219 3207 Bernardus
2239 3149 2263 3184 ²
2292 3167 2307 3206 :

779 3266 807 3300 α
835 3245 943 3302 Ubi
981 3250 1066 3303 est
1092 3245 1197 3303 illa
1231 3244 1521 3319 praeterita
1565 3245 1838 3319 pompa?
1875 3242 1982 3300 ubi
2019 3243 2315 3317 praeterita

771 3338 964 3412 gloria
988 3340 1018 3395 “i
1063 3337 1170 3396 ubi
1209 3337 1568 3395 famulorum
1604 3336 2058 3411 obsequentium
2092 3336 2268 3394 turba
2284 3338 2314 3393 ¹?

772 3432 879 3491 ubi
905 3431 1253 3490 vestimenta
1292 3436 1412 3490 tam
1457 3430 1725 3503 fulgida?
1763 3429 1870 3488 ubi
1915 3429 2157 3488 culcitra
2193 3434 2315 3487 tam

778 3526 980 3586 mollis
1036 3530 1094 3584 et
1152 3532 1358 3583 tenera
1386 3526 1417 3580 ⁴?
1469 3523 1575 3582 ubi
1626 3524 1769 3582 vina
1825 3523 1927 3582 illa
1981 3524 2257 3582 rubentia
2284 3526 2316 3581 ⁴?

773 3618 880 3677 ubi
934 3617 1161 3678 fercula
1203 3618 1310 3676 illa
1347 3622 1471 3676 tam
1509 3617 1675 3676 varia
1717 3621 1773 3675 et
1824 3617 2104 3675 diversa?
2152 3619 2310 3675 Heu!

774 3713 880 3788 qui
927 3712 1111 3788 paulo
1173 3717 1306 3771 ante
1358 3711 1599 3770 vivebat
1646 3711 1709 3769 in
1761 3709 1983 3768 deliciis
2036 3711 2097 3768 in
2150 3709 2316 3784 pala-

775 3807 881 3880 tio,
910 3809 1066 3865 totus
1091 3806 1486 3864 manducatur
1520 3821 1559 3864 a
1603 3804 1925 3863 vermibus.
1955 3826 1984 3857 υ
2028 3804 2191 3862 Unde
2227 3807 2318 3863 ln-

774 3900 1082 3960 nocentius
1110 3902 1133 3938 ⁸
1174 3899 1316 3957 dicit
1353 3918 1368 3957 :
1417 3918 1447 3953 α
1498 3901 1654 3958 Heu!
1689 3896 1915 3971 fratres,
1967 3897 2245 3957 attendite
2297 3916 2313 3956 ε

775 3995 885 4065 Qui
931 3993 1117 4070 paulo
1162 3998 1296 4053 ante
1332 3992 1589 4067 inclytus
1650 3991 1946 4051 residebat
1996 3991 2059 4049 in
2109 3991 2314 4065 domo,

777 4104 913 4146 ecce
936 4104 1116 4163 quam
1145 4103 1373 4162 pauper
1392 4089 1548 4160 jacet
1571 4086 1632 4143 in
1659 4085 1921 4158 tumulo;
1963 4089 2019 4144 et
2044 4086 2151 4160 qui
2187 4085 2317 4158 glo·

775 4182 969 4240 riosus
995 4180 1307 4239 incedebat
1341 4181 1405 4237 in
1432 4178 1589 4252 aula,
1621 4195 1756 4237 ecce
1795 4193 1979 4252 quam
2006 4179 2317 4253 despectus

770 4274 927 4346 ,iacet
949 4275 1013 4332 in
1053 4274 1295 4347 tumba;
1345 4278 1403 4333 et
1442 4274 1547 4349 qui
1591 4273 1936 4331 vescebatur
1981 4270 2209 4331 deliciis
2254 4273 2317 4330 in

777 4371 1108 4441 coenaculo,
1149 4364 1285 4427 ecee
1330 4383 1490 4426 nunc
1529 4366 1893 4425 consumitur
1929 4380 1967 4422 a
2011 4366 2318 4423 vermibus

776 4461 838 4520 in
877 4462 1172 4537 sepulcro.
1209 4483 1238 4516 ι)
1298 4461 1387 4520 Ab
1431 4461 1548 4519 hoc
1591 4459 1862 4534 sepulcro
1922 4457 2317 4518 excluduntur

777 4571 988 4614 omnes
1014 4554 1531 4625 excommunicati,
1567 4569 1775 4611 omnes
1797 4552 2075 4624 haeretici,
2104 4569 2315 4612 usura-

775 4649 871 4719 rii,
899 4655 957 4707 et
979 4664 1186 4708 omnes
1202 4651 1561 4724 peccatores,
1586 4646 1698 4704 nisi
1726 4646 1892 4720 prius
1918 4646 2176 4703 absoluti
2197 4646 2321 4704 iue-

775 4743 894 4801 rint
921 4747 977 4800 et
1003 4741 1273 4801 confessi.
1305 4741 1468 4799 Unde
1503 4741 1702 4798 narrat
1729 4738 2042 4812 Gregorius
2073 4741 2114 4808 ⁸,
2152 4739 2320 4814 quod

777 4851 916 4894 cum
951 4834 1442 4894 excommunicati
1475 4832 1718 4891 fuissent
1755 4832 1818 4890 in
1848 4832 1984 4890 loco
2019 4848 2188 4890 sacro
2226 4848 2318 4889 se-

667 4986 672 4993 .
776 4929 949 5004 pulti,
988 4928 1232 5004 quando
1278 4927 1565 4986 diaconus
1605 4927 1667 4985 in
1700 4926 1955 4985 Ecclesia
1997 4926 2315 4997 clamabat,

776 5028 842 5081 ut
877 5040 1084 5082 omnes
1129 5020 1623 5082 excommunicati
1669 5019 1912 5091 exirent,
1950 5018 2201 5094 quidam
2235 5018 2319 5077 vi·

777 5116 958 5176 debat
993 5133 1097 5177 eos
1137 5117 1213 5176 de
1257 5114 1544 5191 sepulcris
1583 5113 1772 5187 exire,
1821 5116 1879 5171 et
1922 5117 2087 5171 extra
2135 5113 2318 5172 eccle-

837 5269 856 5304 1
895 5267 1025 5318 Psal.
1064 5279 1260 5331 xum,
1307 5269 1382 5317 12.
1420 5292 1481 5305 -
1518 5266 1542 5301 ²
1581 5267 1753 5323 Rern..
1793 5263 1854 5312 de
1892 5264 2060 5314 Divite
2095 5263 2316 5329 epulone,

775 5354 930 5391 serm.
958 5367 1019 5379 —
1043 5341 1065 5375 ⁸
1095 5343 1270 5391 innoc.
1297 5341 1387 5400 m,
1413 5339 1468 5390 in
1495 5350 1649 5389 serm.
1679 5363 1740 5375 —
1766 5338 1789 5372 ⁸
1816 5338 1990 5400 Greg.‚
2026 5337 2226 5400 Dialoq.
2256 5364 2318 5375 —

775 5413 798 5448 ⁸
825 5412 973 5476 lbld„
1005 5413 1094 5463 lib.
1137 5414 1225 5476 lV,
1262 5427 1310 5462 c.
1350 5422 1439 5462 Lu.
1466 5437 1531 5449 —
1561 5411 1583 5446 ⁸
1613 5409 1762 5473 lbid.,
1796 5423 1844 5459 c.
1883 5420 1978 5459 Lm
2015 5413 2071 5458 et
2108 5420 2215 5459 mv.
2254 5434 2316 5446 —

1713 479 2128 551 SERMONES
2170 478 2269 546 DE
2310 477 2662 546 SANCTIS.
2706 476 2998 545 mvn.

2410 616 2561 673 siam
2603 613 2709 672 ire.
2747 615 2951 673 Narrat
3001 617 3059 673 et
3101 615 3333 676 ibidem
3374 615 3696 690 Gregorius
3725 618 3751 653 ⁸
3796 620 3939 691 quod

2411 711 2559 765 dum
2582 707 2904 779 usurarius,
2942 709 3205 782 quadam
3245 710 3510 785 pecunia
3542 709 3771 769 clericis
3806 711 3942 784 dala,

2408 799 2611 858 fuisset
2649 801 2709 857 in
2750 800 2885 859 loco
2928 818 3098 861 sacro
3140 803 3429 878 sepultuS,
3469 807 3672 862 custos
3707 804 3947 864 ecclam&

2409 894 2558 953 vidit
2583 911 2723 952 eum
2757 894 2819 952 in
2861 900 3035 954 nocte
3072 912 3109 954 a
3148 897 3520 971 quibusdam
3549 897 3950 972 spiritibusni·

2409 987 2550 1060 gris,
2577 988 2755 1047 valde
2784 988 2914 1065 ipso
2949 988 3173 1048 fortiter
3214 991 3511 1050 clamante
3540 997 3601 1050 et
3640 1008 3705 1050 se
3748 992 3950 1051 lamen-

2414 1088 2592 1154 tante,
2612 1083 2805 1158 ligatis
2822 1086 3103 1159 pedibus,
3127 1086 3270 1145 foris
3287 1088 3463 1146 trabi.
3482 1091 3763 1164 Cumque
3778 1094 3953 1148 custos

2410 1177 2489 1235 ad
2529 1178 2848 1237 tumultum
2894 1181 3264 1253 cucurrisset,
3301 1185 3360 1240 et
3395 1199 3541 1241 eum
3580 1183 3764 1241 illum
3800 1184 3861 1241 in
3883 1200 3952 1241 se·

2410 1271 2621 1345 pulcro
2680 1288 2803 1330 non
2837 1273 3185 1348 invenisset,
3226 1276 3398 1334 scivit
3434 1292 3567 1335 non
3608 1292 3743 1334 esse
3784 1279 3949 1352 phan-

2411 1366 2707 1435 tasticum,
2727 1366 2836 1425 sed
2851 1383 3063 1426 verum
3078 1368 3278 1440 fuisse,
3296 1370 3470 1445 quod
3497 1370 3761 1428 viderat.
3776 1374 3949 1429 Narrat

2411 1460 2590 1518 etiam
2614 1459 2636 1494 ⁸
2663 1461 2738 1521 de
2768 1463 2888 1522 alio
2914 1463 3288 1537 fornicatore,
3319 1467 3429 1542 qui
3468 1467 3605 1525 sine
3631 1466 3949 1541 poenitenlia

2411 1559 2699 1627 mortuus,
2729 1561 2785 1614 et
2814 1556 2875 1614 in
2902 1557 3039 1617 loco
3072 1575 3238 1618 sacro
3276 1560 3572 1635 sepultus,
3613 1561 3793 1635 quod
3824 1561 3947 1634 ignis

2412 1663 2483 1706 ex
2525 1648 2715 1708 fundo
2744 1651 2998 1725 sepulcri
3044 1654 3350 1727 processit,
3380 1659 3439 1712 et
3465 1670 3598 1712 non
3627 1655 3834 1712 solum
3851 1670 3948 1713 m·

2411 1757 2551 1799 nem
2580 1747 2640 1801 et
2656 1760 2792 1801 ossa
2819 1746 3071 1819 voravit,
3098 1747 3206 1805 sed
3232 1748 3427 1823 ipsam
3447 1752 3682 1806 terram
3708 1748 3947 1822 undum

2413 1837 2794 1911 consumpsit.
2827 1858 2858 1893 α
2897 1841 3028 1897 Non
3062 1854 3227 1913 ergo,
3259 1861 3288 1895 n
3320 1841 3475 1900 sicut
3514 1841 3669 1899 dicit
3704 1843 3948 1916 Augusti·

2411 1944 2525 1987 nus
2555 1931 2600 2002 ⁷,
2628 1950 2658 1981 α
2704 1931 2860 1989 valet
2884 1932 3070 2005 impio
3088 1933 3483 1994 ecclesiastica
3504 1936 3840 2010 sepultura,
3864 1935 3947 1993 sed

2410 2023 2610 2097 potius
2642 2028 2729 2082 est
2754 2025 2808 2082 ei
2835 2025 2915 2083 ad
2950 2043 3208 2101 poenam.
3254 2049 3283 2083 n
3327 2029 3419 2088 Ad
3458 2029 3583 2088 hoo
3634 2030 3949 2105 sepulcrum

2410 2119 2501 2174 est
2543 2133 2760 2191 corpus
2796 2120 3063 2193 Apostoli
3098 2121 3390 2195 delatum3
3436 2123 3549 2181 sed
3592 2140 3725 2181 non
3776 2124 3877 2181 fuit
3904 2124 3948 2180 ei

2412 2208 2705 2282 l'oetidum,
2724 2213 2831 2270 sed
2858 2213 3258 2289 odoriferum3
3295 2232 3421 2274 non
3450 2217 3827 2292 daepecmm,
3862 2218 3948 2275 aed

2414 2303 2768 2378 gloriosum,
2798 2310 2863 2364 ut
2889 2306 3089 2365 nullus
3129 2324 3399 2384 unquam
3443 2327 3665 2384 regum
3698 2311 3950 2370 habuerit

2412 2398 2753 2471 sepulcrum
2821 2400 2905 2458 sic
2959 2402 3038 2460 ab
3090 2402 3367 2462 omnibus
3416 2404 3787 2463 honoratum
3807 2448 3831 2477 ,
3882 2409 3952 2462 tot

2416 2491 2594 2549 donis
2619 2497 2676 2550 et
2711 2493 3039 2568 privilegiis
3067 2511 3105 2553 a
3130 2498 3246 2555 Deo
3282 2497 3579 2556 dotatum.
3626 2499 3793 2557 Unde
3816 2499 3951 2557 bene

2413 2588 2505 2641 est
2525 2583 2746 2644 dictum
2764 2604 2779 2643 :
2798 2588 2925 2644 Brit
2951 2592 3251 2661 sepulcrum
3273 2591 3388 2663 q'us
3414 2577 3738 2663 qlorz'osma.

2485 2670 2824 2738 Secundum
2868 2681 3208 2755 sepulcrum
3251 2689 3340 2743 est
3379 2684 3697 2757 infernale,
3741 2686 3803 2743 in
3846 2702 3954 2760 quo

2416 2771 2601 2831 homo
2629 2773 2777 2832 dure
2804 2776 3066 2849 punitur.
3088 2781 3234 2836 Nam
3260 2777 3365 2853 qui
3395 2779 3475 2837 ad
3500 2780 3622 2838 hoc
3644 2781 3958 2855 pessimum

2416 2866 2756 2941 sepulcrum
2777 2868 3031 2942 ducitur,
3060 2876 3485 2930 convertuntur
3500 2874 3632 2946 ejus
3652 2873 3881 2932 deliciae
3902 2873 3957 2931 in

2414 2964 2797 3033 tormentum,
2826 2963 3085 3022 honores
3110 2966 3176 3024 in
3201 2965 3631 3040 opprobrium,
3661 2973 3722 3026 et
3755 2968 3958 3025 divitia

2419 3055 2482 3112 in
2511 3056 2816 3114 cumulum
2845 3059 3137 3131 egestatis.
3164 3060 3640 3131 Consideremus,
3666 3062 3891 3134 fratres,
3914 3063 3959 3118 si

2419 3150 2501 3207 ita
2529 3154 2634 3208 est.
2666 3150 2883 3210 Dicitur
2910 3153 3069 3210 enim
3094 3154 3116 3189 ⁸
3144 3169 3160 3209 ε
3194 3173 3224 3208 α
3252 3157 3511 3213 Mortuus
3533 3160 3739 3214 autem
3763 3162 3851 3214 est
3878 3156 3959 3213 di·

2419 3259 2544 3316 ves,
2574 3249 2630 3301 et
2656 3244 2920 3318 sepultus
2946 3247 3119 3304 estin
3146 3246 3399 3306 inferno.
3430 3269 3455 3303 ι
3488 3252 3662 3320 Nota,
3694 3251 3862 3324 quod
3882 3250 3961 3307 di·

2421 3352 2522 3395 ves
2549 3341 2675 3396 erat
2702 3337 2779 3396 ab
2803 3338 2934 3396 aliis
2961 3339 3316 3413 honoratus,
3346 3341 3577 3416 fulgide
3612 3344 3887 3415 vestitus,
3910 3350 3961 3401 et

2421 3429 2705 3504 quodidie
2728 3431 3040 3506 splendide
3080 3434 3434 3493 comedebat
3444 3455 3464 3509 ;
3492 3436 3605 3494 sed
3641 3436 3810 3496 fortis
3834 3455 3955 3495 mu·

2422 3523 2583 3595 tatio,
2623 3523 2768 3598 quia
2792 3525 2944 3583 dives
2972 3531 3212 3600 sepultus
3239 3536 3318 3586 est
3347 3533 3407 3587 in
3432 3533 3679 3598 interno:
3720 3532 3825 3606 qui
3850 3536 3959 3590 erat

2420 3623 2799 3692 purpuratus,
2838 3619 3182 3693 bonoratuS,
3212 3625 3444 3681 tenetur
3476 3625 3541 3682 in
3568 3625 3887 3697 vilissim03
3910 3632 3959 3683 et

2422 3710 2527 3783 qui
2568 3710 2793 3770 deliciis
2836 3718 3126 3787 assuetus,
3170 3719 3327 3773 totus
3370 3720 3459 3774 est
3502 3719 3821 3791 positusin
3860 3726 3959 3777 tor·

2422 3808 2644 3863 mento.
2673 3808 2819 3863 Nam
2846 3809 2905 3863 et
2931 3806 3006 3865 de
3036 3808 3305 3882 quolibet
3333 3810 3565 3870 deliciis
3591 3812 3799 3872 dedito
3826 3813 3957 3871 diei·

2422 3902 2518 3956 tur
2552 3900 2575 3935 ⁸
2605 3916 2621 3956 :
2658 3920 2688 3951 «ι
2713 3900 3008 3968 Quantum
3039 3917 3102 3959 se
3128 3902 3192 3959 in
3226 3903 3455 3962 deliciis
3486 3905 3851 3979 glorificavit
3874 3911 3961 3981 (e),

2423 3996 2652 4051 tantum
2676 3992 2810 4051 date
2829 3993 2883 4052 ei
2899 3998 3256 4054 tormentum
3276 4001 3335 4055 et
3351 3996 3595 4057 luctum.
3612 4022 3643 4052 ιι
3680 4001 3725 4058 0
3746 4008 3959 4076 quanto

2424 4088 2749 4147 consultius
2786 4089 2875 4148 illi
2900 4090 3069 4149 diviti
3107 4090 3328 4164 fuisset,
3358 4096 3424 4151 ut
3462 4110 3689 4169 panem
3713 4096 3959 4155 hordea·

2424 4200 2593 4242 ceum
2621 4185 2786 4242 omni
2830 4187 3096 4259 tempore
3123 4186 3494 4259 comedisset,
3522 4205 3712 4263 quam
3745 4190 3963 4249 deliciis

2424 4277 2762 4350 affluxisset,
2789 4294 2900 4352 pro
2921 4279 3139 4354 quibus
3156 4283 3274 4337 tam
3292 4282 3501 4353 gravia
3518 4286 3821 4343 tormenta
3834 4300 3963 4360 pm·-

2424 4375 2598 4429 taret!
2637 4373 2866 4441 Quanto
2908 4372 3119 4430 melius
3154 4372 3264 4432 fuit
3294 4374 3381 4432 illi
3408 4378 3624 4435 Lazaro
3673 4386 3963 4453 tempan-

2424 4462 2557 4523 liter
2581 4466 2964 4538 mendicanti,
2993 4467 3099 4542 qui
3124 4467 3188 4524 in
3227 4466 3425 4526 sinum
3451 4470 3700 4530 Abi-alm
3722 4477 3813 4530 est
3834 4488 3963 4548 por·

2425 4561 2579 4616 tatus
2605 4559 2647 4630 ⁸,
2678 4575 2859 4633 quam
2892 4558 2980 4618 illi
3014 4560 3180 4648 diviti
3222 4560 3571 4635 abundanti,
3600 4566 3707 4638 qui
3732 4565 3799 4623 in
3833 4582 3965 4640 sup-

2424 4652 2618 4727 pliciis
2643 4656 2732 4711 est
2756 4651 3047 4728 sepultus!
3085 4673 3115 4707 «x
3140 4653 3295 4723 Quid
3322 4654 3411 4712 illi
3439 4675 3468 4709 n
3504 4661 3569 4713 ut
3603 4657 3747 4717 dicit
3776 4664 3965 4732 Augu-

2426 4746 2612 4803 stinus
2630 4745 2674 4816 ⁷,
2732 4768 2763 4801 α
2780 4746 2968 4806 valuit
3014 4763 3385 4808 marmoreus
3432 4749 3644 4808 locus?
3690 4754 3839 4827 qnid
3880 4753 3965 4810 illi

2429 4837 2610 4897 decor
2644 4839 2747 4897 ille
2779 4842 3164 4915 purpureus?
3199 4842 3348 4916 quid
3392 4843 3563 4902 turba
3606 4844 3966 4919 plorantium

2425 4931 2810 5007 famulorum,
2833 4938 3151 5009 postquam
3175 4935 3388 4994 ductus
3406 4937 3586 4995 estad
3603 4938 3967 5000 infernumb

2426 5027 2575 5085 Nota
2599 5027 2797 5099 etiam,
2827 5032 2885 5086 et
2909 5045 3047 5087 cum
3066 5028 3206 5102 hoo,
3235 5031 3546 5105 quomodo
3570 5032 3640 5092 in
3656 5040 3967 5109 egestam

2432 5182 2449 5213 ⁷
2477 5180 2630 5243 Aug..
2661 5177 2725 5230 de
2766 5193 2872 5232 cur.
2900 5195 2996 5245 pro
3027 5186 3177 5235 mort.
3212 5197 3344 5249 qen,
3385 5199 3433 5235 c.
3474 5197 3539 5249 n,
3566 5186 3716 5239 aiunt
3754 5190 3973 5240 edim-a

2425 5250 2657 5313 romani;
2688 5251 2777 5302 sed
2797 5266 2904 5302 non
2936 5253 3078 5318 potui
3105 5267 3203 5320 ego
3229 5255 3457 5320 reperire
3486 5257 3677 5309 locum.
3698 5286 3770 5298 —
3793 5260 3817 5296 ⁸
3840 5262 3967 5323 ιιι,

2425 5331 2534 5381 xvi,
2561 5324 2644 5371 22.
2673 5347 2735 5360 -
2761 5324 2781 5354 ⁸
2808 5325 2979 5387 Apoc„
3009 5336 3158 5389 xvm,
3190 5329 3235 5377 7.

2488 5412 2557 5474 (a)
2598 5411 2744 5476 ναῖς.
2774 5411 3077 5476 glorificavit
3104 5428 3160 5466 se
3188 5421 3240 5467 et
3264 5416 3319 5468 in
3347 5417 3544 5472 deliciis
3568 5421 3681 5478 ruit.
