4059 6317
965 496 1069 563 DE
1110 496 1177 563 S.
1219 494 1573 564 ΑΝΤΟΝΙΟ
1615 492 2022 562 PADUANO.
2068 491 2333 560 SERMO
2380 493 2457 559 11.

1765 627 2022 688 breviter
2047 628 2144 687 hic
2170 629 2405 687 inserta.
2437 630 2581 687 Vere
2601 626 2762 689 enim
2786 626 2995 689 beatus
3020 624 3309 689 Antonius
3413 668 3418 673 -

128 633 320 697 semita
339 635 461 705 est,
499 632 670 703 novit
691 632 803 693 iter
829 649 1009 693 suum
1035 631 1311 707 dirigere.
1337 630 1502 693 Tales
1523 629 1655 690 fue-

126 731 252 795 runt
284 727 666 803 pati-iamlam,
711 727 818 803 qui
861 726 1136 785 nondum
1187 729 1509 803 apparente
1557 725 1656 785 via

124 825 567 899 praeceptorum,
594 837 729 896 qum
755 821 816 879 in
841 820 974 895 lege
1000 820 1186 895 Moysi
1213 819 1324 879 fuit
1344 820 1512 892 data,
1543 835 1656 881 nec

125 915 319 974 semita
336 913 744 991 consiliorum,
765 931 902 991 quas
927 931 1035 990 per
1062 914 1352 975 Christum
1377 915 1440 973 in
1467 918 1657 973 Evan-

124 1008 272 1083 gelio
298 1012 533 1067 ostensa
558 1012 663 1079 est,
693 1011 908 1069 terram
935 1012 1134 1069 tamen
1156 1008 1465 1083 propriam
1487 1007 1658 1065 dimi-

123 1105 346 1175 serunt,
376 1106 433 1161 et
476 1102 950 1175 consanguineos
987 1102 1387 1185 reliquerunt,
1415 1106 1473 1160 et
1493 1101 1655 1175 viam

125 1197 359 1263 scrutari
384 1200 714 1271 coeperunt,
744 1213 868 1271 qua
895 1195 1081 1261 iretur
1103 1196 1184 1263 ad
1217 1197 1455 1259 coelum.
1485 1199 1655 1266 Nam,

124 1290 263 1349 sicut
284 1290 536 1351 habetur
580 1290 645 1347 in
688 1291 894 1357 Genesi
917 1290 937 1326 ¹
956 1331 977 1361 ,
1014 1295 1073 1350 et
1096 1291 1405 1365 apostolus
1444 1289 1657 1351 Paulus

125 1383 383 1447 meminit
405 1386 428 1421 ²
438 1426 461 1457 ,
489 1382 786 1449 Abraham
817 1387 1062 1443 vocatus
1104 1384 1370 1443 obedivit
1405 1384 1567 1447 exire
1593 1384 1659 1445 in

123 1478 336 1549 locum,
356 1493 540 1554 quem
566 1477 632 1538 in
655 1477 1058 1541 haereditatem
1082 1482 1404 1553 acceperat,
1435 1481 1494 1538 et
1518 1478 1663 1538 exiit

124 1571 378 1631 nesciens
404 1586 527 1646 quo
555 1569 685 1629 iret.
705 1570 857 1633 Talis
876 1586 1088 1631 revera
1108 1571 1220 1629 fuit
1246 1572 1456 1631 beatus
1480 1577 1660 1631 Anto-

124 1665 271 1737 nius,
299 1664 445 1725 dum
470 1663 677 1723 relicto
710 1664 942 1736 ordine,
968 1663 1031 1722 in
1060 1680 1183 1740 quo
1211 1669 1354 1738 erat,
1381 1665 1661 1727 fratribus

126 1759 313 1819 adhuc
337 1759 508 1834 quasi
541 1759 772 1821 mundo
804 1759 1079 1832 ignotum
1113 1759 1368 1819 totaliter
1406 1777 1660 1823 8880111-

124 1853 300 1927 misit,
330 1856 386 1912 et
417 1851 636 1919 relictis
662 1853 1001 1915 domesticis
1027 1854 1319 1913 extraneis
1335 1897 1353 1926 ,
1381 1854 1661 1930 adhaesit,

127 1950 188 2005 ut
213 1950 359 2006 esset
387 1946 526 2019 1118,
571 1946 648 2006 de
684 1963 808 2022 quo
853 1946 1068 2006 dicitur
1102 1949 1126 1984 ⁸
1165 1964 1180 2004 2
1224 1967 1255 2003 α
1300 1948 1400 2009 vir
1427 1948 1663 2024 sapiens

127 2040 321 2115 dirigit
343 2057 578 2115 gressus
603 2057 765 2099 suos·
808 2060 839 2099 11
871 2041 986 2099 Sed
1014 2042 1148 2116 quis
1172 2041 1357 2100 hodie
1391 2048 1662 2105 sanctum

124 2134 277 2194 hunc
318 2133 621 2210 sequitur?
646 2138 827 2208 Ecce,
857 2134 1218 2211 charissimi,
1248 2138 1407 2195 certa
1433 2141 1519 2195 est
1544 2137 1661 2211 via,

124 2231 262 2287 nota
301 2228 581 2297 omnibus
623 2228 867 2298 semita,
908 2227 1042 2287 coeli
1081 2229 1267 2302 janua
1311 2234 1398 2287 est
1435 2234 1659 2306 aperta,

127 2322 260 2381 data
284 2326 422 2381 sunt
443 2326 773 2398 praecepta,
800 2322 1108 2397 proposita
1133 2325 1270 2380 sunt
1291 2322 1496 2382 divina
1521 2340 1664 2383 con-

125 2414 278 2485 111183
308 2420 366 2474 81
385 2421 585 2476 tamen
613 2432 738 2477 non
766 2419 885 2489 est,
914 2416 1022 2492 qui
1046 2418 1244 2475 teneat
1268 2432 1369 2489 ea,
1398 2417 1504 2475 sed
1534 2434 1664 2476 om-

123 2526 223 2569 nes
251 2509 550 2569 divertunt
576 2526 615 2569 a
658 2509 776 2568 via.
807 2507 829 2543 ⁸
876 2529 905 2565 α
940 2512 1156 2569 Omnes
1193 2510 1662 2585 declinaverunt,

123 2602 291 2667 simul
329 2604 568 2665 inutiles
608 2603 747 2663 facti
791 2608 930 2662 sunt
959 2621 974 2660 ε
1018 2619 1145 2663 non
1186 2608 1291 2677 est,
1340 2604 1443 2679 qui
1487 2604 1664 2665 faciat

122 2697 379 2771 bonum,
408 2713 535 2758 non
564 2701 651 2755 est
684 2713 874 2773 usque
909 2697 990 2756 ad
1017 2712 1226 2759 unum.
1271 2720 1301 2752 n
1347 2701 1493 2757 vere
1528 2704 1665 2760 sunt

124 2790 392 2850 homines
410 2790 601 2851 nostri
627 2791 881 2866 tempori
905 2790 1126 2850 similes
1142 2790 1330 2867 vulpi,
1351 2808 1486 2866 quse
1509 2808 1664 2853 nun-

123 2904 299 2962 quam
325 2891 490 2949 recta
514 2886 708 2962 vadit,
736 2887 844 2947 sed
878 2903 1116 2961 semper
1139 2888 1420 2946 tortuosis
1447 2888 1662 2962 gressif

120 2981 231 3041 bus
252 2981 496 3043 incedit.
522 2979 687 3041 Adeo
715 2980 873 3038 enim
892 2985 1027 3039 sunt
1046 2983 1324 3040 tortuosae
1339 2980 1451 3040 viae
1467 2982 1664 3040 homi-

121 3092 262 3139 num
287 3075 504 3148 hodie,
530 3079 596 3135 ut
621 3090 859 3133 necesse
898 3074 973 3133 sit
1010 3074 1095 3132 eis
1126 3090 1341 3134 errare.
1385 3076 1549 3134 Unde
1586 3075 1662 3135 de

119 3169 230 3230 hoc
253 3174 459 3245 posset
484 3169 703 3245 exponi
731 3168 883 3227 illud
906 3169 967 3227 ⁵:
1002 3186 1033 3222 κ
1058 3169 1189 3229 Tria
1207 3173 1344 3228 sunt
1377 3170 1524 3227 mihi
1554 3169 1667 3228 dif-

120 3264 316 3338 ficilia,
344 3269 403 3325 et
423 3267 704 3339 quartum
721 3263 955 3338 penitus
976 3262 1225 3337 ignoro:
1257 3263 1423 3322 Viam
1448 3264 1664 3338 aquilas

120 3358 178 3416 in
206 3358 380 3431 coelo,
405 3358 571 3417 viam
597 3357 830 3416 colubri
849 3372 1031 3432 supra
1050 3359 1299 3431 petram,
1319 3356 1477 3416 viam
1496 3357 1664 3416 navis

121 3452 180 3511 in
205 3453 409 3513 medio
431 3451 634 3524 maris,
664 3455 723 3511 et
736 3452 898 3511 viam
920 3450 1155 3524 Juvenis
1177 3450 1240 3507 in
1266 3449 1665 3509 adolescentia

119 3563 243 3606 sua.
285 3567 314 3602 11
347 3546 562 3606 Omnia
586 3546 728 3618 ista,
756 3544 907 3603 sicut
933 3543 1012 3601 ad
1054 3559 1295 3601 sensum
1332 3548 1512 3619 patet,
1540 3548 1664 3604 tor-

122 3643 280 3700 tuose
304 3640 558 3712 vadunt,
586 3654 746 3697 nunc
760 3637 901 3711 huc,
921 3652 1083 3711 nunc
1101 3637 1244 3695 illuc
1261 3653 1325 3695 se
1344 3637 1662 3709 divertunt,

118 3739 173 3793 et
195 3748 514 3810 nunquam
545 3735 708 3791 recto
748 3730 957 3790 itinere
992 3730 1339 3806 procedunt.
1389 3732 1553 3790 Certe
1579 3732 1663 3789 sic

119 3832 175 3887 et
198 3829 475 3888 homines
511 3826 693 3885 hodie
710 3868 730 3901 ,
775 3823 1053 3883 derelicta
1090 3824 1191 3883 via
1230 3824 1360 3897 Dei,
1401 3828 1534 3899 quse
1579 3830 1666 3884 est

119 3924 237 3982 tota
260 3926 445 3995 recta,
472 3921 636 3980 viam
659 3921 987 3994 sequuntur
1012 3918 1297 3993 serpentis
1326 3918 1575 3993 antiqui,
1607 3921 1665 3977 et

116 4015 291 4089 hujus
326 4015 530 4077 saeculi
579 4012 908 4084 vanissimi,
937 4028 1069 4087 quae
1111 4014 1232 4070 tota
1266 4014 1353 4069 est
1378 4014 1662 4086 tortuosa,

117 4110 390 4186 quamvis
442 4109 528 4168 eis
568 4108 844 4167 videatur
890 4109 1065 4164 recta.
1119 4104 1283 4164 Unde
1338 4104 1552 4164 dicitur
1590 4103 1613 4139 ⁸
1642 4124 1658 4162 ε

122 4224 148 4259 ι
174 4208 268 4263 Est
290 4204 396 4265 via
422 4219 559 4278 quoe
596 4200 828 4261 videtur
851 4198 1080 4259 homini
1109 4204 1301 4270 recta,
1327 4199 1435 4258 sed
1459 4198 1660 4258 novis-

115 4297 260 4356 sima
287 4299 420 4372 eius
448 4295 675 4354 ducunt
693 4294 775 4354 ad
800 4298 1073 4353 mortem.
1101 4311 1132 4349 1»

179 4392 372 4450 Tertio
398 4391 613 4449 beatus
633 4387 920 4448 Antonius
945 4386 1155 4445 habuit
1179 4386 1483 4444 scientiam
1518 4402 1661 4461 pro-

112 4485 428 4561 phetarum
443 4525 463 4557 ‚
491 4500 751 4560 quorum
778 4487 865 4543 est
895 4483 1224 4560 praevidere
1249 4482 1445 4541 futura
1460 4525 1479 4555 ‚
1509 4487 1567 4542 et
1592 4499 1665 4542 ea

113 4580 353 4657 populis
381 4579 673 4638 nuntiare.
705 4577 856 4639 Talis
887 4577 1047 4637 enim
1077 4576 1188 4635 fuit
1221 4592 1430 4636 revera
1454 4577 1665 4636 beatus

112 4674 402 4733 Antonius
416 4715 440 4749 ,
468 4672 616 4733 dum
638 4688 750 4748 per
774 4688 838 4731 se
862 4671 1205 4731 Paduanam
1242 4672 1534 4731 civitatem
1567 4689 1665 4731 su-

112 4767 495 4829 blimandam
521 4783 646 4827 esse
669 4766 959 4842 proevidit,
990 4765 1136 4825 dum
1173 4764 1351 4824 etiam
1374 4765 1662 4825 canonico

114 4862 278 4923 socio
306 4861 776 4939 immoperanti:
807 4860 1029 4930 «Vade,
1056 4859 1232 4933 vade,
1253 4858 1396 4934 quia
1420 4858 1663 4918 forsitan

115 4958 352 5017 sauctus
380 4956 519 5032 eris,
546 4976 576 5013 ι
603 4955 965 5031 prophetans
987 4954 1070 5011 sic
1088 4952 1433 5029 respondit:
1469 4971 1500 5007 α
1516 4953 1663 5010 Dum

115 5065 211 5108 me
255 5053 534 5109 sanctum
571 5049 829 5109 audieris
845 5090 867 5121 ,
897 5051 1082 5106 Deum
1107 5047 1312 5121 utique
1358 5045 1664 5105 collauda-

113 5142 268 5202 bis.»
294 5147 453 5218 Lege
478 5143 604 5203 hoec
627 5141 899 5202 attentius
920 5140 984 5199 in
1009 5140 1282 5215 Legenda
1304 5142 1348 5214 ⁷,
1373 5157 1507 5216 quae
1530 5143 1665 5199 sunt

182 5295 200 5329 ¹
228 5290 379 5354 Gen„
409 5303 507 5355 xlx,
537 5295 585 5342 4.
613 5317 672 5330 -
696 5292 718 5326 ²
745 5290 916 5354 Ilebr„
941 5302 1019 5349 11,
1043 5293 1091 5341 8.
1121 5316 1178 5327 —
1209 5292 1231 5326 ³
1267 5290 1434 5352 Prov„
1465 5303 1551 5355 xv,
1582 5293 1661 5343 21.

123 5389 183 5401 -
211 5365 230 5393 ⁴
260 5363 408 5413 Psal.
437 5373 566 5426 xm,
593 5365 641 5413 3.
667 5389 729 5402 -
755 5364 774 5393 ⁸
803 5364 971 5420 prov..
996 5374 1131 5426 xxx,
1169 5364 1334 5413 18-19.
1366 5388 1428 5400 —
1458 5364 1477 5394 ⁶
1515 5361 1662 5425 thid„

119 5446 230 5500 xiv,
265 5437 342 5485 ¹2.
375 5462 435 5472 —
472 5432 490 5466 ⁷
524 5436 663 5498 Sur„
690 5433 779 5484 ubi
805 5447 917 5498 sup.
950 5459 1003 5470 —
1039 5432 1062 5468 ⁸
1086 5429 1197 5494 Job,
1228 5444 1455 5494 xxxvm,
1489 5435 1568 5483 36.
1607 5459 1660 5469 -

3191 495 3311 559 565

1768 721 2142 798 spiritualiter
2167 721 2357 796 gallus
2395 721 2505 781 fuit
2538 724 2780 781 cantans
2816 719 2880 778 in
2908 718 3004 781 die
3019 760 3042 793 ,
3070 722 3312 779 cantans

1765 818 1830 875 in
1856 821 2051 888 nocte,
2078 819 2136 874 et
2158 831 2197 873 a
2216 815 2431 874 divinis
2451 800 2732 874 madibus
2756 817 2813 873 et
2837 830 2876 872 a
2891 811 3310 888 praedicatione

1766 926 1889 969 non
1916 925 2171 969 cessans.
2200 908 2365 968 Unde
2395 909 2471 967 de
2501 924 2573 967 eo
2601 909 2795 983 potest
2822 906 3043 982 exponi
3071 905 3224 967 illud
3248 906 3305 963 ⁸:

1773 1026 1802 1063 ι
1821 1008 1960 1079 Quis
1985 1008 2184 1083 posuit
2207 1007 2270 1065 in
2289 1007 2616 1065 visceribus
2635 1005 2897 1067 hominis
2921 1003 3312 1080 sapientiam?

1770 1106 1870 1160 aut
1911 1103 2045 1176 quis
2088 1101 2259 1159 dedit
2293 1101 2454 1174 gallo
2490 1099 2935 1172 intelligentiam
2957 1101 2987 1156 i
3014 1119 3044 1157 1>
3094 1101 3314 1171 Magum

1769 1196 1929 1253 enim
1953 1194 2255 1270 sapienties
2278 1197 2337 1253 et
2360 1194 2758 1267 intelligentias
2774 1193 2969 1267 gallus
2989 1192 3122 1262 fuit,
3143 1191 3313 1269 dum,

1769 1290 1848 1348 ad
1874 1289 2126 1349 modum
2154 1289 2300 1364 galli
2318 1332 2337 1362 ,
2366 1287 2488 1347 suis
2524 1288 2797 1348 cantibus
2823 1303 3014 1361 oegros
3040 1286 3312 1362 spiritua-

1767 1382 1900 1443 liter
1944 1381 2322 1455 confortavit,
2371 1386 2429 1440 et
2462 1382 2656 1441 malos
2702 1386 2760 1442 et
2796 1381 3014 1456 impios
3058 1379 3311 1452 attrivit,

1767 1478 1970 1553 lapsos
1994 1476 2295 1552 reparavit
2319 1519 2341 1549 ,
2366 1476 2554 1534 fessos
2592 1474 2949 1535 fortificavit.
2979 1478 3127 1535 Nam
3152 1474 3316 1535 etad

1769 1577 2010 1633 cantum
2037 1570 2202 1645 galli,
2234 1570 2385 1629 sicut
2411 1569 2628 1628 dicitur
2656 1570 2701 1641 ⁰,
2719 1569 2860 1642 aegri
2889 1567 3314 1639 confortantur,

1769 1682 1978 1727 mucro
2004 1665 2253 1724 latronis
2287 1663 2710 1736 absconditur,
2742 1668 2799 1721 et
2836 1661 3014 1737 lapsis
3038 1661 3190 1721 fides
3219 1676 3314 1721 re-

1768 1760 2030 1820 vertitur.
2063 1759 2179 1818 Sed
2201 1774 2325 1818 non
2352 1761 2489 1819 sunt
2514 1757 2689 1816 hodie
2716 1756 2863 1817 tales
2889 1755 3076 1815 nostri
3101 1772 3313 1831 specu-

1771 1856 1987 1915 latores
2006 1898 2025 1927 ,
2068 1854 2254 1912 nostri
2299 1856 2556 1912 rectores
2577 1895 2596 1924 ‚
2622 1851 2810 1913 nostri
2847 1850 3105 1924 maiores
3121 1892 3141 1922 ,
3172 1848 3318 1925 quia

1770 1948 2012 2024 populis
2051 1947 2299 2007 subditis
2326 1962 2448 2005 non
2482 1945 2682 2005 solum
2707 1960 2830 2003 non
2856 1945 3183 2019 praeyident
3219 1943 3315 2001 fu-

1771 2045 1938 2115 tura,
1965 2040 2075 2100 sed
2111 2056 2224 2099 nec
2269 2040 2551 2099 ordinant
2592 2039 2901 2115 proesentia
2942 2056 2958 2096 ε
3008 2039 3151 2114 quia
3192 2052 3315 2096 non

1772 2140 1911 2195 sunt
1936 2136 2221 2211 sapientia
2260 2135 2578 2195 illuminati
2595 2177 2616 2205 ,
2646 2134 2755 2192 sed
2780 2137 2916 2192 sunt
2952 2134 3125 2205 caeci,
3152 2132 3318 2193 omni

1771 2231 1996 2291 lumine
2028 2231 2284 2291 veritatis
2303 2231 2579 2290 destituti.
2603 2230 2767 2288 Unde
2786 2230 2862 2289 de
2889 2230 2973 2291 eis
2996 2230 3210 2289 dicitur
3238 2232 3313 2290 ¹⁰:

1783 2346 1810 2378 α
1863 2324 2273 2401 Speculatores
2318 2325 2446 2398 ejus
2498 2324 2632 2385 caeci
2687 2340 2896 2382 omnes
2914 2366 2933 2396 ‚
2985 2324 3319 2383 nescierunt

1772 2418 2087 2477 universa:
2118 2434 2294 2476 canes
2316 2419 2494 2491 muti,
2524 2434 2648 2477 non
2669 2418 2932 2477 valentes
2957 2417 3207 2490 latrare,
3231 2416 3317 2475 vi·

1773 2513 1977 2571 dentes
2003 2528 2177 2571 vana.
2208 2534 2238 2567 1»
2276 2512 2444 2570 Tales
2470 2513 2629 2571 enim
2650 2529 2777 2572 non
2803 2512 3111 2571 attendunt
3131 2512 3313 2582 mala,

1773 2623 1907 2683 quse
1932 2607 1995 2665 in
2037 2606 2371 2665 civitatibus
2395 2606 2547 2666 fiunt
2561 2647 2582 2679 ,
2618 2607 2763 2682 quia
2782 2607 2927 2683 ,caeci
2953 2610 3107 2664 sunt.
3134 2608 3321 2665 Canes

1773 2701 1933 2760 enim
1965 2701 2116 2759 muti
2148 2700 2228 2758 ad
2252 2701 2402 2759 nihil
2438 2700 2610 2759 utiles
2639 2704 2811 2759 sunt:
2841 2699 3001 2761 unde
3027 2716 3139 2763 nec
3164 2715 3320 2774 pane

1776 2794 1945 2869 digni
1971 2798 2128 2853 sunt.

1843 2890 2066 2959 Quarto
2111 2888 2323 2947 beatus
2376 2887 2662 2949 Antonius
2711 2888 2923 2949 babuit
2972 2887 3321 2965 sapientiam

1773 2982 2185 3059 apostolorum
2206 3025 2226 3055 ,
2271 2999 2408 3057 quae
2460 2982 2907 3043 similitudinem
2954 2982 3136 3045 hahet
3182 2998 3322 3041 cum

1771 3077 2060 3152 sapientia
2078 3080 2505 3149 mercatorum3
2524 3076 2639 3151 ipsi
2666 3077 2825 3134 enim
2850 3080 3005 3147 sunt,
3028 3076 3132 3151 qui
3148 3075 3320 3135 titulo

1770 3170 2087 3246 emptionis
2140 3175 2411 3230 emerunt
2453 3186 2707 3244 regnum
2734 3171 3043 3230 coelorum.
3075 3171 3110 3206 ¹¹
3159 3189 3190 3224 α
3216 3172 3322 3227 Ec-

1772 3282 1839 3325 ce
1865 3281 1977 3324 nos
2021 3264 2375 3340 reliquimus
2402 3263 2640 3337 omnia,
2682 3268 2741 3323 et
2775 3265 2958 3329 secuti
2985 3280 3189 3323 sumus
3214 3269 3270 3323 te
3298 3283 3314 3323 ε

1771 3360 1922 3436 quid
1961 3374 2105 3433 ergo
2146 3360 2258 3417 erit
2294 3358 2516 3417 nobis?
2542 3360 2608 3417 Et
2651 3359 2733 3416 ait
2773 3357 2891 3417 illis
2927 3360 3134 3417 Iesus:
3171 3360 3307 3431 Vos,

1772 3454 1877 3530 qui
1901 3452 2219 3528 reliquistis
2240 3451 2444 3511 omnia
2458 3495 2476 3525 ,
2516 3451 2861 3526 centuplum
2898 3451 3223 3527 accipietis,
3263 3456 3321 3510 et

1769 3547 1953 3604 vitam
1996 3551 2277 3605 internam
2308 3544 2709 3621 possidebitis.
2753 3565 2783 3601 »
2834 3545 3068 3620 Optima
3111 3560 3320 3605 revera

1768 3641 2085 3712 mercatio,
2112 3639 2221 3698 ubi
2256 3656 2368 3716 pro
2400 3640 2599 3715 parvis
2640 3639 2857 3699 dantur
2902 3655 3157 3712 magna,
3203 3655 3316 3714 pro

1770 3732 2253 3808 corruptibilibus
2289 3731 2761 3808 incorruptibilia
2774 3775 2794 3805 ,
2839 3737 2899 3791 et
2929 3748 3041 3808 pro
3076 3732 3317 3793 caducis

1769 3828 2006 3886 aeterna.
2037 3831 2233 3887 Bonus
2275 3831 2568 3886 mercator
2614 3827 2717 3887 ille
2755 3828 2939 3887 homo
2952 3868 2974 3899 ,
3009 3827 3114 3901 qui
3150 3826 3318 3885 novit

1768 3922 2192 3980 mercationem
2218 3936 2388 3979 suam
2413 3921 2540 3979 sine
2577 3920 2802 3979 damno
2840 3921 3135 3979 deducere
3157 3938 3177 3993 3
3208 3920 3317 3979 sed

1768 4015 2089 4090 sapientior
2121 4015 2220 4075 ille
2236 4057 2255 4088 ,
2302 4013 2406 4090 qui
2442 4014 2612 4074 novit
2648 4030 2719 4073 ex
2753 4014 2962 4089 paucis
2999 4014 3190 4073 multa
3216 4030 3314 4075 ac-

1769 4106 2037 4180 quirere:
2068 4104 2176 4163 sed
2204 4104 2306 4163 ille
2333 4103 2797 4180 sapientissimus
2830 4105 3166 4176 haberetur,
3203 4104 3317 4180 qui

1768 4198 1942 4257 sciret
1975 4198 2147 4274 quasi
2173 4214 2248 4256 ex
2272 4198 2460 4257 nihilo
2488 4198 2653 4257 bona
2682 4198 3116 4257 inaestimabilia
3151 4214 3316 4257 com-

1769 4308 2000 4368 parare.
2029 4291 2195 4350 Tales
2219 4307 2430 4351 revera
2444 4290 2682 4350 fuerunt
2698 4291 2984 4366 Apostoli,
3028 4291 3178 4350 dnm
3200 4309 3314 4367 pro

1770 4387 1943 4446 nobis
1978 4389 2195 4445 terram
2235 4385 2693 4446 desiderabilem
2733 4385 3105 4445 invenerunt.
3153 4386 3316 4446 Certe

1768 4480 1923 4539 hanc
1933 4480 2283 4555 sapientiam
2296 4480 2704 4555 apostolorum
2714 4479 2972 4539 imitatus
2982 4478 3093 4541 fuit
3104 4479 3315 4538 beatus

1770 4573 2079 4645 Antonius,
2116 4573 2262 4631 dum
2304 4576 2546 4649 propter
2580 4589 2833 4647 regnum
2869 4573 3156 4634 coelorum
3185 4589 3316 4633 om-

1770 4669 1872 4726 nia
1895 4667 2172 4742 reliquit,
2214 4664 2272 4726 et
2305 4682 2630 4742 pauperem
2667 4667 2861 4725 virum
2906 4666 3277 4725 Franciscum
3293 4709 3314 4740 ,

1770 4760 1894 4820 imo
1929 4761 2246 4820 Dominum
2287 4763 2487 4819 lesum
2519 4765 2753 4819 secutus
2794 4776 2902 4835 per
2928 4761 3130 4819 omnia
3154 4759 3265 4819 fuit
3297 4778 3312 4819 :

1770 4854 1995 4913 sciebat
2036 4853 2216 4928 enim,
2265 4854 2433 4929 quod
2462 4854 2590 4912 haec
2615 4853 2904 4928 sapientia
2938 4853 3142 4913 omnia
3167 4869 3316 4928 prae-

1772 4949 2006 5008 cederet
2043 4948 2256 5009 mundi
2282 4948 2464 5020 bona,
2489 4948 2659 5022 J‘uxta
2698 4948 2851 5006 illud
2875 4945 2916 4984 ²⁸
2948 4967 2963 5006 =
3010 4969 3041 5004 ι
3074 4951 3314 5022 Beatus,

1771 5044 1876 5119 qui
1926 5042 2155 5101 invenit
2206 5041 2575 5116 sapientiam,
2627 5044 2686 5100 et
2728 5040 2915 5100 affluit
2958 5041 3312 5117 prudentia:

1769 5137 1982 5196 melior
2008 5142 2152 5209 est,»
2176 5136 2386 5210 inquit,
2405 5153 2434 5189 α
2450 5135 2760 5211 acquisitio
2777 5136 2905 5209 ejus
2915 5135 3315 5208 negotiatione

1770 5287 1793 5322 ⁹
1824 5286 2082 5350 Ambros.,
2115 5285 2372 5347 Hexaem„
2409 5283 2497 5335 lib.
2538 5285 2602 5348 V,
2641 5298 2687 5335 c.
2720 5295 2864 5346 xxiv,
2892 5297 2945 5336 n.
2986 5286 3064 5347 88,
3094 5286 3147 5335 et
3172 5283 3311 5350 offic.

1777 5359 2048 5421 Dominic„
2075 5358 2141 5409 ad
2170 5356 2386 5408 Laudes.
2409 5381 2471 5393 —
2497 5357 2537 5391 ¹·
2568 5357 2687 5416 lca„
2713 5366 2818 5420 Lvl,
2850 5358 2925 5407 10.
2952 5382 3007 5392 -
3045 5357 3074 5391 ⁸¹
3107 5356 3314 5415 Mami..

1777 5442 1888 5495 xix,
1917 5433 2085 5482 27-28.
2106 5456 2170 5468 —
2199 5429 2239 5465 ¹²
2263 5430 2434 5493 Pron„
2465 5439 2544 5491 111,
2575 5428 2648 5479 13.
