4059 6317
639 379 758 443 160

633 617 798 684 aeris
826 620 888 681 et
914 613 1305 698 grandinum
1342 616 1493 676 sunt
1530 608 1945 675 immobiliter
1969 624 2169 689 expo-

633 726 762 791 siti.
794 724 897 789 Sic
921 721 1109 786 activi
1137 720 1367 784 debent
1401 736 1538 783 esse
1579 716 1851 801 expositi
1893 714 1975 779 ad
2009 712 2168 777 tole-

635 830 911 900 randum
988 830 1348 892 constanter
1430 841 1655 889 omnes
1732 820 2176 886 tribulationes

637 938 927 1020 exemplo
951 934 1217 1011 Christi,
1254 934 1367 1016 qui
1399 931 1692 1015 exposuit
1717 947 1951 1012 corpus
1980 946 2173 993 suum

640 1041 1138 1127 impulsionibus
1163 1040 1422 1116 lanceae,
1449 1044 1512 1104 et
1537 1038 1887 1115 clavorum,
1917 1039 1980 1100 et
2006 1040 2176 1099 tam-

641 1153 753 1217 diu
780 1151 1076 1234 clypeum
1104 1147 1427 1232 patientiae
1466 1143 1740 1229 portavit
1756 1191 1775 1223 ,
1827 1141 2024 1206 donec
2072 1140 2175 1204 vi·

642 1264 777 1325 tam
822 1257 1158 1321 mortalem
1210 1255 1599 1319 terminaret.
1645 1250 1822 1316 Unde
1872 1250 1952 1315 de
1995 1248 2181 1313 bonis

648 1367 870 1434 activis
894 1366 1127 1431 dicitur
1154 1364 1221 1428 in
1249 1360 1499 1427 Psalmo
1529 1361 1546 1395 ²
1581 1381 1598 1423 ς
1638 1381 1670 1420 α
1704 1356 1824 1436 Qui
1853 1356 2183 1421 confidunt

648 1475 718 1538 in
749 1472 1039 1549 Domino,
1070 1471 1236 1535 sicut
1276 1486 1463 1532 mons
1488 1465 1641 1530 Sion
1673 1487 1688 1530 :
1723 1481 1853 1528 non
1895 1480 2179 1528 commo-

649 1580 904 1645 vebitur
929 1580 995 1642 in
1020 1581 1370 1654 aeternum,
1412 1573 1528 1657 qui
1553 1571 1800 1636 habitat
1834 1571 1902 1634 in
1929 1568 2184 1635 Jerusa-

651 1687 800 1753 lem.
834 1708 865 1747 »
904 1686 1068 1764 Quia
1093 1682 1581 1769 pusillanimitas
1620 1683 1714 1744 est
1744 1693 1930 1758 causa
1954 1677 2182 1756 ruinae,

652 1801 716 1862 et
737 1794 1114 1860 confidentia
1144 1810 1336 1857 causa
1361 1788 1768 1866 constantiae‚.
1797 1787 1937 1851 ideo
1966 1785 2188 1849 dicun-

655 1909 764 1969 tur
790 1903 1178 1974 confldentes
1205 1900 1274 1963 in
1302 1897 1568 1963 Domino
1599 1894 1769 1960 flrmi
1810 1895 1969 1958 sicut
2004 1910 2190 1956 mons

657 2011 831 2090 Sion,
862 2013 1117 2093 propter
1153 2006 1527 2070 soliditatem
1561 2000 1951 2066 fortitudinis
1986 2002 2052 2064 et
2080 2017 2192 2080 pa-

659 2117 924 2182 tientiae.
956 2114 1074 2193 Qui
1100 2112 1438 2179 habitatin
1475 2107 1825 2175 Jerusalem
1860 2124 1974 2190 per
2014 2109 2189 2169 tran-

659 2225 1041 2308 quillitatem
1062 2222 1233 2306 pacis
1251 2224 1314 2284 et
1326 2217 1701 2295 concordiae,
1726 2233 1858 2279 non
1876 2211 2194 2279 turbando

661 2333 939 2416 seipsum
971 2329 1240 2394 interius
1266 2328 1331 2391 in
1368 2327 1608 2405 animo,
1634 2328 1696 2389 et
1724 2341 1854 2388 non
1898 2318 2197 2385 scandali-

663 2440 864 2505 zando
908 2439 1274 2522 proximum
1327 2435 1610 2500 exterius
1666 2432 1735 2496 in
1783 2430 1977 2495 verbo
1998 2476 2019 2508 ,
2066 2445 2198 2492 non

666 2541 1169 2613 commovebitur
1193 2546 1450 2627 propter
1473 2538 2008 2624 impetuositatem
2025 2536 2199 2600 suro-

668 2657 757 2720 ris
783 2660 844 2721 et
869 2652 1238 2719 iracundiae.
1280 2650 1492 2715 Tertio
1533 2648 1714 2713 duxit
1761 2643 2200 2726 contemplati-

670 2781 787 2828 vos
832 2763 902 2825 in
945 2764 1229 2825 montem
1290 2756 1570 2822 liberalis
1613 2750 2201 2828 communicantiae,

672 2872 808 2937 sive
825 2864 1367 2934 communicabilis
1387 2862 1762 2942 influentiae,
1790 2877 1906 2943 pro
1912 2863 2049 2940 pter
2063 2857 2206 2921 cha-

673 2976 995 3041 ritativam
1022 2972 1428 3039 diffusionem
1465 2968 1768 3051 gratuitae
1807 2963 2207 3049 praedicatio-

676 3085 798 3148 nis.
828 3083 1049 3147 Tantae
1079 3077 1251 3144 enim
1286 3073 1879 3143 communicationis
1917 3075 1981 3135 et
2008 3069 2207 3135 diffu-

677 3192 875 3257 sionis
900 3194 1048 3255 sunt
1074 3190 1355 3266 montes,
1391 3190 1464 3250 ut
1502 3184 1748 3262 omnia,
1786 3198 2211 3265 quaecumque

680 3299 1017 3383 recipiunt,
1047 3296 1256 3362 statim
1276 3293 1657 3372 diffundunt,
1686 3294 1749 3354 et
1773 3289 2048 3372 quasise
2070 3306 2215 3352 exo-

681 3411 974 3473 nerantes
991 3405 1070 3470 ad
1097 3404 1287 3487 plana
1302 3400 1759 3466 transmittunt.
1786 3395 1946 3461 Nam
1970 3394 2210 3478 pluvia,

683 3534 839 3580 mox
883 3517 956 3578 ut
1003 3510 1395 3587 infunditur,
1445 3506 1656 3570 statim
1710 3502 2069 3569 refunditur
2087 3549 2104 3577 ‚
2152 3506 2217 3565 et

685 3621 954 3688 flumina
996 3636 1269 3703 quaeque
1330 3616 1755 3699 percurrunt,
1819 3608 2216 3675 convallibus

686 3727 1181 3816 communicant,
1203 3728 1266 3788 et
1283 3723 1474 3788 etiam
1491 3719 1755 3814 lapides,
1776 3720 1841 3782 et
1859 3714 2136 3795 metalla,
2150 3718 2218 3778 et

689 3836 813 3901 alia
839 3852 986 3918 quae
1014 3831 1396 3916 producunt,
1421 3826 1500 3892 ad
1538 3826 1727 3909 plana
1758 3822 2217 3887 transmittunt.

690 3944 813 4009 Per
873 3943 1070 4006 istum
1138 3937 1397 4002 modum
1462 3929 1931 4014 contemplativi
1993 3928 2225 3994 debent

690 4068 827 4117 esse
852 4047 1255 4113 irradiatores
1291 4041 1750 4124 cogitationum
1783 4036 2046 4123 pluviae,
2089 4037 2224 4099 sive

692 4157 1083 4240 irrigationis
1123 4152 1512 4236 pluviarum;
1559 4152 1623 4213 et
1658 4146 1849 4211 etiam
1890 4162 2103 4210 rorem
2140 4143 2223 4225 (a)

692 4265 1151 4330 charismatum
1197 4257 1513 4325 donorum
1555 4254 1636 4320 ad
1682 4253 1947 4318 modum
1993 4250 2228 4315 montis

694 4372 869 4451 Sion,
903 4387 1018 4453 per
1042 4367 1314 4433 verbum
1341 4360 1841 4448 praedicationis,
1868 4376 1982 4442 per
2006 4374 2227 4422 exem·

694 4479 832 4564 plar
867 4473 1362 4542 conversationis
1381 4520 1400 4551 ,
1447 4471 1525 4535 ad
1571 4469 1727 4533 alios
1767 4466 2192 4531 transmittere
2207 4512 2227 4538 ,

697 4587 847 4669 quia
891 4589 1045 4649 tunc
1086 4581 1452 4665 implebitur
1494 4576 1654 4641 illud
1681 4576 1707 4612 ²
1745 4592 1763 4638 ε
1799 4596 1830 4635 α
1869 4572 1943 4636 111
1985 4571 2095 4635 illa
2132 4569 2232 4634 die

699 4692 1025 4756 stillabunt
1043 4691 1290 4754 montes
1308 4684 1731 4762 dulcedinem,
1754 4684 1817 4745 et
1829 4679 2017 4744 colles
2034 4678 2234 4742 fluent

702 4799 862 4864 lacte
883 4846 906 4880 ,
965 4799 1029 4861 et
1088 4812 1282 4877 super
1333 4808 1554 4856 omnes
1617 4788 1789 4853 rivos
1836 4785 1999 4851 ¹luda
2050 4785 2236 4849 ibunt

704 4923 913 4990 aquae.
943 4925 975 4964 n
1012 4899 1492 4984 contemplativi
1519 4896 1820 4963 dicuntur
1842 4892 2080 4957 stillare
2101 4892 2237 4956 dul·

708 5015 991 5079 cedinem
1018 5012 1140 5097 piae
1184 5003 1667 5092 compassionis,
1713 5004 1795 5069 ad
1839 5002 2238 5067 tractandum

710 5122 1007 5200 afflictos3
1036 5122 1101 5185 et
1126 5117 1314 5183 colles
1339 5115 1538 5180 fluere
1567 5112 1666 5177 lac
1692 5110 1813 5195 piae
1841 5108 2236 5195 praedicatio-

774 5283 793 5318 ¹
818 5279 952 5334 Psal.
988 5291 1160 5344 cxx1v,
1201 5283 1246 5330 1.
1286 5303 1351 5316 -
1389 5276 1409 5306 ²
1447 5270 1593 5335 Joez„
1644 5286 1739 5338 111,
1777 5276 1853 5326 18.
1886 5299 1949 5311 —
1983 5271 2007 5309 ⁸
2043 5271 2242 5339 Erech„

710 5364 898 5418 xxxvt,
924 5354 972 5402 8.
1002 5378 1065 5389 —
1087 5350 1110 5385 δ
1136 5347 1275 5401 Ptol.
1305 5356 1471 5409 nvn,
1498 5347 1577 5398 16.

1723 361 2143 433 SERMONES
2184 363 2285 433 DE
2328 365 2729 435 TEMPORE.

630 510 844 576 tionis,
883 506 1129 573 Montes
1167 504 1339 570 enim
1382 504 1623 583 ventis,
1667 504 1732 568 et
1768 500 2168 585 pulsionibus
2214 511 2237 530 “

2276 502 2399 583 1118,
2429 503 2511 569 ad
2536 501 2950 568 nutriendum
2979 502 3219 569 debiles
3260 525 3278 568 2
3319 507 3384 570 et
3420 505 3573 572 tune
3617 525 3810 591 super

2278 627 2501 675 omnes
2526 610 2723 689 rivos,
2768 609 3001 675 scilicet
3036 610 3470 694 lacrymarum
3485 661 3502 693 ‚
3528 613 3716 694 luda,
3742 615 3811 679 id

2283 721 2401 797 est,
2430 717 2875 800 poenitentium
2907 715 2973 798 (J
2976 717 3103 783 uda
3144 719 3317 784 enim
3349 720 3669 803 confitens
3710 722 3811 787 in-

2282 824 2708 908 terpretatur),
2729 824 2916 889 ibunt
2930 842 3138 907 aquam
3165 826 3405 891 scilicet
3429 830 3810 909 gratiarum,

2283 931 2368 994 ad
2394 931 2943 1014 multiplicandum
2963 949 3159 1014 opera
3176 934 3444 1017 justitiae
3464 942 3528 1001 et
3546 938 3814 1019 pietatis.

2287 1037 2367 1103 Et
2393 1039 2548 1127 illud
2576 1037 3079 1121 contemplativis
3106 1044 3408 1124 maxime,
3450 1045 3565 1127 qui
3592 1049 3816 1109 tenen·

2286 1148 2396 1211 tur
2429 1146 2817 1228 professione
2853 1146 3124 1230 alicujus
3169 1149 3448 1230 regulae,
3497 1153 3821 1234 competit.

2288 1252 2641 1318 Concordat
2678 1253 2852 1337 quod
2879 1254 3125 1320 dicitur
3146 1256 3170 1292 ⁸
3206 1274 3225 1321 z
3264 1279 3296 1317 α
3320 1256 3564 1322 Montes
3606 1257 3825 1336 lsrael,

2289 1378 2502 1426 ramos
2529 1361 2886 1444 expandite,
2928 1366 2993 1428 et
3032 1364 3337 1444 frondete,
3366 1369 3433 1429 et
3476 1365 3720 1443 florete,
3762 1369 3830 1430 et

2291 1467 2537 1533 fructus
2561 1468 2750 1533 facite
2774 1468 2875 1550 (b).
2908 1491 2939 1530 a
2963 1469 3155 1535 lsrael
3172 1472 3345 1537 enim
3376 1472 3605 1539 videm
3622 1474 3833 1539 Deum

2289 1574 2747 1657 interpretatur
2764 1622 2783 1653 ‚
2839 1577 2904 1641 et
2949 1575 3167 1658 signat
3208 1580 3776 1663 contemplativum
3812 1623 3832 1661 ,

2295 1681 2408 1765 qui
2433 1681 2616 1746 debet
2642 1682 2856 1748 videre
2882 1682 3081 1748 Deum
3105 1685 3176 1748 in
3210 1686 3466 1768 propria
3500 1688 3832 1752 conscien-

2296 1789 2403 1852 tia.
2438 1788 2600 1853 Dum
2632 1790 2702 1872 (c)
2736 1789 2969 1855 dicitur
3002 1813 3017 1854 :
3048 1791 3292 1859 Montes
3334 1793 3562 1875 Israel,
3594 1794 3659 1859 id
3700 1798 3829 1874 est,

2296 1895 2797 1978 contemplativi-3
2863 1913 3078 1963 ramos
3136 1905 3375 1967 vestros
3438 1899 3795 1982 expandite
3811 1948 3832 1980 ,

2298 2002 2534 2067 scilicet
2554 2002 2640 2068 ad
2666 2005 2964 2086 vagantis
2989 2005 3205 2089 populi
3230 2007 3836 2089 congregationem3

2299 2107 2609 2189 frondete,
2643 2128 2762 2193 per
2804 2110 3007 2176 divini
3056 2112 3236 2177 verbi
3278 2113 3839 2196 praedicationem3

2301 2218 2537 2299 florete,
2563 2237 2678 2301 per
2695 2220 2993 2286 odoriferi
3014 2222 3289 2306 exempli
3317 2223 3839 2303 ostentationem;

2305 2332 2366 2393 et
2390 2327 2640 2407 fructus
2670 2327 2891 2409 facite,
2919 2347 3032 2412 per
3055 2334 3282 2394 vestrae
3317 2329 3539 2395 salutis
3562 2331 3845 2414 acquisi-

2304 2436 2569 2515 tionem,
2596 2438 2661 2500 et
2685 2436 3131 2519 proximorum
3152 2438 3615 2521 promotionem
3634 2484 3654 2514 ‚
3687 2440 3849 2521 quia

2304 2546 2458 2607 tunc
2506 2542 2681 2607 eritis
2727 2548 2750 2582 ⁴
2795 2565 2826 2604 α
2869 2562 3055 2608 1110118
3099 2543 3208 2608 Ι)61
3229 2593 3248 2623 ,
3308 2563 3492 2610 mons
3534 2545 3805 2629 pinguis
3824 2594 3847 2624 ,

2309 2666 2494 2714 mons
2517 2649 2584 2712 in
2613 2668 2743 2733 quo
2769 2650 3233 2733 beneplacitum
3261 2655 3356 2717 est
3391 2652 3518 2717 Deo
3558 2652 3851 2717 habitare

2310 2775 2378 2820 ln
2405 2773 2504 2821 eo.
2536 2778 2566 2816 n

2393 2863 2603 2929 Tertio
2644 2869 2709 2930 et
2752 2865 2980 2930 ultimo
3029 2866 3380 2932 ostenditur
3422 2866 3854 2950 dispensativa

2313 2973 2584 3039 ostensio
2608 2973 2840 3038 tuturae
2870 2974 3372 3054 glorificationiS,
3402 2992 3551 3039 cum
3575 2975 3849 3040 dicitur:

2317 3080 2398 3146 Et
2425 3080 2934 3163 transfiquratus
2960 3086 3053 3148 est
3078 3087 3223 3148 ante
3245 3097 3371 3149 eos.
3400 3081 3617 3148 Voluit
3636 3081 3855 3147 Domi-

2315 3206 2441 3251 nus
2466 3190 2678 3251 noster
2713 3185 2746 3252 J
2750 3205 2894 3252 esus
2933 3186 3220 3254 Christus
3255 3190 3704 3271 transfigurari
3743 3207 3857 3254 eo-

2317 3311 2459 3358 ram
2498 3293 2634 3357 istis
2663 3294 2888 3374 tribuS,
2920 3311 3034 3376 per
3073 3313 3235 3378 quos
3263 3295 3528 3377 praelati,
3573 3296 3765 3361 activi
3790 3301 3861 3361 et

2319 3399 2797 3483 contemplativi
2822 3398 3297 3481 intelliguntur,
3321 3405 3383 3466 et
3406 3401 3739 3467 ostendere
3762 3402 3862 3466 eis

2319 3526 2504 3572 suam
2532 3509 2816 3572 futuram
2844 3506 3152 3589 gloriam,
3197 3511 3270 3573 ut
3312 3527 3429 3591 per
3452 3510 3595 3588 hoc,
3623 3526 3863 3593 appro-

2321 3615 2524 3697 priate
2543 3615 2883 3697 loquendo,
2914 3615 3124 3698 primo
3157 3615 3543 3681 illuminaret
3572 3616 3643 3679 in
3665 3615 3865 3681 Petro

2322 3720 2617 3805 praelatos
2641 3721 2975 3804 splendore
3000 3721 3260 3788 virtutis
3292 3727 3357 3787 et
3388 3722 3827 3804 intelligentiae
3838 3770 3859 3803 ‚

2324 3828 2602 3894 secundo
2646 3829 3054 3894 confirmaret
3111 3829 3179 3893 in
3234 3828 3466 3894 Iacobo
3509 3831 3752 3894 activos
3791 3828 3865 3894 111

2326 3954 2439 4019 spe
2464 3935 2915 4018 expectationis
2957 3936 3189 4000 tuturae
3225 3936 3453 4017 gloriae
3467 3984 3488 4016 ,
3530 3937 3716 4001 tertio
3758 3936 3867 4001 in-

2330 4041 2687 4105 flammaret
2710 4040 2781 4104 in
2806 4039 3047 4106 Joanne
3080 4041 3602 4124 contemplativos
3642 4060 3865 4107 amere

2329 4146 2650 4212 charitatis
2678 4151 2742 4211 et
2767 4145 3245 4214 benevolentias.
3271 4147 3487 4213 Primo
3510 4150 3868 4231 transfigu-

2331 4259 2508 4320 ratus
2534 4256 2801 4319 estante
2827 4252 3112 4332 Petrum,
3141 4258 3219 4320 nt
3243 4254 3313 4318 in
3337 4254 3525 4321 Petro
3551 4255 3871 4322 illumina-

2333 4362 2433 4425 ret
2461 4360 2757 4443 praelatos
2782 4359 3116 4443 splendore
3143 4361 3401 4428 virtutis
3424 4367 3488 4427 et
3512 4362 3870 4446 intelligen-

2334 4467 2465 4547 tiae,
2496 4472 2572 4532 ut
2596 4486 2712 4550 per
2734 4467 2907 4551 ipsos
2927 4469 3142 4534 caetoei
3168 4468 3242 4533 in
3268 4469 3392 4534 ilde
3422 4469 3869 4535 illuminaren-

2335 4578 2467 4640 tur.
2500 4574 2677 4640 Unde
2707 4575 2858 4640 dicit
2891 4572 3155 4642 Glossa:
3193 4599 3226 4639 c
3258 4576 3332 4642 Et
3354 4577 3641 4642 Christus
3670 4578 3873 4644 voluit

2337 4684 2790 4765 transfigurari
2824 4703 3041 4750 eoram
3063 4685 3271 4749 tribus
3293 4685 3558 4749 testibus
3577 4732 3595 4762 ‚
3635 4685 3875 4768 quibus
4006 4737 4011 4744 .

2340 4794 2508 4855 totus
2536 4791 2817 4856 mundus
2842 4792 3143 4857 crederet.
3165 4813 3194 4852 a
3220 4790 3347 4857 Nec
3360 4795 3578 4856 tamen
3590 4790 3875 4857 Christus

2339 4898 2409 4963 in
2438 4916 2558 4964 sua
2590 4899 3154 4981 transfiguratione
3182 4902 3432 4964 tantum
3458 4900 3688 4964 habuit
3706 4900 3879 4965 testi-

2343 5006 2637 5072 monium
2686 5007 3028 5073 hominum
3074 5008 3151 5074 de
3197 5008 3462 5089 mundo,
3513 5009 3646 5074 imo
3685 5008 3877 5073 etiam

2342 5113 2570 5179 habuit
2577 5115 2822 5198 perhoc
2833 5113 3266 5181 testimonium
3276 5114 3387 5180 Dei
3399 5113 3604 5180 Patris
3616 5116 3697 5181 de
3712 5132 3880 5180 sum-

2406 5275 2476 5356 (q)
2510 5275 2634 5327 cent.
2654 5276 2779 5328 edit.
2799 5290 3004 5329 rore.—
3021 5275 3093 5341 (ὁ)
3115 5276 3262 5343 Vulq.
3276 5291 3451 5331 remos
3468 5281 3672 5332 vestros
3692 5276 3880 5342 germi-

2346 5350 2499 5411 neus,
2520 5352 2573 5399 et
2598 5347 2819 5401 fructum
2844 5348 3087 5402 afferatis.
3114 5375 3175 5387 —
3205 5349 3270 5415 (c)
3298 5351 3415 5415 Lea.
3449 5350 3590 5403 iden.
3622 5355 3638 5416 Ι
