4059 6317
644 473 766 538 334

641 606 751 674 sed
777 606 971 671 eflam
1008 605 1198 671 multi
1240 609 1435 686 sunt,
1479 622 1594 688 ρει·
1636 621 1801 686 quos
1846 607 2183 670 vocantur.

641 712 798 780 Eece
826 713 992 779 Deus
1017 716 1204 779 vocat
1227 731 1343 796 ρει·
1368 731 1434 778 se
1452 761 1474 792 ,
1506 716 1693 778 vocat
1728 727 1845 793 per
1874 709 2143 792 angelos
2161 757 2183 789 ‚

638 825 826 885 vocat
848 839 963 903 per
990 824 1223 904 patres»,
1252 824 1441 885 vocat
1464 837 1582 903 per
1603 818 1969 902 propbetas,
1999 820 2187 882 vocat

638 945 754 1011 per
799 932 1084 1011 pastores
1104 976 1120 1004 ‚
1174 932 1361 993 vocat
1418 945 1533 1011 per
1596 925 1910 991 miracula
1929 973 1950 1005 ,
1997 928 2188 990 vocat

639 1052 753 1117 per
776 1035 1071 1117 flagella,
1101 1041 1288 1102 vocat
1314 1053 1430 1119 per
1455 1052 1757 1119 prospera
1775 1081 1797 1114 ,
1843 1037 2030 1099 vocat
2070 1050 2187 1116 per

636 1143 924 1208 adversa.

717 1249 804 1314 De
830 1249 1113 1315 secundo
1134 1250 1368 1316 dicitur
1394 1249 1484 1315 ibi
1516 1269 1533 1314 ε
1574 1247 1878 1332 Compellc
1902 1249 2179 1316 intrare.

638 1356 986 1439 Gregorius
1025 1379 1041 1420 :
1087 1380 1118 1419 e
1145 1357 1344 1434 Mala,
1375 1375 1524 1440 quae
1553 1374 1670 1422 nos
1711 1356 1816 1421 hic
1854 1357 2180 1439 premunt,

635 1464 713 1530 ad
726 1464 1063 1529 coelumire
1076 1464 1486 1548 compellunt.
1504 1486 1535 1524 n
1552 1464 1572 1500 ¹
1590 1462 2184 1546 «Compellebantur

635 1571 963 1650 fluctibus,
994 1577 1057 1638 et
1079 1572 1627 1656 periclitabantur3
1669 1570 2038 1636 accedentes
2060 1586 2180 1634 au-

637 1684 766 1744 tem
792 1680 1263 1745 suscitaverunt
1290 1697 1479 1769 eum,
1520 1700 1553 1738 »
1588 1683 1710 1743 etc.
1748 1677 1906 1743 Ecce
1941 1677 2022 1742 ad
2068 1675 2181 1742 Do-

636 1787 887 1852 minum
908 1786 1238 1864 accedunt,
1256 1804 1417 1869 quos
1434 1787 1929 1853 tribulationum
1945 1784 2182 1850 fluctus

633 1895 1044 1977 compellunt.
1082 1894 1418 1960 Psalmista
1440 1896 1466 1931 ⁸
1496 1916 1513 1960 z
1552 1917 1586 1956 α
1611 1893 1811 1977 Imple
1838 1891 2029 1958 facies
2065 1909 2177 1958 eo-

633 2020 784 2067 rum
812 2003 1197 2108 ignominia,
1229 2024 1261 2062 n
1294 2006 1417 2067 etc.

716 2109 801 2174 De
844 2110 1030 2174 tertio
1067 2110 1300 2174 dicitur
1340 2109 1447 2174 hic
1491 2131 1506 2173 ε
1560 2110 1765 2178 Goecos
1809 2116 1871 2178 et
1913 2107 2177 2177 claudos

634 2216 933 2285 introduc
976 2217 1117 2284 huc.
1166 2215 1287 2282 Sed
1309 2265 1329 2296 ‚
1371 2218 1443 2281 ol
1487 2217 1814 2299 quomodo
1858 2215 2175 2298 templum

631 2327 857 2409 gloriae
883 2327 1165 2406 intrabit,
1194 2328 1310 2409 qui
1346 2329 1444 2391 est
1480 2343 1690 2391 caecus
1713 2326 1781 2389 in
1808 2324 2131 2390 intellectu
2151 2371 2170 2402 ,

630 2434 736 2499 vel
760 2434 1023 2500 claudus
1048 2436 1118 2498 in
1145 2433 1401 2513 affectu,
1427 2433 1533 2497 vel
1558 2433 1670 2517 qui
1697 2450 1905 2497 caecus
1932 2431 2001 2495 in
2021 2431 2170 2509 fide,

630 2542 736 2608 vel
764 2542 1026 2609 claudus
1052 2545 1119 2607 in
1149 2542 1433 2608 moribus
1460 2547 1576 2621 est,
1606 2559 1755 2607 cum
1802 2539 2039 2605 dicitur
2081 2539 2105 2575 ⁸
2151 2559 2169 2602 ε

638 2672 669 2711 α
698 2648 945 2728 Caecus,
971 2653 1037 2715 et
1074 2650 1341 2716 claudus
1367 2667 1497 2714 non
1525 2648 1860 2713 intrabunt
1886 2646 1955 2710 in
1999 2650 2171 2710 tem-

629 2758 833 2840 plum.
867 2781 898 2818 ι)
936 2757 1195 2841 Oportet
1215 2776 1377 2839 ergo
1390 2773 1624 2821 caecam
1642 2759 1710 2820 et
1725 2754 2017 2820 claudam
2041 2753 2174 2818 ani-

629 2883 802 2929 mam
831 2870 977 2931 ante
1002 2866 1236 2942 sanari,
1267 2882 1466 2946 quam
1490 2864 1571 2928 ad
1593 2860 2010 2946 spiritualem,
2033 2860 2170 2928 sive

628 2973 995 3039 aeternalem
1060 2972 1467 3038 refectionem
1534 2970 1758 3035 debeat
1827 2967 2168 3032 introduci.

626 3078 1031 3161 Augustinus
1056 3078 1078 3113 ⁴
1113 3098 1131 3143 ε
1173 3102 1205 3140 α
1234 3080 1469 3144 Anima
1494 3078 1673 3162 prius
1714 3080 2017 3153 sanatur,
2064 3091 2167 3139 sa-

623 3191 775 3251 nata
825 3185 1253 3252 introducitur
1271 3234 1292 3265 ,
1348 3184 1710 3250 introducta
1760 3182 2069 3248 reficitur.
2126 3202 2158 3241 n

623 3292 947 3359 Habemus
974 3299 1189 3360 antem
1216 3292 1295 3358 ad
1324 3289 1859 3358 introducendum
1884 3307 2003 3354 nos
2031 3307 2168 3355 non

622 3403 832 3470 solum
874 3403 1302 3468 ministerium
1356 3401 1760 3494 humanum,
1810 3402 1919 3464 sed
1972 3400 2168 3464 etiam

623 3511 992 3593 angelicum
1024 3512 1048 3547 ⁸
1077 3533 1094 3576 ε
1135 3533 1167 3571 α
1196 3511 1352 3576 Ecce
1379 3527 1506 3592 ego
1531 3509 1782 3573 mittam
1809 3506 2124 3589 angelum
2142 3553 2161 3586 ‚

623 3620 738 3702 qui
761 3619 1076 3702 praeeedat
1100 3623 1165 3683 te
1185 3667 1202 3697 ,
1229 3623 1295 3684 et
1336 3618 1652 3683 custodiat
1676 3616 1747 3680 in
1773 3616 1883 3680 via
1902 3663 1923 3695 ‚
1970 3619 2037 3679 et
2063 3616 2169 3679 in-

626 3726 915 3792 troducat
941 3726 1022 3791 ad
1045 3724 1285 3801 locum,
1316 3742 1511 3807 quem
1538 3723 1899 3806 praeparavi
1944 3722 2081 3787 tibi.
2125 3744 2158 3782 ι

705 3834 791 3899 De
817 3837 1045 3917 quarto
1073 3833 1305 3898 dicitur
1330 3832 1423 3896 ibi
1459 3854 1475 3895 :
1533 3834 1616 3898 Ut
1658 3829 2004 3913 impleatur
2049 3829 2165 3898 do-

623 3958 765 4008 mus
795 3957 937 4008 mea
966 3943 1076 4022 (α).
1110 3940 1349 4005 Domus
1378 3938 1453 4021 (b)
1491 3936 1744 4003 Domini
1770 3937 2162 4020 implebitur,

623 4050 880 4131 quando
954 4048 1162 4113 ruinae
1236 4044 1626 4128 angelorum
1704 4044 2159 4127 implebuntur.

623 4154 915 4221 Psalmus
941 4156 964 4192 ⁸
997 4172 1015 4219 ε
1048 4177 1081 4215 α
1112 4152 1407 4236 Implebit
1455 4153 1527 4234 (ο)
1574 4151 1814 4216 ruinas.
1861 4172 1891 4209 n
1924 4148 2167 4214 Domus

622 4263 988 4346 implebitur
1013 4262 1199 4327 etiam
1218 4309 1236 4338 ‚
1265 4259 1522 4343 quando
1550 4276 1860 4323 numerus
1898 4257 2158 4322 salvan-

619 4371 849 4436 dorum
878 4369 1247 4453 implebitur
1272 4368 1295 4404 ‘¹
1327 4388 1344 4430 ε
1385 4389 1417 4427 α
1455 4365 1704 4430 Dictum
1752 4369 1848 4430 est
1886 4364 2053 4442 iuis,
2091 4369 2166 4430 ut

620 4478 1090 4559 requiescerent
1114 4475 1325 4541 adhuc
1357 4472 1682 4538 modicum
1705 4521 1723 4551 ‚
1755 4471 1957 4536 donec
1981 4489 2163 4536 com-

618 4584 913 4667 pleantur
953 4583 1247 4648 conservi
1291 4599 1540 4647 eorum.
1581 4602 1613 4641 ι»
1663 4577 2025 4644 Bernardus
2066 4577 2090 4612 ⁸
2138 4599 2156 4643 ε

628 4713 660 4751 α
686 4690 952 4771 Currite,
984 4691 1229 4768 fratreS,
1260 4688 1500 4754 currite
1530 4707 1549 4752 z
1583 4704 1736 4751 nam
1776 4702 1907 4750 non
1946 4684 2158 4750 solum

619 4802 854 4883 angeli,
886 4800 997 4866 sed
1022 4801 1156 4883 ipse
1184 4800 1439 4865 Creator
1465 4797 1848 4879 angelorum
1877 4813 1992 4861 vos
2038 4813 2156 4861 ex-

617 4913 844 4993 pectat.
897 4891 1194 4975 Nondum
1248 4906 1438 4990 plena
1482 4910 1579 4970 est
1632 4904 1863 4970 domus
1880 4951 1902 4984 ,
1945 4904 2157 4970 adhuc

616 5021 1067 5103 expectantur,
1114 5015 1195 5080 de
1247 5015 1486 5099 quibus
1539 5012 1785 5096 nuptiae
1838 5011 2156 5096 implean-

617 5129 744 5192 tur.
779 5147 810 5188 ι

682 5327 694 5357 “
728 5321 866 5384 Luc„
894 5333 1010 5388 vm,
1035 5324 1113 5374 2³.
1144 5347 1199 5359 -
1229 5321 1254 5356 ⁸
1276 5319 1413 5373 Ptol.
1443 5329 1653 5380 Lxxxn,
1680 5318 1761 5370 17.
1790 5343 1846 5356 -
1887 5317 1909 5352 ²
1939 5319 1979 5367 ΙΙ
2009 5318 2151 5382 Res„

616 5404 668 5461 v,
700 5400 747 5449 8.
775 5421 838 5436 -
863 5396 886 5431 ¹·
912 5397 1042 5459 Aug.
1068 5419 1132 5433 —
1155 5394 1180 5431 ⁸
1205 5391 1396 5448 ΒΜ..
1420 5403 1588 5455 xxm,
1610 5394 1692 5442 2⁰.
1723 5415 1785 5429 —
1819 5392 1838 5422 ⁸
1868 5388 2010 5441 Paul.
2038 5401 2148 5449 cix,

615 5472 666 5522 6.
694 5490 755 5508 -—
787 5467 804 5500 ⁸
832 5471 1004 5533 apoc„
1031 5477 1103 5530 vt,
1128 5466 1206 5518 11.
1229 5490 1293 5502 -
1317 5465 1337 5495 ⁸
1366 5464 1519 5515 Bern.
1545 5488 1608 5501 —
1631 5463 1655 5498 ⁰
1684 5461 1816 5520 Luc„
1842 5472 1949 5524 xiv,
1978 5463 2146 5539 1⁹1..—

1753 430 2173 535 smoit'ss
2215 464 2319 534 ns
2355 461 2757 536 Taureae.

2731 764 2738 771 ,
2836 674 3126 750 εΕΒΜο
3173 681 3290 753 111.

2372 816 2519 884 Iam
2539 808 2776 899 pafata
2799 826 2955 887 sunt
2974 825 3195 891 omnia
3227 829 3273 890 ⁸.
3322 824 3584 894 Paravit
3623 828 3834 894 Domi-

2292 939 2418 988 nus
2448 929 2839 991 tormentum
2859 945 3068 1010 poenae
3095 931 3165 995 in
3192 931 3474 1014 inferno,
3526 935 3835 1018 oppidum

2292 1027 2589 1097 Ecclesiae
2617 1033 2688 1096 in
2715 1034 2981 1112 mundo,
3007 1039 3315 1105 thronum
3337 1041 3612 1123 justitias
3640 1043 3711 1107 in
3728 1046 3830 1127 ju·

2291 1136 2477 1219 dicio,
2509 1139 2881 1206 convivium
2908 1143 3136 1224 gloriae
3163 1146 3234 1212 in
3259 1147 3440 1213 coelo.

2371 1246 2462 1309 De
2487 1246 2699 1328 primo
2723 1253 2769 1290 ¹⁰
2799 1270 2815 1311 :
2843 1271 2875 1309 α
2903 1247 3127 1317 Parata
3154 1257 3304 1318 sunt
3326 1254 3717 1322 derisoribus
3733 1260 3837 1342 ju·

2290 1348 2475 1432 dicia,
2506 1357 2570 1417 et
2596 1352 2808 1419 mallei
2835 1358 3256 1439 percutientes
3302 1360 3653 1428 stultorum
3696 1382 3834 1430 cor·

2286 1459 2574 1542 poribus.
2608 1481 2641 1522 1·
2684 1461 2846 1527 Vere
2871 1465 3048 1529 stulti
3077 1471 3228 1532 sunt
3249 1472 3652 1550 peccatores:
3685 1470 3836 1535 stul-

2287 1568 2393 1631 tus
2418 1568 2593 1633 enim
2638 1574 2802 1637 esset
2818 1621 2836 1652 ‚
2868 1573 2980 1657 qui
3027 1592 3145 1657 pro
3183 1576 3447 1643 denario
3489 1597 3561 1645 se
3604 1581 3836 1646 faceret

2286 1677 2556 1741 cremari
2585 1678 2654 1742 in
2680 1698 2900 1759 cruce;
2931 1681 3185 1749 stultior
3210 1689 3398 1764 esset,
3425 1686 3542 1769 qui
3579 1706 3699 1770 pro
3723 1689 3835 1753 ali·

2286 1800 2418 1868 quo
2444 1785 2740 1852 saeculari
2765 1788 2999 1855 faceret
3023 1809 3093 1855 se
3121 1793 3392 1857 cremari
3419 1795 3825 1864 aeternalitar.

2285 1889 2411 1956 Sed
2436 1890 2594 1957 tales
2621 1895 2810 1959 multi
2837 1902 2988 1962 sunt
3006 1898 3047 1933 ¹¹
3073 1918 3135 1962 ια
3153 1896 3515 1966 Stultorum
3542 1901 3833 1968 infinitus

2283 2003 2377 2064 est
2406 2017 2742 2068 numerus.
2760 2023 2793 2064 ι
2818 2003 3026 2070 Mallei
3052 2007 3479 2089 percutientes
3499 2015 3653 2075 sunt
3671 2011 3830 2077 dura

2284 2106 2690 2173 infernalium
2718 2113 3184 2178 tormentorum
3206 2131 3466 2195 genera.
3495 2114 3622 2182 Sed
3645 2118 3824 2183 vide:

2282 2214 2540 2294 quando
2562 2215 2804 2281 ferrum
2846 2218 3134 2299 ignitum
3170 2225 3267 2285 est
3285 2268 3307 2301 ,
3361 2226 3515 2287 tunc
3561 2240 3603 2287 a
3646 2223 3830 2289 fabro

2282 2319 2515 2386 malleo
2557 2323 2948 2404 percutitur3
2980 2326 3070 2391 ita
3117 2330 3477 2409 peccatores
3520 2330 3679 2412 igne
3725 2332 3827 2396 in·

2281 2426 2448 2492 ferni
2476 2428 2708 2509 infusi,
2756 2435 2821 2496 et
2863 2433 3170 2515 perigniti
3181 2481 3204 2514 ,
3255 2437 3588 2502 tormentis
3631 2439 3830 2504 variis

2282 2533 2667 2601 malleantur
2689 2556 2732 2604 a
2759 2538 3007 2604 diabolo
3022 2588 3042 2620 ,
3072 2541 3187 2624 qui
3212 2545 3310 2607 est
3331 2543 3510 2609 faber
3546 2544 3825 2611 horribi-

2280 2639 2359 2705 lis
2386 2643 2431 2678 ¹¹
2460 2664 2474 2707 ε
2518 2664 2552 2704 α
2576 2643 2735 2710 Ecce
2758 2664 2887 2728 ego
2913 2650 3125 2715 creavi
3145 2650 3428 2730 fabrum,
3458 2672 3490 2711 n
3523 2656 3649 2718 etc.

2359 2746 2448 2812 De
2480 2750 2761 2816 secundo
2805 2753 2851 2788 ¹⁸
2902 2775 2919 2819 ε
2952 2776 2986 2816 α
3025 2753 3172 2821 Vidi
3213 2756 3538 2823 civitatem
3585 2778 3820 2828 novam

2278 2855 2633 2924 Jerusalem
2659 2878 2699 2925 a
2725 2859 2854 2927 Deo
2879 2867 3165 2944 paratam
3182 2911 3205 2944 ,
3233 2886 3268 2926 n
3303 2869 3422 2931 etc.
3463 2865 3700 2934 Civitas
3733 2874 3830 2936 est

2280 2966 2577 3050 Ecclesia,
2607 2970 2677 3034 in
2697 2990 2829 3055 qua
2849 2973 3213 3039 dominium
3230 2975 3458 3041 diaboli
3480 2979 3821 3057 vincimuS‚

2278 3076 2384 3142 vel
2409 3077 2764 3144 evadimus.
2787 3079 2966 3146 Unde
2992 3084 3040 3123 ¹⁸
3073 3103 3135 3146 :a
3162 3081 3345 3149 Nunc
3369 3084 3577 3167 igitur
3601 3094 3826 3153 notum

2276 3183 2359 3247 sit
2414 3185 2555 3266 regi
2574 3232 2596 3264 ,
2643 3187 2952 3270 quoniam
2995 3190 3050 3253 si
3103 3189 3327 3255 civitas
3364 3191 3474 3256 illa
3515 3193 3828 3260 aediflcata

2276 3291 2492 3371 fuerit,
2524 3296 2589 3357 et
2614 3294 2788 3358 muri
2813 3297 2955 3377 ejus
2981 3295 3337 3377 instaurati,
3355 3299 3820 3382 possessionem

2277 3401 2453 3462 trans
2477 3399 2752 3465 fluvium
2780 3419 2909 3466 non
2935 3402 3215 3469 habebit.
3260 3426 3291 3465 ι)
3341 3404 3476 3471 Rex
3515 3405 3637 3471 iste
3680 3407 3825 3471 dia-

2277 3503 2463 3569 bolus
2483 3510 2581 3571 est
2600 3509 2645 3548 ¹⁸
2672 3530 2743 3570 :a
2768 3507 2908 3590 Ipse
2931 3514 3028 3574 est
3050 3528 3170 3575 rex
3195 3530 3392 3595 super
3415 3529 3643 3577 omnes
3661 3513 3825 3579 filios

2275 3613 2620 3696 superbire.
2660 3635 2692 3674 n
2745 3614 3014 3682 Fluvius
3051 3622 3148 3683 est
3196 3619 3590 3702 baptismus;
3645 3618 3820 3686 Psal-

2278 3718 2473 3783 mista
2497 3720 2541 3756 ¹⁸
2567 3738 2586 3784 ε
2624 3743 2656 3782 α
2683 3720 3001 3788 Fluminis
3038 3725 3353 3808 impetus,
3388 3747 3420 3786 o
3450 3732 3570 3792 etc.
3602 3726 3824 3792 Merito

2274 3824 2450 3892 enim
2471 3825 2564 3890 ita
2589 3827 2775 3894 debet
2798 3848 2958 3909 esse,
2977 3832 3150 3915 quod
3171 3837 3347 3899 trans
3363 3834 3642 3902 fluvium
3669 3834 3822 3917 bap-

2274 3930 2449 3998 tismi
2475 3933 2723 3999 nullam
2766 3935 3036 4002 haberet
3076 3939 3366 4005 diabolus
3414 3945 3817 4024 potestatem.

2274 4035 2422 4116 Sed,
2451 4039 2619 4104 heul
2670 4046 2812 4125 post
2850 4043 3248 4127 baptismum
3287 4045 3356 4111 in
3402 4047 3524 4111 hac
3568 4047 3820 4113 civitate

2275 4143 2516 4210 multos
2542 4149 2842 4232 possidet,
2874 4152 3029 4235 quia
3054 4152 3262 4235 ipsam
3289 4171 3404 4237 per
3430 4155 3670 4220 multos
3696 4175 3818 4220 an-

2273 4270 2392 4318 nos
2419 4254 2689 4321 obsidet.
2721 4258 2765 4294 ¹⁷
2801 4282 2834 4320 α
2860 4259 3096 4324 Civitas
3123 4278 3355 4343 parva,
3386 4265 3452 4326 et
3473 4262 3664 4346 pauci
3695 4263 3818 4327 viri

2271 4359 2341 4424 in
2367 4379 2465 4426 ea.
2495 4360 2682 4427 Venit
2707 4369 2929 4432 contra
2951 4383 3095 4431 eam
3121 4384 3242 4432 rex
3270 4385 3571 4450 magnus,
3600 4373 3665 4433 et
3688 4368 3819 4436 val-

2270 4467 2428 4534 lavit
2450 4487 2595 4535 eam
2607 4517 2630 4551 ,
2661 4474 3077 4556 extruxitque
3115 4474 3504 4540 munitiones
3530 4494 3646 4560 per
3689 4495 3814 4560 gy-

2270 4592 2442 4653 rum,
2462 4580 2526 4641 et
2553 4577 2829 4659 perfecta
2852 4583 2950 4644 est
2975 4579 3220 4645 obsidio
3239 4581 3356 4664 (d).
3376 4580 3818 4668 inventusque

2269 4684 2457 4748 estin
2483 4702 2560 4750 ea
2584 4687 2688 4751 vir
2731 4705 2975 4772 pauper
3004 4693 3069 4754 et
3097 4690 3346 4773 sapiens
3368 4740 3387 4772 ,
3417 4694 3481 4756 et
3519 4691 3816 4758 liberavit

2268 4791 2495 4856 urbem
2521 4810 2637 4876 per
2653 4795 3029 4879 sapientiam
3058 4815 3269 4862 suam.
3300 4796 3377 4862 Et
3404 4797 3624 4863 nullus
3641 4798 3815 4866 dein-

2268 4916 2413 4982 ceps
2432 4902 2802 4968 recordatus
2818 4908 2915 4968 est
2937 4903 3217 4969 hominis
3239 4904 3410 4971 illius
3428 4906 3754 4989 pauperis.
3773 4928 3804 4969 ι

2266 5003 2428 5072 Nota
2445 5025 2595 5090 quas
2619 5008 2712 5074 ibi
2738 5009 2819 5076 de
2835 5010 2957 5076 hac
2981 5011 3237 5078 civitate
3254 5012 3577 5096 dicuntur,
3603 5033 3814 5099 usque

2264 5151 2308 5188 ¹⁰
2327 5153 2496 5214 Pron..
2527 5163 2638 5217 ιιι,
2661 5153 2742 5203 2⁹.
2762 5179 2825 5192 —
2855 5154 2888 5186 ¹¹
2919 5152 3102 5217 Recte„
3133 5166 3170 5219 1,
3202 5156 3281 5207 15.
3305 5182 3360 5193 -
3386 5156 3430 5192 ¹¹
3455 5158 3578 5220 Ita„
3601 5168 3711 5222 mv,
3731 5159 3809 5208 16.

2265 5249 2327 5262 -
2349 5222 2391 5259 ¹⁸
2411 5224 2588 5289 Apoc„
2612 5235 2728 5289 xxt,
2751 5229 2799 5275 2.
2820 5251 2883 5263 —
2902 5225 2946 5261 ¹⁸
2975 5226 2992 5275 Ι
3016 5225 3192 5289 Beda,
3222 5238 3293 5292 ιν,
3313 5229 3396 5278 13.
3417 5254 3480 5266 -
3507 5229 3547 5264 ¹⁸
3564 5228 3677 5291 Job,
3702 5240 3810 5292 xm,

2263 5297 2344 5348 25.
2367 5321 2431 5333 —
2458 5296 2499 5330 ²⁸
2524 5296 2664 5348 Psal.
2693 5307 2815 5360 ην,
2843 5298 2891 5347 5.
2920 5322 2985 5336 -
3013 5297 3055 5334 ¹¹¹
3076 5297 3264 5360 Βατία,
3292 5309 3369 5364 tx,
3396 5301 3562 5351 14-15.

2328 5384 2390 5450 (a)
2433 5385 2560 5437 coet.
2589 5384 2713 5437 edit.
2741 5389 3027 5436 vestra-⁸·-—
3067 5385 3136 5450 (b)
3180 5386 3303 5437 Coet.
3340 5386 3466 5439 edil.
3505 5388 3626 5442 add.
3655 5389 3722 5442 εἰ.
3747 5413 3812 5429 -·

2264 5460 2321 5521 (e)
2360 5457 2484 5510 Coet.
2513 5456 2639 5510 edit.
2668 5457 2918 5524 implevit.
2947 5484 3008 5496 —
3033 5458 3104 5524 (d)
3133 5457 3258 5510 Item
3291 5458 3581 5515 obsidione.
