4059 6317
899 491 1276 561 noummA
1315 491 1427 562 vn
1473 489 1676 561 Posr
1716 485 2301 559 PENTEGOSTEN.
2342 485 2700 574 ssau0,1.

205 648 354 715 que,
384 633 453 697 et
490 629 675 715 quasi
700 627 947 695 arboris
985 629 1226 696 evulsae
1269 628 1529 696 abstulit
1565 645 1746 713 spem

205 757 442 804 meam.
471 760 504 800 n
1593 821 1602 830 ι

283 845 580 913 Secundo
626 846 737 912 illa
773 847 964 911 arbor
1010 850 1108 912 est
1147 846 1240 911 ori
1248 865 1336 930 go
1384 846 1742 926 malorum,

206 973 353 1038 quae
380 959 478 1020 est
501 954 701 1033 arida,
730 954 882 1038 quia
911 973 1045 1019 non
1071 956 1327 1037 perfusa
1361 954 1601 1020 coelesti
1643 954 1748 1018 in-

205 1064 393 1129 fluxu
412 1113 431 1141 ,
477 1062 613 1129 sive
657 1061 972 1126 stillicidio
1018 1062 1251 1144 gratiae
1298 1064 1318 1099 ¹
1367 1084 1383 1126 ε
1439 1085 1472 1123 α
1512 1060 1746 1128 Videas

206 1171 496 1236 Christus
525 1170 630 1234 fici
654 1170 951 1234 arborem
979 1188 1216 1250 unam,
1243 1171 1422 1235 venit
1448 1169 1531 1234 ad
1557 1187 1700 1234 eam
1722 1217 1741 1247 ,

202 1283 267 1343 et
289 1278 458 1343 nihil
488 1278 734 1343 invenit
758 1277 825 1342 in
852 1296 930 1342 ea
943 1324 965 1357 ,
1010 1277 1135 1341 nisi
1167 1277 1317 1343 folia
1360 1280 1637 1343 tantum.
1665 1275 1746 1341 Et

203 1386 293 1450 ait
315 1402 334 1448 ε
355 1385 704 1467 Nunquam
730 1388 893 1448 exte
912 1387 1213 1449 nascatur
1228 1384 1474 1449 fructus
1489 1385 1559 1449 in
1581 1403 1745 1450 sem-

202 1492 550 1575 piternum.
571 1490 652 1556 Et
667 1490 936 1556 arefacta
953 1493 1047 1556 est
1067 1491 1370 1557 continuo
1387 1492 1680 1558 ficulnea.
1703 1515 1735 1555 n

206 1599 325 1664 Per
349 1599 457 1663 fici
484 1599 775 1663 arborem
807 1600 1012 1681 potest
1035 1597 1306 1680 intelligi
1340 1598 1538 1665 homo
1565 1600 1740 1665 dedi-

202 1710 305 1771 tus
349 1704 672 1772 dulcedini
724 1704 1070 1769 mundanae
1090 1752 1108 1782 ,
1162 1703 1277 1788 qui
1323 1705 1556 1771 dicitur
1607 1725 1743 1773 esse

201 1831 385 1878 secus
409 1813 608 1894 viam,
639 1814 711 1877 in
734 1812 843 1878 via
867 1812 1098 1895 carnis,
1128 1817 1193 1878 et
1214 1832 1345 1878 non
1371 1815 1441 1879 in
1468 1816 1577 1882 via
1605 1817 1742 1900 spi-

200 1920 361 1986 ritus
383 1943 401 1987 :
431 1921 514 1987 ad
536 1939 734 2004 quam
758 1921 1027 1986 veniens
1050 1920 1086 1986 J
1087 1939 1236 1986 esus
1252 1923 1519 2004 pedibus
1537 1924 1743 1992 Evan-

201 2029 376 2109 gelii,
416 2034 482 2094 et
503 2029 666 2094 nihil
692 2029 844 2094 boni
871 2030 1084 2112 operis
1107 2029 1355 2096 invenit
1390 2031 1459 2095 in
1486 2051 1585 2112 ea,
1617 2034 1741 2098 nisi

198 2134 347 2199 folia
370 2139 652 2213 tantum,
684 2136 751 2201 id
777 2138 872 2199 oet
896 2153 1099 2200 vanas
1123 2137 1497 2203 traditiones
1525 2139 1737 2222 philo-

198 2242 574 2325 sophorum,
603 2242 741 2306 sine
766 2237 982 2307 fructu
1016 2243 1282 2325 justitiae
1299 2292 1318 2323 ,
1350 2249 1414 2310 et
1438 2246 1529 2311 ait
1554 2248 1634 2312 ad
1657 2247 1739 2311 il-

197 2347 326 2412 lam
357 2370 376 2413 ε
406 2348 754 2433 Nunquam
780 2368 864 2414 ex
889 2354 988 2428 te,
1015 2350 1335 2416 obstinata
1357 2352 1426 2417 in
1455 2354 1693 2419 malitia
1714 2404 1734 2436 ,

195 2461 501 2549 nascatur
539 2456 784 2523 fructus
822 2456 978 2521 boni
1020 2457 1232 2540 operis
1281 2458 1354 2523 in
1401 2461 1735 2543 sempiter-

195 2581 384 2643 num;
429 2563 562 2627 imo
590 2611 608 2643 ,
656 2566 916 2646 propter
973 2562 1276 2629 duritiam
1321 2569 1385 2630 et
1421 2567 1735 2651 ‘impoeni-

194 2673 333 2735 tens
374 2689 489 2736 cor
533 2674 718 2736 tuum
731 2718 754 2751 ,
806 2675 871 2735 te
916 2672 1154 2737 damno
1197 2677 1458 2738 aetemae
1501 2677 1735 2742 sterili—

195 2780 327 2859 tati,
357 2780 789 2846 subtrahendo
816 2799 1051 2865 aquam
1079 2781 1350 2847 coelestis
1377 2785 1627 2866 gratiae.
1657 2785 1738 2852 Et

195 2887 468 2951 arefacta
494 2892 591 2951 est
613 2888 913 2953 continuo
940 2887 1235 2954 ficulnea.

272 2992 486 3059 Tertio
504 2993 616 3058 illa
633 2995 825 3059 arbor
840 2999 936 3060 est
957 2998 1143 3077 origo
1162 2996 1313 3061 mali
1329 2999 1561 3081 operis,
1586 3020 1735 3086 quae

194 3104 287 3166 est
333 3101 726 3183 insoecunda‚
784 3102 939 3186 qnia
985 3120 1118 3168 non
1164 3109 1456 3186 promota
1487 3108 1577 3190 (a)
1605 3110 1735 3174 hu-

195 3225 385 3273 mano
405 3208 585 3274 cultu
600 3209 704 3274 vel
722 3209 799 3292 (b)
826 3210 1131 3276 exercitio
1150 3212 1439 3293 justitiae.
1473 3213 1727 3282 Unde.
1666 3219 1727 3255 ¹·

202 3337 234 3375 α
256 3315 572 3382 Arborem
611 3317 716 3381 fici
756 3317 1031 3383 habebat
1073 3319 1340 3403 quidam
1381 3320 1734 3405 plantatam

194 3419 262 3485 in
286 3423 477 3487 vinea
504 3442 645 3488 sua.
675 3446 708 3484 ι
736 3423 817 3489 Et
844 3425 1131 3508 sequitur
1161 3443 1181 3492 z
1228 3450 1262 3488 α
1298 3427 1418 3506 Qui
1446 3430 1610 3497 dixit
1650 3434 1733 3501 ad

193 3527 501 3591 cultorem
540 3527 750 3592 vineas
804 3548 821 3593 ι
874 3527 1136 3596 Succide
1178 3548 1344 3613 ergo
1393 3533 1605 3615 illam3
1657 3544 1735 3604 ut

192 3634 341 3716 quid
388 3639 628 3700 terram
676 3638 984 3720 occupat?
1022 3638 1107 3702 At
1147 3639 1256 3705 ille
1301 3645 1690 3726 respondens
1708 3695 1729 3726 ‚

190 3741 352 3807 dixit
379 3758 398 3806 ε
424 3742 680 3809 Dimitte
706 3744 883 3809 illam
909 3751 974 3811 et
998 3747 1119 3811 hoc
1140 3766 1334 3830 anno,
1366 3754 1729 3835 usquedum

188 3847 425 3913 fodiam
452 3851 622 3915 circa
645 3850 822 3916 illam
843 3899 864 3932 ,
911 3857 975 3918 et
1021 3854 1272 3921 mittam
1317 3862 1597 3927 stercora
1613 3911 1631 3943 ,
1666 3867 1731 3929 et

189 3956 242 4018 si
273 3955 492 4021 fecerit
515 3957 826 4038 sructum3
857 3960 957 4024 sin
987 3966 1203 4026 autem
1220 4010 1243 4043 ,
1281 3967 1604 4034 succidam
1648 3973 1723 4056 (c)

187 4078 328 4128 eam
355 4064 429 4129 in
456 4064 676 4131 futuro
695 4065 808 4150 (d).
831 4089 864 4127 ι»
883 4065 1005 4133 Per
1019 4069 1314 4136 arborem
1331 4073 1507 4139 illam
1523 4081 1731 4160 potest

187 4168 462 4253 intelligi
486 4219 504 4251 ‚
549 4173 665 4256 qui
707 4172 777 4237 in
822 4177 1126 4258 operibus
1171 4179 1429 4246 virtutis
1473 4201 1607 4251 non
1657 4206 1727 4254 se

185 4284 461 4359 exercet,
492 4280 594 4344 cui
622 4281 907 4348 minatur
934 4283 1244 4352 Dominus
1260 4291 1722 4361 succisionem:

186 4384 456 4452 &cecide
484 4402 629 4471 erqo
655 4387 836 4455 illam
843 4409 873 4472 ;
887 4396 962 4458 ut
981 4393 1147 4475 quid
1163 4399 1400 4463 terram
1417 4405 1727 4485 occupat?

185 4490 298 4554 ubi
321 4491 541 4559 Glossa
571 4517 587 4559 ε
626 4518 657 4557 α
683 4494 946 4563 Terram
972 4507 1273 4585 occupat,
1308 4506 1422 4588 qui
1466 4506 1679 4576 locum
1700 4560 1718 4592 ‚

185 4618 379 4683 quem
406 4606 601 4684 tenet,
629 4602 818 4669 bonis
840 4608 1139 4691 operibus
1163 4628 1299 4677 non
1325 4622 1615 4699 exercet,
1663 4624 1726 4686 et

184 4711 484 4793 exemplo
525 4713 855 4796 pravitatis
895 4720 1155 4799 praestat
1198 4719 1723 4805 impedimentum

175 4817 454 4898 caeteris,
472 4837 554 4885 ne
571 4820 774 4886 calore
793 4822 943 4886 solis
959 4823 1346 4891 calescant.»
1376 4832 1462 4897 At
1477 4833 1582 4900 ille
1598 4850 1725 4902 res-

182 4925 508 5007 pondens,
536 4927 722 4994 dixit
757 4927 933 4995 ilti:
981 4930 1243 5000 Dimitte
1286 4936 1468 5004 illam
1513 4947 1575 5008 et
1607 4943 1722 5011 hoc

189 5046 381 5112 anno,
405 5033 716 5115 patienter
741 5052 882 5099 eam
916 5042 1327 5122 expectando,
1366 5049 1722 5129 usquedum

189 5137 440 5217 rodiam
468 5139 822 5223 apostolicis
856 5142 1186 5224 ligonibus
1209 5149 1377 5215 circa
1401 5152 1577 5221 illam
1603 5176 1723 5225 ex..

186 5248 385 5313 terius
408 5249 776 5330 excitando,
826 5257 888 5320 et
924 5254 1182 5323 mittam
1207 5263 1506 5344 stercora,
1535 5266 1601 5332 id
1625 5273 1723 5335 est

185 5408 501 5544 xssuiagth„
529 5423 644 5477 ιιι,
671 5414 748 5464 ts.
776 5413 1065 5476 -2Lue.,
1099 5427 1223 5485 xm,
1248 5422 1348 5475 6-8.
1381 5427 1719 5499 ...numu

3274 489 3394 556 357

1852 626 2022 694 mala
2048 630 2112 692 et
2132 626 2658 707 abominationes,
2691 639 2854 709 quas
2878 621 3062 701 facit,
3090 620 3394 688 reducam

1850 737 1932 802 ad
1959 735 2369 816 memoriam,
2397 739 2475 801 ut
2498 735 2578 801 de
2620 732 2923 818 superbia
2946 730 3019 795 in
3059 727 3389 794 humilita-

1850 849 1983 909 tem
2019 849 2376 912 revocetur.
2418 844 2502 910 Et
2539 845 2604 911 si
2645 842 2862 923 lecerit
2910 840 3158 920 tructus
3199 836 3389 902 bonae

1851 955 2258 1037 operationis,
2291 955 2501 1037 gratia
2524 947 3031 1032 compunctionis
3052 995 3071 1025 ,
3099 945 3285 1030 quasi
3309 944 3391 1010 de

1849 1062 2183 1145 putredine
2201 1062 2494 1126 stercoris
2514 1060 2886 1136 excitatum,
2909 1056 3097 1122 bene.
3120 1052 3240 1121 Sin
3273 1069 3391 1120 au·

1851 1176 2002 1248 tem,
2029 1170 2362 1238 succidam
2386 1186 2526 1237 eam
2555 1171 2633 1236 in
2665 1169 2887 1249 futuro
2929 1181 3045 1248 per
3081 1165 3389 1228 aeternam

1848 1278 2344 1345 damnationem.
2369 1276 2548 1343 Unde
2564 1275 2811 1340 Glossa:
2839 1271 3139 1339 «Peccata
3152 1270 3387 1349 carnis,

1849 1391 2128 1452 stercora
2166 1390 2358 1466 sunt,
2408 1402 2558 1468 quae
2600 1384 2949 1473 mittuntur
2993 1379 3076 1444 ad
3111 1378 3389 1445 radicem

1849 1494 2120 1572 arboris,
2148 1493 2404 1579 quando
2450 1490 2784 1576 pravitatis
2827 1486 3209 1555 conscientia
3246 1490 3392 1551 tan-

1850 1603 2034 1683 gitur
2075 1602 2476 1685 cogitationis
2517 1597 2828 1665 memoria
2847 1645 2866 1670 ,
2920 1598 2985 1662 et
3028 1594 3189 1660 dum
3238 1593 3390 1658 inde

1847 1712 2137 1794 poenitet,
2165 1710 2347 1794 quasi
2373 1725 2490 1793 per
2529 1710 2773 1771 tacmm
2798 1702 3092 1769 stercoris
3119 1700 3283 1768 redit
3306 1700 3388 1765 ad

1846 1818 2323 1883 foecunditatem
2345 1815 2577 1899 operis.

1928 1925 2221 1991 Secundo
2272 1925 2345 1989 in
2390 1922 2589 1990 verbo
2642 1919 2964 2005 proposito
3012 1916 3386 1984 describitur

1845 2037 2177 2118 peccatum
2204 2036 2524 2118 quantum
2549 2030 2632 2095 ad
2668 2028 3047 2094 exteriorem
3074 2044 3382 2092 consum-

1845 2142 2216 2221 mationem,
2243 2158 2440 2224 quam
2456 2138 2650 2205 habet
2672 2137 2745 2202 in
2762 2134 3219 2219 complacentia
3232 2152 3386 2218 ope·

1841 2249 1958 2329 riS,
1986 2267 2140 2314 cnm
2164 2248 2463 2313 subditur
2492 2268 2509 2311 ε
2544 2245 2703 2327 Quoe
2742 2259 2873 2311 non
2905 2243 3069 2323 facit
3101 2243 3384 2323 fructum

1845 2357 2097 2425 bonum.
2127 2357 2211 2423 Ut
2234 2361 2448 2422 autem
2478 2354 2706 2420 melius
2731 2352 3147 2419 deveniamus
3169 2351 3238 2414 in
3264 2367 3384 2415 no-

1842 2466 2051 2530 titiam
2076 2466 2323 2531 fructus
2346 2462 2499 2528 mali
2522 2511 2542 2545 ‚
2571 2460 3043 2546 praevideamus
3083 2458 3382 2523 conditio-

1787 2581 1794 2589 ·
1843 2591 1957 2639 nes
1980 2574 2227 2639 fructus
2250 2572 2402 2637 boni
2419 2619 2437 2652 ,
2467 2571 2621 2655 quia
2643 2573 2863 2653 postea
2904 2584 3020 2651 per
3057 2566 3377 2649 oppositas

1842 2670 2241 2763 cognitiones
2294 2678 2559 2745 faciliter
2608 2691 3075 2760 cognoscemus
3134 2674 3380 2739 fructus

1841 2788 1995 2852 mali
2018 2787 2247 2872 operis,
2277 2804 2356 2852 eo
2381 2785 2552 2870 quod
2575 2784 2863 2869 opposita
2875 2784 3068 2866 ,iuxta
3083 2799 3152 2848 se
3175 2781 3377 2864 posita

1843 2897 2057 2978 magis
2079 2896 2498 2961 eluscescunt.
2519 2891 2630 2958 Ille
2647 2895 2865 2958 autem
2877 2889 3203 2955 humanus
3213 2888 3377 2954 fruc-

1839 3007 1945 3068 tus
1969 3008 2067 3069 est
2092 3004 2319 3081 bonus,
2345 3002 2592 3086 primo,
2620 3000 2736 3083 qui
2781 2998 2974 3063 habet
3011 2996 3374 3081 pulchritu·
3455 3008 3616 3054 conas

1837 3111 2054 3176 dinem
2080 3108 2521 3194 speciositatiS‚
2568 3105 2902 3191 puritatis,
2954 3110 3020 3172 et
3043 3105 3376 3172 munditiae
3401 3072 3585 3243 ΞᾼΞ

1839 3218 2207 3284 delectantis
2230 3218 2484 3296 visum;
2512 3214 2826 3295 secundo,
2856 3213 2971 3297 qui
2994 3212 3187 3279 habet
3225 3232 3373 3280 sua-

1839 3326 2105 3393 vitatem
2131 3324 2641 3392 mansuetudinis
2666 3327 2733 3388 et
2755 3321 3086 3406 placentiae
3099 3369 3121 3402 ,
3150 3321 3378 3387 dulco-

1838 3436 2363 3518 rantisgustnm3
2405 3433 2627 3512 tertio,
2656 3431 2773 3516 qui
2815 3430 3011 3495 habet
3039 3429 3376 3496 utilitatem

1836 3541 2167 3609 charitatis
2209 3546 2275 3607 et
2297 3538 2758 3607 benevolentiae
2773 3585 2793 3619 ‚
2835 3537 3241 3602 informantis
3280 3538 3374 3602 at-

1835 3650 2075 3716 fectum
2101 3652 2197 3733 (e).
2241 3648 2338 3714 Ita
2360 3666 2475 3732 per
2519 3645 2881 3730 oppositum
2921 3662 3112 3710 omne
3153 3662 3376 3727 pecca-

1834 3760 1977 3823 tum
2029 3757 2221 3822 habet
2287 3753 2906 3822 consummationem
2966 3753 3249 3818 exterius
3306 3752 3377 3817 in

1834 3864 2295 3950 complacentia
2321 3863 2554 3947 operis,
2583 3860 2842 3946 quando
2862 3860 3186 3925 humanus
3212 3859 3375 3925 fruc-

1832 3978 1942 4040 tus
1968 3990 2168 4039 suum
2195 3989 2363 4055 opus
2385 3970 2468 4037 ad
2501 3967 2985 4035 similitudinem
3010 3966 3164 4032 mali
3202 3967 3373 4033 fruc-

1833 4087 1939 4148 tus
1960 4081 2208 4146 arboris
2235 4078 2624 4144 maturescit.
2672 4075 2890 4142 Primo
2932 4075 3127 4140 habet
3162 4079 3375 4158 putre-

1832 4190 2052 4256 dinem
2071 4237 2090 4269 ,
2137 4188 2273 4254 sive
2325 4186 2669 4252 t'oeditatem
2725 4181 2998 4249 carnalis
3047 4181 3328 4248 lasciviae
3349 4231 3371 4265 ,

1831 4296 2267 4364 contristantis
2291 4295 2539 4373 visum3
2577 4291 2855 4361 secundo
2893 4290 3089 4356 habet
3125 4293 3374 4368 acerbi-,-

1831 4411 2030 4474 tatem
2056 4405 2291 4471 furoris
2316 4406 2383 4468 et
2395 4402 2768 4481 iracundiae,
2789 4401 3199 4467 amaricantis
3221 4420 3376 4484 gus-

1831 4521 2011 4598 tum3
2064 4515 2250 4580 tertio
2299 4513 2490 4578 babet
2533 4510 3037 4579 venenositatem
3082 4509 3374 4576 cordialis

1830 4623 2119 4703 invidiae,
2149 4617 2561 4687 deformantis
2590 4617 2914 4683 affectum.

1914 4729 2133 4797 Primo
2160 4729 2264 4794 ille
2316 4732 2415 4792 est
2457 4725 2668 4790 malus
2714 4724 3040 4791 humanus
3082 4725 3329 4792 fructus
3348 4769 3370 4805 ,

1832 4840 1945 4923 qui
1980 4838 2177 4904 habet
2205 4835 2642 4921 putredinem,
2674 4833 2811 4900 sive
2846 4833 3191 4899 foeditatem
3228 4851 3368 4899 car-

1831 4946 1994 5011 nalis
2015 4945 2295 5011 lasciviae
2311 4992 2331 5024 ,
2357 4941 2785 5009 contristantis
2811 4942 3062 5023 visum3
3099 4942 3271 5010 unde
3296 4941 3320 4977 ⁸
3342 4961 3367 5008 z

1832 5077 1863 5116 α
1896 5053 2142 5120 Ventus
2165 5069 2367 5117 urens
2401 5049 2660 5115 siccavit
2683 5051 2927 5114 fructus
2950 5051 3094 5131 eius
3112 5095 3129 5128 ,
3158 5066 3370 5114 emar—

1831 5164 2105 5227 cuerunt
2124 5207 2144 5241 ‚
2200 5165 2268 5225 et
2316 5160 2605 5228 ueractae
2658 5161 2812 5225 sunt
2861 5156 3072 5238 virgae
3121 5158 3371 5224 robor-‘n

1895 5360 1962 5426 (α)
1994 5360 2118 5411 0oet.
2154 5358 2275 5412 edil.
2308 5362 2470 5410 mota.
2500 5384 2559 5397 -
2598 5357 2664 5423 (ὁ)
2702 5357 2826 5409 Goet.
2860 5355 2983 5410 edit.
3009 5356 3145 5408 deest
3176 5357 3281 5409 vel.
3306 5383 3372 5399 -

1825 5429 2370 5557 (ec‘inltiofrzfgdctsgigcides.
2398 5456 2462 5469 —
2496 5429 2580 5496 (d)
2617 5431 2742 5481 uem
2775 5429 3026 5480 futurum.
3057 5457 3122 5471 —
3152 5431 3216 5497 (c)
3245 5430 3369 5484 Coee.
