4059 6317
682 544 802 614 366

779 792 1149 872 DOMINIGA
1193 791 1300 867 vll
1347 789 1536 866 POST
1579 787 2132 865 PENTEGOSTEN.

1073 964 1365 1064 sEaMo
1419 961 1755 1033 ramus
1819 1012 1837 1030 .

771 1105 990 1170 Omnis
1009 1101 1198 1168 arbor
1215 1117 1356 1183 quoe
1378 1113 1507 1165 non
1528 1098 1689 1178 facit
1709 1098 2012 1178 fluctum,
2043 1093 2227 1160 exci-

686 1211 898 1291 detur,
928 1215 990 1278 et
1016 1211 1092 1276 in
1120 1210 1324 1292 ionem
1349 1209 1636 1274 mittetur
1659 1207 1706 1269 ³.
1744 1202 1977 1269 Volens
2016 1201 2227 1266 Domi·

687 1339 814 1385 nus
862 1321 1082 1383 noster
1133 1315 1442 1399 populum
1496 1312 1831 1380 Judaicum
1880 1310 2109 1375 rudem
2162 1313 2229 1373 et

688 1426 1030 1491 animalem
1051 1424 1377 1489 retrahere
1402 1440 1444 1486 a
1468 1419 1638 1486 malo
1664 1419 1784 1484 sub
1809 1415 2227 1482 similitudine

691 1534 938 1600 arboris
971 1551 1102 1597 non
1136 1528 1538 1614 producentis
1579 1528 1854 1591 fructum
1872 1572 1894 1603 ,
1931 1540 2082 1606 quae
2124 1541 2230 1587 ra-

690 1643 868 1709 tione
919 1660 1058 1706 suae
1105 1638 1449 1705 sterilitatis
1501 1635 1815 1702 exciditur
1873 1633 1991 1716 (a),
2046 1635 2111 1696 et
2160 1631 2228 1696 in

690 1753 914 1834 ignem
953 1748 1261 1827 mittitur,
1291 1745 1548 1812 cuilibet
1573 1741 1745 1808 malo
1783 1759 1917 1806 non
1957 1743 2224 1818 natura,

691 1858 802 1924 sed
850 1858 1080 1924 affectu
1138 1852 1484 1923 voluntatis
1526 1850 1918 1935 praenuntiat
1960 1845 2230 1912 decisio-

691 1985 867 2047 nem,
891 1969 956 2030 et
979 1962 1483 2030 combustionem
1500 1963 1759 2025 aeternae
1775 1955 2228 2032 damnationis,

691 2091 843 2140 cum
880 2073 1032 2140 dicit
1058 2072 1125 2135 in
1152 2070 1351 2135 verbo
1376 2066 1697 2152 proposito
1727 2087 1743 2128 :
1790 2064 2014 2131 Omnis
2042 2061 2231 2129 arbor

692 2199 835 2265 quoe
867 2195 1000 2247 non
1039 2179 1199 2259 tacit
1238 2177 1554 2257 fructum,
1585 2172 1950 2254 excidetur,
1987 2175 2109 2235 etc.
2157 2168 2231 2234 In

693 2307 823 2373 quo
842 2288 1101 2373 quidem
1126 2285 1321 2352 verbo
1338 2285 1625 2350 ordinate
1659 2282 2039 2366 proceditur.
2069 2278 2231 2346 Nam

695 2396 902 2481 primo
919 2394 1293 2462 describitur
1309 2394 1636 2475 peccatum
1660 2388 1734 2471 (b)
1756 2388 1836 2453 ad
1863 2387 2230 2453 interiorem

693 2504 1037 2587 originem,
1065 2518 1262 2585 quam
1300 2498 1493 2563 habet
1531 2515 1616 2562 ex
1652 2495 2018 2577 arrogantia
2047 2513 2228 2560 men·

695 2612 775 2675 tis
792 2633 810 2690 ;
854 2609 1131 2675 secundo
1174 2611 1490 2690 quantum
1531 2604 1612 2668 ad
1656 2602 2038 2668 exteriorem
2078 2619 2229 2667 con·

694 2717 1184 2783 summationem
1206 2763 1224 2795 ‚
1255 2731 1454 2797 quam
1492 2711 1686 2777 habet
1722 2711 1792 2774 in
1831 2709 2229 2793 complacen-

695 2826 786 2890 tia
809 2825 1056 2908 operis;
1100 2822 1289 2887 tertio
1315 2823 1630 2904 quantum
1655 2818 1736 2884 ad
1769 2817 2030 2882 finalem
2063 2815 2233 2882 ordi·

697 2933 1043 3009 nationem,
1073 2947 1270 3013 quam
1297 2928 1490 2992 babet
1519 2928 1588 2993 in
1616 2925 1917 3008 gehenna
1934 2924 2125 3007 ignis.
2158 2922 2236 2988 Et

699 3041 791 3105 sic
831 3041 1158 3123 peccatum
1177 3086 1196 3116 ,
1236 3036 1379 3101 licet
1419 3034 1813 3100 occasionem
1861 3032 2157 3098 habuerit
2191 3050 2234 3095 a

697 3145 1124 3213 fraudulentia
1150 3144 1374 3224 hostis,
1410 3142 1727 3224 originem
1765 3145 1982 3206 tamen
2009 3139 2236 3205 habuit

699 3255 781 3320 ab
811 3251 1179 3335 arrogantia
1206 3249 1469 3329 mentis,
1515 3249 2131 3314 consummationem
2166 3247 2235 3312 in

698 3358 1151 3444 complacentia
1175 3356 1386 3441 operis
1409 3405 1427 3435 ‚
1456 3355 1691 3421 sivein
1729 3354 2236 3438 concupiscentia

698 3468 930 3548 carnis,
960 3472 1024 3532 et
1048 3464 1511 3532 ordinationem
1539 3463 1610 3528 in
1638 3463 2002 3545 gehennam
2035 3461 2231 3545 ignis.

702 3577 921 3645 Primo
946 3594 1107 3658 ergo
1132 3574 1512 3641 describitur
1537 3575 1888 3656 peccatum,
1917 3576 2235 3655 quantum

705 3686 784 3751 ad
814 3684 1180 3750 interiorem
1213 3681 1559 3763 originem,
1589 3699 1784 3764 quam
1812 3680 2003 3745 habet
2031 3698 2116 3745 ex
2140 3698 2238 3744 ar·

705 3792 1003 3876 rogantia
1040 3790 1304 3870 mentis,
1334 3805 1483 3855 cum
1522 3789 1716 3855 dicit:
1752 3788 1973 3855 Omnis
2012 3788 2233 3867 arbor,

705 3902 939 3968 scilicet
962 3900 1135 3964 mala
1158 3915 1291 3962 non
1328 3901 1588 3974 natura,
1629 3896 1740 3962 sed
1777 3895 2007 3960 mentis
2051 3913 2238 3960 arro-

707 4011 951 4092 gantia.
984 4006 1158 4072 Unde
1185 4004 1403 4072 Glossa
1425 4007 1449 4042 ¹
1479 4028 1495 4070 z
1534 4028 1567 4068 α
1592 4004 1897 4070 Voluntas
1924 4003 2234 4070 uniuscu-

698 4118 933 4201 jusque
959 4121 1053 4181 est
1077 4116 1268 4180 arbor
1295 4112 1484 4194 mala,
1520 4112 1626 4181 vel
1662 4113 1832 4178 bona
1869 4130 1888 4176 ε
1917 4134 1949 4172 n
1985 4116 2052 4176 et
2074 4113 2239 4176 sicut

706 4227 897 4292 arbor
939 4227 1255 4292 radicatur
1293 4225 1363 4289 in
1401 4228 1573 4288 terra
1593 4270 1611 4303 ,
1665 4222 1758 4286 sic
1800 4222 2117 4300 voluntas,
2170 4221 2237 4284 in

706 4336 923 4400 anima
954 4337 1252 4400 manente
1293 4333 1579 4413 integra,
1626 4330 1860 4395 affectu
1893 4327 2239 4394 voluntatis

706 4442 1167 4525 corrumpitur,
1215 4438 1320 4505 vel
1372 4438 1442 4503 in
1491 4438 1723 4502 melius
1775 4440 2084 4502 mutatur.
2126 4434 2241 4502 Se-

706 4550 918 4616 cundo
970 4537 1343 4616 describitur
1388 4549 1752 4628 peccatum,
1790 4547 2107 4626 quantum
2158 4543 2238 4609 ad

707 4657 1086 4724 exteriorem
1125 4652 1772 4730 consummationem,
1813 4668 2008 4734 quam
2051 4650 2241 4716 babet

705 4767 776 4832 in
801 4762 1255 4848 complacentia
1289 4760 1504 4843 operis
1519 4807 1537 4839 ,
1567 4758 1702 4823 sive
1738 4758 2240 4840 concupiscentia

603 4915 610 4924 -
706 4873 936 4950 carnis,
964 4889 1113 4936 cum
1138 4868 1388 4933 subdit:
1426 4867 1576 4944 Once
1593 4881 1723 4933 non
1746 4866 1908 4946 facit
1931 4866 2235 4946 [ructum.

708 4979 925 5046 Glossa
953 4997 969 5040 ε
1018 5000 1050 5038 α
1075 4976 1348 5044 Fructus
1374 4974 1618 5039 arboris
1641 4973 1829 5039 malae
1856 4977 2005 5038 sunt
2048 4989 2241 5057 opera

708 5088 917 5154 carnis
955 5106 975 5152 ι
1014 5084 1250 5150 scilicet
1285 5081 1613 5147 fornicatio
1632 5131 1650 5161 ,
1697 5081 1993 5160 luxuria,
2036 5082 2242 5148 avari·

710 5198 818 5278 tia,
841 5201 986 5277 etc„
1008 5212 1172 5279 quos
1186 5193 1430 5266 tructus
1453 5209 1587 5257 non
1609 5190 1734 5256 nisi
1754 5189 1925 5255 mala
1940 5189 2241 5257 voluntas

779 5396 794 5432 ¹
819 5393 966 5447 Hunc
987 5407 1092 5445 non
1116 5392 1272 5444 babet
1296 5391 1418 5444 edit.
1450 5390 1610 5443 Paris.
1633 5403 1720 5441 an.
1749 5391 1886 5440 1521.
1906 5413 1969 5426 -
1988 5389 2008 5419 ²
2034 5388 2242 5452 Hatita,

710 5475 813 5530 vn,
838 5470 914 5519 19.
931 5493 994 5504 —
1014 5467 1038 5502 ⁸
1058 5455 1225 5517 mosa.
1246 5477 1310 5515 ex
1329 5463 1455 5515 Bed.
1473 5464 1528 5514 in
1545 5463 1748 5522 natm„
1775 5471 1892 5511 vm.
1912 5484 1975 5497 —
1993 5459 2013 5491 ⁴
2035 5461 2241 5524 naeth„

712 5547 806 5605 vn,
833 5541 1002 5591 16-17.
1024 5562 1086 5577 -
1111 5538 1131 5569 ⁸
1157 5534 1330 5596 neor„
1357 5547 1431 5599 ιι,
1463 5539 1512 5588 1.
1542 5559 1597 5572 -
1627 5534 1648 5564 ⁸
1668 5531 1782 5597 lob,
1804 5544 1916 5597 ιιι,
1944 5535 2021 5583 10.

1779 524 2194 600 SERMONES
2236 527 2341 598 DE
2374 525 2771 598 TEMPORE.

2330 667 2499 734 tacit.
2520 690 2553 728 a
2584 667 2796 734 Tertio
2814 663 3190 732 describitur
3205 669 3537 750 peecatum
3552 668 3863 752 quamam

2329 774 2411 839 ad
2438 774 2695 840 finalem
2724 773 3213 852 ordinationem,
3241 792 3437 857 quam
3459 771 3655 840 habet
3676 775 3745 839 in
3762 793 3866 856 ge-

2328 880 2611 964 hennam
2640 881 2710 964 (c)
2732 881 2749 944 i
2757 881 2930 963 gnis,
2960 899 3111 946 cum
3138 880 3447 948 subinfert
3471 902 3490 947 ε
3514 881 3865 950 Excidet&

2331 997 2393 1060 et
2416 994 2492 1059 in
2518 994 2733 1076 ionem
2764 996 3070 1060 namur.

2410 1097 2571 1164 Dicit
2597 1118 2757 1182 ergo
2789 1117 2807 1164 ε
2840 1100 3066 1167 Omnis
3090 1098 3277 1168 arbor
3305 1121 3321 1165 :
3350 1099 3466 1164 ubi
3491 1099 3865 1165 describitur

2330 1209 2661 1289 peecatum
2688 1211 3003 1290 quantum
3030 1205 3111 1271 ad
3132 1206 3501 1272 interiorem
3520 1206 3860 1288 originem,

2330 1332 2527 1397 quam
2558 1313 2753 1378 habet
2774 1332 2860 1378 ex
2884 1313 3256 1396 arrogantia
3282 1312 3537 1378 mentis.
3560 1312 3677 1378 Dia
3700 1313 3866 1378 enim

2333 1420 2547 1501 arbor,
2577 1420 2811 1486 affectu
2841 1420 3184 1492 voluntatis
3208 1425 3536 1504 corrupta,
3562 1424 3663 1486 oet
3686 1439 3865 1486 causa

2333 1532 2399 1593 et
2419 1528 2609 1610 origo
2650 1528 2969 1593 malorum
2992 1546 3263 1612 operum
3300 1549 3317 1592 ι
3352 1528 3567 1612 primo
3602 1546 3749 1612 quae
3777 1532 3866 1592 est

2333 1634 2714 1713 adulterina,
2743 1634 2900 1718 quia
2931 1653 3063 1699 non
3100 1633 3336 1699 inserta
3368 1635 3590 1700 divino
3617 1638 3781 1700 nutu
3802 1636 3864 1698 in

2332 1743 2521 1809 horto
2546 1741 2874 1822 Ecclesiae3
2904 1741 3183 1807 secundo
3198 1760 3348 1825 qnae
3375 1746 3475 1807 est
3498 1740 3701 1819 arida,
3725 1741 3865 1824 quia

2334 1869 2464 1916 non
2498 1851 2754 1934 perfusa
2800 1867 3082 1933 superno
3126 1849 3312 1915 fluxu
3329 1897 3347 1927 ‚
3386 1850 3525 1916 sive
3560 1849 3863 1914 stillicidio

2335 1959 2601 2040 gratiae3
2630 1958 2816 2023 tertIo
2841 1975 2988 2040 quae
3013 1961 3109 2024 est
3131 1956 3496 2024 intoecunda
3511 2006 3531 2035 ‚
3559 1957 3717 2040 quia
3742 1976 3863 2024 non

2334 2066 2626 2133 humano
2666 2069 2961 2150 promota
2996 2065 3207 2145 cultu,
3262 2064 3365 2130 vel
3397 2065 3701 2131 exercitio
3730 2067 3866 2147 Jus-

2336 2174 2515 2240 titiae.

2418 2280 2633 2345 Primo
2680 2279 2788 2346 illa
2834 2280 3026 2345 arbor
3067 2284 3164 2345 est
3213 2297 3409 2346 causa
3450 2280 3698 2344 frnotm
3746 2294 3869 2342 non

2338 2390 2519 2470 boni,
2550 2407 2698 2473 quae
2734 2392 2830 2453 est
2858 2388 3250 2468 adulterina,
3278 2387 3433 2471 quia
3471 2405 3601 2451 non
3641 2386 3872 2450 marta

2337 2499 2556 2564 divino
2582 2503 2750 2564 nutu
2782 2498 2853 2562 in
2883 2497 3073 2564 horto
3099 2496 3427 2575 Ecclesiae;
3454 2495 3659 2574 unde,
3688 2499 3753 2559 et
3783 2496 3875 2557 est

2338 2607 2419 2673 de
2441 2606 2754 2672 hodierno
2793 2603 3132 2686 evangelio
3164 2609 3187 2645 ⁸
3220 2626 3236 2670 :
3279 2627 3312 2665 «ι
3349 2602 3677 2686 Numquid
3699 2602 3875 2668 colli-

2341 2719 2500 2796 gent
2524 2713 2603 2779 de
2625 2711 2824 2796 spinis
2849 2729 3035 2789 uvas,
3055 2710 3261 2776 autde
3279 2709 3530 2776 tribulis
3556 2711 3755 2776 ficus?
3774 2709 3879 2776 Sic

2340 2822 2549 2887 omnis
2572 2821 2764 2886 arbor
2787 2820 2958 2885 bona
2986 2819 3233 2885 tructus
3267 2819 3466 2883 bonos
3502 2817 3680 2896 facit,
3710 2817 3878 2883 mala

2340 2932 2554 2993 autem
2581 2927 2774 2993 arbor
2807 2927 3086 2992 fructum
3122 2924 3369 2991 malum
3402 2924 3572 2990 facit.
3602 2947 3634 2986 n
3668 2925 3873 2993 Num-

2340 3035 2506 3119 quid
2557 3036 2851 3119 conivent
2898 3033 2977 3101 de
3024 3035 3237 3117 spinis
3284 3032 3669 3099 infidelitatis
3716 3048 3877 3100 uvas

2340 3145 2624 3209 veritatis
2661 3144 2841 3223 fidei,
2871 3160 3034 3225 quas
3078 3141 3365 3208 Christus
3408 3141 3481 3206 in
3512 3141 3701 3207 nobis
3738 3141 3877 3207 siti·

2341 3252 2473 3318 vit?
2495 3251 2672 3317 Certe
2699 3268 2831 3315 non
2858 3259 2878 3315 'z
2916 3250 3069 3334 quia
3091 3249 3259 3315 sicut
3291 3266 3437 3315 uvae
3464 3267 3596 3314 non
3621 3253 3772 3314 sunt
3800 3249 3879 3315 de

2342 3358 2563 3441 spinis,
2582 3359 2695 3424 sed
2709 3358 2790 3424 de
2815 3358 2966 3437 vite,
2987 3357 3079 3422 sic
3098 3357 3332 3422 veritas
3356 3356 3501 3422 fidei
3519 3374 3655 3421 non
3680 3361 3777 3422 est
3802 3357 3881 3422 do

2343 3468 2710 3551 spinositate
2732 3467 3111 3546 infidelium,
3141 3466 3253 3532 sed
3275 3466 3353 3531 de
3378 3483 3535 3530 vera
3558 3466 3709 3546 vite,
3732 3483 3878 3549 quae

2343 3579 2439 3640 est
2461 3574 2769 3641 Christus.
2801 3576 2935 3642 Aut
2960 3574 3041 3641 dc
3072 3572 3332 3641 tribulis
3370 3576 3653 3656 paternae
3695 3573 3881 3638 tradi·

2342 3684 2533 3749 tionis
2583 3682 2891 3765 collium
2939 3683 3143 3764 ficus,
3190 3680 3257 3746 id
3302 3684 3437 3760 est,
3483 3681 3883 3747 dulcedinem

2344 3795 2582 3857 sanctae
2608 3789 3141 3868 conversationis,
3172 3788 3357 3872 quasi
3392 3788 3558 3853 dinat
3582 3810 3598 3853 :
3618 3787 3789 3868 Non3
3818 3791 3887 3853 et

2343 3901 2467 3965 ista
2490 3898 2804 3983 expositio
2836 3898 3195 3963 extrahitur
3228 3895 3310 3961 de
3342 3894 3580 3975 Glossa‚
3610 3915 3762 3979 quae
3784 3896 3886 3961 di·

2345 4006 2474 4072 cit:
2510 4029 2543 4067 «
2568 4004 2783 4088 Spinae
2817 4004 3038 4070 tribuli
3064 4007 3215 4068 sunt
3239 4002 3543 4083 haeretici,
3579 4021 3621 4067 a
3644 4003 3887 4087 quibus

2344 4113 2565 4179 nullus
2580 4112 2942 4196 sapientum
2967 4114 3323 4192 veritatem,
3353 4111 3460 4178 vel
3484 4112 3887 4178 sanctitatem

2346 4221 2577 4305 poterit
2599 4220 2911 4301 invenire,
2931 4220 3043 4285 sed
3059 4219 3446 4286 contendunt
3461 4225 3528 4285 et
3550 4223 3889 4285 cruentant

2347 4328 2892 4412 approximantes.
2934 4349 2967 4389 n
3030 4328 3143 4396 Sic
3185 4329 3394 4396 omnis
3442 4327 3633 4395 arbor
3677 4326 3841 4394 bom
3862 4375 3885 4408 ,

2346 4454 2493 4519 quae
2518 4441 2616 4501 est
2644 4437 2881 4502 inserta
2904 4455 2946 4501 a
2971 4436 3099 4501 Deo
3125 4454 3239 4519 per
3263 4436 3456 4500 fldem
3495 4435 3743 4518 corpori
3772 4434 3889 4500 Ec-

2348 4544 2576 4626 clesiae,
2596 4544 2879 4624 fructum
2891 4544 3206 4609 bonorum
3225 4561 3493 4627 operum
3508 4543 3695 4624 facit.
3709 4543 3890 4611 Maza

2348 4655 2561 4718 autem
2589 4649 2796 4731 arbor,
2826 4654 3082 4733 propter
3112 4650 3521 4717 vitiositatem
3545 4650 3891 4733 degenera-

2347 4758 2542 4825 tionis
2583 4776 2782 4842 quam
2816 4757 3041 4841 accipit
3083 4776 3123 4822 a
3164 4759 3373 4841 primo
3408 4761 3708 4841 parente,
3760 4759 3891 4825 nisi

2348 4865 2669 4931 inseratur
2684 4865 2935 4949 corpori
2949 4864 3216 4948 mystico
3237 4864 3487 4942 christi,
3498 4864 3698 4949 malos
3712 4869 3893 4949 sneo-

2349 4979 2459 5042 ωε
2478 4975 2666 5055 facit,
2692 4974 2847 5058 quia
2869 4972 3153 5053 inutiles,
3180 4990 3298 5038 nec
3314 4973 3496 5060 digni
3520 4992 3893 5042 remunera·

2348 5082 2544 5149 tione.
2587 5081 2800 5154 Narn⁸
2839 5103 2872 5143 α
2897 5081 3035 5146 sine
3061 5079 3188 5145 fide
3213 5079 3599 5164 impossibile
3624 5085 3720 5146 est
3744 5082 3889 5165 pla-

2350 5208 2494 5257 cere
2519 5191 2670 5258 Deo.
2699 5212 2732 5250 a
2766 5187 2846 5256 Et
2870 5187 3091 5254 dehoc
3111 5186 3402 5253 similiter
3427 5192 3631 5271 potest
3650 5190 3890 5272 exponi

2347 5297 2508 5365 iliud
2543 5297 2717 5383 quod
2750 5295 2981 5363 dicitur
3005 5301 3031 5338 ⁸
3074 5315 3163 5358 ,ι
3195 5293 3517 5360 Destruxit
3554 5312 3661 5360 me
3695 5294 3891 5361 undi-

2414 5460 2485 5525 (α)
2516 5459 2639 5512 Goet.
2668 5459 2796 5511 ed’t.
2827 5457 3193 5510 excidetur.—
3219 5453 3294 5523 (ὁ)
3324 5454 3500 5523 Βαρρί.
3526 5459 3799 5524 quantum·
3824 5483 3889 5503 -

2351 5532 2416 5597 (c)
2441 5532 2563 5584 Goet.
2590 5531 2709 5584 edit.
2735 5531 2990 5600 gehenna.
