4059 6317
883 524 1257 595 DOMINICA
1297 524 1405 591 XX
1444 522 1641 592 POST
1684 519 2268 589 PENTEGOSTEN.
2312 519 2574 588 SERMO
2616 521 2684 586 1.

187 682 222 722 α
245 657 568 726 Infirmata
594 664 690 727 est
714 660 981 727 altitudo
1007 662 1226 746 populi
1252 666 1463 727 terrae.
1488 682 1517 720 n
1549 659 1709 725 Alti-

178 768 333 833 tudo
358 773 455 834 est
479 768 606 833 alta
640 786 824 834 mens
860 769 1154 852 superba,
1199 787 1345 853 quae
1372 772 1613 853 quanto
1650 766 1716 831 in

176 895 247 943 se
272 881 368 942 est
394 875 602 957 altior,
630 880 807 942 tanto
833 881 928 942 est
944 896 985 941 a
1012 876 1136 941 Deo
1154 878 1226 941 in
1244 894 1312 941 se
1330 875 1712 958 elongatior,

176 989 241 1049 et
265 984 638 1068 depressior.
674 984 849 1049 Unde
875 984 1282 1067 Augustinus
1309 986 1328 1020 ¹
1367 1007 1384 1047 z
1426 1006 1457 1043 α
1483 982 1716 1047 Humi-

175 1093 265 1157 lia
290 1095 353 1157 te
375 1091 709 1177 proximo:
744 1090 1049 1156 Dominus
1075 1090 1248 1155 enim
1287 1089 1562 1155 humilia
1592 1105 1719 1154 res-

175 1200 353 1285 picit,
391 1204 466 1265 ut
496 1199 738 1265 attollat
770 1217 786 1260 :
829 1203 892 1264 et
918 1200 1066 1279 alta,
1097 1199 1162 1264 id
1203 1201 1319 1278 est,
1365 1199 1641 1282 superba
1679 1216 1720 1261 a

173 1308 374 1390 longe
392 1308 740 1391 cognoscit,
771 1310 844 1372 ut
869 1307 1202 1391 deprimat.
1233 1328 1264 1367 n
1300 1307 1324 1345 ²
1356 1329 1386 1367 α
1421 1305 1589 1371 Deus
1616 1325 1720 1370 su-

174 1415 394 1501 perbis
414 1414 672 1496 resistit,
703 1437 733 1475 n
771 1418 890 1480 etc.

258 1522 548 1589 Secunda
573 1526 669 1587 est
691 1521 964 1602 invidia3
995 1518 1166 1586 unde
1192 1521 1273 1586 de
1292 1519 1507 1586 ‚loram
1534 1537 1714 1601 rege,

176 1632 295 1714 qui
321 1632 631 1696 interfecit
664 1631 889 1695 fratres
920 1648 1071 1696 suos
1103 1629 1127 1666 ’
1168 1648 1183 1690 ε
1234 1652 1266 1690 α
1309 1627 1597 1693 Mortuus
1624 1631 1720 1692 est

175 1740 245 1804 in
291 1738 657 1802 infirmitate
695 1738 992 1822 pessima.
1039 1760 1067 1797 η
1125 1736 1283 1803 Ecce
1324 1735 1719 1820 quicumque

171 1850 543 1932 persecutor
568 1850 665 1910 est
687 1846 956 1910 fratrum
984 1848 1051 1909 et
1088 1845 1533 1927 proximorum
1561 1861 1713 1908 suo·

172 1973 324 2020 rum
371 1971 489 2037 per
530 1953 874 2038 pessimam
912 1952 1174 2018 invidiae
1236 1951 1674 2016 infirmitatem
1695 1997 1717 2029 ,

175 2061 450 2127 incurrit
475 2069 749 2126 mortem
790 2062 1117 2127 aeternam.
1163 2057 1335 2124 Bene
1374 2062 1592 2123 autem
1634 2058 1722 2122 di-

175 2171 346 2235 citur
374 2170 654 2252 pessima
674 2189 699 2233 .·
724 2166 894 2232 mala
911 2168 1080 2231 enim
1100 2171 1193 2230 est
1219 2166 1299 2231 de
1319 2167 1491 2232 bono
1510 2166 1720 2250 proxi-

174 2279 270 2343 mi
298 2277 598 2354 dolendo;
640 2278 822 2359 pejor
846 2275 924 2340 de
959 2274 1128 2340 malo
1165 2276 1306 2358 ejus
1344 2272 1716 2355 gaudendo;

175 2388 456 2472 pessima
481 2388 549 2452 in
577 2390 853 2470 utroque
874 2385 934 2451 ei
961 2385 1267 2462 nocendo,
1302 2382 1724 2448 videlicetim·

177 2495 515 2580 pediendo,
544 2494 647 2559 vel
670 2493 908 2558 malum
937 2492 1289 2569 inferendo,
1319 2490 1477 2555 sicut
1504 2489 1721 2554 Joram

175 2603 507 2683 fratribus,
535 2606 600 2667 et
626 2601 801 2667 Caim
843 2601 1027 2667 Abel.
1058 2600 1210 2665 Haec
1241 2599 1514 2683 pessima
1551 2598 1726 2662 infir-

176 2712 367 2776 mitas
421 2711 701 2775 multum
744 2709 1063 2774 consumit
1115 2708 1470 2772 hominem.
1534 2706 1725 2771 Isido-

177 2838 293 2883 rus
315 2817 339 2853 ⁸
361 2838 377 2882 z
410 2817 708 2883 «Invidia
735 2818 966 2883 merita
990 2818 1161 2881 bona
1182 2816 1410 2881 ardore
1429 2815 1724 2898 pestifero

178 2926 466 2992 devorat.
513 2923 762 2989 Invidia
806 2923 1040 2989 animae
1077 2924 1274 3003 tinea,
1317 2939 1579 2987 sensum
1626 2941 1727 2987 co·

180 3033 404 3113 medit,
430 3037 648 3116 pectus
672 3032 834 3113 urit,
870 3034 1149 3096 mentem
1184 3030 1415 3109 inficit,
1465 3049 1576 3095 cor
1614 3029 1728 3095 ho-

180 3140 376 3205 minis
400 3141 580 3223 quasi
616 3140 911 3224 quaedam
937 3139 1131 3223 pestis
1163 3139 1460 3222 depascit.
1492 3160 1523 3197 n
1550 3138 1730 3203 Hanc

180 3248 528 3333 pessimam
589 3247 1026 3313 infirmitatem
1094 3247 1387 3331 sequitur
1450 3247 1729 3330 pessima

183 3374 381 3421 mors.
420 3355 754 3421 Psalmista
771 3357 836 3419 ⁸:
872 3379 903 3417 c
933 3353 1103 3419 Mors
1147 3358 1552 3438 peccatorum
1594 3374 1731 3441 pes-

183 3463 367 3528 sima.
404 3485 435 3523 n

264 3571 478 3637 Tertia
501 3576 595 3637 est
610 3572 747 3637 irae.
773 3570 950 3637 Unde
978 3571 1332 3636 Antiochus
1355 3572 1414 3637 ⁸:
1445 3595 1476 3632 α
1504 3570 1729 3655 Ignem

184 3681 438 3762 spirans
475 3679 693 3767 animo
726 3679 797 3743 in
832 3678 1087 3745 Judaeos
1114 3683 1247 3743 tam
1292 3678 1459 3744 foedo
1502 3681 1731 3746 morbo

182 3791 459 3853 vexatus
476 3791 592 3866 est,
622 3792 700 3852 ut
722 3788 800 3852 de
820 3804 1084 3870 corpore
1111 3786 1295 3868 impii
1322 3804 1573 3851 vermes
1603 3806 1732 3853 sca-

183 3895 482 3974 turirent,
510 3912 586 3959 ac
607 3895 897 3959 viventes
911 3893 983 3958 in
1001 3893 1324 3959 doloribus
1347 3912 1569 3958 carnes
1588 3897 1644 3978 ej
1653 3913 1732 3960 us

184 4003 559 4068 effluerent:
588 4002 780 4067 odore
807 4003 997 4066 etiam
1023 4000 1198 4065 illius
1222 4004 1287 4065 et
1311 4000 1535 4066 foetore
1553 4020 1734 4067 exer·

185 4112 356 4175 citus
405 4114 808 4191 gravaretur.
859 4130 892 4168 1>
945 4107 1103 4173 Ecce
1141 4107 1249 4172 hic
1289 4108 1726 4190 significatur,

186 4216 362 4303 quod
388 4217 502 4300 qui
520 4217 745 4298 ignem
774 4214 1122 4280 iracundiae
1154 4214 1401 4297 spirant
1439 4215 1511 4280 in
1546 4216 1729 4296 alios,

184 4325 473 4409 graviter
510 4324 578 4387 in
617 4321 957 4387 animabus
990 4321 1422 4387 infirmantur.
1470 4322 1734 4388 Vermes

133 4506 143 4517 ,
184 4440 404 4502 autem
446 4433 850 4515 agitationes,
886 4434 950 4495 et
986 4433 1218 4511 motus,
1270 4436 1333 4495 et
1369 4434 1735 4499 amaritudi-

186 4562 336 4609 nem
366 4544 482 4608 irae
514 4542 627 4625 (a).
655 4540 870 4605 Foetor
897 4537 1087 4603 etiam
1115 4556 1372 4604 morum
1401 4540 1735 4607 iracundo-

187 4670 336 4717 rum
368 4650 588 4732 gravis
624 4652 720 4714 est
759 4646 884 4711 illis
904 4644 926 4681 ‘¹
966 4666 980 4710 :
1023 4667 1054 4707 α
1084 4644 1291 4712 Grave
1333 4652 1433 4712 est
1476 4667 1730 4729 saxum,

188 4763 253 4824 et
277 4776 549 4824 onerosa
575 4774 807 4834 arena;
829 4753 940 4818 sed
968 4753 1064 4816 ira
1088 4754 1264 4819 stulti
1291 4752 1566 4841 utroque
1591 4775 1762 4840 gra-⁷

187 4870 333 4935 Vior
359 4870 476 4947 est,
507 4888 538 4927 a
569 4871 690 4932 ete.
1302 4864 1306 4872 ’

269 4977 507 5055 Quarta
532 4980 628 5041 est
666 4974 953 5042 avaritiae
982 4981 1006 5018 ⁸
1037 4994 1056 5041 ι
1088 4999 1120 5038 (ι
1148 4976 1259 5042 Est
1296 4981 1360 5042 et
1399 4977 1524 5041 alia
1548 4978 1732 5042 infir-

190 5086 380 5153 mitas
405 5087 701 5170 pessima,
732 5105 929 5170 quam
965 5086 1098 5154 vidi
1137 5087 1257 5152 sub
1295 5086 1450 5167 sole,
1493 5087 1733 5153 divitiae

258 5248 270 5282 ¹
306 5251 456 5313 Aug„
487 5249 540 5297 in
570 5248 707 5298 Psal.
736 5258 976 5310 cxxxvii,
1005 5262 1057 5298 n.
1101 5251 1186 5311 Η,
1214 5249 1383 5313 quord
1416 5263 1645 5301 sensum.
1674 5277 1737 5290 —

196 5317 218 5352 ⁸
247 5319 374 5377 lac..
416 5330 487 5383 w,
533 5322 579 5370 6.
611 5345 673 5357 —
709 5319 733 5354 ⁸
768 5320 808 5369 ll
848 5318 1045 5381 Par-al„
1084 5330 1203 5381 xxi,
1246 5323 1321 5370 ¹9.
1357 5344 1417 5356 -
1457 5321 1481 5357 δ
1517 5322 1636 5372 lsid.
1679 5349 1734 5360 —

192 5391 216 5425 ⁸
253 5390 391 5440 Paul.
431 5403 632 5455 xxxin,
670 5393 749 5441 21.
793 5416 850 5428 -
882 5391 902 5422 ⁸
936 5391 978 5441 ll
1016 5388 1200 5452 Maeli„
1231 5403 1313 5454 ix,
1347 5395 1395 5444 9.
1431 5418 1494 5429 —
1522 5396 1535 5423 ⁷
1569 5396 1742 5447 Ρνου..

195 5470 374 5524 nvn,
400 5464 451 5513 3.
480 5489 543 5501 -
567 5461 591 5498 ⁸
625 5461 811 5522 Eccle„
840 5472 912 5522 ix,
943 5465 1020 5513 12.
1048 5485 1109 5500 -
1137 5462 1159 5492 ·
1185 5465 1365 5514 Senec.
1396 5489 1458 5503 --
1489 5464 1528 5501 ⁸⁰
1551 5465 1737 5523 Baelo..

199 5542 274 5595 ix,
305 5534 381 5583 ¹8.
410 5558 472 5570 —
490 5534 530 5570 ¹¹
557 5537 768 5599 August.
795 5559 850 5570 —
885 5533 921 5568 ¹²
941 5532 1126 5597 Ecclt'„
1150 5545 1299 5596 xxxi,
1326 5536 1401 5585 27.
1428 5560 1492 5573 -
1513 5537 1555 5573 ¹⁸
1585 5536 1733 5601 ibid„

3246 528 3366 593 459

1823 665 2214 724 conservatae
2261 656 2333 720 in
2378 657 2623 722 malum
2668 657 2919 724 Domini
2973 661 3074 726 sui
3087 709 3106 740 ‚
3155 682 3185 722 n
3239 668 3358 728 etc.

1823 764 1983 831 Vere
2009 766 2284 849 pessima
2314 784 2332 830 ε
2362 764 2532 829 mala
2571 766 2831 849 quidem
2877 769 2969 834 eis
2987 818 3002 844 ,
3053 788 3090 834 a
3129 768 3367 854 quibus

1824 873 1994 937 mala
2037 871 2396 951 lucrantur3
2456 872 2635 957 pejor
2670 874 2775 939 eis
2819 894 2936 959 pro
2982 878 3216 961 quibus
3258 878 3363 942 lu-

1825 984 2120 1058 crantur,
2168 980 2404 1045 scilicet
2464 981 2829 1047 haeredibus
2844 1006 2860 1061 ;
2917 984 3190 1067 pessima
3245 984 3368 1049 sibi

1824 1087 1997 1170 ipsi5‚
2042 1087 2153 1171 qui
2192 1087 2360 1152 male
2390 1086 2744 1152 lucrantur.
2794 1088 3031 1155 Seneca
3058 1096 3082 1132 ⁸
3114 1113 3134 1155 ι
3172 1115 3202 1152 α
3247 1092 3365 1157 De-

1826 1200 1978 1261 sunt
2019 1194 2253 1279 iuopiae
2300 1195 2534 1275 multa,
2594 1195 2884 1263 avaritiae
2928 1199 3165 1264 omnia.
3216 1222 3244 1259 n
3295 1196 3368 1265 In

1825 1304 2080 1371 nullum
2121 1321 2357 1370 avarus
2394 1305 2602 1370 bonus
2646 1309 2770 1387 est,
2810 1306 2879 1369 in
2917 1326 2984 1372 se
3029 1309 3364 1389 pessimus

1829 1412 2172 1478 Infirmitas
2185 1430 2530 1481 avarorum
2551 1416 2645 1477 est
2664 1413 3022 1496 hydropisis
3036 1415 3328 1481 cordium
3348 1437 3365 1481 ε

1825 1525 2068 1605 quanto
2108 1519 2250 1604 plus
2289 1520 2516 1584 bibunt
2556 1520 2965 1604 acquirendo,
3013 1526 3189 1588 tanto
3226 1523 3372 1606 plus

1826 1629 2052 1694 sitiunt
2076 1628 2450 1712 appetendo.

1907 1736 2139 1815 Quinta
2165 1741 2258 1803 est
2293 1738 2528 1803 acediae
2548 1739 2594 1779 ¹⁰
2622 1756 2639 1802 ε
2667 1761 2697 1799 α
2725 1737 2798 1801 In
2833 1737 3116 1822 pigritiis
3146 1737 3367 1804 humi-

1826 1845 2087 1910 liabitur
2128 1846 2542 1928 contignatio.
2596 1868 2627 1906 n
2683 1846 3112 1911 Interlinearis
3152 1867 3168 1910 ε
3219 1870 3248 1907 «
3299 1847 3370 1913 ld

1827 1959 1959 2035 est,
2008 1955 2353 2021 aediflcium
2399 1956 2740 2023 virtutum.
2805 1980 2834 2017 α
2883 1956 2961 2021 Et
3006 1956 3372 2022 infirmitate

1827 2083 2166 2143 manuum,
2192 2087 2223 2125 ι»
2258 2064 2326 2131 id
2350 2070 2446 2131 est
2472 2083 2767 2148 operum,
2810 2087 2841 2127 α
2866 2065 3238 2148 perstillabit
3265 2067 3374 2130 do-

1828 2190 1996 2252 mus,
2029 2194 2059 2231 n
2110 2171 2345 2237 scilicet
2372 2172 2625 2237 mentis.
2659 2171 2848 2238 Vides
2872 2191 3034 2254 ergo
3060 2173 3230 2256 quod
3256 2189 3372 2256 per

1829 2280 2269 2344 infirmitatem
2295 2280 2575 2362 pigritiae
2602 2284 2665 2345 et
2692 2280 2952 2360 acediae,
2983 2280 3169 2346 stillae
3196 2280 3370 2362 cogi-

1828 2389 2171 2466 tationum,
2197 2392 2261 2452 et
2293 2387 2754 2453 desideriorum
2784 2388 3123 2468 malorum,
3152 2393 3216 2454 et
3232 2393 3372 2453 ten-

1829 2497 2146 2561 tationum
2173 2496 2409 2561 cadunt
2432 2496 2503 2560 in
2538 2496 2805 2561 domum
2832 2496 3105 2561 mentis:
3140 2503 3206 2562 et
3231 2497 3376 2562 ideo

1830 2605 1988 2669 tales
2034 2603 2104 2668 in
2147 2603 2407 2686 propria
2450 2602 2641 2668 domo
2691 2603 3017 2687 quiescere
3060 2605 3372 2670 nesciunt.

1832 2711 2236 2793 Augustinus
2261 2711 2303 2747 ¹¹
2338 2732 2353 2774 ε
2395 2733 2426 2771 α
2455 2710 2782 2788 Quomodo
2809 2711 3081 2795 quisque
3122 2731 3161 2776 a
3195 2712 3378 2777 stilli-

1833 2820 1995 2884 cidio
2021 2819 2155 2883 exit
2179 2817 2259 2882 de
2301 2816 2491 2882 domo
2535 2835 2672 2895 sua,
2719 2822 2831 2882 aut
2866 2819 3082 2896 fumo;
3129 2818 3221 2883 sic
3263 2817 3377 2902 qui
3482 2829 3487 2835 '

1833 2945 1962 2992 non
1990 2926 2233 2991 habent
2258 2924 2550 3008 quietum
2588 2942 2719 3005 cor,
2748 2925 3039 2991 habitare
3078 2928 3146 2991 in
3191 2927 3378 2993 corde

1833 3054 1953 3101 suo
1980 3035 2254 3101 libenter
2279 3053 2413 3099 non
2441 3037 2728 3117 possunt.
2759 3055 2791 3093 n
2824 3034 3053 3098 Contra
3078 3033 3246 3099 hanc
3270 3035 3374 3100 in-

1834 3143 2204 3208 firmitatem
2231 3142 2422 3208 datur
2445 3141 2784 3205 consilium
2812 3142 2899 3205 ¹²:
2929 3164 2958 3201 τι
2979 3141 3052 3205 In
3074 3143 3379 3207 omnibus

1836 3251 2137 3335 operibus
2158 3250 2290 3315 tuis
2316 3253 2450 3314 esto
2470 3247 2690 3328 veloX,
2714 3251 2779 3313 et
2801 3248 3010 3312 omnis
3039 3248 3380 3313 infirmitas

1836 3377 1968 3424 non
1995 3361 2282 3424 occurret
2306 3355 2443 3420 tibi.
2479 3377 2510 3416 n

1922 3466 2115 3531 Sexta
2145 3468 2240 3531 est
2260 3463 2440 3548 gulae
2461 3465 2544 3528 ¹⁸:
2575 3463 2679 3528 «In
2710 3461 2927 3527 multis
2953 3463 3112 3528 escis
3133 3462 3253 3527 erit
3276 3462 3375 3526 in-

1839 3575 2132 3654 firmitas,
2177 3596 2208 3634 n
2244 3578 2390 3652 etc,
2435 3590 2567 3637 non
2606 3569 2818 3635 solum
2853 3568 3217 3653 corporalis,
3270 3571 3379 3636 sed

1838 3683 2029 3747 etiam
2067 3679 2434 3765 spiritualis.
2465 3678 2633 3756 Quid
2667 3682 2883 3743 autem
2910 3678 3180 3757 mirum,
3215 3676 3270 3742 si
3297 3695 3379 3742 ex

1840 3790 2059 3854 multis
2102 3789 2264 3854 escis
2310 3787 2483 3869 gulae
2526 3786 2888 3850 infirmetur
2932 3784 3179 3865 anima,
3228 3804 3380 3851 cum

1840 3898 2031 3964 etiam
2060 3917 2148 3963 ex
2169 3915 2305 3962 una
2338 3913 2480 3961 esca
2518 3893 2677 3958 Adae
2711 3896 2882 3958 totus
2905 3891 3185 3957 mimdus
3207 3893 3383 3956 infir-

1843 4007 2099 4071 metur?
2124 4003 2193 4069 Si
2215 4005 2304 4068 sic
2330 4021 2448 4084 pro
2476 4000 2631 4084 gula
2659 4000 2854 4065 unius
2880 3999 3062 4065 horae
3089 4000 3381 4063 infirma-

1841 4118 1950 4179 tus
1970 4116 2064 4178 est
2093 4111 2408 4190 munduS,
2459 4107 2616 4192 quid
2655 4107 2779 4172 erit
2805 4107 2884 4172 de
2911 4106 3070 4188 gula
3112 4106 3383 4188 triginta

1843 4222 1947 4287 vel
2030 4217 2457 4303 quadraginta
2540 4233 2859 4280 annorum
2941 4214 3310 4297 quotidiana
3347 4216 3381 4278 ’ἒ
3444 4204 3447 4207 ’

1843 4327 1888 4365 ¹⁸
1916 4352 1947 4390 c
1981 4327 2374 4411 Epulabatur
2398 4322 2679 4407 quotidie
2705 4320 3054 4405 splendide.
3084 4343 3116 4382 υ
3154 4320 3383 4386 Sanari

1844 4439 2062 4501 autem
2090 4433 2273 4499 debet
2320 4450 2434 4516 per
2469 4431 2820 4514 jeJunium,
2864 4430 2977 4513 qui
3018 4429 3385 4496 infirmatur

1844 4562 1959 4628 per
1998 4544 2239 4608 cibum.
2286 4539 2632 4622 Gregorius
2669 4540 2714 4580 ¹⁸
2760 4560 2777 4603 ε
2831 4560 2864 4599 α
2890 4537 3011 4615 Qui
3043 4557 3083 4602 a
3112 4535 3387 4621 paradisi

1847 4651 2101 4735 gaudiis
2127 4669 2242 4734 per
2277 4648 2494 4714 cibum
2537 4646 2903 4726 cecidimus.
2941 4646 3021 4730 (b)
3070 4651 3385 4725 quantum

1845 4776 2188 4843 possumus
2226 4776 2341 4843 per
2389 4754 2837 4822 abstinentiam
2876 4771 3317 4834 resurgamus,
3350 4776 3381 4815 n

1847 4863 1940 4931 Ne
1983 4865 2262 4930 habeant
2316 4864 2484 4930 hanc
2528 4863 3004 4941 infirmitatem,
3062 4861 3391 4926 attendant

1848 4973 2063 5056 gulosi
2081 5022 2099 5052 ‚
2148 4973 2428 5053 ebriosi,
2487 4971 2702 5035 cibum
2756 4972 2822 5034 et
2865 4973 3086 5052 potum
3133 4967 3387 5034 Christi.

1849 5081 2183 5147 Psalmista
2203 5082 2247 5122 ¹⁰
2282 5079 2683 5145 :cDederunt
2706 5076 2773 5140 in
2799 5094 3008 5140 escam
3042 5094 3251 5140 meam
3280 5075 3388 5155 fel,

1847 5187 2006 5254 etin
2034 5187 2162 5267 siti,
2194 5209 2226 5248 n
2262 5189 2384 5251 etc.

1850 5371 2054 5423 xxxvu,
2082 5359 2161 5410 33.
2188 5381 2238 5394 -—
2279 5357 2317 5392 ¹⁴
2344 5355 2481 5418 Luc„
2504 5364 2617 5417 xvi,
2646 5356 2797 5405 19.-
2829 5351 2875 5389 ²⁸
2893 5353 3070 5417 Greg„
3094 5351 3151 5401 in
3181 5352 3395 5417 Evam„

1848 5433 1993 5485 bom.
2024 5443 2135 5495 xv1,
2165 5443 2220 5481 n.
2246 5432 2296 5481 5.
2324 5453 2387 5466 —
2413 5427 2462 5462 ¹⁸
2482 5424 2622 5478 Paeat.
2653 5435 2836 5488 vam,
2864 5428 2942 5476 22.

1916 5534 1986 5599 (a)
2015 5529 2193 5599 suppl.
2221 5528 2525 5596 significant.
2554 5550 2615 5567 -
2644 5524 2714 5595 (ὸ)
2744 5524 2924 5592 εωμρι.
2950 5525 3017 5578 aa
3042 5524 3174 5579 hae.
