4059 6317
1133 488 1377 557 FERIA
1416 489 1502 555 111
1542 477 2113 553 PENTECOSTES.
2157 472 2421 542 SERMO
2463 471 2516 537 l.

228 627 464 711 plena?
480 648 521 702 ,ι
534 629 660 702 etc.
695 626 855 693 Item
878 626 1032 712 quid
1055 644 1250 709 ergo,
1280 626 1537 712 quando
1562 623 1643 689 de
1662 619 1772 685 illo

226 733 725 800 immensissimo
745 749 896 799 vase
912 731 1115 798 beatae
1134 731 1461 800 Trinitatis
1484 731 1607 798 erit
1627 745 1774 794 con-

224 842 414 909 tinua
438 839 774 908 inebriatio
791 843 825 906 ‘t
850 842 1188 909 Psalmista
1202 843 1223 879 ¹
1256 863 1274 908 t
1303 865 1335 906 ι
1359 838 1773 907 Inebriabun-

227 955 340 1019 tur
364 951 450 1017 ab
477 950 769 1019 ubertate
798 950 1029 1017 domus
1052 953 1186 1017 tuae
1203 998 1226 1030 ,
1258 971 1290 1011 n
1326 952 1452 1015 etc.

444 1183 716 1262 FERIA
765 1181 868 1259 III
920 1179 1558 1259 PENTEGOSTES.

612 1334 617 1338 ’
659 1352 951 1425 senno
992 1352 1345 1436 ramus

316 1499 474 1568 Oves
506 1499 697 1567 illum
721 1504 1062 1584 sequentur
1085 1505 1138 1580 ²,
1176 1503 1297 1565 etc.
1337 1497 1503 1566 Oves
1545 1495 1774 1562 Christi

228 1610 386 1675 sunt
408 1607 624 1673 fideles
641 1655 664 1688 ,
713 1608 826 1692 qui
870 1606 1370 1691 quadrupliciter
1410 1605 1773 1688 sequuntur

226 1715 601 1796 Dominum,
626 1713 918 1780 videlicet
940 1714 1010 1778 in
1028 1716 1248 1780 sancta
1269 1711 1770 1789 conversatione,

224 1823 301 1888 in
326 1841 552 1889 secura
576 1822 950 1901 evolatione,
976 1822 1047 1886 in
1070 1821 1257 1887 beata
1279 1817 1767 1898 resurrectione,

225 1932 305 1998 in
330 1937 567 1998 aeterna
605 1931 1105 1997 commansione.
1152 1928 1371 1995 Primo
1414 1927 1606 1992 modo
1624 1972 1649 2005 ,
1701 1926 1772 1990 in

225 2039 516 2122 mund03
543 2038 822 2105 secundo
836 2083 860 2118 ,
884 2038 952 2101 in
974 2041 1302 2116 extremm
1330 2034 1517 2101 tertio
1530 2081 1553 2114 ,
1583 2033 1652 2099 in
1673 2035 1773 2117 ju-

224 2146 399 2213 dicio
415 2168 434 2227 ;
464 2150 725 2231 quarto,
753 2145 823 2211 in
849 2144 1035 2212 coelo.

314 2254 401 2319 De
425 2251 684 2338 primo³
714 2275 735 2320 ι
767 2276 800 2316 α
830 2251 1015 2318 Nunc
1053 2251 1386 2336 sequimur
1418 2251 1483 2315 te
1525 2248 1593 2314 in
1637 2248 1772 2313 toto

225 2362 419 2428 corde
441 2409 460 2442 ,
493 2364 557 2428 et
580 2360 886 2426 timemus
911 2362 1012 2440 te,
1053 2363 1118 2424 et
1154 2357 1508 2441 quaerimus
1543 2356 1772 2421 faciem

222 2472 435 2534 tuam.
479 2489 511 2528 n
544 2466 702 2533 Toto
745 2465 934 2532 corde
971 2465 1160 2549 sequi
1201 2466 1505 2531 debemus
1555 2462 1768 2528 Domi-

222 2592 396 2648 num
416 2622 437 2654 ,
465 2592 597 2640 non
623 2573 887 2640 dimidio
909 2622 929 2654 ,
959 2573 1122 2637 sicut
1147 2572 1443 2656 quidam,
1486 2570 1605 2655 qui
1639 2569 1771 2635 Do-

224 2683 483 2748 minum
500 2684 563 2747 et
576 2680 897 2747 diabolum
909 2682 1290 2764 sequuntur.
1307 2677 1582 2757 Quidam
1599 2678 1774 2758 enim

221 2791 398 2856 bona
423 2807 617 2873 opera
638 2789 937 2853 facientes
953 2833 976 2868 ‚
1021 2804 1091 2852 se
1117 2786 1197 2852 de
1223 2786 1350 2850 illis
1375 2784 1624 2851 laudari
1652 2803 1769 2851 vo-

222 2897 413 2976 lunt;
460 2895 550 2961 ita
584 2894 908 2961 diabolum
969 2893 1327 2977 sequuntur
1367 2893 1390 2928 ⁶
1434 2914 1451 2957 ι
1510 2915 1542 2955 ιι
1568 2890 1771 2959 Nemo

240 3008 452 3090 potest
475 3004 723 3070 duobus
750 3001 1027 3068 dominis
1055 2999 1320 3067 servire.
1344 3022 1377 3061 n
1416 2999 1504 3066 De
1530 2999 1666 3066 istis
1688 3002 1711 3036 ⁸
1749 3023 1766 3065 ι

238 3136 287 3180 ,α
313 3111 653 3196 Usquequo
691 3108 1055 3175 claudicatis
1102 3108 1172 3172 in
1212 3108 1371 3173 duas
1411 3111 1654 3191 partes?
1703 3103 1771 3174 Si

222 3219 535 3285 Dominus
560 3217 728 3283 Deus
746 3219 841 3281 est
855 3264 878 3298 ,
900 3214 1243 3300 sequimini
1263 3232 1412 3280 eum
1435 3236 1453 3294 ;
1471 3214 1525 3279 si
1548 3217 1767 3282 autem

224 3325 379 3393 Baal
402 3376 425 3409 ,
448 3349 481 3390 ι
514 3330 632 3391 etc.
663 3323 814 3390 Baal
840 3324 1292 3408 interpretatur
1317 3322 1678 3404 devorator,
1703 3327 1771 3389 et

223 3435 546 3519 significat
566 3432 887 3500 diabolum
907 3479 926 3511 ,
956 3432 1070 3516 qui
1094 3430 1332 3497 multas
1354 3430 1638 3514 quotidie
1660 3430 1767 3495 de-

223 3545 414 3608 vorat
437 3542 682 3607 animas
707 3539 731 3577 ⁸
758 3562 774 3604 ε
797 3564 824 3597 α
858 3538 1094 3606 Circuit
1120 3556 1419 3621 quaerens
1447 3555 1641 3621 quem
1663 3536 1768 3602 de·

225 3653 433 3719 voret.
455 3672 487 3712 n
512 3649 797 3733 Populus
822 3647 930 3714 ille
958 3647 1318 3713 claudicans
1344 3646 1413 3709 in
1434 3646 1601 3711 duas
1627 3662 1770 3729 par-

224 3763 322 3826 tes
339 3758 529 3841 coepit
547 3756 729 3841 sequi
743 3755 1087 3822 Dominum
1103 3754 1175 3822 in
1193 3758 1324 3820 toto
1337 3753 1549 3834 corde,
1573 3771 1773 3837 quan-

223 3866 311 3932 do
336 3865 513 3948 ignis
539 3866 618 3931 de
642 3863 803 3930 coelo
828 3863 1125 3943 dabatur,
1152 3862 1319 3928 sicut
1348 3861 1586 3926 ibidem
1612 3860 1771 3942 legi-

224 3978 338 4039 tur
372 3972 421 4036 ⁷.
465 3971 646 4055 Ignis
684 3971 801 4036 iste
845 3969 1157 4055 Spiritum
1191 3973 1483 4035 sanctum
1508 3968 1768 4052 signifi-

225 4083 332 4146 cat
351 4085 374 4122 ⁸
403 4101 421 4146 ε
449 4101 481 4142 ι
506 4079 736 4161 Ignem
748 4079 897 4146 veni
923 4077 1174 4143 mittere
1198 4077 1269 4142 in
1298 4080 1560 4157 tem,
1580 4098 1613 4139 ι
1648 4079 1767 4142 etc.

225 4188 278 4256 Ο
309 4188 397 4253 sii
404 4187 555 4271 gnis
578 4187 699 4253 iste
712 4186 793 4253 ad
818 4204 939 4252 nos
962 4186 1391 4267 descenderet,
1419 4188 1554 4251 toto
1579 4184 1770 4251 corde

223 4314 350 4363 nos
374 4295 557 4380 sequi
583 4293 928 4359 Dominum
954 4295 1211 4359 faceret.

310 4402 399 4469 De
423 4402 700 4468 aecundo
725 4399 1001 4483 intelligi
1047 4402 1288 4484 potest,
1337 4399 1513 4484 quod
1540 4400 1769 4466 transi·

221 4513 418 4574 turus
445 4523 561 4590 per
585 4522 842 4571 crucem
883 4504 963 4571 de
994 4504 1119 4570 hoc
1142 4503 1379 4570 saeculo
1404 4552 1427 4584 ,
1465 4502 1772 4569 Dominus

225 4616 422 4683 Petro
448 4612 638 4679 dicit·
671 4636 686 4679 ε
712 4635 744 4675 α
762 4612 901 4692 Quo
920 4630 1049 4696 ego
1066 4613 1234 4680 vado
1252 4659 1271 4691 ,
1300 4630 1433 4677 non
1459 4616 1639 4694 potes
1666 4629 1772 4678 me

226 4722 425 4790 modo
459 4720 686 4805 sequi:
729 4721 1014 4804 sequeris
1055 4723 1275 4786 autem
1310 4722 1554 4804 postea.
1583 4739 1615 4778 n
1651 4717 1769 4784 Se-

227 4832 419 4895 cutus
449 4827 529 4912 (a)
568 4831 785 4894 autem
820 4830 915 4894 est
945 4826 1027 4910 (b)
1055 4826 1314 4906 Petrus,
1361 4825 1615 4909 quando
1656 4844 1772 4910 per

226 4953 489 5003 crucem
533 4935 825 5002 transivit
866 4934 947 5000 ad
981 4951 1126 5000 eam
1159 4932 1398 5011 vitam,
1441 4931 1524 4999 ad
1574 4950 1772 5016 quam

228 5042 516 5109 Christus
538 5042 621 5108 ad
664 5059 920 5109 crucem
964 5040 1302 5126 praecessit.
1349 5039 1606 5106 Primus
1646 5057 1771 5105 au-

229 5154 369 5215 tem
394 5149 510 5232 qui
536 5148 858 5216 Christum
886 5148 1296 5234 sequebatur,
1312 5147 1436 5213 fuit
1458 5147 1644 5226 latro,
1668 5145 1773 5212 cui

305 5274 319 5305 ¹
347 5273 488 5325 Peal.
519 5286 675 5338 xxxV,
702 5278 750 5327 9.
777 5300 839 5312 —
867 5272 891 5308 ¹
911 5272 1079 5334 loun„
1107 5284 1163 5336 x,
1195 5275 1245 5324 4.
1268 5298 1327 5312 —
1353 5272 1376 5308 ⁸
1401 5271 1555 5334 Dan„
1581 5283 1666 5335 ιιι,
1693 5273 1772 5322 41.

234 5373 303 5386 -
330 5346 353 5383 ⁸
371 5345 579 5411 naith„
598 5357 671 5410 vr,
700 5348 781 5397 24.
802 5372 864 5385 --
883 5345 907 5382 ⁸
929 5345 995 5396 111
1019 5339 1330 5410 Req.,'xv111,
1353 5341 1432 5395 21.
1455 5369 1518 5383 -
1538 5342 1594 5393 ⁸1
1617 5344 1777 5407 Petu,

237 5428 295 5479 v,
332 5417 380 5469 8.
408 5443 471 5456 —
507 5419 527 5449 ⁷
552 5418 619 5469 ΙΙΙ
648 5417 784 5481 neq„
812 5427 976 5478 nm,
1012 5417 1074 5467 38
1107 5418 1160 5466 et
1199 5427 1311 5479 seq.
1349 5440 1407 5454 —
1449 5415 1469 5445 ⁸
1498 5413 1637 5475 Luc„
1678 5424 1775 5479 ¹11,

243 5489 332 5541 32·
348 5514 411 5528 —
432 5489 633 5556 ’,Ιοαη.,
654 5500 776 5557 1111,
802 5490 881 5544 36.
897 5513 961 5528 -
987 5488 1030 5526 1·
1049 5486 1188 5559 Luc„
1208 5497 1364 5556 xxm,
1389 5486 1465 5542 43.
1486 5510 1547 5525 --
1573 5485 1612 5526 ¹¹
1634 5484 1774 5548 Gal..

3297 463 3412 525 311

1882 615 2047 682 dixit
2077 613 2124 652 ¹⁶
2153 635 2172 679 ε
2207 635 2239 674 α
2262 609 2462 678 Hodie
2486 624 2746 674 mecum
2772 605 2900 672 eris
2932 602 3002 669 in
3026 598 3348 668 Paradiso.
3376 620 3410 659 n

1878 721 2278 805 Quicumque
2306 736 2470 801 ergo
2511 714 2821 782 evolando
2860 713 2938 779 de
2962 715 3169 776 morte
3210 705 3290 772 ad
3316 707 3415 771 vi-

1877 834 2013 895 tam
2031 829 2352 895 Christum
2368 824 2510 893 vult
2531 822 2712 907 sequi
2723 868 2747 900 ,
2763 819 2948 886 debet
2963 817 3042 883 de
3059 827 3247 881 cruce
3266 831 3418 881 eum

1877 935 2082 1020 sequi.
2114 934 2284 1002 Crux
2321 934 2535 999 autem
2575 926 2943 1013 poenitentia
2984 927 3082 990 est
3105 923 3149 962 ¹¹
3180 943 3198 988 ε
3235 945 3267 985 ιι
3295 919 3418 1000 Qui

1882 1049 2101 1111 autem
2128 1046 2281 1110 sunt
2304 1037 2561 1119 Christi,
2590 1053 2849 1103 carnem
2877 1051 3064 1100 suam
3091 1029 3419 1097 crucifixe-

1876 1155 2053 1217 runt.
2085 1172 2119 1213 n
2144 1150 2303 1215 Item
2335 1146 2413 1213 de
2438 1163 2625 1212 eruce
2658 1144 3040 1229 sequuntur,
3072 1139 3187 1223 qui
3228 1156 3418 1205 cruce

1876 1259 2118 1343 signati
2136 1260 2355 1323 contra
2369 1270 2658 1340 paganos
2677 1252 2746 1316 in
2763 1250 3108 1317 certamine
3129 1247 3417 1312 moriun-

1876 1373 2005 1435 tur.
2049 1365 2173 1433 Sed
2223 1364 2408 1431 valde
2450 1359 2866 1427 metuendum
2906 1361 3001 1423 est
3016 1405 3039 1438 ,
3084 1355 3237 1441 quia
3283 1373 3417 1420 non

1876 1476 2116 1555 omnis,
2147 1473 2359 1558 quiin
2394 1485 2582 1536 cruce
2623 1467 2925 1548 moritur,
2967 1464 3289 1532 Christum
3334 1462 3417 1528 ad

1876 1582 2167 1667 mquiem
2193 1578 2505 1664 sequitur,
2521 1565 2683 1642 sicut
2690 1579 2863 1660 patet
2885 1576 2952 1639 in
2972 1573 3140 1639 malo
3164 1572 3418 1638 latrone

1878 1710 2027 1758 cum
2047 1689 2315 1756 Domino
2340 1685 2667 1752 crucifixo.
2685 1681 2809 1761 Qui
2824 1681 3001 1748 enim
3018 1679 3124 1746 vel
3140 1679 3417 1762 injustas

1875 1797 2303 1884 possessiones
2319 1843 2342 1876 ,
2379 1793 2486 1862 vel
2518 1805 2990 1876 quamcumque
3015 1786 3416 1854 voluntatem

1876 1908 2114 1974 malam
2131 1906 2491 1989 relinquere
2505 1901 2751 1979 nolens,
2771 1898 3047 1965 moritur
3061 1897 3180 1962 sub
3200 1913 3412 1976 cruce,

1875 2016 1996 2081 ibit
2022 2034 2172 2080 cum
2220 2012 2391 2079 malo
2420 2010 2689 2076 latrone.
2718 2006 2861 2074 Non
2904 2004 3080 2072 enim
3125 2002 3417 2088 sequitur

1879 2124 2200 2192 Christum
2225 2123 2326 2202 de,
2351 2135 2574 2200 eruce,
2614 2115 2728 2202 qui
2753 2134 2886 2182 non
2922 2114 3208 2196 sequitur
3235 2110 3415 2178 Chri-

1876 2235 2049 2297 stum
2077 2230 2148 2295 in
2189 2245 2467 2295 crucem.
2499 2224 2859 2292 Bet-nardus
2883 2222 2935 2263 ¹²
2976 2242 2991 2285 ε
3025 2242 3057 2283 ι
3085 2218 3197 2286 Vae
3222 2217 3418 2284 semel

1876 2345 1940 2406 et
1967 2357 2070 2405 vae
2093 2338 2330 2403 iterum
2358 2333 2756 2419 portantibus
2781 2347 3037 2397 crucem
3060 2325 3290 2394 Christi
3305 2375 3325 2407 ,
3355 2328 3419 2391 et

1876 2463 2007 2512 non
2035 2443 2449 2529 sequentibus
2477 2440 2825 2507 Christum.
2853 2458 2885 2498 n

1957 2554 2047 2619 De
2084 2551 2271 2618 tertio
2302 2570 2319 2617 ι
2353 2550 2431 2615 de
2474 2547 2585 2613 illo
2633 2546 2747 2629 qui
2786 2543 3062 2609 habebat
3101 2542 3171 2606 in
3213 2538 3421 2625 capite

1877 2659 2229 2726 diademata
2245 2655 2475 2736 multa,
2504 2651 2660 2719 etin
2683 2669 2795 2717 ore
2820 2649 3111 2733 gladium
3139 2665 3223 2713 ex
3248 2650 3420 2712 utra-

1877 2785 2006 2853 que
2029 2771 2212 2852 parte
2246 2768 2533 2843 acutum,
2571 2758 2804 2826 dicitur
2834 2757 2924 2823 sic
2948 2756 2994 2794 ¹⁸
3023 2779 3040 2822 z
3079 2779 3112 2818 α
3133 2753 3414 2821 Vocaba-

1878 2882 1986 2942 tur
2012 2892 2248 2940 nomen
2273 2874 2414 2958 ejus
2433 2867 2717 2936 Verbum
2746 2865 2858 2932 Dei
2887 2888 2904 2931 z
2936 2864 3274 2943 exercitus,
3304 2861 3420 2946 qui

1877 2982 2121 3050 suntin
2156 2979 2338 3058 coelo,
2370 2975 2805 3060 sequebantur
2831 2990 2982 3038 eum
3006 2971 3077 3036 in
3113 2969 3295 3053 equis
3318 2965 3419 3033 al-

1877 3091 1996 3156 bis.
2022 3112 2055 3152 n
2090 3088 2378 3157 Verbum
2405 3083 2514 3151 Dei
2545 3082 2833 3150 Christus
2859 3083 2983 3160 est,
3017 3078 3131 3162 qui
3154 3077 3225 3141 in
3241 3075 3417 3160 judi-

1877 3200 1976 3266 cio
2023 3197 2284 3263 habebit
2320 3194 2679 3261 diademata
2724 3190 2952 3274 gloriae
2997 3188 3077 3255 ad
3117 3205 3421 3253 coronan-

1877 3305 2034 3371 dum
2068 3305 2287 3371 beatos
2301 3351 2324 3384 ,
2370 3300 2661 3385 gladium
2702 3300 2918 3363 autem
2965 3294 3297 3362 sententias
3338 3292 3420 3357 ad

1874 3411 2190 3478 feriendos
2215 3408 2443 3474 malos.
2474 3406 2655 3473 Tunc
2685 3403 2881 3472 homo
2895 3452 2918 3485 ,
2959 3402 3066 3471 vel
3113 3402 3194 3467 ad
3236 3417 3416 3466 coro-

1875 3539 2063 3600 nam,
2084 3519 2186 3585 vel
2209 3519 2306 3606 &ad
2343 3517 2633 3601 gladium
2682 3515 2822 3580 ibit.
2873 3511 3282 3595 Augustinus
3314 3511 3410 3575 ¹⁴:

1885 3651 1917 3692 α
1938 3626 2263 3711 Numquid
2296 3625 2613 3709 judicium
2657 3621 2763 3687 Dei
2810 3619 3253 3687 tantummodo
3285 3619 3416 3684 for-

1875 3734 2250 3801 midandum
2295 3731 2481 3796 malis
2528 3732 2789 3814 propter
2838 3743 3093 3812 poenam
3115 3774 3132 3807 ‚
3183 3713 3248 3791 et
3285 3743 3417 3790 non

1876 3844 2227 3911 amandum
2262 3840 2445 3907 bonis
2481 3841 2738 3923 propter
2777 3852 3075 3902 coronam
3092 3836 3125 3898 ⁴?
3151 3855 3184 3896 ι
3212 3832 3415 3899 Exer-

1876 3956 2040 4020 citus
2073 3955 2291 4018 antem
2333 3953 2699 4015 sanctorum
2753 3948 2910 4011 tunc
2950 3943 3030 4009 de
3075 3942 3235 4007 coelo
3250 3991 3270 4023 ‚
3312 3940 3419 4007 vel

1877 4064 2072 4128 etiam
2099 4062 2178 4127 de
2203 4056 2556 4143 sepulchris
2579 4057 2936 4139 sequentur
2960 4050 3040 4117 ad
3069 4049 3280 4120 locum
3305 4047 3415 4133 juss

1876 4170 2025 4236 dicii
2043 4217 2066 4250 ,
2109 4172 2174 4234 et
2211 4167 2448 4231 iterum
2485 4164 2564 4230 de
2599 4163 2740 4228 loco
2769 4159 2998 4245 judicii
3043 4158 3126 4224 ad
3156 4156 3413 4222 coelum.

1878 4276 2047 4362 Equi
2071 4276 2197 4342 albi
2224 4276 2375 4339 sunt
2398 4289 2664 4356 corpora
2690 4285 2836 4354 quae
2863 4243 3064 4333 safncfi
3088 4268 3418 4331 resument

1878 4385 1950 4451 in
1998 4381 2480 4450 resurrectione.
2528 4378 2601 4443 ln
2646 4375 2749 4442 his
2793 4375 2978 4460 equis
3020 4374 3417 4457 significatur

1880 4492 2111 4558 militia
2147 4490 2298 4558 vitae
2333 4485 2668 4571 praesentis
2702 4484 2748 4524 ¹⁸
2783 4505 2800 4549 ε
2840 4505 2871 4545 ι
2897 4480 3122 4547 Militia
3159 4485 3255 4546 est
3281 4481 3418 4546 vita

1881 4600 2162 4666 hominis
2188 4599 2382 4680 super
2406 4597 2648 4659 terram
2665 4641 2684 4673 ,
2708 4613 2740 4652 »
2771 4594 2890 4656 etc.
2921 4589 3322 4672 Quicumque
3346 4590 3416 4655 in

1880 4707 2004 4773 hoc
2030 4721 2195 4789 equo
2223 4703 2429 4767 bonus
2458 4699 2642 4765 miles
2680 4697 2909 4764 Christi
2941 4696 3164 4777 fuerit,
3201 4695 3414 4762 diade-

1879 4835 1991 4883 ma
2015 4812 2391 4899 praedictum
2413 4810 2699 4894 accipiet.
2722 4805 2906 4874 Multi
2926 4810 3144 4871 autem
3174 4805 3419 4870 fortiter

1879 4925 2086 5009 agunt
2108 4921 2178 4986 in
2195 4917 2510 4985 debilibus
2537 4914 2718 5000 equis
2734 4962 2757 4993 ,
2784 4913 2850 4979 id
2878 4915 2973 4979 est
2996 4912 3323 4993 cordibus,
3353 4917 3418 4977 et

1878 5031 2068 5098 multi
2112 5027 2271 5093 viles
2301 5024 2550 5091 suntin
2587 5021 2856 5087 fortibus
2901 5018 3105 5104 equis.
3144 5018 3418 5084 Psalmi-

1881 5142 1978 5204 sta
2002 5135 2045 5175 ¹⁸
2078 5157 2095 5202 ε
2131 5155 2162 5195 ι
2184 5131 2325 5198 Non
2351 5131 2421 5194 in
2448 5127 2816 5194 fortitudine
2843 5125 3024 5210 equi,
3054 5146 3086 5185 n
3121 5126 3243 5190 etc.
3272 5123 3414 5191 Non

1882 5268 1935 5318 v,
1960 5256 2043 5305 24.
2069 5275 2125 5290 -
2143 5241 2197 5286 '¹²
2223 5251 2378 5300 Bem.
2402 5272 2468 5286 -
2491 5246 2538 5284 ²⁸
2554 5247 2730 5311 Apoc„
2757 5255 2872 5309 ιιι,
2902 5244 2986 5307 13,
3013 5244 3088 5295 14.
3109 5266 3173 5281 -
3197 5240 3242 5278 ¹⁸
3262 5242 3414 5307 Aug„

1884 5328 2063 5380 Eum.
2091 5324 2147 5373 in
2173 5320 2305 5373 psal.
2332 5332 2392 5386 c,
2417 5331 2472 5372 n.
2510 5322 2558 5370 2.
2584 5344 2650 5358 —
2679 5317 2721 5354 ί·
2751 5313 2864 5378 lob,
2889 5325 2985 5377 vn,
3015 5315 3093 5365 14.
3120 5338 3182 5362 -.
3207 5312 3251 5349 ¹⁸
3276 5312 3414 5366 Paul.

1884 5399 2188 5547 “EYicsst‘ssi.
2220 5472 2330 5529 vat.
2359 5472 2595 5530 secunus.
2620 5494 2681 5509 -
2705 5465 2774 5538 (ὁ)
2804 5466 2928 5520 coee.
2955 5463 3077 5517 edit.
3105 5466 3232 5525 erat.
