4059 6317
656 447 776 513 ⁴92

655 580 767 647 flet
813 577 1048 646 coelum
1101 579 1167 643 et
1224 578 1398 643 terra
1460 595 1669 659 nova,
1723 579 1789 643 et
1848 578 2197 660 resurgent

657 703 901 752 omnes.

738 794 823 858 De
851 791 1037 857 tertio
1076 790 1183 856 hic
1209 792 1229 829 ¹
1261 812 1276 856 z
1334 790 1505 857 Tunc
1548 791 1884 875 apparebit
1936 790 2198 875 sianum

656 900 790 984 filii
804 899 1085 967 hominis
1099 900 1176 965 in
1200 897 1374 978 coelO,
1399 898 1465 964 id
1484 902 1600 974 est,
1616 897 1866 964 inaere.
1891 898 2199 964 Dominus

656 1011 827 1074 enim
847 1006 1177 1091 apparebit
1191 1005 1262 1069 in
1279 1023 1426 1071 aere
1445 1023 1638 1088 super
1659 1005 1895 1086 locum,
1918 1006 2091 1071 unde
2103 1024 2199 1069 as-

657 1114 886 1195 cendit,
904 1117 970 1179 et
996 1115 1143 1178 ante
1170 1130 1322 1178 eum
1358 1111 1779 1178 instrumenta
1808 1113 2031 1179 mortis
2063 1130 2200 1179 suae

655 1225 837 1309 quasi
866 1221 1102 1291 vexilla
1127 1220 1441 1304 triumphi
1480 1243 1497 1286 ε
1537 1239 1717 1303 crux,
1766 1221 1953 1298 clavi,
1980 1221 2203 1287 lancea

657 1336 720 1397 et
742 1331 1084 1397 cicatrices.
1110 1329 1144 1395 J
1146 1346 1383 1394 oannes
1403 1327 1890 1412 chrysostomus
1909 1331 1934 1367 ²
1957 1351 1973 1395 ε
2005 1353 2037 1393 ι
2057 1329 2202 1396 Non

657 1441 777 1506 erit
804 1446 961 1506 tunc
995 1437 1328 1503 necessitas
1361 1437 1800 1518 accusationis,
1831 1457 1982 1504 cum
2019 1438 2197 1505 vide-

656 1547 790 1613 rint
814 1564 1094 1625 crucem,
1116 1566 1147 1605 υ
1175 1549 1240 1609 et
1260 1543 1582 1610 Christum
1608 1543 1951 1610 habentem
1978 1547 2048 1609 in
2065 1564 2202 1612 cor-

525 1720 528 1725 .
658 1675 814 1742 pore
865 1674 983 1721 suo
1032 1655 1393 1720 testimonia
1443 1652 1775 1737 passionis.
1830 1651 1945 1717 His
1996 1655 2204 1737 signis

660 1764 1114 1831 convincentur
1158 1762 1340 1845 impii
1382 1779 1641 1843 magnae
1688 1761 2199 1846 ingratitudinis.

661 1871 1000 1938 Psalmista
1035 1871 1059 1908 ⁸
1107 1893 1122 1934 z
1174 1892 1207 1932 α
1259 1868 1719 1934 Turbabuntur
1764 1869 1877 1952 qui
1916 1870 2206 1935 habitant

659 1983 898 2045 terram
925 1996 966 2042 a
992 1977 1201 2060 signis
1237 1976 1385 2042 tuis.
1418 1997 1449 2036 η
1483 1974 1662 2040 Sicut
1703 1975 1879 2041 enim
1913 1977 2200 2060 tubaJu-

661 2087 817 2153 dicis
840 2086 922 2151 ab
939 2084 1309 2150 hominibus
1333 2082 1610 2164 videtur,
1639 2082 1731 2147 sic
1758 2082 2024 2165 signum
2052 2103 2200 2151 cru-

660 2195 753 2262 cis
776 2195 859 2260 ab
885 2194 1256 2260 hominibus
1282 2192 1599 2260 videbitur
1623 2196 1682 2257 ⁸:
1720 2213 1753 2254 ι
1797 2192 1956 2257 Cum
1990 2193 2204 2259 eleva-

663 2306 801 2370 tum
826 2302 1020 2368 fuerit
1045 2302 1308 2383 signum
1338 2300 1407 2364 in
1429 2299 1777 2379 montibus,
1799 2299 2115 2381 videbitis,
2141 2306 2207 2368 et

661 2411 1030 2493 clangorem
1055 2409 1229 2474 tubae
1256 2407 1551 2474 audietis.
1584 2428 1616 2467 n

745 2518 829 2584 De
854 2521 1085 2603 quarto
1110 2519 1133 2555 ⁸
1162 2535 1180 2581 ε
1210 2539 1241 2579 α
1262 2515 1544 2600 Signum
1561 2532 1880 2598 magnum
1902 2517 2208 2600 apparuit

661 2629 731 2693 in
755 2625 914 2692 coelo
945 2648 961 2689 ε
998 2624 1228 2691 mulier
1268 2624 1503 2689 amicta
1542 2622 1697 2704 sole,
1741 2645 1774 2684 s
1809 2627 1927 2688 etc.
1977 2623 2207 2690 Mulier

661 2735 782 2801 ista
822 2736 919 2799 est
960 2730 1341 2799 universalis
1383 2730 1681 2811 Ecclesia,
1720 2748 1870 2816 quas
1922 2738 2064 2816 post
2110 2752 2208 2801 re·

664 2843 1122 2909 surrectionem
1195 2841 1264 2905 in
1343 2839 1626 2924 quolibet
1694 2842 1987 2909 membro
2065 2862 2204 2909 ma-

727 3004 744 3041 ¹
795 3002 1001 3064 nauh„
1050 3014 1196 3067 xxiv,
1246 3004 1326 3055 ³⁰.
1380 3030 1436 3041 -
1482 3003 1502 3034 ²
1554 3002 1844 3068 Chrysost„
1902 3004 1956 3054 in
2001 3006 2208 3072 naeth„

665 3075 808 3129 bom.
842 3086 1029 3142 ιιινι,
1064 3074 1129 3127 al.
1167 3085 1374 3136 Lxxvn,
1408 3087 1462 3125 n.
1495 3076 1544 3125 3.
1575 3100 1635 3115 -
1665 3074 1689 3109 ⁸
1715 3073 1853 3126 Ptol.
1888 3085 2035 3140 mxiv,
2067 3079 2117 3128 9.
2145 3102 2207 3118 -

1746 439 2162 509 SERMONES
2202 440 2305 509 DE
2345 441 2740 511 TEMPORE.

2304 595 2458 661 gnae
2511 577 2740 661 gloriae
2783 576 2970 662 signa
3021 578 3306 645 habebit.
3358 578 3504 664 Ipsa
3550 579 3729 644 enim
3770 579 3836 645 in

2302 684 2609 750 membris
2647 684 2805 764 suis,
2852 685 2918 750 id
2962 690 3093 767 est,
3151 686 3221 751 in
3262 687 3571 753 omnibus
3615 686 3834 769 justis,

2304 792 2515 877 quoad
2535 798 2930 874 ornamenta,
2978 796 3103 859 erit
3146 795 3378 861 amicta
3420 795 3613 860 solari
3654 794 3840 860 clari-

2303 903 2455 965 tate.
2501 900 2841 967 Anselmus
2873 907 2896 944 ⁸
2938 923 2955 967 t
2996 923 3027 964 α
3064 901 3137 967 In
3179 902 3290 967 illa
3342 902 3477 969 vita
3512 892 3839 986 justorum

2307 1007 2457 1072 solis
2523 1008 2979 1091 pulchritudini
2997 1059 3014 1091 ,
3098 1028 3246 1094 quae
3314 1011 3800 1095 septempliciter
3814 1059 3837 1091 ,

2307 1134 2503 1200 quam
2530 1116 2719 1182 modo
2739 1117 2842 1197 sit,
2879 1118 3264 1201 splendidior
3287 1119 3428 1199 erit,
3472 1117 3838 1203 adaequabi-

2307 1228 2435 1289 tur.
2461 1246 2491 1284 n
2518 1224 2676 1289 Item
2714 1225 2922 1308 quoad
2955 1227 3199 1290 animas
3223 1226 3347 1291 erit
3372 1231 3676 1291 coronata
3706 1226 3845 1291 bea-

2308 1331 2596 1397 titudinis
2621 1331 3085 1399 sublimitate':
3117 1355 3147 1393 α
3187 1332 3259 1397 In
3294 1332 3397 1398 dic
3423 1332 3536 1398 illa
3568 1334 3693 1400 erit
3724 1332 3843 1400 Do·

2308 1437 2527 1503 minus
2547 1439 2946 1504 exercituum
2971 1457 3204 1505 corona
3229 1439 3479 1523 gloriae,
3511 1445 3579 1505 et
3604 1446 3847 1506 sertum

2308 1547 2714 1613 exultationis
2735 1549 2987 1615 residuo
3015 1549 3235 1634 populi
3272 1550 3393 1614 sui.
3424 1571 3457 1609 ι)
3493 1548 3569 1613 In
3593 1550 3717 1614 hac
3737 1567 3842 1613 co-

2309 1673 2468 1721 rona
2491 1655 2822 1722 duodecim
2848 1657 3046 1723 stellae
3064 1661 3239 1737 sunt,
3269 1658 3418 1741 quia
3441 1657 3674 1722 merita
3696 1656 3849 1721 dno-

2309 1763 2514 1829 decim
2539 1762 2955 1829 articulorum
2992 1764 3142 1829 fidei
3178 1763 3532 1848 soecialiter
3570 1763 3641 1828 in
3681 1780 3848 1846 prae-

2310 1873 2444 1938 mio
2467 1872 2793 1938 lucebunt.
2813 1871 2929 1938 Vel
2947 1872 3278 1938 duodecim
3300 1872 3499 1937 stellae
3515 1872 3590 1936 in
3608 1888 3851 1936 corona

2311 1984 2463 2046 sunt
2487 1980 2669 2065 quasi
2695 1978 2972 2045 duorum
2998 1983 3467 2065 praceptorum
3492 1978 3847 2057 charitatis,

2311 2095 2375 2156 et
2406 2090 2624 2155 decem
2669 2087 3117 2153 mandatorum
3161 2087 3370 2153 lucida
3398 2085 3654 2166 merita,
3705 2104 3855 2169 quae

2311 2199 2383 2263 in
2408 2196 2677 2281 praemio
2703 2195 3120 2278 apparebunt.
3152 2194 3308 2259 Item
3346 2194 3561 2278 quoad
3587 2211 3857 2277 corpora

2312 2305 2506 2373 simul
2532 2309 2595 2370 et
2620 2303 2887 2384 animas,
2918 2303 3195 2370 Ecclesia
3219 2303 3340 2368 erit
3364 2304 3498 2368 fixa
3522 2303 3593 2367 in
3622 2320 3855 2386 perpe-

2311 2416 2423 2477 tua
2448 2408 2802 2487 stabilitate,
2832 2410 2897 2473 et
2930 2408 3054 2472 hoc
3097 2424 3212 2490 per
3254 2406 3477 2471 lunam
3519 2406 3852 2489 significa-

2312 2524 2438 2585 tur.
2469 2517 2650 2583 Luna
2674 2516 2870 2597 enim,
2899 2520 2963 2581 et
2987 2533 3134 2600 quas
3161 2515 3284 2589 sub
3306 2514 3466 2579 luna
3490 2518 3670 2591 sunt,
3701 2531 3847 2578 mu-

2311 2626 2530 2692 tabilia
2556 2630 2619 2690 et
2644 2623 2961 2689 instabilia
2986 2627 3159 2689 sunt.
3203 2621 3480 2689 Ecclesia
3517 2638 3683 2703 ergo
3722 2639 3857 2687 non

2310 2735 2436 2800 suh
2464 2733 2640 2812 luna,
2665 2731 2774 2797 sed
2800 2748 2992 2814 super
3017 2730 3241 2795 lunam
3270 2735 3423 2795 tunc
3447 2728 3593 2809 erit,
3614 2746 3851 2812 quam-

2313 2842 2428 2909 diu
2455 2838 2846 2907 instabilitati
2879 2838 3163 2920 subjecta
3188 2855 3322 2902 non
3347 2836 3490 2901 erit.

2314 3005 2337 3041 δ
2364 3005 2484 3064 Im..
2525 3011 2688 3062 xvm,
2722 3001 2771 3049 3.
2802 3025 2863 3039 —
2895 3001 2920 3037 ⁸
2951 3000 3119 3064 apoc..
3162 3003 3347 3064 1151.
3389 3027 3445 3038 —
3484 2998 3505 3029 ⁸
3532 2995 3762 3050 anselm.
3795 3021 3857 3036 —

2314 3076 2337 3113 '¹
2366 3076 2489 3139 lm„
2518 3083 2710 3134 xxviii,
2741 3074 2790 3122 5.
