4059 6317
753 534 874 599 484

791 791 1164 871 DOMINIGA
1206 791 1409 870 XXIV
1452 792 1640 869 POST
1685 793 2242 871 PENTEGOSTEN.

1142 963 1431 1034 SERMO
1474 963 1801 1035 PRIMUS
1835 970 1881 1034 ¹.

831 1096 985 1163 cum
1024 1096 1327 1165 videritis
1376 1098 1908 1166 abominationem
1946 1098 2282 1165 desolatio-

743 1208 853 1273 nis
869 1255 893 1288 ,
938 1224 1079 1289 «ιω
1122 1206 1301 1274 diota
1352 1212 1447 1274 est
1496 1225 1540 1275 a
1594 1208 1857 1275 Daniele
1894 1208 2205 1291 propheta
2231 1209 2277 1270 ¹.

743 1312 1029 1380 Christus
1051 1313 1274 1380 volens
1297 1314 1627 1383 ostendere
1668 1316 1863 1380 finem
1899 1314 2120 1380 mundi
2138 1362 2160 1394 ,
2203 1314 2284 1379 ad

741 1420 865 1485 hoc
890 1425 964 1486 ut
995 1426 1353 1505 peccatores
1387 1440 1454 1487 se
1485 1424 1947 1506 praepararent,
1979 1426 2043 1486 et
2074 1425 2283 1486 essent

743 1530 953 1612 parati
978 1529 1060 1595 ad
1101 1529 1268 1595 diem
1291 1529 1512 1615 judicii
1535 1579 1554 1610 ,
1582 1530 1726 1595 ideo
1753 1529 1908 1594 dicit
1937 1547 1955 1593 z
1990 1528 2149 1595 Gum
2176 1529 2281 1596 vi·

742 1636 976 1704 (ieritis
1027 1637 1601 1718 abominationem,
1648 1642 1767 1701 etc.
1815 1637 1888 1701 In
1925 1655 2055 1721 quo
2081 1634 2281 1701 verbo

742 1745 869 1811 duo
896 1748 1202 1810 notantur
1248 1764 1266 1810 ε
1309 1746 1518 1829 primo
1557 1745 1902 1826 signorum
1948 1743 2281 1808 abomina-

739 1854 992 1920 tionum
1042 1854 1507 1935 damnabilitas,
1549 1853 1640 1918 ibi
1684 1872 1701 1918 ε
1754 1853 1911 1920 Cum
1937 1852 2276 1932 videnti&

740 1962 1021 2027 secundo
1046 1961 1417 2046 hujusmodi
1459 1962 1800 2042 signorum
1830 1963 2000 2024 certa
2046 1960 2276 2024 infalli-

739 2072 973 2150 bilitas,
1003 2070 1095 2134 ibi
1127 2092 1142 2135 ε
1179 2071 1328 2145 Quoe
1369 2068 1550 2137 dicta
1577 2074 1799 2136 sunta
1826 2069 2127 2147 Daniele,
2170 2068 2279 2152 qui

740 2179 998 2244 mentiri
1021 2196 1155 2243 non
1182 2181 1404 2261 potest.
1434 2176 1613 2242 Unde
1641 2177 1993 2242 secundum
2034 2177 2278 2241 dictum

740 2285 1053 2370 Sapientis
1080 2292 1127 2366 ⁸,
1178 2309 1209 2347 σ
1235 2286 1329 2350 ira
1369 2285 1477 2350 Dei
1524 2303 1717 2368 super
1755 2290 2115 2367 peccatores
2141 2300 2276 2347 res-

738 2394 910 2477 picit.
955 2415 987 2454 »
1032 2391 1213 2458 Unde
1249 2393 1413 2456 sicut
1438 2389 1722 2456 Christus
1740 2439 1757 2468 ,
1796 2409 1909 2474 per
1942 2390 2276 2456 duodecim

738 2501 1056 2585 apostolos
1081 2500 1369 2565 faciendo
1400 2500 1589 2580 signa
1617 2503 1682 2563 et
1715 2497 2041 2581 prodigia,
2070 2501 2276 2561 totum

737 2610 1054 2674 mundum
1082 2608 1396 2673 convertit
1419 2611 1482 2672 et
1507 2605 1934 2684 illuminavit,
1974 2604 2064 2668 sic
2088 2603 2273 2668 Anti-

735 2716 1015 2781 christus
1041 2715 1374 2781 duodecim
1396 2714 1600 2796 signis
1621 2714 1690 2777 in
1707 2712 2036 2778 duodecim
2065 2729 2275 2776 mores

738 2824 1034 2905 gentium
1054 2828 1266 2906 ponet,
1285 2826 1356 2887 ut
1369 2821 1552 2905 quasi
1575 2824 1780 2885 totum
1799 2819 2118 2884 mundum
2137 2836 2277 2902 per-

727 2932 943 2995 vertat
959 2948 977 2994 ε
994 2931 1060 2994 et
1072 2929 1385 3010 illasigna
1402 2928 1473 2991 in
1487 2927 1860 2992 hominibus
1874 2925 2272 3011 apparebunt

734 3043 881 3103 ante
889 3040 945 3120 ej
954 3055 1031 3101 us
1047 3036 1417 3115 adventum,
1432 3034 1580 3098 etin
1602 3034 1725 3099 hoc
1733 3034 1932 3098 finem
1953 3032 2154 3097 mund
2162 3049 2274 3096 um

733 3160 1215 3226 cognoscemus.
1249 3140 1542 3206 Primum
1577 3140 1869 3221 signum,
1900 3140 2038 3204 sive
2065 3140 2275 3224 prima

731 3252 1123 3318 abominatio
1142 3251 1282 3331 erit,
1312 3248 1568 3332 quando
1587 3266 1768 3314 senes
1794 3252 1989 3314 erunt
2005 3249 2187 3329 fatui,
2209 3253 2273 3313 et

731 3361 869 3426 sine
903 3359 1261 3443 pmdentia.
1308 3356 1676 3421 Secundum
1692 3406 1711 3437 ,
1759 3356 2014 3439 quando
2058 3355 2269 3421 Chris-

730 3469 888 3533 tiani
913 3471 1104 3533 erunt
1136 3467 1276 3531 sine
1315 3465 1463 3531 flde.
1507 3464 1797 3530 Tertium
1815 3513 1833 3546 ,
1863 3463 2119 3548 quando
2150 3483 2270 3548 po-

729 3574 924 3659 pulus
945 3575 1068 3639 erit
1093 3575 1231 3638 sine
1254 3572 1607 3639 dilectione.
1639 3572 1984 3651 Quartum,
2015 3572 2271 3655 quando

731 3681 963 3749 divites
990 3685 1182 3747 erunt
1204 3681 1342 3745 sine
1368 3680 1799 3745 misericordia
1828 3700 1844 3743 ε
1869 3684 2093 3745 contra
2117 3680 2270 3744 istos

730 3791 963 3856 clamat
979 3789 1307 3873 Scriptura
1318 3788 1657 3871 Justitiam.
1671 3787 1961 3852 Primum
1977 3788 2263 3869 signum,

729 3897 867 3964 sive
901 3897 1111 3981 prima
1149 3895 1536 3961 abominatIo
1575 3897 1730 3975 erit,
1780 3894 2037 3977 quando
2085 3912 2268 3959 senes

728 4009 921 4071 erunt
947 4006 1084 4069 sine
1105 4002 1442 4087 pmdentia
1472 4022 1489 4068 ε
1518 4021 1671 4067 nam
1699 4002 2057 4084 antiquitus
2083 4020 2268 4067 senes

729 4117 912 4177 erant
949 4129 1196 4195 magnae
1222 4111 1548 4195 sapientiae
1571 4159 1589 4191 ‚
1620 4115 1684 4174 et
1724 4111 1949 4190 magni
1991 4110 2262 4188 consilii,

726 4224 803 4285 ut
828 4221 920 4285 ait
947 4220 1201 4304 sapiens
1225 4218 1248 4254 ⁸
1279 4241 1295 4285 ι
1321 4219 1440 4283 «In
1468 4217 1748 4300 antiquis
1766 4222 1862 4281 est
1874 4217 2202 4300 sapientia.
2224 4237 2256 4276 ι)

729 4326 853 4392 Sed
904 4328 1094 4392 modo
1138 4326 1320 4406 vide,
1360 4330 1425 4390 et
1461 4342 1642 4390 senes
1670 4323 2040 4388 considera:
2077 4323 2265 4388 hodie

727 4454 860 4500 non
886 4434 1078 4499 estin
1101 4435 1194 4499 eis
1220 4433 1587 4512 consilium,
1617 4450 1736 4497 nec
1760 4430 2120 4515 prudentia,
2147 4448 2266 4495 nec

721 4543 1048 4627 patientia,
1078 4560 1195 4606 nec
1228 4539 1556 4623 pudicitia3
1580 4539 1690 4603 sed
1709 4538 2054 4603 deteriores
2079 4537 2263 4621 quasi

719 4649 787 4713 in
814 4649 1112 4714 omnibus
1137 4652 1312 4727 sunt,
1343 4665 1539 4731 quam
1563 4649 1877 4729 Juvenes3
1919 4648 1985 4710 et
2009 4644 2151 4709 ideo
2174 4644 2263 4708 ait

719 4755 800 4821 de
843 4755 937 4820 eis
974 4752 1194 4820 Daniel
1236 4755 1258 4790 ⁸
1308 4774 1324 4815 ε
1389 4776 1420 4815 α
1460 4752 1739 4833 Egraesa
1771 4756 1865 4817 est
1890 4746 2195 4834 iniquitas
2222 4768 2261 4815 a

717 4863 999 4943 senibus,
1031 4864 1144 4946 qui
1169 4860 1553 4927 videbantur
1580 4878 1808 4941 regere
1835 4860 2169 4943 populum,
2198 4861 2262 4924 et

716 4976 898 5036 erant
935 4971 1183 5054 judices
1221 4991 1253 5030 n
1292 4990 1308 5033 ε
1341 4968 1494 5052 quia
1537 4967 1647 5032 alii
1686 4985 1816 5032 non
1858 4967 2259 5049 ponebantur

709 5078 960 5162 judices
1006 5079 1077 5141 in
1128 5082 1415 5158 tempore
1459 5074 1591 5140 illo.
1643 5073 1722 5140 Et
1769 5073 1911 5139 ideo
1937 5073 2129 5138 flebat
2153 5071 2261 5138 Sa·

716 5186 929 5269 piens,
973 5188 1037 5250 et
1078 5183 1322 5249 dicebat
1357 5183 1380 5220 ⁸
1410 5203 1425 5245 :
1467 5204 1499 5244 α
1517 5180 1952 5247 Vanissimum
1977 5181 2099 5245 sub
2126 5180 2257 5248 sole

777 5384 796 5420 ¹
833 5384 984 5435 Hunc
1018 5383 1172 5433 etiam
1201 5394 1311 5433 non
1342 5380 1499 5432 habet
1532 5379 1659 5431 edit.
1691 5379 1854 5431 Paris.
1891 5393 1976 5430 an.
2014 5383 2155 5431 1521.
2196 5408 2251 5419 —

712 5454 733 5486 ²
759 5454 967 5517 Barth..
995 5465 1140 5518 mv,
1185 5458 1263 5505 u.
1296 5477 1358 5491 ·-
1389 5453 1413 5488 ⁸
1447 5450 1636 5515 Eccle„
1675 5462 1726 5517 V,
1770 5453 1819 5502 7.
1849 5476 1913 5488 —
1943 5450 1966 5486 δ
1998 5449 2121 5514 Job,
2154 5462 2255 5517 111,

712 5527 790 5578 12.
823 5552 886 5565 -
907 5526 930 5562 ⁸
958 5527 1107 5585 Dum,
1132 5535 1259 5589 xm,
1280 5527 1328 5577 5.
1356 5550 1418 5564 ·-
1440 5524 1461 5555 ⁸
1481 5520 1660 5587 Eoeli„
1689 5533 1811 5587 ην,
1840 5525 1889 5573 4.
1916 5548 1969 5559 -
1999 5523 2022 5558 ‘¹
2050 5523 2251 5589 Eneca„

1851 530 2265 599 saltuosas
2309 525 2409 621 ns
2449 528 2844 599 TEMPORE.

2401 672 2495 733 est
2520 685 2739 733 senem
2780 667 3031 732 fatuum
3044 714 3063 748 ,
3102 634 3167 733 et
3204 667 3625 734 insensatum.
3648 689 3682 729 ι
3723 668 3808 734 Et
3845 669 3941 735 isti

2386 775 2637 851 ,similes
2665 779 2852 855 sunt,
2885 780 2948 839 et
2973 774 3094 840 dici
3119 778 3387 859 possunt
3410 776 3567 856 illis,
3598 776 3682 842 de
3708 777 3939 861 quibus

2397 882 2489 948 ait
2514 882 2805 948 Ezechiel
2830 883 2853 919 ⁷
2879 882 2957 948 de
2987 883 3267 963 senibus,
3288 883 3402 966 qui
3418 884 3733 950 tenebant
3758 908 3791 946 α
3810 886 3941 952 dor-

2396 1008 2542 1054 sum
2568 994 2786 1055 contra
2811 989 3121 1075 templum
3148 989 3421 1055 Domini.
3454 1013 3488 1052 n
3522 991 3730 1058 Hodie
3760 994 3939 1059 multi

2394 1090 2623 1161 teuent
2659 1098 2922 1162 dorsum
2966 1101 3189 1163 contra
3224 1099 3537 1182 templum
3556 1148 3580 1179 ,
3610 1100 3773 1183 quia
3798 1106 3938 1166 sunt

2394 1222 2578 1269 senes
2605 1204 2880 1288 quemli,
2904 1204 3143 1284 tristes,
3183 1204 3611 1289 impatienteS,
3639 1209 3933 1288 acediosi,

2393 1315 2644 1378 tenaces
2661 1362 2677 1395 ,
2713 1314 2926 1394 avari,
2964 1313 3229 1378 laudant
3262 1315 3594 1398 antiqu05‚
3625 1321 3934 1400 spernunt

2395 1420 2761 1486 modernas.
2806 1420 2882 1486 Et
2908 1426 3147 1504 quanto
3179 1423 3389 1505 magis
3414 1424 3936 1508 appropinquant

2393 1527 2474 1591 ad
2498 1532 2794 1607 mortem,
2823 1532 2998 1593 tanto
3027 1530 3240 1611 magis
3265 1530 3658 1596 ardentiores
3689 1533 3934 1597 suntin

2391 1634 2844 1717 congregando
2892 1658 2907 1700 ε
2955 1636 3126 1719 quod
3171 1642 3267 1702 est
3308 1642 3528 1703 contra
3567 1639 3931 1704 rationem:

2390 1759 2508 1806 nec
2562 1741 2754 1806 etiam
2810 1747 3036 1808 curant
3086 1744 3165 1810 de
3219 1745 3490 1810 mortuis
3529 1747 3931 1829 parentibus,

2389 1866 2539 1913 cum
2568 1849 2845 1914 habeant
2870 1868 2978 1916 eos
3019 1851 3301 1917 breviter
3338 1853 3543 1937 sequi,
3593 1872 3720 1918 nec
3747 1854 3933 1919 etiam

2388 1954 2558 2020 vivis
2583 1957 2991 2041 pauperibus

2469 2061 2830 2130 Secundum
2861 2066 3124 2147 signum
3167 2067 3300 2132 sive
3343 2067 3746 2133 abominatio
3789 2068 3932 2147 erit,

2389 2172 2642 2255 quando
2671 2172 3005 2238 Christiani
3050 2178 3239 2240 erunt
3260 2176 3394 2240 sine
3420 2175 3567 2241 fide.
3602 2178 3771 2241 Nam
3797 2195 3936 2241 om-

2388 2279 2580 2344 nibus
2605 2280 2950 2346 virtutibus
2975 2281 3131 2346 fides
3171 2288 3267 2347 est
3288 2283 3595 2365 nobilior,
3628 2288 3701 2348 et
3728 2287 3939 2367 magis

2387 2389 2738 2453 necessaria
2765 2407 2783 2452 ε
2813 2390 2965 2471 quia
2992 2389 3129 2455 sine
3144 2390 3269 2456 flde
3296 2391 3691 2474 impossibile
3706 2398 3804 2457 est
3820 2392 3937 2456 sal-

2384 2495 2549 2559 vari.
2605 2498 2683 2559 Et
2737 2496 2877 2562 ideo
2935 2498 3136 2562 sancti
3197 2499 3547 2582 antiquitus
3616 2501 3941 2567 faciebant

2387 2602 2589 2667 multa
2618 2604 2943 2685 miracula,
2975 2606 3130 2689 quia
3152 2606 3426 2689 populus
3443 2613 3583 2672 erat
3598 2609 3765 2674 bene
3786 2610 3941 2674 fide-

2385 2707 2487 2773 lis.
2520 2708 2699 2775 Unde
2744 2712 3028 2777 Christus
3063 2713 3307 2778 dicebat
3337 2713 3362 2748 ⁸
3400 2733 3418 2778 :
3458 2738 3489 2776 σ
3517 2715 3587 2779 Si
3615 2716 3940 2782 habueri-

2383 2817 2467 2881 tis
2490 2817 2705 2898 fldem,
2735 2819 2955 2885 dicetis
2980 2818 3134 2884 huic
3158 2821 3361 2885 monti
3393 2844 3408 2886 z
3443 2820 3751 2888 Transfer
3776 2829 3847 2888 te
3872 2824 3939 2888 in

2383 2942 2559 2989 mare
2577 2974 2594 3006 ,
2627 2930 2689 2989 et
2718 2926 2845 2991 flet.
2891 2947 2923 2986 n
2959 2925 3355 3011 Quapropter
3400 2929 3604 2993 sancti
3651 2934 3935 2996 mortem

2382 3031 2803 3111 sustinebant,
2832 3032 2993 3097 sicut
3021 3039 3357 3117 martyreS,
3384 3039 3448 3100 et
3475 3040 3771 3102 mortuos
3802 3057 3941 3103 sus-

2381 3138 2680 3219 citabant,
2711 3146 2776 3205 et
2804 3142 2998 3205 etiam
3025 3159 3247 3206 omnes
3285 3143 3713 3223 aegritudines
3746 3164 3938 3210 sana·

2380 3246 2533 3311 bant
2576 3269 2591 3312 ε
2623 3248 2734 3313 sed
2772 3248 2960 3314 modo
3010 3248 3348 3316 Christiani
3394 3256 3551 3316 sunt
3588 3252 3937 3319 deterioris

2378 3355 2787 3434 conditionis,
2831 3375 3026 3439 quam
3081 3356 3369 3422 infideles
3401 3379 3416 3422 ε
3456 3359 3570 3442 qui
3607 3359 3775 3424 dum
3822 3380 3935 3426 ore

2378 3463 2784 3542 confitentur,
2805 3463 2989 3528 factis
3014 3470 3277 3547 negant.
3298 3464 3459 3531 Nam
3482 3484 3600 3549 per
3620 3485 3734 3532 eos
3757 3467 3934 3534 Deus

2376 3570 2807 3635 contemnitur
2832 3572 2901 3635 in
2937 3574 3379 3652 sacramentis,
3420 3573 3618 3637 etiam
3664 3575 3931 3660 vitupe-

2376 3680 2577 3757 ratur,
2608 3677 3090 3762 blasphematur
3119 3702 3135 3743 x
3166 3685 3481 3763 praecepta
3528 3699 3665 3745 non
3706 3690 3932 3749 custo-

2375 3783 2582 3865 diunt,
2612 3785 2824 3867 legem
2854 3784 2964 3850 Dei
2984 3791 3424 3866 contemnunt,
3453 3788 3708 3853 vadunt
3732 3791 3825 3855 ad
3843 3792 3929 3856 di-

2372 3891 2579 3972 vinos,
2608 3893 2850 3958 faciunt
2874 3896 3333 3978 experimenta,
3362 3895 3667 3960 invocant
3680 3896 3929 3963 daemo-

2373 4018 2510 4078 nes,
2549 4004 2612 4065 et
2651 4001 2743 4065 eis
2785 4002 3176 4082 sacrificant,
3220 4002 3565 4067 observant
3608 4004 3790 4085 diae,
3840 4008 3927 4070 ti-

2372 4112 2550 4172 ment
2576 4109 2877 4190 auguria,
2908 4114 2994 4190 et,
3023 4115 3097 4175 ut
3122 4110 3279 4190 dixi,
3309 4111 3538 4176 timent
3556 4110 3767 4177 Deum
3786 4132 3929 4179 ver·

2371 4213 2490 4296 bis,
2519 4215 2697 4280 factis
2718 4235 2875 4282 vero
2901 4222 3147 4299 negant
3178 4241 3194 4282 z
3225 4223 3469 4283 etcerte
3486 4224 3512 4259 ⁹
3540 4240 3573 4281 ι
3588 4220 3928 4287 daemonoe

2370 4324 2659 4402 credunt,
2689 4328 2753 4390 et
2785 4327 3299 4391 contremiscunt.
3339 4349 3370 4386 n
3405 4326 3483 4391 Et
3504 4327 3670 4393 tales
3696 4330 3929 4396 dicunt

2369 4451 2438 4498 se
2464 4433 2875 4512 ChristianOS,
2907 4439 2970 4499 et
2996 4453 3129 4499 non
3154 4439 3326 4500 sunt.
3356 4434 3539 4501 Tales
3561 4441 3717 4502 sunt
3744 4438 3925 4503 simi·

2367 4540 2459 4605 1oe
2486 4546 2771 4622 noctuae,
2802 4560 2950 4625 quae
2979 4541 3197 4607 oculos
3237 4542 3465 4623 habet,
3499 4547 3818 4611 ettamen
3842 4547 3927 4611 de

2368 4647 2472 4713 die
2489 4666 2620 4713 non
2637 4648 2832 4715 videt.
2852 4648 2976 4715 Sed
2990 4667 3189 4733 quare
3202 4651 3235 4713 ‘1
3253 4651 3407 4734 quia
3424 4650 3822 4719 ohscuratur
3838 4654 3925 4736 (a)

2366 4773 2407 4819 a
2461 4773 2703 4838 magno
2754 4756 3020 4821 lumine.
3074 4757 3178 4822 Sic
3234 4763 3328 4823 est
3382 4758 3461 4823 de
3517 4760 3923 4842 quibusdam

2366 4863 2758 4944 Christianis,
2780 4865 2893 4948 qui
2920 4864 3136 4930 oculos
3158 4865 3395 4931 habent
3418 4866 3594 4947 fidei,
3625 4869 3741 4934 sed
3767 4888 3923 4934 ma·

2365 4972 2502 5037 litia
2532 4972 2873 5037 excaecavit
2909 4988 3040 5037 eos.
3074 4971 3152 5037 Et
3192 4974 3271 5038 de
3310 4973 3544 5039 talibus
3589 4976 3681 5040 ait
3730 4976 3927 5042 Psal-

2365 5095 2511 5142 mus
2538 5078 2584 5114 ¹⁰
2614 5101 2631 5142 z
2667 5101 2698 5139 σ
2721 5077 2949 5143 Oculos
2976 5077 3237 5159 habent,
3263 5084 3327 5144 et
3351 5099 3483 5145 non
3511 5081 3865 5149 videbunt.
3882 5108 3921 5147 ι

2364 5184 2480 5251 Hie
2508 5189 2607 5252 est
2633 5186 2860 5252 oculus
2890 5186 3154 5253 interior
3171 5235 3189 5267 ,
3218 5206 3412 5272 quem
3437 5206 3677 5258 corvus
3708 5192 3929 5259 infer-

2304 5326 2309 5330 ’
2363 5367 2486 5420 vm,
2527 5358 2602 5409 1⁶.
2640 5382 2702 5396 -
2738 5358 2757 5389 ·
2783 5356 2989 5422 uana„
3025 5370 3146 5425 ω,
3188 5360 3267 5411 21.
3296 5384 3360 5399 -
3395 5361 3416 5392 ·
3445 5360 3578 5425 ιω,
3619 5373 3689 5427 ιι,
3733 5366 3815 5416 19.
3860 5390 3934 5409 -

2366 5428 2412 5466 ¹⁰
2436 5427 2574 5480 Ptol.
2603 5440 2766 5494 cmi,
2795 5430 2844 5481 δ.

2427 5526 2492 5590 (α)
2522 5526 2646 5577 Cet.
2675 5526 2798 5577 edit.
2827 5529 3185 5582 obscurantur.
