4059 6317
1100 503 1341 571 FERIA
1382 503 1437 568 lI
1480 501 1681 571 POST
1723 503 2055 571 PASGHA.
2097 506 2360 574 SERMO
2404 508 2453 574 1.
3253 509 3366 570 321

208 649 340 725 etc„
380 645 492 709 eet
517 642 803 724 Pater.,»
840 645 1240 725 stansque:
1277 664 1309 703 ιι
1353 643 1419 705 et
1450 639 1732 705 mansio-

210 771 343 819 nem
362 751 528 834 apud
545 768 697 815 eum
717 749 1045 815 faciemus.
1067 770 1098 809 n
1119 747 1358 830 Magna
1376 747 1730 830 promissio.

211 861 273 927 Si
294 859 492 942 Papa,
516 859 621 922 vel
655 857 1006 941 Imperator
1042 855 1213 940 apud
1238 859 1300 920 te
1333 855 1736 919 mansionem

211 987 315 1053 per
333 968 494 1033 diem
520 966 809 1031 tacturus
835 968 1022 1045 esset,
1052 968 1292 1048 quanta
1314 964 1737 1029 sollicitudine

215 1082 290 1156 te,
312 1079 371 1139 et
396 1076 656 1139 domum
681 1076 862 1138 tuam
880 1072 962 1137 ad
979 1072 1103 1136 hoc
1129 1078 1559 1156 praeparares?
1581 1071 1738 1137 Ecce

216 1186 262 1249 si
281 1183 486 1264 diligis
500 1182 729 1260 Deum,
756 1180 924 1245 Deus
941 1184 1155 1245 tecum
1184 1183 1424 1245 manet.
1450 1180 1518 1244 Si
1545 1181 1737 1244 etiam

218 1290 414 1372 diligis
437 1287 830 1373 proximum,
858 1305 1052 1352 omne
1065 1287 1283 1352 odium
1300 1286 1735 1370 relinquendo,

218 1416 411 1481 neque
427 1395 624 1473 factis»,
645 1412 858 1477 neque
875 1393 1094 1458 verbis
1111 1393 1406 1476 proximo
1433 1394 1739 1471 nocendo,

219 1506 370 1571 Deus
410 1508 618 1568 tecum
663 1503 921 1567 manet¹
958 1523 974 1567 ε
1015 1524 1046 1563 α
1084 1500 1150 1566 Si
1189 1501 1538 1583 diligamus
1584 1502 1745 1565 invi·

221 1632 377 1690 cem,
408 1611 574 1676 Deus
609 1614 830 1675 manet
869 1609 937 1674 in
982 1611 1185 1675 nobiS.
1218 1631 1250 1670 n
1288 1608 1405 1675 Hic
1438 1615 1533 1675 est
1558 1609 1746 1675 Chri·

221 1726 368 1798 stus,
389 1721 661 1804 quicum
687 1718 892 1784 Maria
916 1720 981 1782 et
1007 1718 1254 1783 Martha
1277 1718 1550 1783 libenter
1571 1735 1748 1782 man-

223 1830 317 1909 sit,
358 1846 498 1913 quae
534 1846 689 1892 eum
725 1830 977 1891 tantum
1023 1825 1410 1892 dilexerunt.
1449 1825 1520 1889 ln
1551 1824 1749 1890 Maria

223 1943 311 2001 est
332 1936 631 2013 charitaS,
661 1952 795 2017 qua
826 1933 954 1999 Deo
990 1933 1374 2012 inhaeretur3
1406 1933 1474 1997 in
1501 1933 1750 1998 Martha

226 2062 367 2108 vero
411 2042 684 2107 charitas
715 2089 733 2122 ,
787 2060 919 2124 qua
977 2042 1272 2124 proximo
1325 2041 1746 2106 ministratur.

224 2148 382 2213 unde
425 2148 586 2211 bene
622 2145 859 2210 dicitur
884 2147 907 2181 ²
936 2165 951 2206 :
981 2169 1012 2206 α
1046 2144 1167 2222 Qui
1194 2150 1410 2209 manet
1443 2144 1514 2208 in
1550 2145 1753 2209 chari-

227 2257 362 2334 tate,
387 2255 454 2318 in
476 2255 604 2319 Deo
634 2256 874 2333 manet,
904 2256 968 2318 et
993 2252 1159 2319 Deus
1188 2252 1257 2317 in
1280 2271 1379 2334 eo,
1411 2274 1443 2313 ι
1480 2256 1597 2318 etc.
1629 2251 1755 2335 Igi-

227 2365 322 2426 tm·
360 2363 516 2428 sicut
549 2362 772 2428 nullus
809 2363 899 2426 ibi
928 2380 1188 2428 manere
1222 2367 1457 2446 posset,
1498 2365 1610 2429 ubi
1654 2383 1755 2429 se-

228 2469 384 2534 denti
421 2470 640 2534 nullus
684 2468 864 2534 locus
892 2469 1172 2550 daretur,
1205 2471 1294 2535 sic
1329 2489 1448 2535 nec
1473 2470 1756 2536 Christus

227 2577 349 2642 sine
372 2577 674 2642 charitate
700 2577 770 2640 in
806 2576 991 2640 nobis
1014 2583 1249 2642 manet.
1274 2578 1556 2643 Charitas
1581 2580 1755 2644 enim

230 2690 285 2749 et
320 2686 568 2765 sedem,
604 2690 670 2749 et
711 2685 925 2749 locum
967 2685 1223 2750 sedendi
1251 2685 1320 2750 in
1346 2687 1563 2750 anima
1587 2706 1752 2771 prae-

231 2798 394 2874 parat
421 2791 570 2857 Deo.
613 2791 1026 2873 Augustinus
1052 2796 1075 2832 ⁸
1103 2815 1118 2855 :
1155 2816 1187 2854 c
1214 2792 1498 2858 Charitas
1528 2794 1758 2859 Christi

232 2916 324 2962 cor
347 2901 655 2983 pacificat,
686 2904 967 2965 mentem
996 2901 1066 2964 in
1094 2901 1547 2967 tentationibus
1573 2903 1758 2967 robo-

230 3012 332 3086 rat,
357 3016 421 3072 et
449 3013 523 3073 ut
547 3008 733 3074 sedes
768 3010 1091 3093 sapientiae
1122 3011 1204 3075 sit
1229 3012 1301 3074 in
1326 3011 1547 3076 anima
1567 3011 1754 3093 Justi,

233 3114 494 3196 quietem
524 3115 775 3195 tribuit,
805 3121 869 3181 et
889 3116 1100 3182 locum
1127 3121 1465 3201 praeparat.
1487 3138 1519 3177 n

298 3222 376 3287 De
403 3223 687 3289 secundo
718 3222 951 3288 dicitur
972 3223 1079 3288 hic
1106 3244 1125 3289 ε
1167 3225 1508 3308 Coeperunt
1535 3225 1718 3292 illum
1734 3273 1756 3305 ,

232 3327 489 3397 dicantes
535 3348 558 3394 .·
601 3332 795 3397 Mane
838 3331 1198 3410 nobiscum,
1251 3334 1557 3411 Domine,
1609 3349 1760 3417 quo-

232 3439 392 3503 niam
420 3437 932 3520 advesperascit,
976 3442 1094 3503 etc.
1127 3439 1392 3517 Quando
1435 3442 1581 3505 flnis
1606 3441 1759 3507 vitae

233 3552 444 3612 nostrae
505 3547 1012 3631 appropinquat,
1070 3551 1227 3613 tunc
1269 3548 1773 3632 advesperascit:

234 3650 392 3719 Sicut
427 3673 620 3720 mane
650 3654 1072 3738 principium,
1104 3656 1402 3722 meridies
1440 3658 1754 3737 medium,

234 3757 311 3822 ita
329 3780 597 3845 vespera
615 3762 766 3827 finis
792 3763 968 3828 vitae.
1001 3762 1187 3829 Mane
1205 3767 1545 3847 juventus,
1576 3766 1762 3830 meri-

234 3865 352 3932 dies
375 3869 669 3949 virilitaS,
699 3888 968 3953 vespera
989 3875 1086 3935 est
1108 3874 1422 3937 senectuS.
1446 3872 1760 3937 Omnibus

235 3971 323 4037 his
361 3977 760 4060 temporibus
803 3978 859 4041 si
911 3977 1256 4042 Dominum
1301 3977 1755 4058 invitaremus»,

235 4081 356 4164 ipse
382 4085 653 4151 libenter
677 4085 1036 4181 exaudiret.
1073 4085 1405 4151 Psalmista
1429 4087 1451 4122 ⁸
1486 4109 1502 4150 ε
1541 4109 1573 4148 α
1602 4085 1756 4153 Ves-

238 4206 375 4270 pere
400 4197 463 4257 et
496 4211 690 4257 mane
710 4241 728 4274 ,
776 4197 840 4257 et
883 4193 1149 4258 meridie
1192 4195 1497 4276 narrabo,
1542 4198 1606 4258 et
1644 4213 1760 4259 an·

235 4300 531 4364 nuntiabo
583 4299 703 4382 (a),
744 4304 807 4364 et
840 4299 1139 4366 exaudiet
1180 4319 1404 4367 vocem
1447 4319 1681 4367 meam.
1721 4325 1752 4361 n

221 4400 296 4491 ‘Si
323 4425 474 4489 ergo
500 4408 844 4490 neglexisti
860 4428 1011 4475 eum
1029 4409 1302 4474 invitare
1318 4428 1529 4489 mane,
1559 4409 1763 4475 invita

236 4529 502 4597 vespere,
534 4520 655 4581 etc.
688 4516 868 4582 Certe
904 4517 1094 4582 multi
1126 4517 1397 4583 credunt
1429 4536 1619 4582 mane
1659 4517 1761 4584 vel

237 4621 549 4687 meridiem
570 4642 734 4704 esse,
756 4626 991 4708 quibus
1002 4628 1140 4708 jam
1158 4643 1424 4709 vespera
1445 4630 1561 4690 est.
1583 4623 1761 4691 Unde

236 4743 354 4791 non
378 4728 646 4814 decipiat
670 4749 1062 4815 quemquam
1093 4732 1211 4798 flos
1232 4732 1616 4815 juventutis,
1646 4733 1761 4815 qui

238 4835 357 4899 tam
386 4837 505 4902 cito
532 4838 765 4903 arescit
785 4857 1071 4922 vespere.
1103 4838 1440 4905 Psalmista
1462 4840 1484 4876 ⁸
1517 4857 1533 4903 ε
1568 4861 1599 4900 α
1625 4838 1758 4904 Ma-

236 4957 312 5006 ne
335 4943 581 5024 floreat,
610 4951 674 5010 et
702 4949 1012 5023 transeat3
1062 4963 1354 5029 vespere,
1403 4966 1435 5005 ι
1468 4950 1588 5011 etc.
1619 4945 1757 5010 Au-

225 5053 524 5127 ¹&ustinus
550 5052 574 5088 ⁸
605 5076 621 5117 :
653 5077 687 5115 α
713 5053 967 5118 Decidat
996 5053 1065 5117 in
1094 5057 1331 5133 morte,
1369 5058 1434 5118 et
1471 5053 1762 5118 durescat

239 5153 301 5219 in
324 5159 646 5239 cadavere,
679 5164 927 5226 arescat
961 5161 1031 5225 in
1065 5160 1355 5245 pulvere.
1393 5182 1425 5221 ι»
1465 5161 1763 5226 Dicamus

297 5356 312 5384 ¹
341 5355 536 5423 noan„
564 5371 640 5423 xv,
670 5362 836 5423 12‚-
862 5360 886 5395 ¹
912 5359 1059 5424 thid„
1089 5363 1164 5411 15.
1188 5385 1250 5397 -
1282 5360 1303 5390 ²
1333 5361 1464 5424 Aug.
1485 5384 1549 5397 -
1576 5359 1596 5390 ⁴
1619 5356 1761 5410 Ρεαι.

243 5432 342 5489 m,
375 5431 446 5482 ¹8.
485 5457 546 5471 —
582 5434 607 5470 ⁸
638 5431 785 5484 Psal.
815 5443 1039 5498 mxxix,
1078 5435 1127 5483 6.
1159 5458 1214 5468 -
1252 5431 1276 5467 ⁸
1307 5434 1458 5496 Aug„
1495 5432 1675 5482 Enarr.
1705 5431 1759 5479 in

241 5496 365 5549 Ιέαι.
407 5513 627 5569 uxxix,
666 5518 724 5554 n.
767 5507 816 5557 6.
858 5530 920 5544 —
962 5506 979 5537 ²
1018 5505 1183 5567 loma„
1219 5514 1331 5568 nv,
1366 5508 1442 5554 16.
1472 5529 1533 5541 -
1574 5504 1593 5532 ⁸
1617 5503 1756 5563 Luc„

1837 659 1999 724 ergo
2025 648 2280 710 orantes
2306 661 2517 724 mane,
2548 646 2613 709 et
2641 659 2950 726 rogemus
2980 658 3100 707 nos
3129 663 3147 707 ε
3183 640 3376 707 Mane

1838 749 2192 832 nobiscum,
2222 752 2565 829 Christum,
2598 755 2671 817 ut
2698 750 2980 816 Christus
3019 753 3211 830 roget
3252 766 3376 812 no-

1840 857 2091 922 hiscum
2132 875 2391 922 manere
2437 856 2749 942 Spiritum
2787 873 2983 921 suum
3026 854 3049 890 '¹
3099 875 3114 917 ε
3164 875 3196 915 α
3240 852 3378 934 Ego

1840 966 2089 1046 rogabo
2114 965 2386 1044 Patrem,
2415 990 2447 1027 ›>
2482 972 2600 1031 etc.
2639 964 2763 1030 Sed
2802 967 2969 1029 certe
2994 980 3127 1028 non
3172 962 3378 1026 solum

1842 1077 1937 1137 est
1965 1073 2249 1138 oratione
2274 1073 2664 1151 invitandus,
2705 1070 2815 1137 sed
2851 1072 3045 1136 etiam
3082 1070 3382 1152 lacrymis

1844 1180 2196 1262 cogendus
2230 1180 2467 1245 Dicitur
2485 1180 2588 1244 hic
2606 1179 2779 1245 enim
2805 1201 2820 1242 ε
2853 1179 2935 1245 Et
2959 1182 3288 1261 coeperunt
3308 1177 3384 1242 il-

1843 1288 2001 1354 lum.
2033 1289 2212 1354 Unde
2239 1307 2431 1372 super
2454 1289 2579 1353 hoc
2606 1287 2758 1353 dicit
2794 1287 3091 1370 quaedam
3118 1285 3333 1351 Glossa
3362 1306 3379 1349 ε

1855 1419 1886 1458 α
1907 1397 2124 1462 Oratio
2146 1396 2489 1461 Dominum
2509 1395 2673 1474 linit,
2703 1395 2987 1478 lacryma
3009 1394 3177 1476 cogit
3204 1411 3221 1458 z
3245 1393 3385 1458 haec

1846 1504 2059 1586 ungit,
2090 1504 2199 1568 illa
2226 1504 2483 1587 pungit.
2514 1523 2546 1562 ι»

1929 1612 2016 1677 De
2045 1610 2229 1677 tertio
2256 1611 2279 1644 ⁸
2312 1630 2327 1676 t
2369 1634 2401 1672 α
2432 1609 2632 1676 Hodie
2673 1610 2743 1674 in
2776 1609 2967 1674 domo
2996 1611 3108 1672 tua
3143 1610 3391 1691 oportet

1852 1738 1956 1785 me
1980 1737 2262 1785 manere.
2283 1741 2314 1779 n
2351 1717 2673 1797 Zachaeus,
2699 1715 2805 1781 cni
2829 1716 2953 1780 hoc
2980 1715 3231 1796 dicitur,
3255 1719 3390 1780 erat

1852 1828 2147 1911 princeps
2172 1826 2665 1910 publicanorum
2697 1842 2714 1888 ε
2745 1829 2809 1888 et
2835 1823 2996 1888 illud
3021 1824 3183 1887 bene
3209 1822 3392 1887 scivit

1860 1935 2186 2015 DominuS,
2226 1934 2396 2017 quod
2423 1933 2596 2015 apud
2636 1931 2860 1996 divites
2893 1933 3136 1996 bonum
3172 1929 3388 2013 hospi-

1856 2043 2023 2109 tium
2048 2047 2165 2108 est.
2193 2042 2381 2108 Dives
2407 2042 2757 2123 hospitium
2794 2046 2892 2105 est
2919 2059 3100 2106 mens
3136 2039 3394 2107 virtuti-

1857 2152 1980 2215 bus
2023 2150 2349 2233 opulenta.
2396 2147 2580 2215 Verae
2628 2147 2700 2230 (b)
2748 2148 2922 2212 enim
2963 2148 3202 2213 divitiae
3243 2150 3395 2212 sunt

1857 2261 2051 2324 timor
2077 2257 2351 2339 Domini,
2372 2256 2653 2339 justitia,
2686 2255 3146 2334 misericordia,
3177 2255 3395 2320 humi-

1858 2366 2025 2445 litas,
2048 2365 2321 2444 castitas,
2350 2363 2685 2447 patientia,
2714 2366 2832 2427 etc.
2863 2361 3125 2427 Talibus
3159 2363 3397 2427 divitiis

1859 2472 2045 2537 beata
2072 2472 2270 2553 Virgo
2311 2490 2504 2554 super
2542 2469 2892 2554 quamlibet
2927 2471 3211 2536 animam
3251 2471 3397 2554 puri

1861 2579 2146 2644 hominis
2172 2578 2524 2644 abundavit
2549 2584 2573 2618 ⁹
2607 2600 2623 2643 ε
2663 2600 2695 2638 α
2719 2577 2937 2643 Multae
2962 2578 3112 2644 filiae
3136 2597 3400 2662 congre·

1862 2691 2185 2770 gaverunt
2208 2687 2483 2767 divitias,
2512 2708 2544 2746 a>
2570 2690 2689 2751 etc.
2720 2686 2797 2750 Et
2823 2686 2965 2751 ideo
2991 2686 3060 2751 in
3087 2689 3230 2769 ejus
3256 2688 3401 2753 hos-

1863 2796 2018 2879 pitio
2048 2794 2354 2861 Dominus
2382 2794 2650 2859 libenter
2681 2793 2936 2857 mansit.
2981 2792 3051 2858 Si
3086 2794 3203 2858 has
3243 2794 3403 2860 divi-

1864 2904 1986 2967 tias
2010 2903 2232 2981 habes,
2264 2902 2499 2967 multos
2526 2919 2641 2984 per
2666 2901 2834 2983 ipsas
2856 2901 3119 2967 habebis
3141 2903 3399 2983 amicos,

1863 3011 2098 3075 seilicet
2115 3009 2393 3090 Patrem,
2410 3008 2649 3074 Filium
2674 3011 2739 3072 et
2756 3006 3057 3090 Spiritum
3086 3014 3400 3089 sanctum,

1865 3122 1929 3183 et
1951 3117 2288 3200 angelos.¹·
2325 3140 2358 3179 α
2386 3115 2636 3181 Divitiae
2663 3114 2904 3180 addunt
2937 3114 3175 3180 amicos
3203 3115 3401 3198 pluri-

1867 3243 2037 3303 mos;
2071 3245 2110 3290 a
2136 3242 2417 3309 paupere
2443 3226 2657 3287 autem
2677 3271 2694 3303 ,
2726 3223 2921 3301 ethi,
2954 3242 3115 3307 quos
3138 3224 3402 3303 habuit,

1867 3336 2265 3416 separantur.
2313 3353 2344 3391 ι)
2398 3330 2679 3412 Signum
2727 3334 2823 3395 est
2855 3330 3071 3395 divitis
3112 3330 3403 3415 hospitii,

1868 3441 2214 3508 ubimulta
2246 3440 2324 3505 ad
2353 3443 2607 3522 portam
2633 3439 3019 3523 pauperibus
3042 3439 3317 3505 dantur:
3345 3446 3409 3507 et

1868 3548 1957 3613 ibi
1996 3549 2269 3613 libenter
2314 3550 2533 3612 manet
2582 3545 2890 3611 Dominus
2906 3569 2924 3625 ;
2971 3547 3209 3631 alioqui
3250 3566 3404 3615 non.

1870 3656 2048 3721 Unde
2096 3656 2140 3698 ¹¹
2201 3676 2216 3720 ε
2274 3677 2305 3716 α
2334 3653 2457 3731 Qui
2508 3652 2701 3717 habet
2747 3654 3168 3719 substantiam
3213 3656 3410 3739 hujus

1867 3762 2117 3842 mundi,
2147 3784 2179 3823 ι»
2214 3765 2359 3840 etc„
2407 3778 2615 3844 usque
2647 3782 2662 3825 :
2699 3783 2731 3821 ιι
2773 3761 3094 3844 quomodo
3137 3762 3411 3829 charitas

1867 3871 1978 3936 Dei
2009 3872 2226 3934 manet
2252 3867 2322 3932 in
2352 3869 2472 3932 eo?
2499 3888 2530 3927 n

1947 3974 2036 4038 De
2061 3975 2290 4056 quarto
2329 3972 2374 4006 ¹¹
2416 3992 2432 4035 z
2473 3994 2504 4034 α
2533 3969 2917 4048 Quaerebant
2949 3970 3166 4038 Jesum
3202 3972 3405 4050 Judaei

1868 4081 2372 4166 apprehendere;
2407 4083 2471 4144 et
2487 4078 2685 4144 exivit
2710 4078 2791 4143 de
2817 4079 3113 4144 manibus
3137 4099 3402 4148 eorum:

1870 4197 1933 4256 et
1972 4190 2133 4256 abiit
2171 4189 2408 4254 iterum
2442 4192 2620 4252 trans
2646 4185 2986 4252 lordanem
3014 4187 3082 4251 in
3107 4207 3255 4253 eum
3303 4190 3404 4256 lo-

1868 4316 2041 4378 cum,
2071 4295 2185 4361 ubi
2227 4298 2364 4361 erat
2402 4293 2678 4359 Joannes
2720 4294 3042 4376 baptizans
3088 4295 3401 4379 primum,

1868 4410 1933 4471 et
1959 4403 2198 4469 mansit
2229 4403 2380 4467 illic.
2410 4424 2442 4461 n
2481 4401 2640 4466 Ecce
2665 4401 2837 4483 fugit
2863 4406 3312 4484 persecutores,
3343 4407 3408 4468 et

1866 4512 2159 4577 inimicos
2183 4529 2359 4590 suos,
2377 4514 2441 4575 et
2468 4512 2686 4573 manet
2707 4508 2820 4573 ubi
2838 4527 3100 4574 securus
3126 4510 3402 4589 videtur,

1868 4620 1939 4684 in
1964 4619 2105 4683 loco
2132 4616 2452 4702 baptismi,
2483 4616 2553 4680 in
2577 4614 2907 4694 Bethania,
2925 4633 3074 4699 quae
3098 4617 3409 4702 interpre-

1868 4731 2041 4792 tatur
2066 4725 2291 4792 domus
2318 4721 2711 4791 obediemioe.
2748 4719 2821 4784 ln
2846 4721 2969 4786 illis
2994 4723 3169 4787 enim
3195 4723 3408 4806 bapti-

1868 4834 2046 4913 zatiS,
2079 4832 2193 4916 qui
2219 4831 2523 4896 obediunt
2546 4827 2824 4910 praelatis
2850 4832 2914 4893 et
2941 4829 3049 4894 Dei
3074 4832 3406 4910 mandatis,

1869 4944 2087 5005 manet
2119 4938 2427 5003 Dominus
2441 4984 2460 5017 ,
2488 4935 2661 5000 unde
2701 4934 2946 5000 inimici
2989 4938 3090 5002 sui
3125 4938 3411 5005 diabolus

1867 5053 1932 5113 et
1957 5045 2160 5111 mund
2168 5064 2243 5110 us
2263 5062 2412 5109 eum
2432 5059 2566 5107 non
2585 5040 2863 5125 ejiciant,
2884 5041 2991 5106 vel
3012 5042 3123 5107 ubi
3147 5045 3410 5110 domum

1870 5155 2104 5221 mentis
2135 5170 2249 5237 per
2277 5152 2498 5233 ignem
2524 5147 2805 5214 luxuriae
2844 5149 2949 5214 vel
2974 5151 3257 5218 avaritiae
3294 5171 3410 5218 su-

1870 5340 1992 5394 xix,
2022 5331 2069 5380 5.
2107 5352 2169 5366 —
2207 5328 2229 5360 ⁸
2261 5328 2430 5391 Prov„
2467 5336 2626 5389 ¹1¹1,
2663 5326 2741 5375 29.
2765 5348 2826 5362 —
2865 5325 2910 5361 ¹⁰
2939 5326 3107 5388 Pron„
3132 5338 3244 5392 xix,
3273 5328 3322 5378 4.
3350 5352 3412 5371 ..-

1874 5404 1914 5437 ¹¹
1946 5404 1962 5452 1
1992 5402 2164 5464 Joan„
2194 5410 2269 5464 xv,
2302 5400 2379 5448 17.
2404 5423 2468 5434 —
2506 5398 2541 5428 ¹²
2572 5397 2732 5455 Joan..
2760 5407 2815 5459 x,
2842 5398 3002 5448 3940.

1935 5500 2005 5566 (α)
2033 5500 2155 5552 Coet.
2180 5499 2301 5550 edit.
2329 5494 2667 5548 annuntiabit.
2690 5519 2753 5532 -
2784 5493 2850 5559 (b)
2876 5496 3001 5547 Item
3032 5498 3182 5551 Vere.
