4059 6317
479 2204 665 2261 App-,ri-

448 2328 648 2385 druplax.

503 4013 664 4059 Rubos

687 437 767 498 64

679 565 944 632 affectus
962 565 1249 650 liquefiat
1268 564 1623 649 perignem
1653 563 1925 647 Spiritus
1951 564 2211 629 sancti¹:

688 698 719 736 α
747 674 1012 739 Factum
1057 677 1150 738 est
1184 690 1294 738 cor
1333 690 1550 738 meum
1595 671 1760 737 sicut
1797 690 1941 737 cera
1975 671 2218 755 liques-

680 800 850 848 cens.
877 804 908 843 n
947 781 1109 860 Quia
1125 798 1278 848 vero
1305 798 1436 845 non
1459 783 1711 845 tantum
1738 780 1808 844 in
1827 780 2078 859 affectu,
2109 782 2219 846 sed

680 890 871 954 etiam
909 889 977 953 in
1015 888 1245 953 effectu
1273 887 1558 972 imprimi
1583 886 1768 952 debet
1788 888 1976 952 nobis
2003 887 2216 953 Chris·

680 1003 811 1077 tus,
839 996 981 1062 ideo
1007 993 1307 1078 adiungit
1327 994 1352 1030 ¹
1380 1017 1395 1057 ε
1441 1017 1473 1055 α
1494 992 1575 1058 Ut
1599 993 2005 1076 signaculum
2025 1012 2221 1077 super

678 1104 1017 1168 brachium
1048 1108 1261 1168 tuum.
1290 1123 1321 1162 n
1357 1101 1663 1184 Sigillum
1690 1101 2084 1185 imprimitur
2098 1150 2115 1181 ‚
2145 1106 2223 1167 ut

679 1211 901 1293 imago
913 1213 1055 1293 ejus
1069 1213 1485 1293 praesentetur
1503 1227 1519 1272 :
1540 1209 1629 1274 ita
1652 1209 1722 1273 in
1738 1209 2220 1276 conversatione

680 1323 896 1384 nostra
948 1318 1171 1399 imago
1220 1316 1447 1381 Christi
1498 1318 1865 1399 praesentari
1919 1317 2102 1382 debet
2140 1323 2164 1357 ⁸
2200 1339 2216 1382 ε

690 1449 720 1489 e
764 1424 942 1491 Sicut
979 1423 1378 1509 portavimus
1430 1423 1789 1505 imaginem
1841 1424 2103 1502 terreni,
2133 1423 2222 1488 sic

680 1537 1007 1615 portemus
1035 1535 1099 1596 et
1117 1530 1471 1614 imaginem
1497 1530 1788 1596 coelestis.
1821 1552 1851 1592 n

922 1763 1025 1839 DE
1066 1761 1642 1839 CIRGUMGISIONE
1685 1760 1978 1838 DOMINI.

1110 1934 1399 2005 SERMO
1443 1935 1795 2005 PRIMUS.

766 2070 1090 2152 Apparuit
1127 2072 1344 2153 qratia
1371 2072 1489 2138 Dei
1513 2069 1879 2137 Salvatoris
1922 2066 2136 2135 nostri
2150 2066 2173 2102 ⁴
2205 2114 2220 2130 .

690 2175 1024 2241 Considera
1056 2176 1531 2261 quadruplicem
1573 2177 2055 2261 apparitionem.
2095 2175 2225 2257 Ap-

690 2287 869 2366 paret
893 2285 961 2349 in
986 2284 1231 2351 mundo
1257 2286 1467 2367 gratia
1493 2284 1870 2364 Salvatoris3
1903 2283 2223 2362 inanima,

688 2391 1119 2457 misericordia
1138 2392 1575 2474 justificatoris
1593 2414 1612 2471 ;
1655 2391 2008 2474 injudicio,
2034 2390 2222 2474 justi·

686 2501 773 2566 tia
815 2499 1039 2565 ultoris
1077 2522 1095 2578 ;
1136 2500 1209 2564 in
1252 2500 1432 2580 coelo,
1471 2499 1676 2582 gloria
1700 2498 2224 2563 remuneratoris.

768 2607 854 2671 De
869 2608 1078 2691 primo
1102 2607 1333 2672 dicitur
1350 2606 1457 2671 hic
1479 2623 1498 2670 z
1526 2606 1850 2688 Apparuit
1873 2607 2093 2688 qratia
2111 2606 2229 2673 Dei

688 2714 1072 2782 salvatoris.
1125 2713 1204 2779 Et
1254 2714 1335 2779 ad
1375 2713 1675 2778 eumdem
1702 2713 1724 2750 ⁸
1765 2734 1781 2778 ε
1838 2737 1872 2775 α
1916 2713 2228 2797 Apparuit

685 2822 1052 2905 benignitas
1105 2827 1168 2887 et
1217 2822 1583 2887 humanitas
1628 2819 1971 2886 Salvatoris
2029 2821 2229 2885 nostri

687 2928 817 3009 Dei,
860 2947 992 2994 non
1030 2948 1114 2995 ex
1153 2928 1451 3013 operibus
1485 2928 1751 3009 justitiae
1799 2930 2040 2992 nostrae
2077 2943 2228 3010 quae

689 3035 953 3100 fecimus
992 3053 1112 3100 nos
1130 3086 1145 3115 ,
1180 3034 1290 3099 sed
1333 3031 1681 3099 secundum
1729 3033 2227 3098 misericordiam

688 3158 873 3204 suam
897 3140 1105 3208 salvos
1128 3158 1248 3205 nos
1274 3139 1440 3205 fecit.
1461 3161 1492 3200 n
1521 3137 1671 3204 Haec
1696 3139 2004 3223 apparitio
2028 3139 2229 3221 signi-

689 3246 872 3312 ficata
899 3251 993 3313 est
1012 3248 1059 3326 ⁶,
1090 3247 1201 3313 ubi
1222 3245 1486 3329 legitur,
1516 3246 1688 3329 quod
1715 3245 2019 3311 Dominus
2043 3264 2230 3329 appa-

688 3355 820 3420 ruit
841 3354 1042 3438 Moysi
1067 3355 1137 3420 in
1164 3355 1409 3420 deserto
1432 3355 1500 3418 in
1520 3353 1785 3417 flamma
1805 3353 1982 3436 ignis
2009 3354 2080 3417 in
2099 3372 2230 3418 me·

688 3460 794 3525 dio
831 3460 977 3526 rubi
1004 3479 1023 3524 ε
1055 3464 1119 3526 et
1140 3460 1399 3525 videbat
1420 3459 1595 3543 quod
1620 3460 1826 3525 rubus
1849 3460 2132 3540 ardebat,
2163 3465 2227 3525 et

689 3585 816 3632 non
839 3566 1368 3633 comburebatur:
1399 3567 1502 3632 cui
1534 3585 1681 3631 cum
1719 3567 2231 3652 appropinquare

693 3674 903 3755 vellet,
947 3674 1098 3741 dicit
1135 3674 1443 3740 Dominus
1479 3693 1498 3738 ε
1540 3696 1572 3735 α
1601 3672 1790 3739 Solve
1836 3674 2230 3739 calceamen-

689 3785 830 3847 tum
858 3782 937 3846 de
962 3782 1229 3865 pedibus
1252 3781 1377 3846 tuis
1397 3800 1416 3845 z
1434 3781 1612 3846 locus
1638 3780 1898 3846 enimin
1924 3799 2056 3864 quo
2075 3784 2227 3861 siaa,

689 3892 860 3953 terra
902 3893 1121 3954 sancta
1166 3893 1281 3953 est.
1316 3910 1348 3950 n
1385 3886 1505 3953 Per
1539 3886 1861 3953 desertum
1905 3888 2233 3970 significa-

689 3999 799 4061 tur
826 3996 1126 4061 mundus.
1172 3995 1393 4066 Rubus
1428 4000 1641 4062 autem
1668 3995 1895 4060 ardens
1923 4000 2019 4060 est
2043 3996 2232 4062 beata

690 4102 892 4187 Virgo
911 4151 932 4183 ,
962 4103 1033 4167 in
1072 4121 1204 4187 qua
1241 4102 1548 4168 Dominus
1588 4120 1704 4187 per
1744 4120 2001 4168 carnem
2026 4122 2227 4187 appa-

690 4211 856 4276 ruit:
887 4211 1051 4275 sicut
1091 4210 1265 4275 enim
1298 4211 1503 4275 rubus
1548 4210 1704 4274 arsit
1747 4210 1885 4275 sine
1923 4211 2231 4277 combus-

692 4319 883 4399 tione,
903 4319 992 4383 ita
1015 4317 1213 4400 Virgo
1233 4317 1478 4402 peperit
1500 4316 1640 4381 sine
1661 4317 2093 4400 corruptione.
2117 4317 2233 4384 Vel

689 4425 889 4490 rubus
927 4429 1025 4490 est
1070 4424 1293 4490 Christi
1328 4424 1692 4489 humanitas
1700 4469 1724 4504 ,
1759 4422 1828 4488 in
1867 4443 2001 4508 qua
2037 4444 2231 4510 appa-

689 4531 822 4597 ruit
840 4532 1164 4599 divinitas.
1188 4530 1368 4598 Sicut
1391 4531 1563 4596 enim
1587 4531 1791 4595 rubus
1816 4531 2078 4598 ardebat
2096 4534 2234 4598 sine

690 4640 1162 4720 combustione,
1210 4639 1301 4704 ita
1344 4637 1632 4703 Christus
1686 4656 1909 4721 passus
1953 4643 2052 4705 est
2094 4640 2234 4706 sine

691 4747 1148 4813 incineratione
1191 4751 1256 4814 et
1298 4746 1701 4830 corruptione
1727 4750 1792 4812 ⁷:
1835 4770 1867 4810 α
1895 4746 2035 4812 Non
2053 4747 2234 4814 dabis

692 4858 985 4920 sanctum
1011 4858 1202 4920 tuum
1228 4853 1449 4920 videre
1471 4853 1964 4937 corruptionem.
1989 4875 2022 4916 n
2052 4854 2234 4933 Quod

693 4962 867 5026 enim
883 4962 1302 5041 comburitur,
1322 4960 1714 5025 incineratur
1736 4982 1752 5027 z
1773 4960 2058 5026 Christus
2075 4979 2234 5045 ergo

692 5086 825 5134 non
853 5068 1368 5146 comburebatur,
1397 5067 1552 5151 quia
1578 5085 1708 5133 non
1732 5067 2231 5135 incinerabatur.

760 5265 779 5301 ¹
806 5264 943 5316 Peal.
971 5278 1082 5333 ιιι,
1118 5270 1194 5320 15.
1224 5291 1288 5305 -
1314 5267 1333 5297 ²
1363 5255 1532 5327 Cant„
1566 5275 1675 5327 vm,
1707 5268 1756 5318 6.
1787 5291 1848 5306 --
1878 5265 1901 5302 ⁸
1932 5265 1950 5315 1
1979 5264 2117 5332 Gor„
2144 5278 2234 5333 xv,

697 5339 779 5389 49.
799 5364 862 5375 —
885 5337 908 5369 ⁸
930 5338 1046 5397 Tit„
1074 5350 1133 5404 ιι,
1160 5343 1238 5394 11.
1272 5365 1334 5376 —
1362 5337 1384 5374 ⁸
1409 5337 1526 5398 Tit„
1554 5348 1641 5402 111,
1663 5339 1768 5389 4-5.
1804 5365 1860 5375 --
1895 5337 1918 5372 ⁸
1938 5337 2126 5401 Exod„
2151 5351 2232 5403 111,

698 5410 798 5461 3-5.
829 5435 888 5446 -
923 5408 939 5442 ⁷
977 5409 1110 5462 Psal.
1150 5422 1236 5475 xv,
1270 5413 1346 5462 10.
1377 5435 1439 5447 —
1469 5406 1492 5443 ³
1521 5408 1672 5474 Greg.
1700 5434 1754 5445 -
1787 5410 1810 5445 ⁹
1849 5410 1993 5474 Sap..
2024 5413 2147 5474 1,.3.
2175 5437 2231 5449 -

1783 427 2203 496 SERMONES
2245 428 2345 495 DE
2382 427 2775 496 TEMPORE.

2324 564 2390 629 Si
2418 581 2577 647 ergo
2603 564 2685 629 ad
2700 564 2877 630 hunc
2900 564 3412 648 appropinquare
3439 564 3722 631 volueris
3752 581 3873 647 per

2323 670 2514 736 fldem
2537 674 2602 736 et
2625 689 2934 750 amorem,
2964 671 3139 738 solve
3152 671 3652 737 calceamentum
3669 688 3868 736 mun-

2324 776 2476 842 dani
2500 781 2565 841 et
2584 777 2854 842 carnalis
2877 778 3137 858 amoriS,
3166 778 3343 844 solve
3380 794 3670 843 amorem
3709 776 3876 842 visi-

2325 882 2554 948 bilium
2579 884 2658 948 de
2683 885 2952 968 pedibus
2976 886 3231 964 animae,
3265 884 3332 949 id
3353 888 3482 966 est,
3514 884 3872 950 affectioni-

2325 991 2447 1056 bus
2484 991 2632 1057 tuis.
2660 990 3011 1075 Gregorius
3045 992 3069 1028 ⁸
3110 1013 3128 1058 ε
3174 1015 3206 1054 α
3237 991 3412 1058 Mens
3456 993 3785 1057 subtracta
3828 1008 3871 1054 a

2326 1100 2716 1181 visibilibus,
2765 1101 3043 1166 visibilia
3098 1102 3368 1185 perfecte
3426 1099 3804 1166 contemnit.
3835 1119 3868 1159 ι

2326 1206 2671 1292 Nunquam
2712 1208 2886 1274 enim
2930 1208 3236 1274 Dominus
3279 1207 3469 1292 pedes
3515 1213 3661 1275 tuos
3689 1208 3875 1273 lava-

2325 1315 2441 1394 bit,
2486 1315 2610 1379 nisi
2653 1316 2838 1399 prius
2877 1317 3301 1382 calceamenta
3326 1316 3449 1381 ista
3478 1314 3875 1399 deposueris.

2327 1426 2351 1463 ⁹
2386 1445 2417 1483 α
2444 1422 2722 1505 Apparet
2764 1426 2984 1488 autem
3022 1424 3135 1503 eis,
3173 1422 3287 1505 qui
3311 1422 3507 1487 fldem
3534 1422 3783 1487 habent
3807 1422 3882 1486 in

2326 1526 2535 1607 illum,
2565 1549 2596 1588 υ
2638 1529 2830 1594 fldem
2864 1530 3086 1613 utique
3109 1530 3286 1594 illam
3320 1530 3399 1594 de
3443 1547 3574 1611 qua
3600 1530 3646 1569 ¹⁰
3679 1549 3698 1590 :
3747 1550 3781 1588 α
3809 1525 3882 1592 Si

2329 1634 2678 1701 habueritis
2702 1636 2897 1703 fidem
2913 1637 3080 1702 sicut
3107 1654 3393 1719 granum
3411 1637 3672 1720 sinapis,
3703 1636 3880 1702 dice-

2329 1743 2410 1807 tis
2458 1743 2663 1808 monti
2702 1743 2857 1808 huic
2886 1766 2902 1807 ε
2934 1743 3159 1809 Transi
3185 1744 3368 1823 hinc,
3395 1747 3461 1809 et
3489 1743 3809 1809 transibit.
3837 1765 3872 1804 ι

2329 1846 2509 1912 Mons
2534 1852 2627 1914 est
2657 1850 2988 1932 congeries
3018 1853 3442 1934 peccatorum,
3467 1850 3576 1931 qui
3602 1853 3700 1915 tot
3719 1849 3887 1934 lapi-

2327 1954 2518 2020 dibus
2558 1960 2837 2036 constat,
2897 1961 3054 2040 quot
3092 1958 3290 2023 homo
3348 1962 3602 2041 peccata
3651 1958 3883 2023 habet.

2333 2061 2509 2130 Unus
2539 2068 2760 2131 autem
2791 2064 2955 2149 lapis
2983 2065 3366 2149 quandoque
3394 2064 3635 2146 mergit
3657 2064 3882 2129 homi-

2332 2189 2482 2236 nem
2500 2218 2522 2251 ,
2552 2172 2656 2237 cui
2681 2171 2984 2254 alligatur
3004 2220 3023 2253 ,
3054 2175 3126 2237 in
3167 2172 3589 2256 profundum3
3633 2177 3888 2256 quanto

2335 2278 2542 2360 magis
2569 2281 2742 2344 totus
2763 2297 2948 2345 mons
2974 2280 3271 2363 deprimit
3293 2278 3625 2345 hominem
3641 2278 3715 2342 in
3739 2296 3891 2361 pro-

2332 2384 2606 2450 fundum
2648 2385 2919 2451 inferni?
2966 2385 3249 2451 Granum
3305 2384 3540 2467 sinapis
3598 2402 3885 2468 parvum

2333 2495 2451 2572 est,
2479 2494 2590 2560 sed
2613 2495 2847 2560 virtute
2868 2541 2886 2573 ‚
2923 2497 2988 2560 et
3010 2494 3234 2573 herba,
3261 2497 3327 2560 et
3349 2494 3563 2559 fructu
3592 2493 3878 2558 immen-

2334 2621 2503 2669 sum.
2533 2603 2638 2670 Sic
2673 2606 2831 2671 fides
2856 2605 3199 2671 christiana
3225 2604 3498 2670 humilis
3525 2605 3788 2671 videtur
3821 2607 3890 2669 et

2336 2711 2828 2794 contemptibilis
2886 2711 3161 2795 Paganis
3220 2715 3286 2777 et
3342 2711 3618 2788 Judaeis3
3697 2711 3890 2776 mirae

2335 2822 2552 2883 tamen
2578 2822 2673 2883 est
2701 2818 2956 2885 virtutis
2976 2868 2995 2900 ,
3031 2823 3099 2883 et
3129 2819 3411 2884 fructum
3458 2817 3645 2883 affert
3679 2817 3893 2901 pluri-

2338 2945 2540 2992 mum.
2587 2926 2752 3005 Quot
2791 2932 3009 2994 autem
3051 2931 3204 2992 sunt
3240 2926 3496 2992 articuli
3537 2926 3692 2992 fldei
3714 2977 3732 3008 ,
3791 2931 3892 2992 tot

2336 3037 2602 3118 possunt
2626 3034 2752 3100 dici
2778 3053 2983 3118 grana
3008 3035 3268 3118 sinapis.
3306 3033 3459 3099 Haec
3484 3052 3694 3116 grana
3730 3051 3892 3099 cnm

2338 3142 2410 3207 in
2433 3160 2545 3208 ore
2568 3145 2986 3208 conteruntur
3001 3189 3021 3222 ‚
3060 3142 3277 3208 oculos
3303 3141 3542 3207 faciunt
3566 3142 3892 3226 lacryma-

2337 3250 2418 3314 ri.
2451 3248 2557 3315 Sic
2580 3247 2833 3314 articuli
2871 3249 3021 3314 fidei
3041 3297 3062 3327 ‚
3093 3249 3148 3312 si
3184 3248 3480 3330 diligenti
3518 3249 3895 3314 considera-

2337 3358 2513 3423 tione
2536 3361 2601 3423 et
2625 3357 2854 3423 devota
2877 3356 3208 3422 affectione
3227 3360 3547 3437 teruntur,
3564 3355 3898 3440 lacrymas

2339 3465 2707 3547 producunt
2750 3463 3172 3530 contritionis
3202 3461 3615 3546 Exempliflca
3638 3464 3720 3530 de
3743 3464 3898 3547 qui-

2337 3572 2611 3638 busdam
2636 3571 2943 3637 articulis.
2989 3570 3108 3636 Per
3144 3569 3335 3635 talem
3363 3570 3556 3635 fldem
3589 3575 3892 3635 montem

2337 3681 2737 3761 peccatorum
2774 3696 2815 3742 a
2858 3682 2920 3742 te
2964 3677 3306 3742 transferre
3344 3681 3545 3760 potes,
3589 3677 3740 3744 Haec
3785 3682 3896 3744 est

2339 3786 2535 3866 fides,
2596 3804 2710 3870 per
2765 3803 2962 3869 quam
3028 3783 3338 3850 Dominus
3402 3789 3706 3869 tanquam
3765 3805 3896 3870 par

2341 3890 2579 3956 ostium
2620 3895 2882 3976 apparet
2923 3891 3117 3956 etiam
3156 3892 3224 3956 in
3268 3891 3552 3957 trinitate
3577 3910 3891 3977 persona-

2340 4017 2512 4064 rum.
2538 3999 2716 4066 Unde
2734 4000 3012 4065 Abrahae
3029 4000 3272 4065 sedenti
3296 4001 3366 4063 in
3392 4000 3554 4067 ostio
3573 4019 3890 4085 apparue-

2340 4111 2494 4172 runt
2510 4111 2639 4174 tres
2654 4108 2782 4175 viri
2801 4111 3037 4173 stantes
3055 4125 3252 4191 prope
3269 4125 3445 4189 eum,
3463 4113 3542 4174 ut
3565 4109 3858 4175 dicitur¹¹
3871 4156 3889 4173 .

2423 4214 2510 4279 De
2551 4214 2740 4281 tertio
2769 4216 2816 4257 ¹³
2846 4237 2862 4279 ε
2904 4238 2936 4278 ι
2958 4214 3273 4299 Apparuit
3324 4214 3403 4280 de
3453 4219 3668 4281 monte
3711 4214 3893 4281 Pha-

2341 4339 2496 4403 ran,
2527 4327 2593 4387 et
2626 4340 2776 4387 cum
2800 4340 2879 4388 eo
2917 4326 3285 4388 sanctorum
3310 4321 3530 4387 millia.
3565 4343 3598 4383 x·
3626 4321 3894 4388 Pharan

2343 4429 2518 4495 enim
2563 4429 2740 4510 ferus
2785 4429 3257 4513 interpretatur.
3308 4428 3383 4494 In
3427 4446 3666 4511 magna
3705 4430 3892 4494 enim

2342 4537 2589 4604 feritate
2612 4536 2940 4620 apparebit
2964 4540 3183 4601 contra
3208 4535 3511 4619 reprobos
3526 4584 3547 4617 ,
3576 4538 3639 4600 et
3663 4540 3894 4601 contra

2342 4644 2595 4710 eosdem
2636 4647 3002 4709 sanctorum
3043 4642 3246 4706 millia
3280 4642 3739 4726 prophetarum
3758 4690 3782 4721 ,
3821 4646 3895 4708 et

2343 4752 2800 4835 apostolorum,
2835 4753 3196 4832 martyrum
3212 4794 3230 4829 ,
3260 4751 3407 4828 etc„
3438 4747 3592 4812 item
3617 4748 3891 4831 angelo·

2342 4875 2493 4923 rum
2521 4856 2720 4922 millia
2744 4856 3021 4922 millium
3047 4856 3129 4920 ¹⁸:
3166 4878 3198 4918 ι
3224 4853 3421 4920 Millia
3456 4854 3734 4920 millium
3757 4856 3894 4921 mi-

2343 4964 2699 5030 nistrabant
2722 4964 2784 5029 ei
2798 5012 2821 5044 ‚
2850 4967 2915 5029 et
2938 4964 3144 5029 decies
3179 4969 3444 5027 centena
3468 4961 3671 5027 millia
3693 4965 3893 5030 assis-

2344 5072 2560 5137 tebant
2599 5072 2682 5139 ei.
2714 5093 2746 5133 n
2781 5069 3128 5153 Gregorius
3163 5072 3235 5133 ¹⁴.
3262 5093 3294 5132 α
3330 5069 3489 5136 Ecce
3534 5089 3716 5137 mora
3755 5090 3894 5137 non

2344 5269 2388 5305 ¹·
2410 5268 2614 5332 Hatita„
2649 5280 2788 5333 ιω,
2816 5271 2896 5320 19.
2928 5295 2990 5307 -
3025 5268 3066 5304 ¹¹
3100 5267 3247 5332 Gen„
3280 5278 3439 5332 xvm,
3471 5269 3522 5318 2.
3545 5292 3610 5306 —
3650 5268 3687 5304 ¹⁸
3715 5268 3892 5327 Dent..

2345 5351 2539 5403 xxxm,
2567 5342 2616 5392 2.
2645 5366 2710 5379 -—
2733 5341 2778 5377 ¹⁸
2803 5340 2953 5405 Dan„
2981 5350 3076 5405 vn,
3110 5343 3188 5391 ¹⁰.
3210 5363 3274 5377 —
3297 5337 3340 5375 ¹⁸
3365 5339 3543 5404 Greg„
3569 5338 3639 5390 ad
3667 5339 3893 5392 uma-ic.

2345 5412 2501 5476 Auo..
2525 5412 2635 5462 ind.
2668 5423 2740 5477 xi,
2768 5411 2918 5477 epist.
2949 5423 3080 5475 uu,
3109 5410 3177 5461 ai.
3204 5422 3273 5463 οι.
