4059 6317
742 418 820 486 32
1832 413 2250 488 SERMONES
2290 415 2391 484 DE
2430 411 2826 488 TEMPORE.

738 571 871 619 non
909 555 1235 635 admittet,
1276 555 1431 640 quia
1465 555 1659 621 nullis
1700 555 1997 640 precibus
2042 555 2276 638 poterit

737 667 894 727 tunc
934 668 1222 746 peccator
1274 683 1313 727 a
1354 664 1579 728 mortis
1630 664 1946 729 sententia
1984 661 2268 727 liberari.

742 768 900 834 Item
928 788 1197 835 munera
1221 789 1351 835 non
1380 770 1713 854 suscipiet,
1742 771 1895 854 quia
1921 769 2102 834 nulla
2125 773 2278 833 tunc

739 878 969 960 poterit
991 878 1132 943 fleri
1154 878 1386 943 oblatio
1412 896 1530 961 pro
1557 882 1832 959 peccato.
1861 876 2042 943 Unde
2068 877 2144 942 de
2176 875 2279 940 bis

739 984 945 1047 tribus
988 983 1457 1049 conditionibus
1502 985 1738 1050 furoris
1793 986 1996 1049 severi
2045 983 2279 1066 judicis

739 1089 968 1154 Christi
1015 1090 1244 1156 dicitur
1274 1093 1292 1127 ¹
1346 1113 1363 1155 z
1413 1092 1594 1158 Zetus
1641 1099 1700 1160 et
1748 1093 1930 1172 furor
1973 1092 2111 1158 viri
2149 1107 2280 1157 non

734 1202 953 1279 parcet
978 1197 1052 1263 in
1080 1197 1190 1263 die
1233 1197 1539 1264 vindicta·
1565 1217 1588 1262 .·
1618 1216 1760 1262 ecce
1788 1198 2096 1280 primum.
2145 1198 2279 1268 Nec

738 1304 1095 1387 acquiescet
1111 1304 1492 1388 cuiusquam
1518 1305 1810 1388 precibus
1834 1323 1858 1369 .·
1887 1322 2031 1369 ecce
2059 1322 2279 1369 secun·

739 1411 921 1476 dum.
966 1412 1111 1479 Non
1153 1415 1425 1495 accipiet
1469 1428 1584 1495 pro
1634 1411 2059 1494 redemptione
2108 1410 2281 1478 dona

738 1518 1025 1601 plurima
1041 1537 1065 1583 .·
1091 1538 1235 1584 ecce
1261 1520 1545 1585 tertium.
1570 1520 1832 1601 Propter
1857 1519 1981 1583 hoc
2007 1519 2099 1582 ait
2126 1518 2277 1583 Ber-

743 1626 981 1714 nardus
1002 1628 1025 1663 '
1055 1648 1071 1689 z
1111 1650 1142 1688 α
1165 1625 1387 1691 Veniet
1411 1627 1545 1691 dies
1565 1625 1784 1708 judicii
1806 1674 1825 1706 ‚
1857 1625 1968 1690 ubi
1997 1624 2145 1708 plus
2172 1644 2279 1690 va-

742 1733 964 1799 lebunt
986 1750 1149 1816 pura
1167 1733 1357 1797 corda
1376 1781 1394 1812 ‚
1423 1750 1618 1817 quam
1641 1736 1851 1797 astuta
1873 1732 2099 1811 verba;
2127 1750 2275 1797 con-

742 1839 1004 1904 scientia
1025 1840 1194 1904 bona
1210 1888 1228 1919 ,
1255 1857 1452 1921 quam
1477 1838 1800 1921 marsupia
1827 1838 2013 1921 plena
2040 1856 2282 1920 :quan-

744 1947 826 2011 do
858 1945 1061 2027 judex
1089 1964 1217 2009 non
1260 1945 1432 2009 fallet
1475 1962 1681 2027 neque
1724 1944 1976 2009 falletur
2023 1944 2236 2008 verbis
2256 1993 2278 2024 ‚

744 2071 954 2136 neque
979 2053 1268 2117 flectetur
1291 2052 1495 2117 donis.
1519 2074 1551 2111 n

871 2283 1236 2361 DOMINIGA
1286 2284 1365 2358 IV
1411 2283 1814 2359 ADVENTUS
1857 2282 2151 2360 DOMINI.

1143 2452 1433 2523 SERMO
1478 2452 1806 2522 PRIMUS
1834 2461 1880 2521 ⁸.

825 2589 1055 2656 Parate
1080 2591 1258 2655 viam
1299 2589 1561 2656 Domini
1584 2588 1631 2652 ⁸.
1677 2587 1953 2653 Joannes
1979 2586 2280 2669 Baptista,

743 2703 1053 2781 tanquam
1096 2697 1304 2762 bonus
1351 2697 1696 2780 discipulus
1735 2699 1798 2760 et
1837 2712 2035 2760 verus
2077 2712 2286 2778 praeco

744 2806 977 2869 missus
1003 2804 1082 2869 ad
1111 2804 1593 2887 praeparandam
1616 2804 1788 2866 viam
1809 2802 1939 2867 veri
1968 2801 2284 2882 Magistri,

746 2910 972 2990 magni
1021 2907 1215 2990 Regis
1238 2958 1255 2990 ‚
1306 2910 1474 2991 aequi
1518 2909 1778 2987 Judicis,
1827 2908 1979 2973 Jesu
2030 2906 2283 2986 Christi,

750 3017 968 3081 volens
1015 3016 1297 3080 officium
1323 3034 1364 3079 a
1392 3014 1519 3078 Deo
1545 3015 1667 3078 sibi
1697 3016 2057 3097 injunctum
2098 3013 2281 3078 obse·

748 3123 861 3208 qui
887 3121 1250 3203 diligenter,
1280 3123 1351 3185 in
1379 3121 1574 3186 verbo
1600 3121 1920 3204 proposito
1950 3121 2069 3185 tria
2093 3121 2275 3185 facit:

749 3231 959 3313 primo
985 3229 1317 3312 praemittit
1334 3228 1826 3294 admonitionem
1855 3227 2283 3308 excitativum,

749 3341 824 3402 ut
857 3356 896 3401 a
940 3354 1167 3402 somno
1212 3336 1448 3419 peccati
1501 3351 1955 3416 resurgamus;
2010 3336 2287 3399 secundo

751 3463 907 3510 vero
952 3444 1128 3509 addit
1187 3443 1697 3508 informationem
1757 3440 2129 3506 directivam
2152 3490 2170 3521 ,
2213 3445 2288 3506 ut

751 3552 1013 3633 regulas
1047 3553 1208 3616 bene
1238 3550 1496 3617 vivendi
1521 3566 1886 3627 sumamus;
1913 3549 2101 3613 tertio
2127 3550 2282 3613 sub·
2323 3581 2328 3588 ·

743 3660 967 3743 jungit
991 3659 1472 3742 explicationem
1499 3657 1828 3735 motivam,
1857 3659 1935 3720 ut
1957 3655 2082 3719 Deo
2099 3656 2282 3720 obse·

751 3768 905 3850 quio
948 3766 1182 3831 humili
1224 3782 1655 3830 occurramus.
1706 3761 1923 3828 Primo
1956 3761 2287 3845 praemittit

752 3874 1252 3939 admonitionem
1333 3872 1739 3936 excitativam
1760 3918 1778 3949 ‚
1837 3873 1912 3934 ut
1965 3888 2005 3934 a
2058 3888 2284 3935 somno

752 3980 985 4062 peccati
1011 3997 1451 4061 resurgamuS‚
1481 3996 1629 4043 cum
1655 3977 1805 4042 dicit
1834 3999 1850 4041 ι
1884 3977 2116 4044 Parate
2133 3999 2158 4049 .·
2186 3995 2289 4042 se-

751 4087 962 4152 cundo
1006 4086 1179 4151 addit
1217 4086 1726 4150 informationem
1771 4084 2140 4152 directivam
2156 4132 2181 4164 ,
2216 4088 2288 4149 ut

749 4193 1046 4275 regulam
1084 4194 1244 4257 bene
1286 4192 1543 4258 vivendi
1572 4209 1923 4270 sumamus,
1955 4209 2104 4255 cum
2130 4190 2284 4255 sub·

748 4301 842 4366 dit
886 4323 903 4365 ι
937 4302 1133 4367 viam.
1198 4298 1374 4364 Sicut
1424 4299 1599 4364 enim
1647 4299 1755 4364 via
1799 4298 2141 4363 materialis
2192 4302 2289 4363 est

748 4408 1043 4491 quasdam
1096 4409 1329 4488 regula
1378 4407 1732 4471 rectificans
1793 4405 2144 4485 bominem,
2204 4423 2287 4470 ne

750 4518 920 4579 erret
951 4531 1067 4596 per
1093 4512 1302 4592 devia,
1337 4512 1447 4577 sed
1479 4512 1716 4577 ducens
1743 4511 1823 4575 ad
1849 4511 2285 4577 babitaculum

749 4621 1062 4701 civitatis3
1112 4620 1204 4684 sic
1249 4617 1592 4701 spiritualis
1631 4617 1738 4683 via
1774 4618 2163 4701 poenitentiae
2190 4620 2288 4682 est

749 4727 1047 4811 quaedam
1089 4727 1321 4809 regula
1361 4726 1712 4791 rectificans
1755 4727 2082 4792 hominem
2110 4746 2150 4791 a
2175 4726 2283 4791 de·

748 4835 872 4900 viis
919 4851 1210 4900 errorum
1225 4880 1242 4912 ,
1274 4851 1605 4916 quousque
1655 4834 1955 4915 perducat
2006 4851 2158 4898 eum
2205 4833 2286 4897 ad

749 4940 1187 5006 habitaculum
1214 4939 1434 5022 patriae
1456 4938 1746 5005 coelestis.
1778 4938 1990 5004 Tertio
2017 4939 2287 5022 subjun-

753 5047 852 5129 git
876 5046 1364 5131 explicationem
1383 5046 1713 5126 motivam,
1741 5052 1815 5112 ut
1842 5045 2088 5111 Christo
2113 5046 2288 5110 obse·

817 5247 830 5275 ¹
862 5246 1026 5306 prov..
1051 5255 1123 5307 vl,
1160 5245 1239 5296 34.
1272 5267 1333 5280 —
1367 5242 1390 5277 ⁸
1418 5242 1683 5307 Bernard.,
1717 5241 1788 5293 ad
1820 5242 2038 5306 Βάκι-1.,
2066 5241 2215 5306 epist.
2248 5254 2288 5307 1,

750 5326 806 5368 n.
834 5315 883 5365 7.
916 5339 979 5354 -
1009 5314 1033 5350 ⁸
1067 5316 1216 5372 Hunc
1247 5325 1356 5364 non
1393 5312 1550 5364 habet
1581 5313 1702 5364 edit.
1732 5312 1890 5365 Paris.
1935 5327 2019 5363 an.
2054 5315 2192 5364 1521.
2220 5337 2286 5351 —

749 5387 771 5423 ⁸
799 5385 940 5450 Luc„
967 5397 1056 5452 ιιι,
1083 5388 1133 5437 4.
1169 5411 1231 5424 —
1264 5386 1289 5423 ⁸
1317 5383 1455 5437 Peal.
1479 5396 1654 5450 cnm,
1681 5388 1730 5436 δ.
1758 5409 1820 5424 -
1848 5386 1867 5417 ·
1893 5383 2066 5449 Heba,
2092 5394 2169 5447 ιν,
2205 5385 2281 5436 13.

2384 556 2539 637 quio
2585 556 2820 621 humili
2873 574 3287 625 occurramus
3309 607 3328 640 ,
3366 559 3503 626 ibi:
3538 558 3816 639 Domino,
3838 556 3897 623 id

2384 668 2477 729 est
2506 662 2775 729 Christo.
2913 665 2922 672 ’

2467 770 2588 835 Sed
2647 772 2801 854 quia
2855 771 3119 836 tertium
3158 772 3368 855 tangit
3409 772 3620 855 ipsum
3677 771 3904 834 ratione

2384 877 2554 955 finiS,
2586 878 2727 943 ideo
2752 878 2961 961 primo
2988 879 3319 943 videamus
3353 878 3459 943 hic
3496 876 3743 941 Domini
3771 894 3904 959 pro-

2385 985 2719 1065 prietates3
2766 986 3045 1050 secundo
3089 986 3543 1051 multiformem
3590 985 3731 1065 ejus
3767 1000 3902 1065 pro-

2385 1092 2729 1174 prietatum
2758 1092 3197 1157 excellentiam
3230 1114 3246 1158 t
3281 1095 3357 1157 ut
3377 1094 3569 1175 juxta
3593 1089 3909 1154 modulum

2387 1202 2622 1262 nostrae
2668 1197 3103 1280 possibilitatis
3152 1214 3586 1281 praeparemus
3640 1195 3808 1260 viam
3857 1195 3912 1258 ei

2383 1303 2730 1368 habitaculi
2763 1304 3078 1369 mentalis.
3110 1304 3311 1369 Habet
3341 1307 3675 1386 propterea
3712 1299 3912 1363 Domi·
3965 1308 4017 1409 ἓξ

2387 1429 2513 1475 nus
2567 1416 2783 1477 noster
2844 1413 2911 1475 in
2965 1431 3035 1477 se
3085 1410 3397 1494 triplicem
3451 1408 3910 1493 proprietatem,
3958 1429 4019 1483 tri,

2386 1519 2631 1582 ratione
2675 1520 2776 1603 cuj
2785 1537 2861 1583 us
2886 1524 2980 1583 est
3010 1519 3328 1583 sufficiens
3366 1521 3576 1582 motor
3603 1532 3914 1599 praepara·
3938 1503 4019 1596 ἵζ’

2385 1625 2601 1689 tionis.
2651 1623 2867 1690 Prima
2915 1630 3128 1692 autem
3167 1625 3517 1709 proprietas
3537 1631 3635 1690 est
3664 1624 3914 1708 profun-

2386 1734 2550 1798 ditas
2594 1734 2918 1817 sapientiae
2939 1784 2957 1815 ,
3004 1735 3248 1799 ratione
3274 1736 3460 1818 cujus
3490 1736 3588 1798 est
3615 1732 3913 1812 magister

2386 1841 2925 1924 sapientissimus;
2960 1842 3233 1908 secunda
3279 1841 3630 1925 proprietas
3675 1844 3772 1903 est
3807 1857 3914 1902 sn-

2385 1948 2664 2012 blimitas
2715 1949 3045 2030 potentiae,
3102 1948 3345 2013 ratione
3402 1949 3587 2030 cujus
3657 1950 3756 2010 est
3805 1963 3910 2009 rex

2388 2056 2904 2138 potentissimus3
2949 2056 3135 2121 tertia
3162 2055 3510 2140 proprietas
3533 2057 3630 2120 est
3659 2054 3912 2137 aequitas

2380 2164 2668 2245 justitiae,
2697 2164 2941 2228 ratione
2966 2165 3151 2246 cujus
3178 2167 3274 2228 est
3293 2164 3493 2246 judex
3517 2161 3912 2244 aequissimus

2388 2274 2453 2334 et
2513 2270 2923 2334 rectissimae.
2977 2269 3056 2334 Et
3108 2270 3199 2333 sic
3214 2317 3235 2349 ,
3284 2270 3528 2334 ratione
3579 2269 3909 2342 bonorum,

2388 2376 2583 2441 habet
2641 2377 3084 2442 certitudinem
3144 2376 3575 2459 cognitionis;
3634 2377 3912 2457 respectu

2391 2487 2708 2551 malorum
2727 2535 2745 2564 ‚
2776 2486 3059 2568 regalem
3096 2486 3630 2568 gubernationem
3654 2503 3673 2564 ;
3703 2488 3761 2548 et
3789 2501 3910 2547 res-

2391 2597 2576 2674 pectu
2612 2597 3016 2658 mortuorum
3045 2596 3110 2657 et
3131 2592 3457 2671 vivorum,
3486 2590 3912 2655 sententiatem

2382 2699 2912 2780 jurisdictionem.
2963 2698 3181 2764 Primo
3224 2696 3513 2762 Christus
3538 2702 3639 2761 est
3674 2697 3913 2778 magis-

2392 2808 2489 2869 ter
2531 2804 3036 2887 sapientissimus
3079 2805 3320 2869 ratione
3357 2802 3803 2886 profunditatis
3825 2820 3910 2866 sa-

2392 2913 2668 2996 pientiae.
2720 2912 2900 2999 Unde
2941 2914 3008 2977 in
3062 2911 3314 2977 Psalmo
3338 2912 3361 2947 ⁸
3401 2933 3417 2976 ε
3458 2911 3735 2993 Maqnus
3794 2911 3912 2976 Do-

2390 3024 2610 3089 minus
2641 3029 2876 3101 noster,
2919 3027 2980 3090 et
3021 3038 3258 3105 maana
3294 3022 3503 3088 virtus
3547 3018 3710 3101 ejus,
3739 3026 3796 3086 et
3823 3036 3918 3085 sa·

2386 3134 2656 3214 pientioe
2705 3131 2841 3214 ejus
2899 3148 3030 3198 non
3068 3137 3162 3200 est
3201 3147 3524 3198 numerus.
3575 3127 3740 3194 Vere
3789 3144 3913 3195 ma-

2389 3256 2556 3323 anus
2619 3240 2930 3308 Dominus
2980 3246 3228 3319 noster,
3290 3239 3442 3322 quia
3495 3237 3762 3302 intimus
3811 3256 3912 3303 cu-

2383 3346 2649 3429 juslibet
2688 3347 2784 3411 rei
2831 3351 3142 3412 scrutator
3187 3347 3256 3410 in
3307 3345 3569 3411 essendo
3611 3367 3629 3409 ε
3677 3349 3740 3410 et
3787 3338 3916 3409 ideo

2391 3471 2521 3516 non
2595 3456 2893 3535 putemus
2958 3470 3109 3518 eum
3180 3452 3400 3517 abesse
3423 3501 3439 3532 ,
3501 3470 3654 3517 cum
3717 3453 3915 3518 locum

2390 3560 2533 3640 ejus
2576 3558 2909 3624 foedamuS.
2951 3559 3032 3624 Et
3076 3575 3312 3641 maana
3343 3559 3557 3626 virtus
3590 3557 3752 3641 ejus,
3779 3558 3914 3641 quia

2391 3667 2867 3750 potentissimus
2918 3668 2989 3732 in
3034 3668 3305 3751 agendo.
3373 3667 3518 3733 Ideo
3577 3686 3730 3733 cum
3764 3667 3917 3731 mala

2391 3773 2885 3854 committimus»,
2940 3793 3071 3839 non
3119 3779 3415 3858 putemus
3468 3791 3727 3857 poenam
3789 3791 3919 3838 eva·

2391 3876 2576 3955 dere,
2630 3880 2818 3961 cujus
2877 3878 3222 3961 imperium
3281 3878 3785 3959 deturpavimus.
3849 3874 3920 3940 Et

2389 3986 2731 4065 sapientioe
2773 3983 2911 4066 eius
2946 4000 3078 4051 non
3117 3990 3212 4052 est
3228 3999 3553 4064 numerus,
3583 3984 3741 4068 quia
3765 3999 3914 4067 prae-

2389 4090 2782 4156 sentissimus
2824 4091 2894 4156 in
2946 4091 3382 4173 cognoscendo
3421 4096 3533 4156 :et
3583 4090 3730 4157 ideo
3780 4106 3917 4155 cum

2390 4198 2845 4265 committimus
2920 4201 3169 4283 turpia,
3226 4218 3354 4265 non
3429 4203 3731 4283 putemus
3780 4215 3917 4264 eum

2390 4308 2729 4389 ignorare,
2767 4306 2923 4391 quia
2947 4307 2972 4345 ⁸
2999 4308 3200 4375 oculis
3242 4307 3381 4389 &us
3428 4305 3777 4406 infallibilis
3826 4323 3921 4369 sa·

2390 4414 2644 4497 pientiae
2688 4416 2909 4482 omnia
2951 4414 3137 4482 nuda
3180 4420 3239 4483 et
3282 4420 3505 4498 aperta
3545 4421 3721 4482 suni.
3753 4413 3920 4479 Unde

2392 4520 2737 4603 Gregorius
2759 4527 2782 4564 ‘¹
2815 4540 2885 4586 :c
2912 4521 3138 4588 Oculos
3162 4523 3408 4588 clausos
3433 4523 3502 4588 in
3525 4522 3656 4588 sole
3682 4528 3913 4599 tenens,

2391 4646 2510 4693 nec
2556 4632 2619 4694 te
2662 4628 2810 4713 ipsi,
2839 4629 2950 4693 sed
2976 4629 3188 4713 ipsum
3212 4630 3327 4694 tihi
3351 4629 3705 4696 abscondis.
3737 4652 3770 4690 n
3802 4629 3917 4694 Ra·

2390 4737 2562 4801 tione
2604 4737 2721 4820 huj
2731 4755 2806 4801 us
2856 4738 3296 4820 profunditatis
3332 4738 3658 4822 sapientiai
3694 4738 3917 4804 dicitur

2391 4844 2457 4908 in
2512 4843 2764 4909 Psalmo
2811 4844 2897 4925 (α)
2923 4844 2946 4879 ⁸
2980 4864 2998 4909 τ
3029 4844 3346 4912 Recedant
3398 4850 3605 4914 vetera
3663 4845 3744 4912 de
3817 4860 3915 4912 ore

2390 4956 2618 5030 vestro,
2647 4950 2802 5033 quia
2827 4950 2992 5017 Deus
3017 4953 3437 5019 scientiarum
3472 4953 3784 5020 Dominus
3809 4957 3913 5030 est,

2390 5063 2449 5125 et
2475 5060 2609 5141 ipsi
2627 5063 3084 5141 praeparantur
3127 5060 3536 5142 coqitationes
3564 5078 3588 5125 .·
3617 5059 3802 5144 quasi
3826 5059 3913 5125 di·

2390 5258 2452 5270 —
2480 5232 2503 5269 ‘¹
2533 5231 2713 5298 Greg.,
2743 5232 2949 5296 Hor-al„
2979 5232 3068 5283 tib.
3103 5231 3260 5294 XXV,
3290 5244 3346 5282 n.
3380 5236 3459 5297 11,
3487 5231 3656 5297 quoad
3692 5243 3909 5283 sensum.

2388 5330 2454 5342 —
2480 5304 2501 5334 ⁸
2530 5305 2552 5354 1
2585 5303 2725 5369 Rea„
2755 5316 2816 5368 n,
2850 5307 2897 5354 3.

2454 5384 2523 5451 (a)
2551 5384 2672 5450 [κς.
2698 5383 2754 5435 in
2776 5384 2986 5439 cantico
3016 5387 3195 5437 ΑΒΜ.
