4059 6317
896 461 1278 531 DOMlNICA
1319 462 1400 532 XI
1442 463 1643 533 POST
1683 464 2266 536 Pssmoosrm.
2311 470 2576 539 SERMO
2614 473 2665 539 Ι.

187 596 455 663 coelestis
495 596 746 680 gloriae,
785 597 898 664 sed
934 598 1014 676 de
1050 599 1356 683 ejectione
1402 600 1728 666 infernalis

185 703 589 787 ignominiae.
621 705 834 772 Unde¹
865 728 881 770 ε
924 729 955 768 c
981 705 1124 787 Ego
1151 706 1462 773 Dominus
1499 708 1729 774 humi-

184 810 340 876 liavi
365 810 621 892 lignum
641 811 939 893 sublime,
960 815 1024 878 et
1038 814 1312 880 exaltavi
1331 815 1592 897 lignum
1612 817 1733 883 hu·
1765 835 1780 852 ·

186 918 361 984 mile.
387 941 420 979 n
458 918 661 984 Causa
685 925 901 985 autem
922 921 1194 1004 justitiae
1216 922 1418 1005 hujus
1439 928 1505 989 et
1529 925 1730 1008 aequi-

185 1027 331 1093 tatis
357 1031 477 1108 est,
507 1027 659 1111 quia
685 1032 923 1112 quanto
947 1030 1097 1113 quis
1131 1032 1346 1114 magis
1370 1050 1439 1096 se
1466 1032 1724 1111 exaltat,

185 1140 246 1200 et
286 1154 480 1220 supra
507 1154 577 1200 se
618 1136 923 1218 erigitur,
971 1141 1151 1204 tanto
1194 1140 1410 1206 minus
1456 1141 1729 1207 honorat

186 1243 410 1324 Deum,
438 1247 504 1309 et
527 1262 568 1308 a
590 1245 1028 1327 superioribus
1053 1263 1123 1310 se
1148 1247 1445 1330 elongat,
1475 1252 1539 1313 et
1563 1249 1724 1314 infe--

184 1351 463 1426 rioribus
489 1369 558 1416 se
583 1352 837 1435 subjicit
867 1373 885 1415 ε
916 1370 991 1418 ac
1025 1371 1140 1436 per
1162 1353 1286 1419 hoc
1328 1356 1542 1438 magis
1567 1357 1730 1440 deji-

185 1458 373 1524 citur.
403 1458 527 1524 Sed
553 1478 588 1524 e
613 1477 944 1542 converso,
985 1464 1225 1544 quanto
1253 1464 1401 1546 quis
1425 1464 1638 1546 magis
1659 1483 1730 1530 se

182 1565 504 1647 humiliat,
533 1569 712 1633 tanto
738 1569 953 1651 magis
990 1569 1265 1634 honorat
1293 1570 1491 1636 Deum
1511 1620 1527 1648 ,
1559 1576 1624 1636 et
1647 1573 1732 1637 ad

183 1675 518 1756 superiora
557 1676 1026 1760 appropinquat
1039 1724 1059 1754 ,
1097 1682 1161 1742 et
1183 1677 1593 1745 inferioribus
1615 1698 1725 1746 sn-

183 1781 579 1864 per-ponium
609 1799 687 1846 ac
711 1799 827 1865 per
850 1783 974 1848 hoc
995 1785 1172 1866 justo
1198 1783 1309 1849 Dei
1324 1775 1570 1868 judi'cio
1598 1805 1730 1853 ma-

185 1889 290 1971 gis
317 1888 718 1954 exaltabitur.
750 1889 1079 1971 Rogemus
1105 1908 1291 1975 ergo,
1319 1896 1444 1957 etc.

285 2123 656 2203 DOMINIGA
700 2127 790 2202 XI
832 2126 1021 2203 POST
1062 2125 1623 2206 PENTEGOSTEN.

585 2295 875 2368 SERMO
918 2297 1247 2368 PRIMUS
1272 2303 1321 2369 ¹.

266 2433 502 2501 Statim
541 2438 774 2515 apertoe
805 2439 960 2501 sunt
993 2450 1178 2503 aures
1220 2434 1358 2519 eiua
1381 2438 1425 2503 ⁸.
1458 2437 1728 2521 Aperire

183 2537 491 2605 debemus
529 2540 768 2619 oculos,
797 2558 1010 2621 aures,
1038 2559 1134 2620 os,
1164 2561 1399 2609 manus
1436 2566 1453 2611 ε
1484 2531 1729 2627 oculos,

184 2648 264 2714 ad
290 2649 679 2714 credendum
719 2649 1028 2730 fideliter3
1057 2668 1269 2732 aures,
1300 2653 1382 2717 ad
1422 2653 1729 2719 obedien-

184 2755 345 2821 dum
381 2755 712 2823 humiliter
730 2776 748 2833 ;
783 2774 880 2834 os,
910 2758 992 2822 ad
1024 2757 1418 2843 loquendum
1444 2762 1729 2845 utiliter;

184 2879 447 2941 manus,
477 2862 558 2927 ad
584 2863 1097 2930 subveniendum
1130 2867 1646 2933 miserIcorditer.

263 2970 353 3036 De
380 2971 591 3054 primo
615 2971 639 3007 ⁸
666 2993 682 3035 ε
720 2993 753 3033 α
777 2971 834 3036 A
861 2973 1100 3038 saeculo
1128 2992 1263 3040 non
1289 2981 1385 3041 oet
1411 2977 1730 3056 auditum,

185 3079 358 3163 qnod
385 3078 533 3162 quis
565 3081 813 3162 aperuit
840 3081 1059 3146 oculos
1084 3084 1235 3148 caeci
1260 3086 1417 3149 nati.
1451 3107 1483 3145 s
1520 3083 1609 3149 De
1633 3085 1735 3149 his

184 3186 388 3252 oculis
409 3188 432 3224 ⁸
461 3209 478 3252 ς
519 3210 552 3249 α
581 3186 767 3253 Pater
797 3188 1029 3271 gloriae
1055 3190 1160 3255 det
1185 3193 1370 3257 vobis
1403 3194 1483 3276 (a)
1516 3192 1735 3258 oculos

184 3294 515 3377 sapientia
557 3297 625 3359 et
668 3295 1076 3360 revelationis
1096 3345 1114 3375 ‚
1167 3298 1234 3362 in
1277 3300 1604 3380 agnitione
1651 3300 1728 3383 (b)

185 3402 351 3483 ejus,
385 3400 774 3467 illuminatos
816 3402 1036 3468 oculos
1077 3403 1284 3468 cordis
1326 3406 1524 3471 vestri
1564 3406 1664 3489 (ο).
1689 3428 1723 3466 n

185 3508 585 3591 Aperiantur
627 3512 843 3573 autem
889 3527 1005 3592 per
1052 3514 1318 3594 sputum
1365 3515 1428 3577 et
1473 3512 1728 3594 lutum;

187 3617 363 3684 unde
390 3633 615 3681 versus
645 3636 662 3681 ι

251 3777 339 3829 Est
366 3789 490 3828 caro
511 3777 691 3828 nostra
716 3777 901 3842 lutum,
928 3776 1093 3830 Patris
1119 3777 1370 3844 sapientia
1394 3784 1621 3846 sputum.

184 3941 357 4009 Bene
398 3945 616 4008 autem
660 3941 1003 4027 Sapientia,
1034 3960 1184 4027 quae
1221 3947 1319 4009 est
1357 3943 1557 4009 Filius
1596 3945 1731 4026 Dei,

185 4048 595 4131 significatur
617 4065 733 4130 per
757 4053 1022 4131 sputum
1047 4050 1126 4115 de
1148 4065 1261 4115 ore
1287 4051 1633 4133 procedens
1657 4052 1679 4087 ⁸
1713 4070 1731 4117 z

194 4179 226 4228 ι
253 4156 401 4238 Ego
434 4173 517 4220 ex
543 4173 654 4220 ore
680 4155 988 4220 Altissimi
1015 4157 1237 4239 prodii,
1266 4178 1299 4219 n
1344 4161 1462 4222 etc.
1494 4157 1735 4224 Lutum

185 4282 348 4347 ergo
378 4266 476 4328 est
501 4279 650 4327 caro
686 4266 903 4327 nostra
923 4262 948 4298 '¹
980 4285 996 4358 ς
1033 4286 1065 4323 «
1097 4261 1447 4344 Memento,
1488 4283 1734 4348 quaeso,

185 4373 361 4457 quod
389 4372 555 4436 sicut
570 4370 782 4435 lutum
798 4368 1018 4434 feceris
1045 4389 1172 4452 me,
1196 4394 1229 4432 n
1259 4376 1380 4437 etc.
1402 4371 1735 4454 Regratie-

187 4499 339 4546 mur
367 4497 529 4560 ergo
556 4477 667 4544 Dei
693 4476 880 4557 Filio,
909 4478 1082 4561 quod
1105 4480 1174 4543 in
1199 4479 1410 4544 lutum
1430 4498 1500 4545 se
1525 4482 1741 4565 posuit

186 4593 455 4674 propter
480 4606 620 4666 nos,
649 4591 725 4651 ut
751 4601 870 4652 nos
903 4586 983 4652 dc
1016 4586 1153 4652 luto
1181 4589 1489 4654 vitiorum
1521 4595 1738 4654 extm-

185 4698 396 4764 heret.
445 4695 778 4762 psalmista
803 4701 827 4738 ⁸
866 4718 882 4760 ε
924 4718 956 4757 α
994 4694 1184 4778 Eripe
1209 4715 1315 4762 me
1353 4698 1433 4763 de
1470 4697 1631 4778 luto,
1664 4703 1739 4764 ut

186 4823 322 4871 non
354 4804 618 4887 infigar,
647 4824 683 4864 ι
707 4807 834 4882 etc.
881 4801 1121 4868 Lutum
1156 4821 1314 4887 ergo
1356 4821 1518 4871 cum·
1551 4810 1740 4891 sputo

187 4930 387 4998 snper
411 4910 630 4977 oculos
671 4910 956 4995 ponitur,
983 4911 1238 4993 quando
1271 4911 1555 4980 Verbum
1591 4932 1738 4980 caro

188 5020 478 5087 creditur
504 5037 523 5084 ε
547 5024 613 5084 et
633 5018 728 5083 sic
755 5022 897 5102 post
920 5017 1228 5083 lotionem
1256 5020 1557 5104 baptismi
1585 5023 1735 5100 illu-

255 5185 275 5221 ¹
306 5181 509 5244 Emi„
546 5191 690 5247 xvn,
729 5183 810 5233 24.
836 5208 900 5221 -
937 5182 962 5217 ¹
996 5183 1146 5234 Hunc
1180 5182 1336 5236 babet
1369 5199 1575 5252 quoque
1613 5186 1735 5238 edit.

195 5255 361 5308 Paris.
387 5268 470 5305 an.
499 5255 643 5305 152¹.
670 5277 731 5292 --
757 5253 780 5289 ¹
806 5253 984 5318 Herc„
1009 5257 1106 5318 vn,
1135 5256 1214 5306 35.
1237 5281 1299 5294 -
1325 5256 1345 5288 ⁴
1367 5262 1531 5319 loun„
1557 5270 1631 5319 ix,
1655 5260 1737 5309 32.

195 5353 257 5366 —
281 5328 305 5363 ⁸
333 5326 540 5391 Ephes„
566 5336 604 5388 1,
634 5327 799 5376 17-18.
820 5351 876 5362 —
905 5323 927 5357 ⁶
952 5326 1126 5386 Βαὰλ,
1154 5337 1300 5389 ΗΠ,
1330 5331 1377 5379 5.
1402 5355 1464 5367 —
1489 5331 1513 5366 ⁷
1539 5330 1652 5391 Job,
1680 5341 1738 5394 x,

193 5402 242 5448 9.
271 5421 330 5435 --
367 5396 388 5423 ⁸
417 5395 550 5447 Paul.
579 5405 770 5459 uviri,
795 5399 875 5446 46.
904 5420 967 5434 -·
998 5396 1023 5431 ⁹
1047 5397 1210 5458 Rom„
1235 5409 1323 5460 m,
1352 5401 1433 5450 24.
1462 5425 1518 5437 -
1547 5402 1591 5437 ¹·
1618 5402 1735 5464 lta„

196 5482 258 5534 L,
302 5470 408 5521 t·5.
449 5492 513 5506 --
554 5468 589 5503 ¹¹
629 5467 764 5529 Luc-0
796 5477 881 5534 11,
913 5470 991 5524 20.
1032 5493 1108 5512 --
1134 5469 1174 5510 ²²
1209 5469 1347 5534 Luc„
1388 5483 1530 5537 xxii,
1565 5475 1644 5528 50.
1675 5495 1739 5514 -κ

3267 473 3386 543 393

1840 603 2168 669 minantur
2190 605 2362 671 oculi
2386 607 2776 687 animatum,
2796 608 2951 692 quia
2968 610 3124 675 dnm
3146 609 3386 677 divini-

1843 715 1948 800 taq
1968 711 2284 778 defectum
2312 715 2521 780 carnis
2549 716 2845 800 suscepit,
2874 717 3236 784 humanum
3266 735 3382 802 ge-

1838 837 1966 883 nus
1990 819 2230 900 lumen,
2258 823 2430 905 quod
2456 823 2776 905 amiserat,
2798 827 3057 908 recepit.
3089 825 3223 891 Hoc
3253 827 3383 893 uti-

1839 945 1964 1009 que
2001 927 2338 1012 collyrium
2370 931 2573 1012 gratis
2610 930 2893 1014 recipere
2917 933 3259 1014 possumus
3279 983 3298 1014 ,
3324 937 3389 998 et

1838 1035 2042 1113 gratis
2082 1032 2432 1100 illuminari
2461 1056 2573 1119 per
2610 1036 2932 1102 Christum
2958 1044 2981 1079 ⁸
3023 1059 3039 1103 ε
3079 1061 3110 1100 α
3143 1038 3387 1105 iustifi-

1838 1140 1963 1204 cati
1989 1141 2194 1221 gratis
2221 1160 2336 1225 per
2365 1144 2641 1223 gratiam
2667 1143 2892 1227 ipsius,
2922 1167 2954 1205 n
2981 1149 3109 1210 etc.

1918 1247 2321 1344 Desecundo
2361 1250 2595 1316 dicitur
2637 1252 2745 1316 hic
2794 1276 2811 1317 :
2863 1253 3111 1321 Statim
3155 1261 3391 1337 apmoe

1837 1362 1991 1425 sunt
2012 1373 2205 1424 aures
2221 1358 2384 1439 qius.
2402 1359 2451 1425 Ο
2472 1377 2670 1442 quam
2688 1365 2935 1443 apertas
2947 1379 3136 1428 aures
3152 1362 3390 1428 habent

1837 1465 2194 1530 scholastici
2223 1485 2438 1531 coram
2466 1467 2798 1549 magistro,
2832 1451 2909 1532 ut
2930 1469 3180 1552 capiant
3209 1474 3274 1535 et
3296 1472 3390 1535 te-

1837 1577 2030 1636 neant
2055 1572 2384 1640 lectionem
2406 1619 2424 1652 ,
2457 1592 2541 1638 ne
2570 1568 2991 1640 verberentur
3016 1573 3210 1657 virga
3246 1591 3387 1640 cor-

1837 1680 2169 1745 rectionis!
2222 1678 2348 1745 Sed
2392 1686 2455 1745 et
2494 1699 2613 1746 uos
2658 1681 2966 1748 debemus
3005 1682 3241 1747 habere
3280 1701 3389 1748 eas

1837 1791 2111 1869 apertas,
2125 1806 2210 1852 ne
2227 1787 2643 1853 verberemur
2661 1788 2852 1871 virga
2868 1789 3292 1855 damnationis
3306 1792 3384 1857 ¹⁰:

1847 1915 1878 1955 α
1904 1892 1985 1958 Ut
2010 1894 2272 1959 audiam
2300 1900 2610 1979 tanquam
2640 1897 3049 1979 magistrum,
3074 1896 3386 1964 Dominus

1838 1999 2005 2066 Deus
2044 2002 2299 2084 aperuit
2337 2003 2500 2067 mihi
2532 2021 2798 2084 aurem3
2824 2021 2953 2086 ego
2994 2009 3211 2070 autem
3252 2023 3388 2071 non

1837 2092 2225 2191 contradico,
2256 2114 2610 2175 retrorsum
2641 2129 2771 2176 non
2795 2111 2945 2175 abii.
2978 2131 3010 2171 a
3054 2110 3386 2189 Quomodo

1837 2223 2056 2284 autem
2074 2220 2464 2303 aperiantur,
2491 2220 2848 2286 ostenditur
2870 2221 2998 2301 hic,
3025 2220 3181 2304 qnia
3206 2221 3384 2286 misit

1838 2326 2120 2409 digitum
2167 2327 2238 2391 in
2280 2326 2638 2393 auriculam
2685 2331 2852 2410 ejus.
2905 2328 3102 2410 Digiti
3154 2328 3383 2394 Christi

1840 2435 1996 2497 sunt
2021 2435 2189 2499 dona
2216 2434 2490 2518 Spiritus
2515 2435 2715 2500 sancti
2744 2437 2787 2472 ¹¹
2822 2457 2837 2500 ε
2879 2458 2912 2497 α
2942 2434 3016 2501 In
3044 2436 3251 2518 digito
3276 2434 3388 2502 Dei

1838 2542 2024 2624 ejicio
2064 2541 2404 2623 daemonia,
2447 2564 2479 2602 ι
2515 2548 2635 2628 etc.
2684 2543 2843 2609 Ecce
2885 2549 3170 2627 apparet,
3215 2544 3388 2628 quod

1839 2647 2083 2712 clausas
2124 2647 2349 2713 habuit
2388 2667 2600 2731 aurea,
2633 2650 2702 2716 id
2735 2656 2851 2732 est,
2902 2650 3334 2716 inobedientes
3364 2674 3381 2717 z

1838 2755 2039 2838 digito
2076 2755 2209 2836 Dei,
2259 2756 2322 2820 id
2366 2759 2460 2821 est
2501 2755 2744 2840 Spiritu
2781 2760 3022 2837 sancto,
3061 2773 3194 2823 non
3256 2764 3390 2824 tan·

1842 2869 2113 2946 guntur.
2145 2862 2326 2929 Unde
2352 2864 2562 2929 adhuc
2598 2883 2639 2929 a
2669 2864 2922 2930 diabolo
2958 2881 3090 2930 non
3128 2870 3280 2932 sunt
3312 2866 3389 2931 li-

1837 2970 2063 3051 berati,
2096 2972 2208 3054 qui
2248 2970 2459 3036 solum
2496 2970 2619 3036 hoc
2654 2971 2862 3053 digito
2898 2972 3175 3055 ejicitur.
3206 2971 3390 3037 Tales

1839 3094 2001 3158 ergo
2053 3082 2459 3143 contumaces
2539 3095 2728 3143 aures
2795 3078 2878 3142 ad
2933 3078 3387 3158 obediendum,

1839 3183 2099 3267 quando
2124 3202 2257 3249 non
2296 3185 2674 3268 aperiuntur
2714 3183 2820 3249 Dei
2856 3185 3088 3268 digito,
3134 3203 3391 3251 necesse

1838 3295 1954 3371 est,
1984 3295 2063 3356 ut
2089 3291 2473 3375 quandoque
2501 3291 2809 3356 feriantur
2835 3291 3010 3357 Petri
3040 3292 3286 3375 gladio,
3325 3293 3389 3358 id

1839 3403 1972 3479 est,
2003 3399 2317 3464 sententia
2351 3399 3029 3467 excommunicationis
3054 3402 3100 3438 ¹¹
3129 3423 3145 3464 ε
3173 3422 3206 3462 α
3227 3402 3388 3466 Am-

1838 3507 2093 3590 putavit
2119 3506 2472 3572 auriculam
2495 3507 2635 3588 ejus
2659 3505 2972 3572 dextram.
3002 3528 3034 3567 n
3074 3504 3215 3573 Non
3235 3523 3392 3592 per·

1840 3616 2040 3681 cussit
2081 3615 2255 3681 aliud
2309 3615 2697 3695 membrum,
2755 3631 2953 3698 quam
3007 3616 3387 3696 auricuhm,

1839 3723 1996 3808 quia
2019 3724 2158 3789 sola
2192 3722 2619 3788 inobedientia
2644 3727 2994 3788 contumax
3019 3741 3393 3790 excommu-

1838 3831 2179 3897 nicationis
2199 3829 2417 3912 gladio
2436 3829 2722 3895 ferienda
2745 3836 2861 3896 est.
2887 3831 3156 3909 Quidam
3174 3836 3390 3898 autem

1838 3955 1974 4003 non
2016 3937 2431 4019 attendentes,
2468 3955 2760 4018 manum,
2805 3938 3054 4021 pedem,
3092 3944 3158 4004 et
3194 3940 3393 4022 quod-

1839 4064 2120 4128 cumque
2154 4045 2525 4110 membrum
2554 4050 2910 4128 amputant,
2950 4045 3207 4129 quando
3239 4064 3394 4129 pro-

1841 4158 1982 4239 pter
2026 4152 2377 4238 quamlibet
2418 4171 2679 4218 causam
2713 4145 3394 4219 excommunicationis

1840 4260 2586 4327 sententiamfulminant.
2598 4260 3027 4327 Nihilominus
3036 4261 3393 4344 tamengla-

1841 4370 1984 4435 dius
2009 4368 2117 4433 ille
2142 4385 2397 4451 semper
2421 4368 2742 4433 timendus
2764 4373 2881 4433 est.
2921 4363 3268 4449 Gregorius
3296 4369 3342 4406 ¹⁸
3370 4388 3387 4431 ε
3446 4395 3449 4396 ’

1849 4501 1882 4541 α
1909 4478 2140 4543 Utrum
2160 4478 2335 4558 Juste
2358 4494 2440 4539 an
2469 4475 2708 4557 injuste
2735 4476 2974 4557 obliget
3001 4482 3237 4559 pastor,
3277 4495 3396 4560 pa-

1841 4586 2030 4651 storis
2056 4589 2274 4650 tamen
2292 4582 2602 4648 sententia
2614 4582 2898 4647 timenda
2911 4588 3028 4646 est.
3047 4581 3161 4648 Vae
3187 4583 3246 4646 ei
3275 4583 3389 4666 (d),

1841 4693 1956 4777 qui
2000 4693 2240 4770 subest,
2288 4692 2528 4773 injuste
2575 4689 2630 4753 si
2683 4690 2758 4773 (e)
2812 4689 3080 4754 forsitan
3122 4688 3391 4771 ligatur,

1839 4802 2044 4886 ipsam
2089 4817 2225 4865 suae
2274 4797 2686 4879 obligationis
2725 4797 3102 4862 sententiam
3148 4815 3235 4861 ex
3268 4797 3395 4862 alia

1841 4910 2029 4991 culpa
2054 4910 2337 4972 meretur
2360 4906 2461 4986 (f).
2479 4926 2512 4966 n

1920 5015 2009 5081 De
2037 5015 2223 5079 tertio
2252 5013 2298 5057 ¹⁸
2330 5034 2347 5077 ε
2375 5032 2410 5073 ι
2434 5012 2743 5094 Apertum
2761 5013 2857 5075 est
2872 5009 3043 5075 illico
3069 5027 3143 5074 os
3170 5011 3385 5093 quast

1847 5161 1891 5198 ¹⁸
1916 5161 2155 5225 Gregor„
2196 5157 2248 5207 in
2290 5153 2506 5219 Evanq„
2547 5154 2688 5205 hom.
2732 5161 2884 5216 xxvi,
2923 5165 2980 5204 n.
3018 5153 3067 5204 6.
3093 5176 3156 5191 -
3186 5149 3229 5191 ’δ
3253 5154 3390 5217 Luc„

1847 5244 1885 5298 Ι,
1906 5234 1993 5387 (6434).
2013 5319 2136 5372 Goet.
2160 5317 2283 5368 edit.
2312 5313 2584 5368 dutnohis.
2614 5338 2676 5351 —
2706 5312 2775 5376 (ὁ)
2803 5314 2930 5366 Item
2958 5313 3296 5380 agnitionem.
3316 5339 3389 5356 ,-

1845 5396 1905 5460 (e)
1963 5394 2086 5443 Item
2132 5390 2313 5443 now.
2364 5413 2427 5428 —
2468 5387 2553 5451 (d)
2598 5386 2681 5438 Al.
2729 5388 2866 5452 apud
2907 5387 3059 5453 (ἶνες.
3102 5399 3171 5439 ne
3214 5387 3276 5441 ts,
3328 5409 3392 5432 .-

1848 5469 1909 5538 (e)
1938 5468 2061 5519 Item
2088 5470 2142 5519 et
2166 5477 2284 5519 cum
2313 5462 2522 5529 injuste.
2549 5461 2699 5526 -ffl
2728 5461 2855 5513 uem
2881 5465 3155 5516 meream.
