4059 6317
1163 479 1245 547 IN
1288 476 1536 545 COENA
1580 468 1877 543 DOMlNl.
1920 468 2186 539 SERMO
2228 469 2337 537 ΙΙΙ.

193 621 549 686 devotionem
570 669 588 698 ‚
631 618 715 684 ad
740 615 1263 682 communionem
1281 663 1303 694 ,
1346 615 1426 679 ad
1475 613 1692 678 defen-

192 730 429 808 sionem,
449 730 527 793 ad
551 727 1109 792 beatificationem.
1137 723 1318 789 Utilis
1343 722 1571 805 utique
1596 723 1692 785 est

191 836 347 900 nobis
372 836 445 901 ad
485 833 853 917 augendam
884 833 1164 914 gratiam
1187 881 1205 909 ‚
1254 830 1335 895 ad
1379 827 1690 911 accipien-

192 943 315 1007 dam
338 942 814 1023 Eucharistiam‚
845 942 928 1007 ad
952 940 1314 1006 habendam
1334 937 1690 1014 victoriam,

192 1049 257 1114 ad
279 1050 768 1134 consequendam
799 1050 1102 1131 gloriam.

255 1157 332 1222 De
363 1159 561 1241 primo
588 1160 608 1194 ¹
644 1179 658 1220 :
698 1181 729 1218 α
750 1157 1074 1223 Lavabam
1100 1156 1334 1238 butyro
1366 1153 1556 1236 pedes
1577 1198 1599 1230 ‚
1630 1153 1698 1214 et

192 1268 346 1346 petra
383 1266 682 1331 fundebat
709 1265 873 1329 mihi
921 1264 1095 1330 rivos
1137 1263 1280 1328 olei.
1307 1284 1339 1322 n
1373 1260 1694 1344 Butyrum

191 1372 381 1437 ovium
404 1378 495 1438 est
512 1422 534 1452 ,
564 1374 632 1437 in
659 1391 789 1456 quo
812 1372 1072 1439 lavandi
1113 1375 1264 1436 sunt
1291 1370 1504 1453 pedes.
1537 1366 1690 1435 ovis

192 1486 375 1544 autem
409 1479 694 1545 Christus
733 1485 832 1546 est
851 1482 874 1516 ¹
907 1500 924 1544 ε
962 1502 994 1541 α
1022 1479 1200 1545 Sicut
1225 1480 1367 1543 ovis
1410 1477 1492 1543 ad
1527 1476 1689 1541 occi-

191 1587 401 1652 sionem
436 1587 667 1653 ductus
711 1594 827 1653 est.
855 1611 886 1648 n
922 1587 1239 1669 Butyrum
1287 1588 1382 1651 est
1430 1583 1694 1668 pinguis

192 1693 385 1759 Christi
409 1695 715 1759 doctrina.
756 1694 997 1778 Butyro
1037 1712 1199 1776 ergo
1223 1694 1543 1773 lavantur,
1574 1691 1688 1774 qui

189 1801 255 1866 ad
277 1801 486 1866 Christi
524 1802 882 1868 doctrinam
909 1805 1462 1884 compunguntur.
1509 1797 1698 1864 Mun·-

190 1908 326 1973 datis
349 1915 552 1975 autem
578 1909 948 1989 affectibuS,
975 1909 1185 1990 gratia
1215 1908 1572 1974 devotionis
1598 1925 1696 1972 ac-

189 2017 347 2081 cedit.
371 2017 511 2082 Ideo
523 2016 822 2100 sequitur
864 2038 880 2081 ε
917 2016 1156 2082 «Petra
1189 2015 1498 2081 fundebat
1535 2015 1699 2080 mihi

189 2123 339 2189 rivos
364 2126 499 2189 olei.
527 2148 560 2185 >³
597 2123 787 2189 Petra
831 2128 1047 2188 autem
1089 2126 1228 2188 erat
1271 2123 1556 2189 Christus
1575 2172 1597 2204 ,
1631 2125 1701 2188 in

190 2250 301 2313 qua
324 2232 609 2298 columba
642 2232 983 2315 requiescit
1022 2250 1138 2315 per
1178 2230 1653 2296 meditationem
1672 2279 1694 2310 ,

193 2357 290 2420 per
316 2340 688 2406 desiderium
711 2389 728 2417 ‚
771 2359 888 2423 per
913 2356 1202 2405 amorem
1231 2343 1254 2380 ⁸
1286 2361 1301 2403 ε
1337 2362 1369 2401 α
1393 2339 1700 2405 Columba

192 2462 313 2509 mea
336 2447 398 2511 in
419 2447 843 2512 foraminibus
878 2450 1076 2530 petrae
1089 2494 1105 2527 ‚
1134 2468 1165 2506 n
1193 2446 1257 2511 id
1297 2450 1393 2511 est
1408 2495 1429 2526 ,
1471 2447 1698 2512 vulne-

191 2552 343 2618 ribus
367 2553 611 2619 Christi.
658 2553 862 2620 Laves
900 2572 1062 2636 ergo
1112 2553 1303 2636 pedes
1332 2552 1567 2620 animae
1583 2603 1601 2635 ,
1647 2554 1701 2617 si

195 2659 378 2725 oleum
408 2663 762 2729 devotionis
801 2666 864 2727 et
902 2663 1131 2745 gratiae
1160 2661 1238 2727 de
1278 2661 1701 2727 foraminibus

195 2775 364 2851 petrae
386 2773 480 2836 vis
503 2772 765 2837 habere.
799 2771 1164 2837 Bernardus
1191 2771 1213 2805 ⁸
1238 2793 1254 2836 ε
1276 2794 1306 2831 «
1328 2770 1452 2836 Per
1477 2772 1597 2836 has
1619 2770 1702 2835 ri-

194 2894 312 2941 mas
329 2879 466 2945 licet
493 2880 658 2945 mihi
693 2898 927 2962 sugere
953 2880 1081 2944 mel
1108 2879 1188 2944 de
1219 2882 1397 2962 petra
1415 2926 1436 2957 ,
1468 2879 1706 2944 oleum-

195 3002 300 3065 que
322 2988 394 3053 de
420 3008 576 3054 saxo
607 2989 972 3054 durissimo,
999 3011 1031 3050 ι)

257 3093 335 3159 De
358 3098 633 3163 secundo
659 3096 893 3162 dicitur
914 3099 936 3134 ⁸
966 3095 1042 3161 de
1070 3096 1149 3179 (a)
1180 3096 1558 3180 patriarchis
1581 3097 1704 3161 fra-

195 3200 372 3266 tribus
399 3202 654 3286 «loseph,
702 3204 878 3286 quod-
918 3226 949 3265 ιι
972 3204 1269 3269 laverunt
1303 3204 1493 3287 pedes
1531 3223 1705 3286 suOS,

195 3305 462 3392 deditque
494 3309 566 3392 (b)
596 3310 836 3394 pabula
879 3311 1073 3376 asinis
1117 3328 1346 3376 eorum
1376 3333 1392 3375 ε
1428 3310 1522 3375 illi
1549 3329 1702 3377 vero

193 3418 247 3475 et
273 3421 786 3499 praeparaverunt
824 3436 1096 3483 munera
1113 3467 1129 3499 ,
1172 3419 1371 3483 donec
1395 3418 1701 3500 ingrede-

191 3528 345 3589 retur
382 3527 617 3611 Joseph
657 3528 924 3593 meridie
960 3546 978 3592 ε
1008 3527 1351 3593 audierunt
1397 3527 1573 3592 enim
1626 3527 1698 3612 (c)

191 3633 338 3712 quod
373 3634 465 3698 ibi
501 3635 846 3705 comesturi
889 3640 1099 3701 essent
1129 3653 1384 3718 panem.
1403 3656 1435 3695 n
1468 3633 1503 3699 J
1505 3634 1703 3718 oseph

190 3735 482 3806 Christum
513 3741 836 3824 significat
861 3745 1117 3823 propter
1143 3741 1576 3807 venditionem
1591 3790 1612 3821 ,
1642 3744 1705 3807 et

189 3854 420 3931 propter
492 3851 733 3915 tunicae
806 3853 1020 3914 exutae
1093 3849 1701 3931 sanguinolentiam.

190 3952 395 4022 Christi
425 3959 599 4024 enim
629 3958 851 4024 tunica
890 3962 985 4023 est
1020 3976 1166 4023 caro
1207 3961 1347 4041 ejus
1389 3960 1706 4042 sanguine

188 4065 418 4143 perfusa
440 4114 459 4147 ,
515 4084 666 4150 quae
710 4066 905 4131 etiam
947 4067 1162 4131 anima
1207 4067 1277 4131 in
1336 4071 1541 4132 morte
1588 4066 1709 4131 ruit

188 4176 379 4236 exuta.
411 4172 602 4237 Panis
641 4191 836 4256 quem
883 4191 1032 4238 cum
1069 4172 1304 4257 Joseph
1346 4173 1701 4240 manduca-

186 4295 348 4361 mus,
377 4299 608 4365 corpus
652 4279 880 4346 Christi
907 4282 1078 4366 quod
1103 4284 1426 4348 sumimus
1451 4331 1468 4361 ‚
1508 4302 1704 4367 quem

187 4383 278 4449 hic
299 4390 428 4454 suis
454 4389 782 4472 discipulis
805 4389 996 4453 dedit.
1027 4390 1143 4455 Hic
1173 4395 1270 4454 est
1295 4391 1478 4474 panis
1508 4408 1704 4474 quem

186 4490 334 4560 Elias
356 4498 575 4580 petiit⁸
603 4516 642 4561 a
669 4497 938 4562 muliere
962 4498 1297 4580 colligente
1323 4499 1451 4563 duo
1479 4498 1662 4580 ligna
1685 4547 1702 4579 ‚

188 4616 315 4681 qua».
370 4623 626 4669 crucem
668 4605 898 4669 Christi
952 4606 1265 4687 figurant.
1327 4604 1489 4682 Quia
1543 4623 1707 4687 ergo

186 4706 452 4777 Christus
481 4713 787 4778 celebrari
808 4712 950 4777 vult
967 4713 1048 4777 ab
1065 4712 1337 4778 Ecclesia
1355 4713 1479 4777 hoc
1504 4731 1711 4778 saera-

188 4824 457 4886 mentum
485 4821 554 4886 in
591 4822 908 4887 memoria
950 4841 1089 4888 suae
1138 4821 1597 4888 immolationis
1639 4824 1710 4888 in

186 4943 355 4995 cruce
387 4954 402 4997 :
432 4932 574 4996 ideo
600 4951 641 4995 a
667 4931 939 4996 muliere
978 4930 1318 5012 colligente
1353 4932 1483 4997 duo
1526 4931 1710 5014 ligna

186 5039 485 5118 quaesivit.
517 5039 586 5104 Si
611 5057 848 5122 panem
895 5038 1090 5120 digne
1130 5056 1283 5103 cum
1321 5036 1559 5119 Joseph
1609 5039 1711 5105 vis

186 5148 551 5214 manducare
593 5196 612 5224 ‚
683 5147 874 5229 pedes
933 5145 1278 5212 affectuum
1346 5147 1710 5232 lacrymosa

239 5271 259 5305 ¹
284 5272 389 5335 Job,
415 5286 561 5336 xxix,
589 5277 642 5324 6.
670 5298 734 5311 -
763 5274 786 5307 ²
810 5273 925 5331 lm„
955 5284 1070 5335 Lm,
1098 5275 1147 5323 7.
1174 5298 1235 5313 -
1264 5272 1288 5308 ⁸
1317 5273 1485 5337 Cant„
1515 5284 1584 5335 11,
1633 5277 1709 5325 14.

189 5364 246 5377 -—
283 5344 305 5378 ⁸
344 5344 521 5407 Rern„
561 5348 620 5393 in
662 5343 832 5404 Cant„
868 5357 1020 5395 serm.
1064 5356 1190 5407 ιιι,
1226 5358 1281 5395 n.
1325 5346 1372 5395 4.
1406 5370 1470 5381 —
1509 5346 1532 5381 ⁸
1567 5345 1708 5404 Gen„

190 5421 332 5478 12111,
365 5418 528 5466 24-25.
566 5441 630 5453 -
668 5415 690 5445 ⁸
734 5414 799 5464 ΙΙΙ
831 5415 967 5480 Req„
1006 5427 1138 5479 xvxi,
1174 5419 1252 5466 12.
1291 5442 1357 5454 -
1382 5417 1405 5451 '¹
1445 5418 1621 5481 Greg.,
1658 5418 1712 5466 in

191 5483 390 5550 qu„
411 5487 553 5539 hom.
580 5489 980 5550 xxxvu,n.9.-—
998 5489 1017 5519 ⁸
1044 5486 1182 5548 Tob„
1197 5490 1333 5549 v1‚2.
1361 5513 1424 5527 —
1440 5489 1460 5519 ⁹
1484 5489 1597 5551 lob,
1623 5500 1714 5552 n,

3225 470 3342 534 193

1804 608 2291 692 compunctione
2307 606 2473 685 lava,
2496 622 2766 671 munera
2781 604 3166 683 orationum,
3188 604 3346 669 elee-

1802 733 2219 799 mosynarum
2243 720 2307 779 et
2330 716 2649 779 bonorum
2676 730 2941 797 operum
2970 731 3148 795 para,
3173 712 3352 778 sieut·

1804 822 1883 888 de
1930 822 2139 887 Cassio
2196 822 2500 905 Episcopo
2538 820 2869 886 Narniensi
2914 820 2997 904 (d)
3041 820 3341 886 scribitur

1806 931 1874 994 iu
1902 930 2181 995 homiliis
2196 930 2220 965 '¹
2246 952 2262 994 ε
2306 952 2336 991 α
2359 928 2594 995 Cuncta
2620 946 2767 1012 quas
2793 928 3064 993 habebat
3089 932 3162 992 in
3186 928 3343 993 elee-

1806 1039 2093 1123 mosynis
2118 1038 2437 1119 tribuens,
2468 1056 2619 1104 cum
2646 1037 2725 1102 ad
2770 1038 2997 1102 horam
3039 1036 3347 1101 offerendi

1805 1147 2096 1212 sacrificii
2141 1147 2456 1224 venisset,
2502 1145 2679 1210 velut
2717 1147 2891 1210 totus
2939 1145 3008 1209 in
3045 1144 3347 1226 lacrymis

1807 1256 2094 1321 defluens
2129 1302 2146 1333 ‚
2195 1254 2606 1337 semetipsum
2660 1272 2810 1320 cum
2853 1271 3099 1335 magna
3143 1252 3350 1319 cordis

1809 1363 2186 1428 contritione
2206 1363 2541 1428 mactabat.
2570 1386 2601 1421 ι)

1891 1471 1978 1536 De
1991 1472 2179 1536 tertio
2195 1470 2218 1506 ⁸
2242 1492 2259 1536 t
2286 1470 2567 1553 «Exivit,
2592 1473 2665 1536 ut
2685 1470 2931 1536 lavaret
2950 1470 3140 1554 pedes
3167 1486 3346 1548 suos;

1808 1584 1872 1646 et
1892 1600 2036 1646 ecce
2053 1579 2242 1665 piscis
2259 1580 2560 1645 immanis
2582 1579 2782 1648 exivit
2797 1579 2879 1645 ad
2905 1578 3344 1645 devorandum

1810 1707 1962 1754 enm
1987 1739 2003 1770 ,
2031 1710 2064 1748 υ
2097 1689 2334 1753 scilicet
2376 1687 2664 1753 Tobiam.
2729 1687 2913 1752 Hune
2958 1688 3197 1770 piscem
3240 1703 3355 1769 per

1809 1796 2195 1880 Raphaelem
2240 1797 2699 1862 confortantem
2749 1795 3096 1879 superavit.
3161 1793 3355 1859 Piscis

1807 1906 1925 1969 iste
1950 1904 2240 1970 diabolus
2266 1910 2361 1969 est
2392 1926 2408 1968 ε
2436 1904 2543 1968 hic
2570 1904 2723 1988 quia
2746 1905 3107 1969 humanum
3134 1920 3345 1985 genus

1810 2015 2165 2095 devorarat,
2196 2014 2365 2082 Deus
2394 2014 2576 2080 Pater
2598 2015 2869 2080 hamum
2890 2018 3110 2081 contra
3134 2014 3352 2099 ipsum

1812 2125 1985 2188 misit
2011 2123 2252 2189 Filium
2283 2143 2474 2190 suum
2493 2130 2517 2165 ⁹
2544 2147 2560 2188 ε
2585 2147 2616 2185 α
2634 2125 2735 2188 An
2762 2125 3096 2189 extrahere
3121 2123 3357 2208 poteris

1810 2230 2159 2297 Leviathan
2185 2230 2378 2297 hamo
2394 2233 2427 2295 ἲ
2453 2254 2483 2292 n
2521 2231 2838 2297 invadens
2864 2250 3023 2314 ergo
3062 2231 3353 2298 diabolus

1811 2338 1881 2402 in
1905 2340 2195 2422 passione
2241 2358 2452 2404 escam
2490 2338 2907 2403 humanitatis
2922 2388 2944 2418 ,
2992 2343 3214 2423 captus
3257 2342 3352 2403 est

1811 2444 2005 2509 hamo
2023 2445 2292 2512 deitatis.
2311 2444 2507 2510 Piscis
2522 2444 2788 2510 Tobiam
2806 2445 3064 2526 invasit,
3090 2445 3349 2528 quando

1811 2554 2001 2635 pedes
2036 2553 2228 2632 lavit,
2269 2554 2421 2637 quia
2464 2553 2757 2619 diabolus
2799 2553 3214 2639 poenitentem
3235 2601 3256 2633 ‚
3295 2555 3360 2618 et

1813 2660 2262 2726 conscientiam
2299 2663 2515 2727 lavare
2552 2661 2874 2727 volentem
2888 2710 2908 2743 ,
2941 2662 3225 2726 maxime
3254 2661 3356 2725 in·

1815 2769 2054 2834 festat¹⁰
2076 2768 2305 2849 altili,
2330 2770 2725 2836 accedensad
2745 2770 3146 2850 servitutem,
3170 2794 3202 2831 ι)
3234 2772 3356 2836 etc.

1815 2876 2096 2960 Raphael
2122 2876 2449 2944 medicina
2498 2879 2618 2944 Dei
2643 2878 3118 2961 interpretatur,
3163 2881 3226 2943 et
3269 2878 3355 2941 si-

1815 2986 2084 3067 gnificat
2109 2986 2453 3065 Christum,
2485 2987 2599 3071 qui
2618 2987 2802 3052 nobis
2828 2992 2892 3052 et
2918 2987 3256 3067 medicina,
3292 2991 3355 3051 et

1813 3095 2099 3159 medicus
2145 3096 2299 3173 fuit,
2344 3114 2385 3160 a
2439 3113 2570 3178 quo
2621 3096 2989 3175 confortati,
3032 3094 3358 3160 diabolum

1817 3201 2162 3268 vincimus.
2193 3202 2261 3269 Si
2287 3221 2445 3286 ergo
2473 3204 2571 3269 vis
2599 3203 2856 3268 vincere
2879 3203 3120 3285 piscem
3149 3203 3358 3267 diabo-

1814 3308 1986 3387 lum,
2015 3312 2208 3395 pedes
2240 3311 2408 3377 lava.
2439 3309 2621 3376 Tunc
2646 3310 2833 3395 quasi
2858 3310 2928 3374 in
2960 3309 3125 3374 mari
3149 3309 3359 3392 lacry-

1813 3436 2072 3484 marum
2098 3418 2501 3485 Pharaonem
2522 3468 2540 3499 ‚
2571 3420 2637 3486 id
2678 3423 2775 3484 est
2808 3418 3135 3485 diabolum
3152 3465 3176 3498 ‚
3221 3419 3357 3484 suf-

1811 3527 2003 3592 focas,
2033 3527 2081 3594 Ο
2107 3529 2394 3613 lacryma
2421 3529 2759 3595 victoriosa
2778 3577 2798 3608 ‚
2843 3528 3000 3612 quid
3026 3528 3269 3593 mirum
3298 3526 3354 3591 si

1812 3636 2016 3701 vincis
2043 3637 2368 3703 diabolum
2393 3686 2410 3716 ‚
2455 3655 2607 3702 cum
2628 3638 2822 3701 etiam
2848 3636 3066 3703 vincas
3100 3636 3303 3702 Deum
3329 3638 3362 3700 ⁴?

1812 3741 1901 3807 De
1926 3748 1988 3809 te
2014 3745 2188 3809 enim
2216 3744 2576 3810 Bernardus
2602 3745 2691 3809 ait
2717 3746 2797 3808 ¹¹:
2828 3745 2929 3809 «A
2954 3744 3347 3809 certantibus
3377 3797 3383 3803 .

1812 3851 2084 3917 inimicis
2126 3853 2450 3918 silentium
2499 3852 2778 3937 imponis
2795 3900 2817 3933 ‚
2881 3855 2944 3916 et
2970 3851 3356 3936 quandoque

1812 3961 2192 4027 sententiam
2218 3944 2431 4028 abore
2445 3962 2685 4045 judicis
2710 3960 2903 4044 rapiS.
2923 3959 3003 4024 Et
3029 3959 3188 4044 quid
3219 3958 3357 4042 plu-

1812 4070 1924 4134 ra?
1973 4069 2180 4135 vincis
2222 4068 2691 4148 invincibilem,
2741 4072 2803 4133 et
2840 4067 3007 4149 ligas
3049 4067 3353 4150 omnipo-

1813 4179 2077 4242 tentem.
2103 4200 2134 4238 n

1894 4284 1982 4349 De
2010 4290 2240 4369 quarto
2267 4285 2498 4351 dicitur
2521 4284 2593 4349 in
2621 4284 2921 4368 praesenti
2949 4282 3348 4366 Evangelio:

1816 4392 1901 4461 Si
1923 4409 2055 4460 non
2072 4393 2281 4461 lavero
2296 4398 2373 4473 te,
2394 4408 2526 4460 non
2545 4392 2800 4459 habebis
2812 4397 3059 4474 partem
3086 4410 3348 4460 mecum.

1816 4499 2109 4567 Psalmus
2138 4504 2183 4542 ¹²
2213 4523 2229 4566 z
2255 4524 2285 4563 α
2301 4501 2456 4566 Pars
2476 4519 2624 4566 mea
2648 4499 2815 4565 Deus
2848 4501 2919 4565 in
2945 4504 3281 4567 aeternum.
3310 4523 3342 4564 υ

1817 4606 1994 4673 Hanc
2018 4610 2310 4674 amittere
2332 4626 2673 4692 possumus
2697 4607 2768 4671 in
2794 4608 2917 4672 hoe
2943 4609 3209 4688 mund0,
3245 4610 3354 4674 sed

1814 4718 2042 4783 nonin
2072 4718 2252 4782 ezelo,
2284 4715 2575 4781 Primum
2594 4717 2663 4780 in
2697 4714 2883 4780 Petro
2908 4716 3347 4798 significatum

1817 4823 2047 4889 dicitur
2077 4842 2094 4888 ε
2125 4824 2200 4890 Si
2222 4840 2353 4891 non
2379 4825 2587 4891 lavero
2614 4829 2675 4890 te
2691 4871 2712 4902 ,
2742 4826 2861 4887 etc.
2892 4821 3257 4888 Secundum
3285 4825 3354 4888 in

1816 4930 2014 4997 Maria
2039 4932 2440 5014 significatur
2466 4933 2513 4969 ¹³
2546 4955 2618 4997 :a
2637 4930 2838 4995 Maria
2862 4931 3169 5012 optimam
3195 4949 3344 5014 par-

1816 5045 1949 5105 tem
1985 5040 2184 5121 elegit
2205 5088 2226 5121 ‚
2258 5060 2411 5124 ‚quae
2452 5058 2585 5106 non
2619 5039 2943 5104 auferetur
2968 5039 3048 5104 ab
3075 5058 3151 5105 ea
3183 5042 3277 5121 (e).
3320 5062 3352 5101 n

1820 5186 1899 5235 20.
1931 5210 1992 5222 -
2028 5184 2069 5221 ¹⁰
2094 5182 2276 5243 EccH„
2312 5197 2378 5247 ιι,
2415 5189 2459 5235 1.
2492 5210 2552 5223 -
2578 5186 2621 5221 ¹¹
2656 5187 2811 5237 Bern.
2844 5211 2907 5224 —
2947 5186 2982 5216 ¹²
3016 5185 3155 5237 Psal.
3186 5198 3357 5253 Lxxu,

1823 5260 1898 5308 26.
1924 5282 1986 5295 —
2019 5258 2062 5293 ¹³
2082 5257 2215 5318 Luc„
2245 5271 2298 5320 x,
2326 5261 2405 5306 41.

1886 5347 1950 5409 (ιι)
1999 5346 2118 5397 Cat.
2154 5345 2276 5396 edit.
2316 5345 2450 5396 deest
2486 5344 2568 5396 de.
2614 5371 2676 5383 —
2714 5345 2780 5410 (ὁ)
2816 5346 2996 5411 Suppl.
3037 5346 3361 5411 dispensator

1821 5415 2023 5468 domus.
2060 5442 2119 5455 —
2157 5418 2221 5481 (c)
2256 5417 2376 5468 Coet.
2406 5415 2530 5468 edit.
2562 5430 2703 5481 ergo,
2732 5440 2797 5453 -
2834 5417 2911 5482 (d)
2947 5419 3067 5469 Item
3105 5420 3360 5473 Variensi.

1825 5513 1882 5525 —
1910 5490 1973 5552 (e)
2004 5488 2129 5539 Cat.
2156 5487 2276 5539 edit.
2305 5487 2422 5539 add.
2452 5491 2550 5539 etc.
2578 5492 2687 5538 sine
2712 5501 2881 5539 cansa.
