4059 6317
1299 468 1401 536 DE
1443 468 1512 535 S.
1555 467 1900 537 AGNETE.
1946 469 2212 540 SERMO
2256 474 2304 538 Ι.
3280 484 3400 550 519

201 603 522 677 Quomodo
543 605 845 680 cogitabat
869 606 947 665 de
967 609 1186 680 stupro,
1210 620 1346 681 qum
1367 618 1494 663 non
1516 607 1750 680 poterat

202 697 433 775 aliquid
474 698 688 758 audire
722 699 799 759 de
833 699 1258 759 matrimonio?
1285 698 1450 757 Unde
1474 698 1606 773 ipsa
1640 696 1753 757 fuit

199 791 308 851 illa
347 795 680 863 Ιαιοοὲηη,
731 808 853 866 ῃω
888 794 1195 864 ωαδροαωι·
1231 797 1296 851 ut
1334 796 1559 863 civim,
1603 792 1752 850 sicut

199 885 456 946 babetur
479 885 544 944 in
566 886 796 946 Psalmo
817 888 1019 945 ¹.Vere
1045 887 1205 945 enim
1224 887 1303 945 ad
1331 886 1583 945 modum
1609 885 1752 944 civi-

195 981 334 1039 tatis
347 980 457 1040 fuit
471 980 784 1052 adificata,
802 981 945 1054 quia
966 980 1185 1039 divitiis
1205 980 1610 1056 spiritualibus
1627 982 1752 1038 tota

201 1076 403 1152 plena,
453 1076 895 1151 pulchritudine
937 1076 1120 1135 totius
1155 1076 1476 1135 honestatis
1518 1079 1748 1149 ornata,

201 1185 379 1229 muro
428 1173 485 1228 et
527 1170 689 1229 vallo
734 1170 1037 1245 pudicitiae
1073 1169 1342 1244 undique
1385 1169 1497 1229 fuit
1540 1169 1751 1228 cincta.

202 1268 297 1326 Sic
324 1281 635 1340 nunquam
660 1266 922 1341 virgines
962 1267 1177 1325 nostris
1209 1264 1579 1340 temporibus
1617 1269 1755 1323 sunt

201 1360 350 1419 tales
371 1402 390 1431 ,
448 1375 584 1435 quse
635 1363 771 1419 ante
798 1363 936 1418 sunt
984 1362 1309 1435 corruptae,
1365 1375 1550 1434 quam
1579 1361 1749 1433 aptae.

201 1453 390 1513 Fracti
436 1457 575 1513 sunt
615 1453 801 1512 modo
847 1453 1043 1523 muri,
1069 1457 1258 1527 portas
1302 1466 1584 1510 sensuum
1627 1466 1754 1509 non

203 1547 565 1607 clauduntur
578 1590 599 1618 ,
626 1547 853 1606 vallum
875 1546 1111 1605 nullum
1131 1586 1152 1615 ,
1176 1545 1378 1604 omnia
1402 1544 1754 1620 indisposita

202 1643 380 1700 σηπία
412 1645 472 1699 et
503 1644 737 1715 oportet
780 1640 950 1716 quod
974 1639 1187 1714 nuptui
1222 1639 1390 1715 prius
1421 1638 1751 1712 tradantur,

203 1750 394 1810 quam
418 1733 501 1792 ad
524 1737 764 1809 tempus
787 1733 1116 1809 pubertatis
1142 1732 1451 1806 attingant,
1483 1748 1560 1790 ne
1588 1734 1754 1806 prius

202 1828 356 1888 forte
381 1831 738 1903 stuprantur,
766 1844 951 1903 quam
977 1828 1202 1887 maritis
1227 1826 1556 1887 tradantur.
1587 1826 1754 1885 Unde

205 1924 421 1983 dieitur
446 1922 471 1957 ²
495 1942 510 1981 ε
535 1942 564 1980 α
590 1924 735 1983 Muri
760 1922 1083 1983 Jerusalem
1107 1921 1373 1996 dissipati
1399 1925 1562 1994 sunt,
1583 1942 1611 1975 »
1645 1926 1703 1980 et
1730 1924 1753 1959 ⁸

0 2040 176 2083 rison„
211 2036 244 2074 ι
269 2021 458 2092 portu
496 2017 573 2092 (a)
618 2018 745 2092 ejus
787 2020 1007 2075 exustoe
1033 2020 1170 2075 sunt
1202 2015 1346 2089 igni.
1393 2036 1424 2072 ι
1461 2018 1755 2074 Jerusalem

0 2102 175 2207 ffi—
205 2111 502 2185 virginem
527 2110 793 2186 puellam
818 2110 1052 2183 signat,
1086 2124 1220 2184 quae
1245 2124 1450 2167 muros
1478 2108 1755 2167 castitatis

0 2224 179 2281 ipopau
210 2205 427 2277 violat,
455 2208 514 2263 et
538 2206 742 2280 portas
783 2218 1065 2262 sensuum
1103 2203 1334 2261 clausas
1376 2217 1500 2260 non
1536 2205 1751 2273 servat,

0 2288 162 2393 ἓξὲξ·
207 2299 317 2357 sed
345 2315 410 2357 se
436 2299 681 2373 exponit
706 2303 1027 2373 antequam
1052 2297 1261 2355 nubat.
1290 2299 1419 2355 Non
1444 2299 1582 2353 sunt
1605 2295 1756 2354 tales

0 2414 178 2457 ‚annm
208 2392 371 2467 apud
397 2391 668 2451 Frisones
692 2391 1020 2450 christinam
1044 2390 1275 2466 puellm.
1304 2393 1452 2448 Nam
1481 2404 1628 2462 gens
1647 2388 1756 2448 illa

0 2478 155 2595 πε
209 2486 517 2545 Frisonum
548 2485 703 2545 miro
733 2485 922 2545 modo
963 2485 1286 2544 castitatem
1318 2483 1499 2554 zelat,
1527 2487 1586 2542 et
1612 2498 1755 2556 gra-

150 2567 166 2583 ’
209 2576 445 2639 vissime
470 2579 681 2655 punit,
710 2581 759 2637 si
800 2595 952 2654 quos
973 2621 992 2652 ,
1017 2578 1115 2637 vel
1158 2579 1206 2637 si
1247 2594 1398 2653 quas
1430 2581 1753 2651 wansgres-

207 2689 372 2732 sores
413 2673 735 2732 inveniant.
781 2672 954 2731 Filias
1000 2688 1143 2746 ergo
1183 2688 1321 2731 suas
1363 2671 1429 2730 in
1474 2670 1755 2730 domibus

206 2767 466 2844 propriis
505 2766 612 2825 diu
658 2770 924 2839 servant,
968 2781 1079 2825 nec
1124 2771 1259 2824 ante
1299 2764 1538 2839 triginta
1582 2763 1756 2839 quasi

207 2877 401 2921 anuos
425 2860 770 2937 permittunt
794 2859 964 2936 quod
1001 2859 1268 2918 nubant:
1300 2863 1358 2918 et
1410 2858 1548 2917 ideo
1590 2873 1714 2917 nou
1732 2902 1752 2931 ,

207 2956 361 3015 sicut
396 2959 631 3028 nostroe,
654 2954 813 3013 filios
848 2954 1078 3013 debiles
1104 2957 1162 3012 et
1193 2968 1416 3027 parvos
1444 2955 1755 3025 generant,

205 3050 318 3109 md
341 3048 617 3108 robustos
645 3053 702 3107 et
720 3063 976 3122 magnos
994 3089 1016 3119 ,
1043 3048 1194 3106 sicut
1219 3046 1582 3121 experientia
1607 3062 1754 3122 pro·

203 3144 338 3204 bat.

279 3238 471 3297 Tertio
507 3236 619 3296 fuit
645 3236 848 3295 civitas
881 3234 1047 3295 fortis
1086 3237 1144 3293 et
1174 3234 1342 3293 firme
1389 3249 1498 3309 per
1524 3234 1755 3293 donum

205 3333 569 3393 constantiae.
599 3336 747 3390 Nam
772 3331 955 3390 nullis
980 3329 1191 3401 minis,
1232 3329 1414 3388 nullis
1440 3329 1606 3388 sactis
1640 3347 1754 3406 po-

205 3429 323 3489 tuit
346 3443 383 3486 a
409 3442 521 3485 suo
553 3425 861 3501 proposito
895 3423 1244 3500 permutari.
1275 3423 1469 3482 Verba
1490 3425 1757 3499 sprevit,

204 3524 413 3596 ignem
436 3520 712 3591 extinxit,
742 3521 800 3577 et
822 3518 1078 3594 lupanar
1106 3517 1169 3575 in
1194 3517 1480 3576 orationis
1505 3516 1757 3577 domici-

204 3616 362 3675 lium
385 3613 759 3689 permutavit.
780 3615 927 3671 Nam
947 3610 1160 3669 dicitur
1184 3610 1248 3669 in
1265 3611 1558 3684 Legenda,
1586 3611 1757 3686 quod

203 3708 520 3786 prefectus
545 3707 743 3782 primo
769 3721 906 3764 eam
936 3704 1177 3767 blandis
1198 3705 1574 3763 sermonibus
1600 3721 1755 3779 prae-

201 3802 526 3875 monebat,
553 3799 771 3860 dehinc
799 3802 1020 3858 terrore
1057 3797 1356 3871 pulsabat.
1395 3798 1512 3856 Sed
1549 3797 1757 3857 Christi

203 3900 390 3973 Virgo
415 3913 542 3958 non
577 3895 986 3955 blandimento
1028 3892 1330 3952 seducitur
1347 3934 1370 3963 ,
1396 3909 1509 3952 nec
1535 3898 1757 3954 terrore

205 3992 543 4053 concutitur
558 4033 580 4064 ,
607 3990 716 4050 ssd
742 3989 958 4047 eodem
977 3987 1148 4046 vultu
1163 4029 1184 4058 ,
1213 3990 1271 4045 et
1311 3987 1528 4045 eodem
1554 3988 1757 4047 animo

203 4100 621 4165 perseverans,
638 4087 697 4142 et
721 4086 1035 4142 terrentem
1053 4080 1251 4152 simul,
1274 4085 1333 4139 et
1349 4081 1759 4141 blandientem

206 4186 417 4246 animo
460 4182 788 4242 deridebat.
831 4183 1099 4255 Cumque
1145 4178 1451 4255 praefectus
1496 4166 1754 4240 diceret:

205 4278 402 4355 Cupio
429 4277 737 4337 consulere
763 4274 1022 4335 infantiae·
1031 4276 1177 4333 tuaet
1198 4277 1340 4332 tunc
1357 4273 1462 4332 illa
1482 4275 1718 4333 dicebat
1741 4293 1756 4333 :

206 4373 343 4434 Noli
371 4370 680 4431 infantiam
706 4368 1082 4444 corporalem
1106 4368 1189 4426 ita
1215 4368 1280 4425 in
1309 4384 1404 4426 me
1431 4368 1759 4444 despicere,

203 4472 280 4526 ut
301 4469 474 4543 putes
493 4480 591 4524 me
617 4468 676 4522 te
696 4462 851 4522 velle
868 4463 1192 4538 propitium
1208 4461 1450 4520 babere.
1471 4464 1622 4536 Lege
1649 4462 1757 4522 ibi.

206 4560 329 4621 Sed
353 4559 519 4618 unde
555 4558 612 4616 ei
650 4561 813 4616 tanta
849 4556 1042 4631 potuit
1072 4571 1199 4614 esse
1225 4556 1557 4615 constantia
1574 4559 1606 4615 ‘i
1631 4559 1760 4615 Non

203 4656 324 4715 fuit
360 4653 478 4712 hoc
524 4668 646 4711 suoe
692 4651 1029 4727 potestatis,
1066 4649 1173 4708 sed
1221 4649 1409 4708 divini
1453 4651 1755 4710 muneris:

205 4748 396 4821 illius,
425 4748 705 4821 inquam,
738 4744 815 4803 de
847 4760 973 4819 quo
1016 4743 1159 4802 dicit
1202 4743 1387 4802 David
1414 4745 1436 4781 ⁸
1469 4763 1485 4801 ε
1524 4765 1551 4799 ι
1575 4745 1761 4803 Forti-

207 4842 361 4901 tudo
393 4854 531 4900 mea
544 4881 566 4912 ,
594 4843 652 4898 et
674 4839 808 4897 laus
832 4854 968 4897 mea
1014 4837 1296 4896 Dominus
1317 4879 1337 4909 ,
1378 4841 1437 4896 et
1461 4837 1648 4897 factus
1676 4843 1763 4897 est

209 4934 366 4996 mihi
393 4935 458 4993 in
484 4934 756 4993 salutem.
785 4952 816 4988 ι
841 4932 1072 4991 [labeus
1092 4931 1292 5007 itaque
1315 4931 1380 4990 in
1404 4932 1597 5008 seipsa
1623 4950 1763 4992 eum

212 5029 326 5105 qui
343 5032 430 5088 est
445 5026 718 5087 omnium
733 5023 1043 5097 fortitudo,
1063 5024 1348 5084 audiebat
1360 5025 1440 5084 ab
1459 5042 1532 5085 eo
1548 5026 1760 5085 illud⁸:

219 5144 253 5180 α
280 5127 362 5183 Ne
389 5122 600 5182 timeas
626 5136 665 5179 a
687 5119 836 5179 facie
865 5130 1104 5192 eorum3
1134 5134 1245 5178 nec
1273 5119 1434 5179 enim
1460 5123 1518 5179 te
1559 5120 1764 5180 timere

212 5212 666 5279 taciamvulms
700 5228 932 5273 eorum.
962 5215 1122 5286 Ego,
1161 5212 1382 5287 inquit,
1420 5212 1563 5273 dedi
1605 5219 1661 5274 te
1700 5215 1765 5274 in

282 5347 300 5382 ¹
341 5342 480 5396 Paeal.
508 5354 661 5404 cxxi,
688 5342 738 5392 3.
766 5366 828 5377 -
851 5341 875 5375 ⁸
905 5340 941 5389 ll
975 5338 1146 5402 Esdr„
1177 5350 1225 5401 1,
1253 5342 1302 5388 3.
1329 5364 1392 5376 -
1422 5340 1445 5375 ⁸
1475 5339 1677 5404 Jerem„
1706 5352 1766 5404 n,

219 5422 300 5469 ¹5.
322 5442 384 5455 —
407 5417 425 5446 ⁸
455 5413 596 5467 Psal.
621 5423 783 5476 cun,
813 5414 891 5462 14.
913 5435 975 5449 —
998 5411 1022 5446 ⁸
1043 5410 1246 5473 Jerem„
1276 5422 1311 5474 1,
1339 5412 1510 5461 1749.
1536 5439 1595 5449 —
1617 5412 1763 5472 ⁸100,

1855 605 2151 667 civitatem
2178 610 2471 671 munitam
2490 656 2510 687 ,
2549 617 2608 673 et
2642 615 2987 675 columnam
3024 617 3278 677 ferream
3295 660 3313 691 ,
3343 621 3404 677 et

1856 714 2099 758 murum
2127 719 2358 762 aeneum
2373 748 2393 778 ,
2423 709 2481 764 et
2514 723 2694 782 super
2722 724 2963 767 omnem
2998 712 3236 770 terram.
3269 732 3299 767 n
3334 714 3402 771 Et

1830 794 2155 877 ‚sequium
2194 797 2551 859 «Bellabunt
2578 793 2894 862 adversum
2918 809 2993 873 te,
3024 807 3083 863 et
3102 821 3226 864 non
3254 818 3401 882 pras-

1855 888 2184 949 valebunt:
2227 891 2373 967 quia
2414 910 2529 968 ego
2574 886 2773 954 tecum
2806 912 2940 955 sum
2959 941 2980 970 ,
3022 898 3167 956 dicit
3207 900 3403 958 Domi-

1855 996 2031 1041 nus.»
2063 986 2378 1054 Quomodo
2397 991 2599 1062 posset
2620 990 2778 1049 vinci
2803 991 2902 1050 vel
2913 991 3163 1067 perdere
3178 993 3277 1067 (b),
3299 994 3403 1069 qui

1857 1091 2061 1135 secum
2108 1077 2291 1138 habet
2332 1081 2800 1157 omnipotentem
2822 1127 2842 1156 ,
2885 1084 3299 1144 fortificantem
3347 1090 3406 1144 et

1858 1169 2242 1243 adjuvantem
2257 1175 2289 1232 ‘t
2310 1174 2425 1234 Sed
2443 1175 2550 1233 ubi
2575 1175 2757 1236 hodie
2776 1178 3080 1250 fortitudo,
3109 1194 3235 1237 non
3262 1179 3398 1237 dico

1857 1267 2086 1324 tantum
2114 1265 2178 1324 in
2210 1265 2501 1341 foeminis,
2532 1270 2639 1328 sed
2674 1271 2735 1328 in
2776 1272 2961 1331 viris?
2997 1272 3161 1331 Unde
3189 1270 3405 1332 dicitur

1857 1358 2099 1417 cuilibet
2126 1364 2394 1419 nostrum
2420 1360 2479 1420 ⁶:
2516 1384 2545 1416 «
2574 1363 2679 1422 Ubi
2708 1368 2795 1422 est
2824 1363 3110 1424 fortitudo
3140 1371 3269 1437 tua,
3298 1381 3404 1440 pa-

1857 1453 2061 1511 tientia
2088 1456 2217 1526 tua,
2246 1457 2304 1514 et
2331 1455 2614 1530 perfectio
2641 1458 2875 1515 viarum
2909 1460 3190 1517 tuarum?
3215 1459 3404 1530 Venit,

1857 1545 2071 1620 lnquit,
2101 1552 2356 1621 superte
2385 1547 2583 1623 plaga,
2614 1553 2671 1608 et
2700 1549 2999 1623 defecisti3
3030 1550 3217 1624 tetigit
3242 1557 3319 1625 te,
3347 1557 3407 1611 et

1861 1639 2247 1699 conturbatus
2268 1656 2350 1700 es.
2380 1662 2408 1696 s
2431 1642 2572 1712 Quis
2588 1642 2794 1710 hodie,
2812 1659 2934 1703 non
2960 1643 3097 1703 dico
3123 1645 3203 1702 ad
3228 1644 3404 1717 facta,

1858 1733 1967 1791 sed
1993 1733 2222 1809 patiens
2247 1735 2544 1794 invenitur
2569 1736 2649 1795 ad
2676 1737 2863 1796 verba
2879 1740 2911 1796 ‘i
2937 1738 3076 1808 Quis
3115 1742 3405 1809 nostrum,

1858 1826 1908 1883 si
1935 1827 2104 1887 audit
2133 1828 2449 1903 displicens
2490 1830 2775 1902 verbum,
2803 1846 2927 1890 non
2956 1847 3066 1906 pro
3096 1831 3285 1890 verbo
3306 1872 3327 1901 ,
3357 1831 3406 1889 si

1859 1923 2109 1996 poterit,
2138 1923 2336 1982 reddit
2357 1922 2579 1982 factum
2596 1927 2627 1981 Ἰ
2650 1926 2879 2000 Lupus,
2909 1925 3131 1984 animal
3168 1941 3406 1998 magnai

1829 2040 1834 2045 ·
1860 2019 2242 2090 crudelitatis,
2261 2022 2571 2078 contentus
2594 2022 2681 2078 est
2704 2019 2836 2094 lege
2863 2019 2987 2090 tali,
3018 2023 3085 2078 ut
3105 2020 3188 2078 sic
3214 2018 3407 2077 homi-

1858 2128 2000 2170 nem
2026 2112 2223 2183 laedat,
2249 2117 2316 2171 ut
2333 2114 2506 2171 lassus
2531 2112 2610 2172 ab
2640 2129 2714 2172 eo
2742 2111 2882 2185 fuit5
2911 2112 3018 2171 sed
3043 2113 3251 2185 homo,
3280 2112 3411 2171 ani·

1859 2205 1984 2263 mal
2011 2209 2388 2265 mansuetum
2416 2210 2647 2279 natura,
2669 2221 2778 2264 sua
2796 2209 3009 2264 natura
3037 2205 3329 2280 deposita,
3351 2210 3411 2266 et

1859 2303 2072 2358 natura
2115 2299 2533 2359 crudelissimas
2567 2300 2706 2358 ferae
2746 2302 2984 2374 sumpta
3003 2341 3023 2371 ,
3064 2315 3185 2359 non
3212 2300 3410 2359 reddit

1859 2394 2150 2469 pugillum
2182 2408 2294 2467 pro
2322 2393 2588 2467 pugillo,
2617 2392 2725 2451 sed
2748 2392 3072 2467 respondet
3094 2393 3319 2467 gladi0,
3350 2399 3410 2454 et

1858 2503 2014 2562 saspe
2039 2502 2153 2561 pro
2180 2486 2367 2545 verbo
2401 2489 2459 2544 et
2482 2501 2596 2561 pro
2624 2484 2744 2545 ictu
2767 2485 3010 2544 modico
3027 2529 3046 2557 ,
3070 2485 3277 2546 lethali
3304 2488 3405 2547 vel

1860 2581 2099 2639 mortali
2139 2579 2386 2638 vulnere
2423 2578 2573 2639 ferit.
2618 2583 2749 2639 Non
2782 2578 3020 2639 fuerunt
3056 2583 3181 2640 tam
3215 2580 3407 2655 impa-

1860 2676 2066 2733 tientes
2090 2674 2180 2732 illi
2205 2673 2422 2732 summi
2448 2672 2799 2748 nobilesque
2837 2674 3121 2745 Romani,
3151 2674 3406 2749 quinon

1860 2768 2058 2827 solum
2084 2767 2292 2839 verba,
2319 2766 2426 2825 sed
2454 2766 2829 2826 remittebant
2854 2771 2910 2826 et
2926 2766 3102 2839 facta,
3123 2782 3246 2826 non
3271 2783 3408 2843 par-

1859 2878 1972 2935 va,
2000 2862 2107 2922 sed
2134 2877 2372 2935 magua.
2409 2864 2555 2919 Nam
2579 2863 2603 2898 ⁷
2629 2864 2699 2920 u,
2730 2861 3007 2934 Bibulus,
3036 2862 3128 2920 vir
3162 2863 3409 2938 amplis·
3487 2880 3645 2923 axom-

1862 2959 2026 3016 simae
2063 2956 2362 3030 dignitatis
2377 2997 2397 3027 ,
2453 2959 2511 3015 et
2558 2956 2807 3013 summis
2852 2954 3185 3015 honoribus
3235 2954 3406 3014 func·
3433 2941 3576 2999 ⁹¹⁸²·

1862 3056 1974 3123 tus,
2012 3050 2162 3109 dum
2203 3050 2266 3109 in
2311 3049 2478 3125 Syria
2524 3052 2875 3120 moraretur,
2915 3047 3070 3108 duos
3112 3049 3410 3109 nobilissi-

1862 3162 1996 3203 mos
2023 3161 2163 3205 suos
2194 3142 2353 3203 filios
2377 3158 2416 3201 a
2442 3141 2730 3200 militibus
2756 3141 2992 3217 AEgypti
3020 3143 3246 3201 occisos
3281 3159 3408 3202 esse

1864 3239 2180 3314 cognovit:
2209 3253 2470 3313 quorum
2494 3234 2896 3294 interfectores
2913 3235 2994 3294 ad
3014 3252 3153 3295 eum
3178 3235 3409 3296 vinctos

1863 3335 2070 3407 regina
2096 3331 2330 3407 AEgypti
2357 3330 2669 3405 Cleopatra
2694 3329 2873 3398 misit,
2893 3332 2959 3386 ut
2984 3345 3060 3387 ex
3087 3330 3193 3401 eis,
3221 3346 3409 3406 quam

1863 3428 2071 3498 vellet,
2116 3428 2416 3501 appeteret
2460 3421 2768 3482 ultionem.
2808 3425 2876 3481 At
2911 3422 3014 3481 ille
3053 3422 3408 3497 patientissi-

1864 3538 2019 3592 mus,
2048 3520 2165 3578 hoc
2192 3521 2433 3593 accepto
2460 3516 2772 3586 beneficio,
2805 3531 2930 3591 quo
2954 3516 3190 3576 nullum
3216 3518 3411 3591 maius

1863 3614 2088 3690 lugenti
2131 3615 2361 3689 poterat
2415 3611 2567 3685 dari,
2617 3611 2892 3670 dolorem
2946 3610 3157 3669 cedere
3208 3609 3410 3670 virtuti

1867 3708 2090 3782 coegit,
2118 3711 2177 3766 et
2216 3705 2520 3765 carnifices
2554 3704 2821 3763 filiorum
2858 3703 3107 3763 intactos
3142 3705 3221 3763 ad
3252 3705 3410 3777 regi·

1865 3818 2008 3861 nam
2034 3800 2278 3874 remisit,
2301 3800 2523 3866 diceus,
2540 3799 2697 3857 hanc
2718 3798 3045 3857 vindictam
3066 3813 3190 3857 non
3215 3815 3408 3872 suam,

1866 3897 1974 3956 sed
1999 3897 2245 3955 Senatus
2283 3909 2410 3953 esse
2450 3893 2689 3952 debere.
2730 3891 2961 3951 Utinam
2988 3906 3099 3950 nos
3125 3890 3241 3964 sic,
3273 3906 3413 3949 cum

1866 3990 2261 4061 offendimur,
2290 3986 2494 4045 divino
2529 3985 2766 4045 Senatui
2791 3984 3083 4043 vindictas
3110 3983 3411 4060 relinque·

1865 4086 2103 4144 remus!
2134 4081 2279 4158 quia
2304 4080 2592 4139 dicitur⁸z
2620 4097 2648 4132 α
2674 4077 2810 4137 mhi
2837 4077 3185 4151 vindictam,
3215 4082 3274 4136 et
3297 4092 3411 4150 ego

1867 4177 2211 4238 retribuam.
2262 4195 2292 4230 s
2340 4173 2575 4232 Nullam
2629 4171 2790 4229 enim
2826 4170 3106 4244 injuriam
3159 4171 3412 4230 inultam

1867 4271 2258 4344 relinqueret,
2298 4267 2347 4325 si
2384 4282 2445 4324 se
2488 4263 2761 4324 homines
2798 4263 3103 4327 vindicare
3142 4264 3408 4336 nollent,

1868 4367 1974 4426 sed
2011 4365 2068 4425 ei
2108 4379 2245 4422 suas
2285 4359 2574 4419 vindictas
2610 4358 3042 4417 committerent
3075 4374 3089 4415 ε
3139 4359 3413 4432 quamvis

1869 4463 2047 4520 etiam
2071 4474 2198 4517 non
2222 4470 2477 4529 semper,
2496 4452 2739 4526 quando
2765 4450 3006 4524 vellent,
3025 4451 3142 4510 hoc
3166 4450 3406 4523 faceret,

1870 4555 2014 4632 quia
2027 4559 2263 4627 tempus
2287 4562 2619 4622 congruum
2641 4548 2997 4620 expectaret.

1939 4652 2158 4721 Quarto
2195 4646 2321 4704 hoec
2354 4642 2529 4714 virgo
2564 4655 2731 4698 sacra
2756 4638 2866 4698 fuit
2889 4638 3093 4697 civitas
3116 4638 3314 4711 regia,
3340 4637 3415 4696 fi-

1872 4744 1992 4804 deli
2020 4759 2092 4802 ac
2116 4736 2392 4816 prudenti
2432 4733 2682 4794 oonsilio
2711 4733 3062 4807 gubernata.
3092 4734 3223 4790 Non
3250 4732 3412 4790 enim

1870 4840 2137 4899 humana
2171 4829 2516 4909 prudentia,
2561 4828 2667 4886 sed
2717 4826 2921 4884 divina
2967 4824 3415 4900 gubernabatur

1871 4929 2199 5007 sapientia3
2230 4928 2288 4985 et
2313 4926 2452 4983 ideo
2483 4920 2636 4981 nulli
2677 4919 3009 4994 deceptioni
3055 4919 3250 4994 potuit
3288 4934 3415 4978 esse

1872 5022 2178 5101 supposita
2196 5060 2217 5091 ,
2269 5017 2378 5078 sed
2427 5015 2615 5075 verba
2666 5011 2993 5087 prudentiss
3043 5012 3416 5072 admirabilis

1872 5116 2259 5193 loquebatur,
2302 5111 2456 5170 sicut
2489 5124 2598 5185 per
2633 5109 2821 5166 totam
2851 5106 2978 5181 ejus
3012 5109 3175 5182 patet
3198 5110 3414 5183 Legen-

1875 5267 1946 5318 1v,
1985 5256 2042 5315 6,
2068 5254 2118 5301 5.
2150 5276 2211 5288 --
2252 5249 2268 5278 ²
2306 5246 2475 5298 Valer.
2514 5246 2675 5307 Max„
2712 5243 2803 5293 lib.
2842 5242 2927 5305 lv,
2967 5253 3015 5292 e.
3058 5254 3105 5303 1,
3144 5252 3197 5292 u.
3239 5245 3317 5292 ¹5.
3353 5267 3415 5281 —

1876 5329 1896 5358 ⁸
1923 5326 2093 5386 neue„
2122 5331 2302 5384 -xxxn,
2331 5322 2421 5381 353
2452 5317 2609 5373 Rom..
2636 5327 2734 5377 ιιι,
2765 5316 2847 5366 19.

1945 5411 2010 5474 (a)
2038 5406 2183 5474 Apud
2207 5405 2391 5456 Ierem.
2421 5400 2668 5453 civitates.
2697 5424 2758 5437 —
2792 5396 2856 5465 (ὁ)
2889 5397 3001 5465 Ley.
3030 5397 3217 5467 perir-3,
