4059 6317
1139 491 1223 559 IN
1263 487 1542 561 mnus
1581 493 2131 568 ROGATIONUM.
2173 497 2437 571 SERMO
2477 502 2555 570 X.

246 633 848 700 felixmercatorlo
882 630 1460 716 quamglorlosum
1499 627 1795 714 estquod

247 743 568 809 amittitur
583 744 811 826 lquam
828 757 1029 823 grave
1039 739 1214 824 quod
1225 744 1544 805 mercatur
1560 742 1577 804 1
1598 759 1795 824 quam

249 852 380 919 vile
404 850 581 935 quod
605 848 956 933 appetiturl
987 863 1184 932 quam
1218 847 1443 913 infelix
1473 863 1790 913 commer-

251 959 453 1038 cium,
486 957 651 1023 toeda
676 956 1001 1039 voluptate
1023 955 1318 1021 ardorem
1334 955 1603 1020 mercari
1633 972 1798 1021 sem-

251 1066 581 1149 piternum
599 1069 615 1128 1
632 1061 1065 1130 Tuben-nacula
1086 1061 1459 1128 daemonum
1476 1065 1629 1129 sunt
1649 1081 1794 1147 pec-

256 1176 499 1240 catores
522 1174 543 1209 ¹
578 1195 595 1237 z
633 1194 666 1234 α
689 1170 1037 1238 abundant
1087 1169 1497 1238 tabernacula
1536 1170 1797 1253 praedo-

254 1300 448 1360 num‚
494 1301 528 1340 ιι
561 1279 630 1344 id
676 1281 773 1344 est
816 1265 1187 1343 daemonum
1204 1323 1222 1356 ,
1268 1275 1385 1360 qui
1427 1278 1798 1360 praedantur

255 1388 544 1454 animam
569 1386 653 1450 ab
677 1386 857 1451 omni
899 1386 1072 1450 bono
1097 1432 1117 1462 ‚
1154 1386 1231 1449 ut
1257 1384 1576 1450 crucietur
1600 1385 1672 1449 in
1702 1404 1792 1451 ae-

254 1497 439 1562 terno
466 1492 805 1578 supplicio.
854 1487 1367 1558 ‘sabernaculum
1393 1490 1651 1557 virtutis
1683 1511 1795 1558 eo-

255 1621 404 1669 rum
452 1605 553 1668 est
603 1617 882 1683 magnus
927 1600 1242 1665 exercitus
1285 1602 1693 1685 peccatorum
1735 1603 1799 1667 et

256 1711 634 1791 obstinatae,
666 1712 730 1774 et
767 1708 1008 1774 multos
1051 1708 1135 1774 ad
1168 1708 1617 1792 decipiendum
1659 1713 1797 1775 tra-

256 1820 417 1885 hens
463 1821 848 1902 peccatores.
901 1816 1178 1882 Pulsatio
1233 1817 1649 1900 Assyriorum
1701 1820 1798 1884 est

256 1926 663 2009 impugnatio
695 1925 1095 2006 damonum,
1126 1924 1238 2008 qui
1279 1939 1412 1990 non
1459 1924 1669 1991 solum
1695 1927 1799 1992 de-

254 2034 697 2100 lectationibus
718 2032 1008 2118 pulsant,
1031 2034 1143 2100 sed
1160 2031 1545 2118 quandoque
1571 2035 1795 2102 adver·

256 2142 569 2208 sitatibus.
597 2139 724 2206 Sed
748 2141 902 2224 quia
924 2142 1256 2225 capitalem
1282 2141 1636 2225 quemlibet
1656 2161 1795 2226 pec·

257 2254 533 2315 satorem
563 2248 920 2332 inquietare
952 2266 1069 2333 per
1090 2249 1538 2316 adversitatem
1563 2250 1796 2316 daemo-

255 2375 367 2424 nes
391 2355 781 2441 quandoque
805 2372 939 2422 non
964 2356 1241 2438 audent,
1273 2373 1358 2423 ne
1383 2359 1543 2423 forte
1568 2357 1650 2423 ad
1678 2357 1795 2423 fla-

254 2463 501 2546 gellum
525 2466 937 2530 convertatur
968 2484 987 2527 ε
1019 2463 1161 2529 ideo
1200 2464 1283 2529 ad
1306 2464 1793 2531 tabernaculum

253 2571 509 2640 virtutis
545 2587 680 2636 non
722 2569 1055 2656 pulsatur;
1106 2572 1212 2637 vel
1250 2572 1408 2655 quia
1449 2590 1585 2638 non
1636 2571 1795 2638 adeo

257 2679 465 2747 securi
490 2682 644 2745 sunt
670 2682 928 2764 propter
953 2678 1112 2744 illud
1135 2680 1160 2717 ¹
1190 2700 1206 2745 ε
1248 2701 1279 2741 α
1305 2680 1561 2745 Ducunt
1588 2679 1659 2743 in
1686 2678 1795 2744 bo·

254 2788 355 2853 nis
376 2788 518 2854 dies
542 2801 695 2852 suos
715 2835 735 2867 ‚
765 2807 797 2847 o
831 2790 979 2868 etc.‚
1013 2786 1184 2852 unde
1209 2786 1290 2852 de
1315 2786 1548 2868 nullis,
1581 2803 1793 2870 quan-

255 2901 679 2978 tumcumque
705 2894 927 2976 magni
953 2895 1308 2976 peccatores
1339 2893 1579 2958 fuerint
1596 2941 1619 2974 ,
1669 2893 1797 2958 nisi

256 3004 593 3087 desperent
610 3050 629 3084 ‚
660 3004 1139 3085 prosperantur.
1168 3000 1255 3067 De
1281 3001 1365 3065 iis
1394 3005 1609 3067 autem
1627 3051 1645 3083 ‚
1683 3001 1797 3085 qui

256 3113 337 3178 ob
378 3127 711 3177 successus
748 3109 955 3175 securi
996 3113 1177 3191 sunt,
1226 3108 1352 3175 dici
1386 3111 1590 3192 potest
1634 3108 1794 3175 illud

258 3218 546 3302 Gregorii
588 3219 613 3256 ⁸
661 3240 677 3284 ε
726 3237 759 3278 ιι
801 3217 1154 3283 Continuus
1183 3233 1525 3283 successus
1575 3235 1795 3283 rerum

259 3326 700 3411 temporalium
747 3324 1172 3391 certissimum
1220 3329 1477 3391 aeternae
1524 3324 1792 3392 damna-

258 3434 444 3501 tionis
468 3437 568 3499 est
592 3433 927 3499 indicium.
950 3453 984 3492 ι»

814 3609 1106 3682 SEBMO
1150 3609 1239 3680 X.

331 3757 593 3824 Pulsate
613 3802 636 3836 ,
688 3760 749 3823 et
790 3755 1110 3838 aper-tetur
1150 3753 1329 3822 vobis
1366 3753 1412 3822 ⁸.
1462 3752 1511 3821 Ο
1558 3757 1799 3838 quanta

256 3863 600 3929 consolatio
620 3865 818 3942 esset,
839 3862 895 3926 si
908 3877 1126 3927 carcer
1151 3860 1423 3954 captivo,
1453 3860 1797 3926 thesaurus

256 3970 547 4036 mendico
569 4018 589 4052 ‚
644 3968 955 4053 palatium
1020 3967 1287 4052 expulso
1307 4016 1327 4050 ‚
1381 3967 1796 4052 sepulchrum

256 4080 514 4143 mortuo
533 4124 553 4158 ,
594 4075 983 4159 aperiretur!
1015 4093 1055 4140 o
1083 4093 1281 4158 quam
1326 4074 1603 4140 libenter
1639 4073 1796 4140 tales

256 4187 583 4272 pulsarent
602 4204 720 4269 pro
746 4183 1105 4269 apertione!
1135 4184 1217 4252 Et
1234 4202 1376 4250 ecce
1402 4185 1509 4249 hic
1534 4184 1791 4251 dicitur:

256 4297 342 4365 Et
368 4295 691 4380 aperietur
714 4294 914 4362 vobis.
946 4291 1287 4378 Aperietur
1324 4293 1546 4378 utique
1580 4310 1796 4358 carcer

255 4404 463 4488 culpae
491 4401 573 4467 ad
598 4401 1032 4480 evadendum,
1070 4400 1411 4466 thesaurus
1449 4402 1678 4483 gratiae
1714 4401 1796 4466 ad

256 4509 748 4595 accipiendum,
792 4508 1102 4592 palatium
1155 4507 1380 4590 gloriae
1437 4509 1517 4573 ad
1562 4509 1793 4591 ingre-

256 4618 600 4695 diendum,
655 4614 1072 4699 sepulchrum
1133 4613 1409 4680 miseriae
1450 4615 1532 4680 ad
1576 4633 1788 4682 resur-

257 4724 567 4809 gendum.

334 4832 423 4897 De
476 4830 691 4915 primo
740 4829 763 4865 ⁸
815 4849 833 4893 z
873 4850 905 4891 α
958 4825 1234 4912 Spiritus
1289 4828 1546 4894 Domini
1596 4848 1797 4924 ‚super

259 4955 403 5019 me,
430 4959 464 4999 n
503 4940 625 5002 etc.
664 4953 919 5020 usque:
961 4957 992 4997 a
1024 4951 1101 4999 eo
1140 4935 1313 5019 quod
1344 4935 1607 5002 unxerit
1648 4957 1791 5020 me,

260 5045 340 5111 ad
367 5042 882 5110 annuntiandum
932 5041 1283 5107 mansuetis
1321 5042 1495 5106 misit
1542 5060 1648 5109 me
1665 5089 1684 5121 ‚
1722 5047 1798 5109 ut

261 5153 552 5218 mederer
579 5150 872 5216 contritis
896 5150 1107 5228 corde,
1133 5153 1198 5214 et
1217 5149 1628 5232 praedicarem
1655 5168 1799 5235 cap-

262 5260 411 5328 tivis
438 5258 951 5344 indulgentiam,
982 5262 1046 5324 et
1071 5258 1300 5323 clausis
1325 5259 1787 5343 apertionem.»

332 5421 483 5482 ιΙοὸ,
514 5433 608 5487 xu,
635 5424 683 5473 6.
708 5446 770 5459 -
797 5417 951 5482 ²10⁶,
976 5431 1088 5484 xxi,
1119 5421 1284 5471 13.-
1221 5417 1504 5488 —2Greg.
1527 5445 1589 5458 —
1612 5423 1793 5485 ⁴.Luc.

265 5503 356 5556 xi,
388 5495 586 5545 9.-
615 5493 740 5557 λἐαν
772 5502 880 5557 ui,
918 5496 971 5544 1.·
1003 5490 1439 5557 —⁸Chrysost.,
1469 5492 1793 5549 adrheodor.

3322 497 3444 572 279

1904 633 2157 707 Mederi
2180 638 2262 704 ad
2290 635 2733 705 contritionem
2747 690 2768 720 ,
2805 638 3053 722 apertio
3090 636 3173 704 ad
3198 640 3441 705 conma-

1905 746 2150 813 sionem
2165 797 2184 828 ,
2230 746 2643 832 induiqmtia
2684 745 2765 811 ad
2804 735 3292 812 satisfactionem
3335 757 3443 814 re-

1902 852 2058 918 ferri
2086 857 2312 937 potest.
2341 851 2508 918 Nota
2537 853 2706 938 quod
2746 852 2897 918 dicit
2926 873 2942 917 ε
2984 851 3060 919 Ut
3093 852 3372 921 mederer
3418 874 3442 920 .·

1903 961 2195 1027 medetur
2219 962 2393 1026 enim
2421 957 2586 1027 Deus
2609 959 2946 1026 animabus
2967 977 3082 1044 per
3107 953 3439 1026 contritio-

1903 1085 2056 1132 nem
2077 1071 2142 1133 et
2166 1068 2627 1151 poenitentiam.
2657 1066 2707 1134 Ο
2732 1067 2985 1133 insania
3000 1067 3263 1150 aegrotit
3288 1067 3445 1134 Ani-

1904 1189 2013 1237 ma
2034 1176 2148 1238 tua
2165 1173 2431 1257 languet
2453 1174 2523 1240 in
2540 1175 2810 1259 peccatis
2831 1191 3040 1259 usque
3058 1175 3139 1240 ad
3167 1179 3444 1240 mortem

1904 1282 2213 1347 eternam
2234 1330 2254 1362 ‚
2284 1285 2349 1347 et
2371 1300 2504 1347 non
2544 1282 2782 1366 quaeris
2824 1281 3185 1348 medelam?
3224 1276 3443 1348 PrImo

1904 1387 2009 1454 die
2029 1390 2274 1473 quaeris
2288 1389 2568 1472 corporis
2591 1389 2939 1471 medelam,
2970 1394 3033 1456 et
3050 1407 3184 1455 non
3208 1390 3443 1457 animae

1905 1514 1942 1560 e
1967 1497 2232 1579 triginta
2260 1497 2362 1562 vel
2383 1496 2814 1581 quadraginta
2839 1496 3026 1563 annis
3048 1497 3441 1579 languentis.

1902 1601 2179 1669 Joannes
2206 1602 2699 1689 chrysostomus
2720 1602 2744 1640 ⁸
2776 1625 2793 1670 :
2825 1627 2858 1669 α
2889 1601 2958 1670 Si
2998 1605 3157 1670 forte
3182 1604 3251 1669 in
3302 1617 3444 1670 cor-

1902 1723 2059 1794 pore
2086 1729 2360 1795 parvum
2386 1711 2626 1796 aliquid
2652 1711 2862 1779 morbi
2886 1711 3244 1797 pulsaverit
3268 1761 3286 1794 ,
3316 1716 3445 1778 sta-

1903 1819 2021 1883 tim
2047 1819 2326 1885 medicos
2351 1820 2729 1885 adhibemus
2749 1868 2769 1902 ‚
2813 1827 2877 1886 et
2903 1819 3244 1904 pecuniam
3291 1833 3442 1904 pro·

1901 1925 2267 2005 fundimus3
2298 1927 2516 1992 anima
2538 1945 2694 1995 vero
2721 1925 3002 2012 quotidie
3028 1945 3180 1992 cum
3206 1926 3441 1993 vulne-

1901 2035 2084 2098 retur
2100 2079 2124 2112 ,
2170 2051 2322 2098 cum
2366 2051 2483 2118 per
2526 2034 2790 2117 singula
2832 2033 3129 2115 lanietur,
3176 2035 3407 2100 uratur
3421 2081 3442 2118 ‚

1902 2139 2352 2225 praecipitetur,
2386 2145 2450 2207 et
2470 2143 2678 2207 modis
2702 2141 3004 2206 omnibus
3027 2139 3329 2225 patiatur,
3361 2161 3446 2209 ne

1901 2263 2104 2333 parva
2129 2248 2387 2333 quidem
2432 2266 2550 2333 pro
2578 2266 2655 2313 ea
2698 2266 2817 2314 nos
2859 2263 3018 2313 cura
3059 2247 3373 2316 sollicitat.
3406 2271 3437 2311 n

1904 2357 2066 2424 Item
2103 2360 2255 2422 nota
2294 2353 2467 2440 quod
2508 2355 2599 2422 ait
2637 2377 2653 2422 :
2699 2355 3128 2425 Proedicarem
3167 2361 3447 2442 captivis

1904 2466 2401 2549 indutqmtiam.
2458 2463 2633 2530 Solet
2693 2466 2975 2530 maxime
3042 2461 3449 2549 indulgentia

1906 2572 2281 2638 dedicationi
2307 2572 2531 2655 templi
2546 2620 2566 2652 ,
2595 2569 2702 2637 vel
2728 2571 2943 2636 altaris
2959 2621 2979 2653 ‚
3013 2571 3119 2639 vel
3146 2574 3450 2658 accipien-

1904 2680 2081 2746 tibus
2120 2697 2374 2744 crucem
2413 2679 2768 2764 praedicari.
2819 2677 2923 2745 Sic
2965 2684 3134 2745 certe
3176 2680 3231 2744 si
3275 2681 3448 2746 tem-

1906 2787 2089 2871 plum
2116 2787 2352 2853 animae
2380 2789 2547 2867 tuae,
2578 2790 2641 2852 et
2666 2786 2861 2852 altare
2887 2787 3096 2853 cordis
3121 2787 3249 2854 Deo
3276 2785 3447 2855 dedi-

1905 2899 2108 2974 catur,
2160 2896 2224 2960 et
2262 2893 2317 2958 si
2363 2909 2621 2959 crucem
2656 2894 3046 2978 poenitentiae
3091 2898 3404 2979 acceperis
3424 2944 3446 2977 ‚

1904 3001 2377 3084 indulgentiam
2415 3015 2726 3083 magnam
2753 2999 3018 3067 habebis
3042 2999 3068 3038 ⁷
3097 3020 3116 3067 t
3150 3025 3182 3064 α
3222 3003 3447 3070 Indul-

1906 3110 2196 3193 gentiam
2239 3110 2379 3190 ejus
2421 3125 2570 3173 cum
2610 3107 2912 3192 lacrymis
2948 3108 3374 3191 postulemus,
3406 3131 3437 3171 n

1908 3220 2069 3286 Item
2111 3221 2266 3284 nota
2314 3216 2486 3299 quod
2526 3215 2618 3281 ait
2657 3238 2674 3280 t
2725 3215 2978 3284 clausis
3033 3221 3444 3301 apertionem.

1906 3325 2215 3392 Diabolus·
2226 3328 2397 3390 tenet
2415 3327 2806 3407 peccatorem
2827 3324 3114 3390 clausum
3134 3345 3152 3406 ;
3174 3323 3283 3392 sed
3306 3343 3450 3393 ecce

1906 3433 2197 3501 Christus
2244 3432 2491 3499 clavem
2547 3429 2628 3497 ad
2685 3431 3100 3516 aperiendum
3162 3434 3242 3498 de
3290 3435 3450 3501 coelo

1904 3540 2216 3625 portavit,
2246 3544 2311 3606 et
2337 3541 2542 3606 amico
2568 3543 2681 3607 tuo
2710 3539 2970 3624 reliquit
2991 3541 3015 3579 ⁸
3048 3553 3119 3606 :a
3150 3537 3293 3606 Tibi
3320 3541 3450 3608 cla-

1904 3665 2050 3727 ves,
2079 3667 2111 3708 »
2139 3652 2257 3712 etc.
2285 3645 2431 3727 Sed,
2452 3647 2581 3712 heu
2601 3649 2620 3710 1
2643 3646 2932 3712 diabolus
2959 3655 3165 3727 cavet,
3197 3667 3282 3714 ne
3303 3668 3449 3733 ape-

1903 3757 2115 3822 riatur
2146 3755 2219 3793 ⁹·
2202 3778 2290 3821 ,α
2313 3754 2552 3822 Vinctis
2578 3757 2720 3839 ejus
2769 3771 2901 3820 non
2947 3754 3196 3839 aperuit
3237 3773 3447 3824 carce-

1905 3880 2071 3930 rem.
2101 3883 2134 3924 n

1987 3971 2078 4038 De
2112 3968 2389 4037 secundo
2422 3969 2470 4012 ¹⁰
2500 3990 2517 4032 z
2560 3991 2591 4030 α
2615 3967 2878 4034 Domine
2903 3967 3105 4049 Deus,
3136 3970 3287 4036 audi
3327 3972 3448 4038 cla·

1910 4097 2159 4147 morem
2185 4075 2405 4161 populi
2423 4076 2643 4159 hujus,
2664 4080 2729 4142 et
2751 4077 2927 4161 aperi
2952 4077 3043 4142 eis
3069 4078 3446 4146 thesaurum

1903 4193 2094 4255 tuum
2119 4187 2356 4251 fontem
2381 4200 2570 4267 aquae
2596 4184 2787 4249 vivae.
2805 4205 2836 4244 ι
2873 4181 3050 4249 Certe
3076 4185 3446 4254 thesaurum

1911 4293 2095 4374 dicit,
2122 4310 2256 4358 non
2281 4309 2515 4357 aurum
2529 4340 2554 4372 ,
2581 4308 2716 4356 non
2742 4295 3084 4373 argentum
3102 4340 3124 4372 ,
3155 4289 3266 4357 sed
3295 4294 3441 4375 fon-

1916 4411 2044 4474 tem
2060 4416 2246 4485 aquoe
2269 4400 2458 4466 vivoe.
2479 4398 2681 4482 Aquae
2701 4404 2853 4462 sunt
2865 4398 3269 4481 irrigationes
3297 4419 3443 4482 gra·

1906 4511 2143 4576 tiarum
2178 4505 2456 4589 Spiritus
2493 4503 2691 4569 sancti
2715 4503 2758 4540 ¹¹
2790 4525 2806 4569 :
2848 4526 2880 4567 α
2911 4503 3048 4571 Fiet
3088 4505 3158 4571 in
3182 4525 3258 4572 eo
3301 4507 3442 4572 fons

1909 4635 2097 4703 aquae
2134 4611 2417 4680 salientis
2454 4612 2523 4676 in
2562 4611 2763 4677 vitam
2798 4617 3129 4679 aeternam.
3157 4635 3189 4675 n
3223 4613 3444 4698 Aperit

1912 4743 2074 4809 ergo
2102 4721 2386 4791 Christus
2415 4717 2793 4784 thesaurum
2830 4738 3060 4800 suum,
3090 4724 3166 4786 ut
3191 4724 3264 4787 tu
3290 4741 3441 4805 ape-

1905 4833 2036 4900 rias
2062 4833 2122 4897 ei
2147 4829 2520 4894 thesaurum
2549 4829 2735 4890 tuum
2763 4826 2811 4867 ¹²
2837 4846 2899 4891 :a
2918 4825 3167 4910 Apertis
3192 4827 3446 4895 thesau-
3475 4879 3482 4887 .

1907 4942 1997 5007 ris
2023 4940 2188 5018 suis,
2216 4959 2248 4998 ι»
2283 4938 2403 5000 etc.
2435 4933 2652 5000 Solent
2683 4951 2871 5016 reges
2907 4934 3152 5017 aperire
3175 4936 3444 5016 *thesau-

1910 5067 2062 5115 rum
2086 5052 2371 5127 tempore
2396 5041 2548 5105 belli
2576 5060 2594 5105 ε
2624 5041 2714 5105 sic
2738 5044 2803 5106 et
2828 5039 3111 5106 Christus
3138 5042 3444 5108 militibus

1911 5156 2048 5228 suis
2078 5154 2450 5218 thesaurum
2477 5147 2832 5229 gratiarum
2867 5147 2946 5213 ad
2974 5147 3180 5212 danda
3201 5147 3438 5231 stipen-

1909 5341 3441 5452 tapsum‚epist.1,15.—-⁷11udth,¹v1u,14.—·.,uattla

1908 5438 2033 5489 xv,1
2077 5426 2154 5476 19.
2193 5446 2254 5460 -
2292 5384 2470 5480 ’'tsa„
2505 5426 2616 5475 xw,
2657 5418 2734 5465 17.
2771 5438 2832 5453 -
2888 5417 3122 5482 ‘Num.,
3161 5429 3261 5484 xx,
3299 5421 3346 5474 6.
3377 5447 3442 5462 .-

1912 5497 2142 5559 ”Joan
2178 5503 2245 5557 w,
2278 5491 2353 5542 11.
2383 5483 2737 5549 —12Matth.,
2763 5495 2832 5550 n,
2868 5487 2944 5540 11.
