4059 6317
663 455 782 518 104

1747 448 2169 517 SERMONES
2203 451 2306 518 DE
2345 451 2740 520 TEMPORE.

423 619 530 666 ω,
554 621 637 666 ffl.
663 589 1006 657 multitudo
1026 638 1046 671 ,
1100 606 1216 674 per
1278 606 1474 673 quam
1525 586 1816 654 homines
1884 586 2196 671 incipiunt
2300 589 2473 656 viros
2523 590 2666 657 illos
2686 640 2704 671 ,
2767 592 2879 677 qui
2939 593 3307 660 innocentes
3378 595 3692 666 miserunt
3754 602 3830 667 in

422 682 541 741 μοι,

662 699 897 781 mergi.
927 695 1141 763 Prima
1165 700 1263 763 est
1283 695 1730 780 temporalium
1757 696 1776 731 ¹
1811 716 1827 761 ε
1868 716 1899 758 α
1927 693 2052 774 Qui
2085 713 2194 761 vo-

660 806 805 872 lunt
829 805 1057 874 divites
1076 805 1239 887 fleri,
1271 828 1302 866 ι)
1338 808 1484 887 εἶα,
1522 827 1554 867 α
1579 803 1870 870 incidunt
1897 803 1968 867 in
1992 808 2193 870 tenta-

659 914 922 991 tionem,
954 912 1114 977 etin
1138 911 1443 996 laqueum
1481 910 1733 993 diaboli,
1780 914 1845 976 et
1881 910 2193 977 desideria

660 1020 865 1087 multa
889 1018 1140 1085 inutilia
1159 1022 1225 1083 et
1249 1018 1502 1097 nociva,
1540 1036 1688 1103 quae
1722 1022 2030 1100 mergunt
2070 1019 2187 1083 bo-

658 1128 865 1193 mines
887 1126 958 1191 in
974 1125 1327 1204 interitum,
1355 1130 1420 1192 et
1444 1126 1883 1210 perditionem.
1906 1147 1937 1187 s
1958 1126 2191 1192 Secun-

657 1236 761 1317 da,
791 1232 1277 1300 tribulationum
1300 1236 1324 1270 ¹
1355 1255 1373 1299 ι
1401 1257 1433 1297 α
1456 1233 1689 1300 Videns
1720 1238 1985 1301 ventum
2026 1229 2191 1299 vali·

658 1345 839 1424 dum,
867 1364 900 1405 ι
925 1342 991 1409 id
1016 1345 1111 1407 est
1127 1342 1615 1427 persecutiones,
1644 1365 1676 1405 α
1689 1341 1928 1423 timuit,
1953 1347 2190 1409 etcum

657 1451 949 1535 coepisset
972 1450 1204 1534 mergi,
1245 1472 1278 1511 n
1313 1454 1432 1516 etc.
1461 1449 1729 1534 Semper
1759 1449 1934 1516 enim
1971 1450 2043 1514 in
2066 1451 2188 1515 tri-

657 1557 978 1626 bulatione
1007 1556 1411 1623 clamandum
1432 1560 1529 1622 est
1550 1556 1632 1622 ad
1657 1556 2023 1624 Dominum.
2046 1557 2191 1623 Ter-

656 1667 770 1747 tia,
797 1665 1197 1731 subditorum
1210 1711 1230 1743 ,
1268 1665 1347 1730 de
1372 1683 1501 1748 qua
1539 1664 1647 1729 hic
1672 1664 1903 1730 dicitur
1928 1666 1985 1747 ⁸,
2016 1669 2188 1750 quod

669 1797 701 1837 e
728 1773 1182 1840 concluserunt
1197 1770 1673 1837 multitudinem
1691 1772 1985 1856 piscium,
2006 1778 2073 1838 et
2097 1776 2189 1840 in·

655 1883 940 1948 nuerunt
979 1879 1193 1959 sociis,
1233 1900 1266 1939 n
1319 1882 1439 1945 etc.
1486 1877 1554 1944 Si
1598 1898 1761 1963 pene
1804 1887 2188 1964 merguntur

655 1991 770 2077 qui
793 1990 949 2055 alios
981 1988 1053 2053 in
1081 1987 1472 2070 adjutorium
1499 1992 1760 2068 vocant,
1792 1990 1947 2073 quid
1973 1992 2084 2055 flet
2109 1992 2187 2059 de

655 2098 802 2178 illis,
831 2097 945 2180 qui
970 2096 1345 2179 adjuvantes
1364 2094 1712 2179 repellunt?
1744 2096 1832 2162 De
1856 2097 1983 2163 alia
2005 2100 2183 2181 navi,

656 2205 895 2271 scilieet
919 2202 1251 2284 religionis
1273 2202 1378 2285 (a),
1398 2202 1652 2267 nullum
1670 2201 2044 2285 admittunt;
2075 2207 2186 2273 sed

654 2315 824 2378 certe
845 2309 1179 2394 injudicio
1210 2309 1517 2376 videbunt
1543 2312 1697 2392 quot
1746 2327 1861 2393 per
1899 2330 2009 2376 eos
2053 2313 2188 2377 ani-

654 2438 781 2486 mae
801 2419 1148 2504 perierunt.
1190 2416 1550 2484 Bernardus
1567 2417 1632 2482 ⁸:
1673 2440 1705 2480 α
1749 2417 2015 2485 Venient
2037 2423 2186 2485 ante

653 2527 933 2595 tribunal
960 2527 1211 2607 Christi,
1239 2527 1530 2593 audietur
1546 2529 1947 2611 peccatorum
1965 2545 2187 2610 quere-

655 2638 718 2702 la
741 2637 981 2720 gravis,
1005 2635 1320 2702 accusatio
1336 2634 1519 2715 dura,
1548 2653 1824 2719 quorum
1846 2634 2068 2703 vixere
2102 2636 2180 2719 (b)

653 2746 1013 2831 stipendiis,
1059 2762 1267 2827 neque
1314 2743 1558 2809 diluere
1620 2748 1905 2827 peecata,
1949 2745 2185 2827 quibus

654 2856 799 2921 sacti
833 2856 986 2920 sunt
1021 2852 1212 2917 duces
1255 2851 1403 2917 eaeci
1418 2900 1438 2932 ,
1490 2850 1868 2917 mediatores
1918 2853 2182 2920 fraudu-

652 2962 832 3028 lenti.
861 2982 893 3021 n

732 3070 969 3149 Quarta
996 3068 1097 3148 (ο),
1126 3068 1383 3150 propter
1413 3064 1839 3149 oppressionis
1874 3066 2182 3134 innocen-

653 3185 795 3245 tum
838 3173 1207 3244 violentiam
1237 3193 1254 3238 ε
1283 3172 1457 3238 unde
1494 3173 1736 3255 legitur
1762 3175 1810 3255 ⁸,
1853 3177 2025 3259 quod
2061 3198 2183 3243 na-

653 3288 773 3366 vis,
793 3287 861 3349 in
888 3302 1017 3368 qua
1034 3282 1324 3367 captivus
1347 3281 1697 3346 ducebatur
1714 3281 1973 3366 Paulus,
1998 3287 2183 3354 valde

650 3393 997 3480 periclitata
1030 3394 1145 3455 est.
1184 3388 1308 3454 Sed
1343 3391 1485 3473 jam
1521 3407 1651 3454 non
1682 3390 1890 3457 solum
1918 3391 2180 3480 Paulus,

651 3503 783 3568 imo
792 3503 932 3584 jam
941 3497 1272 3582 periclitati
1293 3498 1442 3562 sunt
1457 3494 1646 3561 multi
1666 3496 1774 3561 alii
1792 3498 2179 3585 innocentes,

651 3605 981 3676 violentias
1005 3608 1070 3670 et
1095 3603 1366 3688 injurias
1390 3603 1793 3684 sustinentes,
1817 3624 1948 3671 non
1970 3609 2179 3676 solum

651 3735 691 3783 a
716 3712 1131 3780 saecularibus
1148 3710 1493 3795 judicibus,
1520 3710 1632 3776 sed
1657 3712 1848 3777 etiam
1874 3716 1954 3779 ab
1982 3716 2178 3783 eecle-

651 3822 941 3889 siasticis.
972 3819 1333 3885 Bernardus
1358 3820 1382 3856 ⁸
1428 3837 1446 3883 ε
1487 3840 1519 3880 α
1549 3818 1598 3885 Ο
1625 3818 1903 3903 Praelati,
1933 3825 2180 3907 jugum

652 3935 935 3998 vestrum
960 3927 1339 4012 aggravatis
1365 3945 1559 4012 super
1604 3946 1714 3993 eos
1739 3929 1860 4011 (d),
1903 3951 2181 4016 quorum

648 4057 845 4106 onera
872 4035 1086 4121 potius
1111 4040 1362 4119 portare
1387 4035 1645 4102 debetis.
1678 4058 1709 4098 n
1743 4035 1902 4103 Vere
1930 4042 2177 4124 pericu-

648 4148 781 4212 losa
805 4148 901 4209 est
935 4142 1307 4226 hujusmodi
1349 4144 1674 4228 oppressio
1704 4166 1721 4209 ε
1766 4147 1976 4210 omnis
2005 4148 2178 4214 enim

648 4255 938 4319 creatura
961 4249 1195 4314 insanit
1221 4254 1442 4315 eontra
1467 4249 1822 4317 violentum
1837 4300 1855 4333 ,
1900 4255 2180 4336 speciali·

646 4367 744 4427 ter
767 4361 983 4424 autem
1007 4360 1199 4421 terra.
1224 4355 1297 4420 In
1315 4357 1608 4440 passione
1634 4358 1982 4426 innocentis
2003 4361 2180 4428 Chri-

647 4469 750 4549 sti,
777 4471 966 4533 terrae
984 4468 1197 4529 motus
1223 4464 1425 4528 sactus
1449 4468 1565 4545 est,
1594 4468 1669 4530 ut
1692 4467 1924 4533 dicitur
1940 4470 1986 4533 ².
2017 4471 2176 4537 Item

644 4583 842 4663 aqua}
869 4574 1042 4641 unde
1066 4590 1468 4657 oppressores
1499 4573 1780 4639 filiorum
1822 4575 2011 4644 Israel
2026 4628 2044 4660 ,
2085 4581 2171 4645 si-

644 4690 754 4751 cut
776 4684 1009 4751 dicitur
1032 4688 1080 4761 ⁸,
1114 4705 1147 4743 α
1184 4680 1499 4746 submersi
1534 4684 1684 4746 sunt
1725 4685 1909 4765 quasi
1952 4685 2172 4768 plum..

641 4794 801 4858 bum
825 4793 896 4857 in
922 4790 1108 4875 aquis
1148 4788 1657 4855 vehementibus.
1689 4810 1721 4849 n
1775 4789 1853 4856 Et
1877 4793 1983 4859 hic
2009 4794 2169 4861 dici-

642 4906 751 4967 tur
776 4906 822 4982 ⁸,
851 4898 1025 4983 quod
1049 4896 1246 4964 Paulo
1273 4896 1643 4964 violentiam
1668 4898 1968 4982 patiente,
1993 4921 2173 4970 mare

639 5008 1014 5075 concitatur.
1043 5006 1201 5071 Item
1226 5005 1438 5087 ignis;
1469 5005 1638 5071 unde
1663 5005 1894 5073 dicitur
1920 5008 1966 5089 ⁹,
1996 5011 2170 5093 qnod

699 5169 720 5206 ¹
759 5170 777 5220 1
812 5169 959 5226 Tim..
986 5179 1070 5234 vl,
1104 5172 1152 5222 9.
1178 5195 1241 5207 —-
1275 5167 1294 5199 ²
1322 5167 1522 5230 unuh„
1551 5179 1662 5232 ΧΠ,
1690 5170 1771 5219 30.
1798 5193 1859 5205 -
1895 5168 1918 5204 ⁸
1944 5170 2083 5232 Luc„
2115 5183 2165 5236 v,

638 5241 690 5303 6,
721 5242 768 5291 7.
798 5265 861 5278 —
887 5240 908 5269 ⁴
941 5240 1050 5291 lmo
1079 5242 1260 5291 auctor
1287 5238 1581 5298 Declamat„
1610 5252 1659 5290 c.
1686 5250 1802 5300 ιη,
1826 5238 1959 5289 inter
1993 5240 2167 5303 spuria

642 5312 788 5378 oper.
821 5312 1064 5365 Bet-nard.
1091 5336 1152 5351 —
1184 5311 1208 5347 ⁸
1226 5311 1355 5374 Act„
1384 5323 1555 5376 xxvu,
1589 5314 1667 5363 2⁰.
1694 5338 1750 5349 —
1781 5312 1801 5343 ⁸
1832 5312 2076 5363 Bernard.
2103 5339 2166 5351 -

637 5384 662 5421 '¹
688 5383 894 5444 Barth„
919 5395 1085 5448 xxm,
1110 5384 1189 5437 st.
1215 5409 1274 5421 -
1295 5382 1320 5419 ⁸
1343 5382 1529 5440 Em..
1552 5395 1641 5446 xv,
1670 5387 1746 5435 ιθ.
1773 5408 1834 5421 -
1852 5383 1875 5420 ⁸
1901 5384 2054 5447 Dan„
2083 5396 2165 5448 m,

639 5456 721 5508 22.
756 5480 817 5497 -
853 5455 899 5493 ί·
929 5455 1070 5509 psat.
1102 5466 1314 5523 mvn,
1347 5458 1428 5507 2⁰.
1461 5480 1525 5496 --
1559 5455 1597 5490 ¹¹
1633 5454 1770 5506 Peal.
1813 5466 1986 5519 mvn,
2019 5458 2069 5506 9.
2102 5482 2165 5495 -

2297 695 2546 779 ignem,
2576 698 2853 765 incendit
2873 700 3138 767 flamma
3160 701 3356 784 ignis.
3378 702 3589 772 Potest
3607 712 3827 775 autem

2297 803 2368 869 in
2396 804 2499 869 his
2520 806 2749 889 triplex
2774 806 3203 872 violentorum
3232 827 3422 893 poena
3447 812 3824 898 significari,

2297 912 2532 979 scilicet
2552 915 3054 998 :temporalis,in
3075 934 3271 1001 aqua;
3291 919 3554 987 unde¹⁹z
3578 922 3825 990 «Inun-

2296 1019 2610 1087 daverunt
2632 1039 2853 1105 aquae,
2893 1045 2924 1083 x·
2960 1027 3081 1088 etc.
3120 1023 3477 1108 Iudicialis,
3521 1028 3827 1098 interrae

2296 1131 2519 1193 motu:
2553 1132 2723 1195 terra
2745 1130 2919 1195 enim
2965 1137 3281 1212 movetur,
3326 1133 3485 1198 dum
3529 1136 3598 1201 in
3635 1140 3828 1205 corde

2289 1235 2603 1317 jndicium
2629 1236 2912 1302 timetur.
2928 1236 3261 1303 Psalmista
3276 1239 3319 1276 ¹¹
3344 1263 3360 1305 ε
3390 1239 3628 1309 «Terra
3651 1251 3831 1313 mota

2294 1349 2421 1422 est,
2468 1366 2501 1405 n
2552 1347 2670 1409 etc.
2716 1343 3079 1425 AEternalis,
3125 1346 3193 1410 in
3225 1346 3379 1430 igne
3425 1350 3518 1417 ¹¹:
3577 1375 3609 1415 α
3648 1351 3830 1436 Ignis

2293 1451 2434 1533 eJus
2461 1451 2534 1534 (e)
2564 1468 2694 1517 non
2720 1451 3158 1534 extinguetur.
3187 1474 3218 1513 n

2735 1634 3023 1706 SERMo
3065 1636 3161 1709 1v
3191 1637 3278 1730 (s)
3309 1640 3378 1708 ¹⁸.

2371 1777 2656 1859 Domine,
2687 1778 2872 1847 salva
2899 1794 3038 1861 nos,
3065 1783 3350 1865 perimus
3369 1783 3434 1850 ¹⁸.
3458 1785 3619 1864 Quia
3640 1804 3830 1853 secu-

2292 1902 2443 1950 rum
2469 1889 2566 1951 est
2597 1885 2918 1970 discipulis
2946 1888 3164 1954 audire
3204 1907 3392 1956 veros
3439 1895 3788 1976 magistros
3809 1944 3829 1976 ,

2293 1994 2792 2059 commendabile
2807 1994 2956 2058 flliis
2981 1995 3217 2060 imitari
3243 1997 3444 2064 bonos
3460 2003 3692 2083 patres,
3722 2007 3828 2067 at·

2292 2117 2417 2184 que
2446 2100 2800 2182 gloriosum
2842 2101 3115 2167 subditis
3151 2105 3333 2187 sequi
3366 2108 3658 2173 strenuos
3704 2109 3828 2175 do-

2291 2205 2501 2271 minos
2530 2229 2545 2270 :
2591 2207 2733 2272 ideo
2779 2207 2851 2274 in
2888 2208 3085 2274 verbo
3129 2212 3448 2295 proposito
3460 2261 3482 2294 ‚
3529 2217 3832 2299 exemplo

2292 2315 2741 2399 apostolorum,
2766 2335 3073 2383 verorum
3104 2320 3562 2400 magistrorum
3578 2372 3598 2404 ,
3625 2324 3834 2391 bono-

2292 2442 2440 2489 rum
2457 2427 2736 2506 patrum,
2752 2428 2941 2509 atque
2959 2428 3364 2492 strenuorum
3385 2428 3825 2513 dominorum,

2290 2531 2649 2614 principum
2679 2532 2757 2615 (q)
2795 2532 2943 2597 fidei
2974 2532 3360 2613 christianes,
3398 2540 3654 2620 propter
3694 2538 3829 2604 im-

2291 2638 2540 2703 minens
2565 2640 2919 2723 periculum
2946 2641 3291 2724 corporale,
3320 2641 3613 2710 divinum
3641 2648 3834 2711 auxi-

2291 2746 2452 2811 lium
2477 2750 2840 2812 reverenter
2856 2746 3339 2831 postulantium,
3368 2754 3433 2814 et
3456 2750 3649 2816 etiam
3676 2754 3825 2817 effi-

2291 2854 2520 2919 caciter
2543 2855 2922 2937 optantium,
2953 2854 3372 2921 admonemur
3393 2874 3511 2922 nos
3535 2860 3676 2941 eius
3703 2859 3835 2926 dis-

2292 2960 2507 3045 cipuli,
2537 2960 2653 3025 filii
2687 2961 2945 3042 subditi,
2991 2962 3059 3025 in
3098 2962 3275 3026 omni
3314 2963 3680 3030 necessitate
3716 2986 3833 3032 re-

2291 3087 2545 3135 currere
2601 3070 2682 3134 ad
2733 3069 3049 3135 auxilium
3092 3070 3328 3137 divinae
3374 3071 3831 3142 misericordiae

2292 3176 2588 3242 omnibus
2612 3177 3067 3242 subvenientis.
3106 3177 3285 3243 Unde
3309 3179 3392 3244 ad
3425 3179 3549 3245 hoc
3591 3182 3832 3250 melius

2292 3282 2649 3348 faciendum
2674 3301 2900 3349 eorum
2925 3284 3217 3368 exemplo
3242 3285 3663 3353 informamur
3702 3308 3833 3356 uos

2290 3392 2361 3457 in
2403 3391 2600 3457 verbo
2639 3392 2959 3476 proposito
2994 3393 3280 3459 ordinate
3324 3395 3664 3477 procedere
3695 3419 3711 3461 ε
3745 3417 3831 3465 eo

2291 3498 2462 3581 quod
2485 3500 2554 3563 in
2586 3500 2777 3566 verbo
2799 3500 3150 3585 praemisso‚
3170 3502 3382 3584 primo
3403 3502 3827 3585 praemittitur

2291 3606 2633 3672 affectuosa
2654 3608 2969 3672 invocatio
3008 3608 3369 3673 excellentis
3410 3612 3829 3693 magnificen-

2290 3714 2429 3793 tiae;
2460 3715 2733 3779 secundo
2757 3714 3010 3780 additur
3034 3714 3303 3781 discreta
3326 3716 3674 3784 insinuatio
3692 3719 3825 3785 im-

2290 3820 2591 3885 minentis
2623 3820 3022 3902 indigentiae3
3052 3822 3237 3888 tertio
3264 3824 3685 3906 subJungItur
3707 3828 3828 3894 de-

2290 3931 2440 3993 vota
2463 3928 2680 4011 petitio
2706 3926 3070 3993 auxiliantis
3096 3929 3568 3997 misericordiae.
3601 3932 3827 4002 Primo

2289 4053 2450 4117 ergo
2502 4036 2882 4100 confitentur
2930 4035 3277 4117 potentiam
3294 4085 3316 4116 ,
3367 4055 3518 4103 cum
3557 4039 3821 4108 dicitur:

2289 4144 2557 4210 Domine
2562 4163 2591 4226 ;
2616 4142 2892 4207 secundo
2908 4141 3349 4208 demonstrant
3363 4144 3822 4232 indigentiam,

2288 4269 2437 4316 cum
2463 4251 2691 4316 dicitur
2722 4271 2737 4315 ε
2764 4249 3057 4317 Perimus
3077 4270 3095 4330 3
3126 4251 3309 4316 tertio
3335 4252 3681 4337 implorant
3699 4256 3825 4324 cle—

2288 4359 2615 4439 mentiam,
2646 4376 2795 4424 cum
2821 4357 3283 4440 subJ'ungitur:
3318 4358 3510 4428 Salva
3530 4378 3670 4430 nos.

2365 4466 2580 4531 Primo
2606 4484 2786 4547 erge,
2815 4466 2887 4531 in
2913 4464 3110 4532 verbo
3142 4468 3465 4550 proposito
3488 4486 3821 4539 eommen-

2284 4576 2439 4641 dant
2479 4574 2735 4641 virtutis
2782 4573 3217 4639 excellentiam
3237 4623 3259 4654 ,
3319 4593 3468 4641 cum
3521 4576 3751 4644 dicitur
3792 4604 3813 4648 :

2283 4684 2571 4752 Domine.
2599 4682 2725 4747 Ista
2750 4686 2964 4748 autem
2990 4682 3303 4749 excellens
3330 4685 3535 4751 virtus
3569 4690 3635 4752 et
3670 4707 3815 4755 ma-

2284 4791 2654 4877 gnificentia
2676 4807 2825 4874 quae
2850 4791 2919 4855 in
2950 4790 3074 4856 hoc
3108 4791 3450 4872 vocabule,
3502 4795 3809 4880 Domine,

2278 4900 2683 4982 intelligitur,
2711 4899 2917 4982 potest
2951 4901 3166 4964 tamen
3193 4898 3520 4983 tripliciter
3557 4901 3755 4987 accipi
3790 4926 3811 4970 ε

2279 5073 2321 5109 ¹¹
2345 5072 2465 5136 Isa„
2494 5082 2643 5134 va1,
2673 5072 2752 5121 24.
2786 5096 2842 5105 —
2870 5068 2913 5105 ¹⁸
2944 5069 3089 5121 Hunc
3125 5083 3233 5120 nou
3262 5069 3419 5121 habet
3452 5070 3607 5123 editio
3646 5074 3812 5129 Paris.

2277 5158 2363 5196 an.
2395 5146 2533 5195 ¹521.
2557 5168 2620 5180 —
2644 5141 2687 5177 ¹⁸
2709 5140 2915 5203 Maecia„
2943 5153 3057 5203 vm,
3090 5143 3168 5192 25.
3736 5145 3743 5150 ‘

2340 5243 2409 5306 (a)
2448 5242 2564 5306 Leq.
2605 5239 2882 5305 Religione.
2922 5264 2987 5278 —
3025 5239 3095 5304 (ὁ)
3135 5240 3259 5292 Goet.
3296 5240 3420 5292 edit.
3460 5242 3701 5295 maxime.
3742 5271 3813 5283 —

2278 5315 2340 5377 (e)
2384 5313 2510 5364 Coet.
2544 5312 2668 5363 edit.
2705 5311 2821 5362 add.
2859 5325 2998 5363 cum.
3034 5339 3097 5351 —-
3131 5311 3208 5377 (d)
3252 5312 3379 5363 Coet.
3418 5313 3540 5365 edit.
3577 5328 3693 5366 vos.
3743 5341 3811 5355 —

2277 5383 2519 5469 (e)·Vu19.
2549 5397 2746 5437 eorum.
2773 5411 2836 5424 —
2871 5385 2943 5451 (s)
2974 5384 3062 5435 ΔΙ.
3089 5397 3132 5437 1.
3160 5409 3214 5423 -
3244 5384 3317 5451 (9)
3347 5385 3469 5438 Goet.
3507 5385 3631 5437 edit.
3664 5386 3807 5452 prin·

2276 5470 2482 5521 mptum.
