4059 6317
669 522 885 723 :iim
922 654 1413 738 AEgypflorum,
1444 653 2208 739 quiafortitudinehuJus

1768 513 2187 584 SERMONES
2221 513 2324 581 DE
2362 514 2762 584 TEMPORE.

2314 652 2892 720 miodesiderioex
2930 656 3233 722 dilatione
3271 655 3836 740 sapum-Jerusa-

672 762 923 849 pauoni
960 762 1475 845 submerguntur
1508 762 1887 846 pestilentiae
1911 760 2210 826 inimico-
2311 759 2440 824 lem
2459 806 2478 838 ,
2507 764 2688 826 tanto
2715 764 3024 844 maiorem
3047 762 3449 829 dulcedinem
3474 763 3699 846 gloria
3730 781 3836 829 su·-

672 889 825 938 rum
847 871 1304 956 spiritualium.

756 979 991 1045 Ultimo
1014 982 1274 1044 notatur
1296 979 1573 1045 efficacia
1594 977 1928 1061 completae
1961 976 2207 1061 perroc-

666 1089 866 1155 tionis
903 1107 988 1154 ex
1026 1091 1208 1172 parte
1247 1087 1399 1168 nei,
1440 1105 1593 1153 cum
1639 1085 2081 1151 subinfertur:
2127 1084 2212 1153 Ut

675 1195 991 1282 caudium
1016 1200 1299 1263 vestrum
1334 1196 1597 1278 plenum
1637 1196 1749 1262 sit.
1798 1192 1979 1258 Tunc
2014 1210 2213 1273 expe-

674 1306 924 1371 riemur
947 1303 1124 1368 illam
1150 1303 1495 1368 efficaciam
1520 1299 1856 1383 completae
1883 1299 2213 1382 pei-rectio-

675 1412 815 1493 nis,
864 1411 1123 1496 quando
1148 1459 1167 1489 ,
1215 1413 1405 1495 Juxta
1452 1410 1829 1494 praedictum
1882 1412 2214 1491 acceptum

676 1522 922 1587 donum
947 1520 1199 1603 gratiae,
1228 1519 1613 1602 accipiemus
1634 1517 1867 1602 triplex
1897 1516 2215 1598 gaudium

680 1628 910 1712 gloriae
929 1675 954 1708 ,
989 1645 1068 1692 eo
1108 1626 1281 1709 quod
1309 1643 1499 1691 omne
1532 1625 1708 1691 aliud
1743 1623 2060 1707 gandium
2095 1641 2213 1688 no-

680 1739 886 1801 strum
905 1737 1114 1819 potest
1142 1734 1224 1799 ad
1247 1733 1370 1799 boc
1392 1733 1959 1815 reduci,tanquam
1979 1731 2062 1794 ad
2089 1729 2218 1813 ple-

681 1861 837 1909 num
860 1847 927 1909 et
951 1843 1326 1927 perfectum.
1360 1841 1577 1907 Primo
1602 1840 1775 1905 enim
1795 1889 1813 1921 ‚
1844 1839 2219 1922 accipientes

679 1950 1028 2016 claritatem
1036 1948 1365 2033 sapientiae
1372 1947 1813 2024 illuminantis,
1844 1945 2222 2028 gaudebunt

678 2058 993 2124 veraciter
1018 2057 1097 2123 de
1122 2059 1342 2140 aperta
1370 2054 1613 2120 visione
1637 2055 1866 2137 primae
1892 2052 2217 2131 veritatis3

682 2164 961 2230 secundo
979 2212 997 2245 ‚
1056 2162 1432 2246 accipientes
1477 2161 1930 2246 pretiositatem
1993 2159 2223 2243 gratiae

683 2271 1035 2338 divinitatis
1061 2319 1082 2351 ,
1139 2269 1514 2353 gaudebunt
1563 2269 1830 2334 dulciter
1873 2268 1954 2334 de
2002 2268 2224 2352 quieta

683 2379 988 2445 fruitione
1015 2395 1312 2461 supernae
1340 2375 1798 2456 deliciositatis;
1828 2375 2040 2455 tertio,
2057 2375 2223 2441 acci-

684 2485 932 2569 pientes
974 2469 1357 2549 soliditatem
1389 2483 1759 2549 constantiae
1780 2532 1798 2562 ‚
1846 2482 2226 2564 gaudebunt

685 2591 1136 2676 perpetualiter
1162 2590 1242 2656 de
1266 2592 1455 2654 firma
1494 2590 1774 2655 tentione
1811 2589 2052 2655 divinae
2096 2589 2224 2654 im-

688 2699 1094 2765 mobilitatis.
1138 2698 1218 2764 Et
1267 2698 1337 2762 in
1377 2697 1515 2761 istis
1562 2697 1767 2762 tribus
1822 2696 2079 2762 dotibus
2104 2745 2126 2777 ‚
2155 2696 2224 2761 in

687 2807 923 2892 quibus
963 2807 1181 2889 imago
1231 2805 1457 2889 gloriae
1502 2805 1820 2886 consistit,
1863 2805 2124 2888 plenum
2163 2807 2228 2870 et

691 2915 1044 2999 perfectum
1072 2915 1386 2998 gaudium
1412 2914 1749 2997 reperitur.
1803 2911 2019 2979 Primo
2065 2932 2226 2998 gau-

686 3024 932 3090 debunt
971 3024 1173 3089 sancti
1215 3022 1529 3090 veraciter
1570 3022 1653 3087 de
1714 3027 1931 3105 aperta
1985 3023 2230 3092 visione

690 3131 921 3214 primae
943 3128 1229 3197 veritatis
1250 3150 1268 3208 ;
1296 3128 1471 3194 unde
1491 3128 1561 3193 in
1588 3127 1858 3194 Psalmis
1878 3133 1897 3168 ¹
1921 3146 1938 3192 z
1959 3150 1991 3188 α
2011 3128 2228 3194 Adim-

674 3239 896 3324 plebis
919 3256 1025 3303 me
1043 3238 1265 3304 laetitia
1286 3237 1355 3301 in
1381 3237 1620 3319 gaudio
1645 3254 1794 3301 cum
1821 3237 2010 3302 vultu
2035 3241 2170 3302 tuo.
2190 3259 2221 3298 ιι

694 3344 931 3427 Magna
946 3345 1168 3412 laetitia
1186 3348 1251 3409 et
1266 3343 1506 3426 gaudio
1523 3342 1968 3426 adimplebitur
1986 3345 2226 3425 anima,

692 3454 950 3537 quando
977 3451 1219 3518 videbit
1252 3454 1456 3516 Deum
1501 3450 1659 3515 facie
1701 3451 1783 3514 ad
1824 3451 2049 3517 faciem
2095 3474 2112 3517 z
2161 3453 2230 3517 in

693 3579 824 3646 quo
854 3562 1043 3628 modo
1066 3560 1323 3627 videndi
1350 3578 1480 3626 non
1501 3564 1705 3643 potest
1731 3578 1912 3625 error
1953 3561 2233 3626 interve-

695 3669 856 3750 nire,
887 3669 1052 3734 sicut
1074 3669 1145 3732 in
1171 3667 1361 3733 modo
1388 3667 1665 3748 videndi,
1695 3667 1808 3750 qui
1833 3670 1930 3731 est
1958 3686 2074 3750 per
2097 3685 2234 3750 spe-

698 3777 999 3842 culumin
1056 3774 1498 3857 aenigmatein
1533 3774 1661 3839 via.
1704 3774 1883 3840 Unde
1913 3775 2231 3856 Augusti-

697 3903 823 3951 nus
845 3934 862 3967 ,
912 3885 990 3953 de
1026 3885 1345 3952 Trinitate
1368 3886 1393 3921 ³¹
1422 3904 1438 3949 ε
1473 3908 1505 3946 ι
1536 3882 1882 3949 Veritatem
1918 3883 2057 3949 sine
2105 3883 2237 3951 ulla

698 3993 1070 4059 difficultate
1101 3993 1461 4059 videbimus
1482 4039 1500 4070 ‚
1537 4009 1741 4074 eaque
1766 3990 2144 4072 clarissima,
2173 4001 2238 4058 et

697 4102 1051 4168 certissima
1097 4101 1523 4185 perfruemur,
1552 4117 1673 4164 nec
1702 4100 1940 4183 aliquid
1980 4119 2233 4184 quaere-

698 4224 849 4275 mus
874 4213 1087 4274 mente
1115 4206 1648 4289 ratiocinantem),
1665 4206 1775 4271 sed
1802 4225 2135 4273 cernemus
2157 4210 2237 4292 (b)

697 4314 1185 4399 contemplante.
1215 4335 1246 4375 n
1282 4313 1367 4378 De
1405 4312 1528 4378 hoc
1568 4315 1861 4379 similiter
1884 4315 1908 4352 ⁸
1939 4337 1954 4379 :
1993 4339 2027 4377 α
2049 4313 2235 4381 Vide-

697 4424 879 4504 bitis,
923 4427 992 4488 et
1032 4422 1338 4506 gaudebit
1381 4439 1492 4486 cor
1533 4425 1841 4487 vestrum.
1881 4443 1912 4482 n
1946 4422 2237 4490 Secundo

699 4530 1075 4614 gaudebuut
1094 4529 1293 4593 sancti
1312 4527 1582 4593 dulciter
1609 4529 1675 4591 in
1704 4528 1920 4611 quieta
1936 4530 2235 4597 fruitione

697 4637 995 4702 fraternae
1029 4635 1405 4715 suavitatis3
1432 4634 1604 4699 unde
1621 4634 1644 4670 ⁴
1675 4656 1691 4699 ε
1732 4657 1764 4695 α
1786 4634 2063 4703 Gaudete
2087 4657 2236 4703 cum

696 4745 1048 4812 Jerusalem
1076 4742 1337 4827 gaudio,
1367 4743 1479 4826 qui
1506 4741 1824 4824 lugebatis
1850 4763 2041 4829 super
2066 4735 2234 4828 eam,

702 4855 774 4916 ut
799 4852 1050 4937 sugatis
1071 4900 1089 4932 ‚
1118 4855 1184 4917 et
1208 4849 1576 4934 repleamini
1623 4851 1705 4915 ab
1741 4851 2051 4918 uberibus
2091 4873 2239 4920 con-

697 4960 1019 5026 solationis
1047 4961 1226 5042 ejus,
1273 4962 1344 5024 ut
1385 4957 1715 5024 mulceatis
1754 4978 1830 5024 ac
1867 4960 2109 5027 deliciis
2140 4964 2233 5028 af·

698 5067 934 5136 fluatis.
971 5089 1003 5129 n
1034 5067 1284 5145 Quanto
1313 5066 1509 5132 bomo
1537 5066 1750 5149 magis
1776 5067 1958 5151 luget
1984 5088 2119 5153 prae
2143 5072 2240 5136 ni-

760 5232 778 5267 1
807 5229 950 5281 Psal.
980 5243 1066 5296 xv,
1091 5235 1167 5282 11.
1186 5257 1249 5269 -
1271 5229 1290 5261 ²
1313 5234 1464 5295 Aug„
1483 5228 1545 5281 de
1568 5230 1769 5296 Triuia,
1792 5230 1882 5282 lib.
1906 5232 2018 5296 XV,
2043 5248 2088 5284 c.
2115 5245 2239 5300 xxv,

699 5315 753 5352 n.
798 5305 876 5354 45.
909 5328 971 5342 —
1005 5304 1029 5341 ⁸
1064 5303 1230 5367 loun„
1268 5314 1386 5366 xvr,
1430 5305 1509 5353 22.
1544 5329 1607 5341 -
1647 5302 1670 5338 '0
1704 5303 1825 5367 Iso„
1865 5316 2015 5367 uvi,
2059 5309 2137 5356 10.
2176 5333 2238 5346 -

697 5374 717 5406 ⁸
748 5374 993 5440 Anselm„
1022 5375 1219 5439 Media,
1248 5386 1358 5427 ιιι.
1392 5397 1455 5414 ——
1487 5377 1509 5408 ⁸
1546 5377 1666 5438 Isca,
1699 5388 1781 5440 m,
1810 5380 1888 5428 11.
1925 5404 1981 5415 -
2020 5378 2040 5410 ’
2074 5377 2237 5440 loun„

682 5455 786 5509 -xv,
827 5449 907 5498 22.
946 5473 1008 5486 -
1046 5446 1070 5483 ⁸
1100 5448 1246 5500 Hunc
1282 5452 1335 5499 et
1366 5447 1499 5500 duos
1535 5460 1645 5512 seq.
1683 5447 1837 5500 babet
1877 5463 1980 5514 quo
2054 5464 2083 5502 e
2112 5451 2234 5503 edit.

697 5515 857 5571 Paris.
886 5532 970 5570 an.
998 5521 1139 5574 1521.
1168 5544 1231 5561 --
1260 5521 1279 5552 ⁸
1305 5519 1473 5584 loun„
1499 5530 1609 5584 xvx,
1636 5521 1718 5574 24.
1740 5543 1802 5560 --
1832 5521 1871 5553 ⁸⁸
1895 5522 1991 5574 Psa
2019 5557 2035 5572 .
2061 5533 2234 5587 xxxii,

2314 871 2429 949 get
2463 869 2547 932 ab
2588 869 2896 934 uberibus
2934 870 3175 935 divinae
3222 870 3834 935 mulcebritau‘smx

2315 993 2447 1058 qua
2469 976 2732 1059 quidem
2758 977 3089 1043 dulcedine
3112 977 3343 1060 gloriae
3368 978 3590 1042 anima
3611 978 3842 1061 repleta

2315 1087 2381 1147 et
2405 1083 2694 1165 pertusa,
2725 1102 2856 1149 non
2882 1089 3136 1150 tantmn
3168 1085 3515 1165 sauciatur,
3543 1086 3675 1151 imo
3710 1086 3842 1150 ine-

2318 1191 2586 1271 briatur,
2618 1194 2681 1256 et
2721 1193 2996 1259 totaliter
3037 1194 3438 1259 absorbetur.
3486 1193 3667 1259 Unde
3708 1195 3843 1258 An-

2318 1298 2603 1365 selmus⁸
2637 1318 2656 1364 z
2692 1300 2823 1365 «In
2855 1300 3840 1385 gaudiumDeiinunibit,quod

2317 1406 2376 1470 si
2423 1410 2674 1472 tantum
2717 1412 3012 1492 saperet,
3059 1413 3124 1473 et
3164 1426 3300 1473 non
3341 1411 3746 1492 mergeretur
3784 1412 3846 1474 et

2321 1514 2793 1593 absorberetur,
2823 1516 3035 1581 adhuc
3061 1522 3272 1599 posset
3295 1517 3641 1599 insurgere
3668 1533 3847 1600 appe·

2320 1622 2475 1687 titus
2511 1622 2592 1688 ad
2619 1622 2894 1706 amplius
2935 1624 3335 1706 capiendum.
3364 1644 3397 1683 ι
3429 1623 3646 1688 Tertio
3683 1642 3850 1705 gau-

2321 1729 2567 1794 debunt
2582 1729 2786 1794 sancti
2815 1730 3264 1814 perpetualiter
3283 1731 3354 1796 in
3370 1731 3564 1796 firma
3577 1732 3850 1796 tentione

2321 1837 2558 1903 divinae
2578 1836 3066 1917 immobilitatis;
3093 1837 3264 1903 unde
3280 1836 3304 1872 ⁸
3319 1859 3351 1930 ,ι
3382 1860 3416 1899 ι
3427 1836 3680 1902 Laetitia
3696 1857 3852 1903 sem-

2323 1945 2573 2028 piterna
2614 1961 2810 2027 super
2866 1944 3072 2027 capita
3120 1962 3345 2010 eorum
3375 1992 3395 2024 ,
3429 1944 3748 2025 gaudium
3794 1946 3856 2008 et

2326 2051 2784 2118 exultationem
2821 2052 3222 2117 obtinebunt.
3242 2073 3275 2112 n
3309 2051 3488 2117 Unde
3524 2051 3649 2116 erit
3688 2070 3852 2115 sem-

2326 2160 2577 2244 piterna
2599 2160 2709 2224 illa
2735 2159 2979 2240 laetitia,
3007 2164 3075 2224 et
3098 2164 3478 2243 perpetuum
3503 2159 3664 2224 illud
3695 2176 3855 2241 gau-

2325 2267 2545 2348 dium,
2575 2267 2728 2351 qnia
2751 2272 2908 2332 tunc
2931 2267 3131 2332 sancti
3156 2268 3579 2334 adhaerebunt
3606 2267 3856 2333 vinculo

2329 2375 2750 2440 indissolubili
2800 2375 2872 2458 (c)
2907 2392 3022 2459 per
3047 2391 3333 2440 amorem
3360 2393 3622 2441 summo
3657 2379 3721 2441 et
3758 2376 3858 2438 in-

2329 2482 2763 2548 commutabili
2805 2482 2997 2548 bono.
3044 2482 3123 2548 Et
3156 2486 3415 2566 propter
3453 2481 3578 2548 hoc
3617 2483 3858 2548 dicebat

2330 2590 2655 2658 Christus⁷
2686 2612 2702 2654 ε
2742 2613 2776 2652 ι
2797 2589 3111 2654 Gaudium
3147 2595 3437 2657 vestrum
3464 2608 3658 2656 nemo
3692 2590 3862 2656 tollet

2332 2716 2373 2763 a
2399 2697 2604 2764 vobis.
2627 2718 2660 2758 s
2693 2696 3021 2779 Rogemus
3043 2714 3242 2779 ergo,
3269 2703 3392 2763 etc.

2863 2877 3153 2949 SERMO
3198 2878 3263 2948 Il
3288 2881 3336 2948 ⁸.

2415 3026 2620 3092 Petite
2646 3028 2707 3092 et
2732 3024 3065 3107 accipietis
3082 3072 3099 3106 ,
3138 3027 3212 3091 ut
3237 3020 3555 3105 aaudium
3593 3027 3866 3091 vestrum

2330 3133 2589 3217 plenum
2608 3134 2697 3199 sit
2720 3132 2766 3196 ⁹.
2787 3131 2857 3196 Si
2882 3130 3336 3215 plenitudinem
3357 3130 3581 3213 gaudii
3604 3130 3866 3196 coelestis

2337 3241 2718 3306 sentiremus
2738 3288 2757 3319 ,
2798 3239 3253 3304 studiosissime
3297 3257 3442 3304 eam
3485 3243 3866 3322 peteremus.

2339 3345 2501 3413 Nam
2529 3348 2583 3411 si
2609 3364 2723 3430 per
2756 3344 3128 3430 petitionem
3160 3344 3421 3428 plenum
3452 3345 3769 3426 gaudium
3803 3343 3871 3406 in

2339 3457 2497 3522 coelo
2521 3455 2667 3539 quis
2700 3472 2831 3518 non
2861 3452 3195 3534 obtinebit,
3234 3452 3376 3517 sine
3404 3452 3711 3535 petitione
3743 3450 3870 3533 ple-

2339 3583 2502 3632 num
2528 3562 2910 3646 supplicium
2935 3560 3003 3624 in
3030 3560 3277 3624 inferno
3314 3558 3678 3624 sustinebit.
3714 3559 3868 3624 (3011-
3894 3561 4059 3680 affl

3849 3686 4059 3746 =mw

2340 3671 2564 3737 sidera·
2594 3687 2757 3751 ergo
2805 3666 3287 3752 quadruplicem
3337 3665 3802 3749 plenitudinem

2341 3779 2531 3863 plena
2573 3777 2747 3842 enim
2788 3774 3220 3841 misericordia
3259 3773 3330 3838 in
3366 3773 3647 3854 mund03
3692 3773 3875 3857 plena

2337 3885 2592 3970 justitia
2632 3885 2704 3948 in
2736 3882 3020 3967 judici03
3066 3881 3253 3964 plena
3293 3880 3518 3946 laetitia
3561 3881 3631 3945 in
3683 3881 3869 3959 coe103

2345 3992 2535 4076 plena
2559 3990 2815 4056 miseria
2838 3990 2906 4054 in
2931 3989 3202 4054 inferno.

2426 4099 2513 4164 De
2540 4098 2770 4181 primo,
2803 4096 3134 4163 psalmista
3149 4096 3237 4159 ¹⁰:
3265 4117 3299 4157 c
3321 4095 3746 4162 Misericordia
3769 4095 3875 4161 Do-

2347 4207 2505 4272 mini
2533 4206 2719 4290 plena
2747 4212 2842 4270 est
2866 4210 3055 4269 terra.
3083 4225 3115 4264 n
3146 4187 3571 4269 Misericordia
3594 4205 3874 4270 maxima

2346 4315 2534 4380 nobis
2576 4314 2823 4378 miseris
2864 4312 2931 4376 in
2957 4311 3234 4390 mundo,
3271 4311 3562 4377 remissio
3609 4316 3707 4377 est
3729 4329 3874 4395 pec-

2344 4429 2633 4489 catorum
2663 4444 2679 4486 ι
2725 4421 2804 4487 de
2841 4438 2974 4503 qua
3011 4418 3348 4484 Psalmista
3372 4419 3415 4456 ¹¹
3451 4440 3468 4483 ι
3508 4441 3540 4479 α
3583 4418 3875 4483 Miserere

2347 4531 2497 4611 mei,
2523 4529 2711 4611 Deus,
2732 4551 2762 4590 ι)
2791 4532 2911 4594 etc.
2930 4527 3064 4592 Hac
3079 4526 3511 4592 misericordia
3531 4529 3669 4592 tam
3697 4525 3875 4609 plena

2346 4644 2443 4705 est
2479 4644 2651 4705 terra
2668 4688 2688 4720 ,
2734 4642 2810 4703 ut
2852 4638 3047 4702 etiam
3086 4635 3247 4701 nulli
3289 4640 3875 4720 quantumcumque

2346 4749 2537 4837 pleno
2564 4748 2832 4832 peccatis
2865 4747 3240 4828 denegetur,
3271 4746 3438 4810 sicut
3469 4748 3643 4828 patet
3668 4745 3736 4809 in
3769 4744 3873 4808 ino

2344 4858 2625 4923 debitore
2650 4856 2872 4921 decem.
2889 4853 3163 4918 millium
3187 4853 3577 4917 talentorum
3596 4852 3643 4890 2'
3672 4874 3688 4919 ε
3714 4850 3871 4916 «Μί-

2347 4969 2553 5030 sertus
2580 4964 2888 5030 Dominus
2913 4961 3085 5028 servi
3109 4960 3305 5041 iuius,
3333 4960 3572 5025 dimisit
3597 4978 3775 5037 eum,
3813 4961 3875 5023 et

2346 5073 2630 5139 debitum
2656 5070 2895 5138 dimisit
2906 5070 2986 5135 ei.
3009 5091 3040 5131 n
3069 5067 3472 5151 Augustinus
3493 5069 3581 5132 ²⁹:
3611 5092 3644 5131 α
3658 5066 3875 5134 Nullus

2349 5276 2397 5324 5.
2425 5299 2481 5311 ——
2511 5273 2548 5308 ¹¹
2580 5269 2718 5321 Psal.
2749 5282 2801 5330 n,
2834 5272 2877 5320 1.
2906 5294 2970 5308 -
2998 5267 3040 5302 ¹²
3065 5267 3271 5332 Humi„
3303 5279 3467 5332 xvm,
3494 5272 3574 5320 27.
3604 5295 3668 5307 —
3703 5267 3746 5306 ¹⁸
3771 5268 3872 5317 imo

2347 5347 2524 5395 auctor
2541 5341 2631 5393 lib.
2650 5341 2711 5392 de
2736 5341 2873 5406 Spir.
2900 5343 2949 5390 et
2975 5340 3146 5392 Am'm.
3160 5375 3180 5405 ,
3212 5353 3261 5390 c.
3290 5351 3373 5405 vr,
3407 5340 3543 5401 inter
3563 5341 3720 5410 oper.
3745 5342 3871 5402 Aug.

2413 5451 2476 5513 (a)
2507 5449 2630 5502 Goet.
2655 5449 2777 5499 edit.
2807 5447 3160 5500 concionante.
3193 5471 3255 5486 --
3283 5444 3354 5513 (b)
3381 5446 3506 5498 Item
3539 5449 3787 5500 tenemus.
3814 5467 3872 5483 -

2350 5522 2411 5588 (c)
2440 5524 2563 5575 Item
2588 5519 3021 5575 indissolubiliter.
3457 5543 3462 5548 -
