4059 6317
816 532 1197 600 DOMINICA
1231 532 1256 597 1
1299 531 1501 598 POST
1543 531 1712 599 OCT.
1754 532 2238 601 EPlPHANlAE.
2288 534 2552 601 SERMO
2594 534 2695 602 lv.
2975 626 2985 636 .
3263 543 3336 604 91

186 670 424 737 direcit‘o
447 670 728 737 Domini
753 670 1227 753 interpretatur.
1256 668 1342 736 Et
1371 667 1698 751 dispersos

186 778 332 845 Iuda
343 778 596 861 calliaci
605 778 695 842 ad
711 777 1144 843 confitendum
1159 777 1402 841 nomini
1417 776 1692 842 Domini:

186 887 321 952 ima
358 886 530 951 enim
565 887 878 967 confessio
921 885 1390 968 interpretatur.
1443 886 1497 949 A
1536 901 1698 966 qua-

188 1004 311 1063 mor
335 994 549 1078 phata
575 1003 802 1074 tetvoe,
832 995 898 1060 id
924 998 1017 1059 est
1033 1042 1051 1074 ,
1082 1012 1122 1057 a
1151 995 1426 1077 quantor
1453 993 1696 1058 inordi-

186 1103 326 1168 natis
335 1109 398 1167 et
415 1103 684 1166 terrenis
700 1101 1142 1167 affectionibus
1159 1100 1507 1165 secuudum
1536 1117 1698 1183 quas

188 1215 386 1293 gentes
420 1211 836 1276 ambulabant
876 1210 948 1274 in
994 1210 1273 1275 vanitate
1321 1226 1625 1273 sensuum
1674 1230 1690 1273 :

186 1318 448 1384 videlicet
479 1337 522 1383 a
560 1318 792 1383 amoro
819 1318 1115 1383 vanitatis
1161 1321 1225 1382 ot
1258 1316 1574 1400 superbiae
1587 1301 1594 1308 ’
1609 1317 1690 1380 aa

185 1426 450 1491 timorem
503 1424 892 1490 humilitatis
930 1425 1343 1503 reverentiae3
1396 1443 1437 1489 a
1474 1424 1700 1490 foetore

187 1532 535 1597 carnalitatis
557 1535 622 1597 et
639 1532 1091 1612 immunditiae,
1111 1534 1192 1597 ad
1218 1533 1492 1597 nitorem
1519 1549 1696 1596 sanc-

188 1641 356 1705 titatis
382 1645 443 1705 et
462 1639 829 1724 pudicitiae3
860 1641 942 1705 ab
967 1640 1194 1705 ardore
1218 1639 1609 1705 terrenitatis
1635 1643 1700 1704 et

193 1748 472 1828 avaritias,
501 1748 582 1813 ad
607 1765 899 1813 amorem
923 1748 1310 1831 paupertatis
1334 1752 1398 1813 et
1423 1747 1692 1829 iuopiae3

191 1874 222 1919 a
241 1856 440 1920 furore
465 1855 816 1938 impietatis
840 1859 906 1920 et
927 1855 1187 1920 invidiae
1204 1903 1225 1936 ,
1265 1854 1347 1920 ad
1373 1853 1697 1932 dulcorem

191 1962 482 2027 maritatis
505 1967 572 2027 et
593 1961 1084 2028 benevolentiae.

255 2069 412 2135 Fecit
425 2068 706 2135 secundo
724 2069 991 2151 signum
1009 2067 1382 2134 admirabile
1396 2069 1467 2133 in
1489 2069 1700 2134 subita

194 2178 683 2242 transmutatione
707 2181 958 2241 uaturae
978 2176 1352 2242 obedientis.
1373 2176 1452 2242 Et
1471 2177 1550 2242 de
1577 2178 1702 2242 hoc

197 2293 363 2371 potest
385 2288 504 2353 diei
533 2288 698 2353 illud
720 2289 740 2325 ¹
774 2306 794 2351 ε
838 2310 869 2349 ι
897 2292 1135 2353 innova
1160 2288 1387 2369 signa,
1427 2288 1701 2353 immuta

198 2395 472 2459 mirabilia
492 2398 608 2460 tua
632 2416 648 2458 ε
668 2395 964 2477 glorifica
988 2412 1252 2459 manum
1269 2398 1448 2460 tuam
1474 2400 1540 2461 et
1561 2397 1700 2460 bra-

200 2502 380 2567 chium
421 2503 780 2568 dexterum.
828 2525 861 2564 n
896 2505 1148 2571 Innova
1193 2505 1424 2587 ciana,
1465 2504 1702 2569 scilicet

201 2611 254 2671 tu
289 2610 388 2691 qui
425 2608 766 2675 Jordauem
810 2610 1121 2677 fluentem
1163 2613 1513 2676 retrorsum
1546 2628 1697 2675 cou-

201 2716 403 2781 vertisti
443 2717 843 2798 mirabiliter,
878 2720 1156 2787 immuta
1178 2717 1510 2786 mirabilia
1540 2724 1654 2785 tua
1672 2767 1695 2798 ,

203 2823 396 2889 scilicet
424 2843 608 2908 aquae
627 2826 719 2907 (a)
737 2824 1025 2890 litteralis
1045 2824 1486 2907 intelligentias
1514 2844 1700 2890 man-

203 2927 318 2993 data
335 2930 430 2995 Dei
450 2951 682 3015 parum
705 2932 809 2997 vel
835 2932 1001 2996 nihil
1013 2933 1409 3017 exequentis,
1420 2933 1491 2996 in
1503 2951 1700 2998 usum

204 3036 500 3118 spiritualis
524 3039 1012 3122 intelligentiae,
1044 3045 1117 3105 ut
1147 3040 1425 3106 Creatori
1449 3039 1701 3104 obedia-

205 3146 290 3207 tur
351 3146 690 3211 secuudum
763 3146 1183 3212 intentionem
1252 3146 1697 3230 praecipientis.

208 3250 463 3334 Gla-ilica
486 3269 758 3319 manum
789 3259 851 3321 et
889 3252 1217 3320 brachium
1255 3253 1557 3321 dextrum
1589 3271 1702 3338 per

207 3360 582 3425 ostensionem
613 3359 1095 3443 praeeminentis
1138 3361 1442 3444 potentiae
1477 3361 1549 3424 in
1589 3379 1700 3426 su-

205 3462 310 3530 bita
333 3467 849 3532 transmutatione
874 3472 1124 3532 naturas
1150 3467 1498 3533 obedientis
1528 3488 1545 3532 :
1579 3473 1651 3532 ut
1674 3469 1700 3506 ²

207 3592 233 3630 ι
257 3573 488 3639 timeant
519 3576 633 3658 qui
661 3574 953 3639 habitant
979 3574 1283 3639 terminos
1310 3577 1498 3638 terrae
1529 3592 1572 3639 a
1608 3575 1697 3639 si-

206 3679 328 3758 gnis
357 3682 506 3761 tuis,
536 3703 567 3741 n
618 3685 697 3745 nt
742 3685 1128 3763 cognoscant
1166 3681 1477 3764 quoniam
1509 3681 1533 3718 ⁸
1561 3703 1595 3742 ι
1625 3686 1700 3747 tu

205 3784 350 3850 solus
395 3788 736 3853 altissimus
781 3806 975 3872 snper
1021 3805 1284 3853 omnem
1339 3791 1575 3853 terram
1590 3837 1612 3869 ,
1660 3811 1692 3852 n

204 3895 359 3974 cujus
382 3895 682 3960 voluntati
715 3894 883 3959 nihil
908 3898 1114 3978 potest
1138 3895 1452 3961 resistere.

267 3998 416 4065 Fecit
453 4004 639 4067 tertio
683 4002 950 4084 signum
994 4002 1266 4067 amabile
1309 4002 1377 4066 in
1423 4004 1703 4085 gratuita

208 4107 651 4173 auctificatione
696 4126 886 4192 aquae
915 4110 1374 4190 regenerantis.
1420 4108 1598 4175 Unde
1633 4111 1701 4174 in

211 4209 422 4279 Psalmo
453 4216 682 4280 dicitur
709 4215 733 4250 ⁸
762 4237 778 4280 ε
818 4238 851 4277 α
875 4215 1000 4281 Fac
1039 4234 1295 4282 mecum
1323 4216 1589 4299 signum
1633 4220 1702 4282 in

209 4316 445 4401 honum,
472 4328 547 4387 ut
572 4323 831 4388 videant
855 4315 980 4407 qui
1010 4327 1075 4388 te
1099 4323 1377 4390 oderunt
1393 4373 1414 4406 ,
1445 4329 1523 4389 et'
1546 4344 1698 4390 con·

208 4422 552 4494 fundantur.
534 4451 551 4467 ·
585 4429 897 4513 quoniam
923 4434 1036 4506 tu,
1065 4429 1362 4511 Domine,
1396 4433 1699 4515 adjuvisti

209 4547 291 4594 me
324 4537 383 4597 et
420 4536 776 4601 consolatus
815 4554 884 4602 es
929 4555 1053 4602 me.
1084 4558 1115 4597 n
1146 4539 1278 4604 Fac
1321 4555 1563 4606 mecum
1602 4541 1696 4605 82·-

210 4653 410 4718 Μ,
445 4642 510 4706 id
547 4629 684 4722 est,
727 4643 1024 4726 baptismi
1068 4651 1578 4725 sacramentum,

213 4741 402 4812 mum
427 4750 640 4814 salutis
669 4768 872 4828 meae,
901 4757 977 4819 ut
1002 4751 1270 4820 videant
1293 4755 1410 4836 qui
1454 4760 1513 4822 te
1553 4662 1701 4822 oden

213 4858 375 4933 runt,
417 4857 641 4921 scilicet
669 4857 1033 4936 daemones,
1079 4865 1336 4941 propter
1370 4862 1696 4927 rectitudi-

217 4972 340 5022 nem
359 4964 422 5025 et
442 4964 832 5028 severitatem
853 4964 1161 5046 justitiae3
1193 4971 1254 5033 ct
1286 4967 1700 5048 confundan-

220 5067 309 5128 tur
334 5085 442 5149 per
477 5070 842 5153 ejectionem
881 5070 963 5136 de
1003 5071 1250 5137 mundo
1291 5072 1700 5140 tabernaculo

222 5173 474 5249 paradisi.
521 5176 827 5253 Quoniam
881 5182 989 5257 tu,
1039 5178 1336 5259 Domine,
1374 5180 1699 5263 adiuvisti

275 5368 1695 5440 'Boetzzmv1‚s.-³Psal.1.x1v,9..—⁸Psal

229 5446 1696 5542 unn,19.-⁸sPal.1.xxxv,17.-⁸Ezeck.,1x,4.-

230 5508 394 5578 ‘liniq
417 5518 546 5567 ¹1.-
572 5516 784 5583 Unam,
810 5530 886 5585 ιι,

1805 686 1904 737 me
1930 718 1948 750 ‚
1977 671 2212 736 scilieet
2250 671 2580 737 liberando
2607 689 2647 735 a
2671 670 3080 753 percussione
3121 674 3344 738 mortis

1804 781 2062 843 aeternae
2110 779 2465 860 sanguinea
2507 779 3092 860 consignificatione
3137 781 3343 845 crucis

1803 884 1874 948 in
1917 884 2254 968 baptismo.
2299 887 2386 954 Et
2424 887 2784 955 consolatus
2831 902 2897 953 es
2924 904 3022 954 me
3046 935 3063 966 ,
3112 887 3345 952 scilieet

1803 1009 1919 1074 per
1960 991 2341 1057 infusionem
2386 992 2774 1058 dulcorantis
2816 993 3069 1075 gratias.
3116 998 3188 1057 Et
3219 994 3340 1059 hoc

1803 1100 2097 1183 estquod
2123 1117 2419 1184 expresse
2445 1105 2507 1165 et
2546 1102 2901 1166 secundum
2940 1101 3223 1166 litteram
3250 1101 3344 1166 di-

1803 1206 1968 1271 citur
1997 1207 2019 1243 ⁸
2051 1229 2066 1271 ε
2101 1229 2133 1266 c
2150 1206 2353 1289 Signa
2376 1207 2539 1272 thau
2565 1225 2760 1291 super
2787 1210 3023 1273 frontes
3049 1208 3339 1274 virorum

1807 1315 2203 1399 gementium
2234 1321 2299 1381 et
2323 1316 2673 1381 dolentium
2700 1337 2730 1376 u
2766 1316 2846 1381 de
2875 1321 3079 1381 morte
3111 1316 3342 1382 Christi

1803 1443 1917 1508 per
1933 1425 2473 1507 compassionem:
2500 1431 2562 1490 et
2586 1425 2880 1509 sequitur
2894 1426 2917 1462 ⁸
2938 1425 3112 1509 quod
3139 1428 3340 1489 trans·

1803 1532 2019 1597 ierunt
2046 1550 2444 1614 percussores
2468 1551 2582 1616 per
2608 1532 2895 1598 medium
2940 1530 3210 1596 civitatis
3231 1578 3249 1609 ‚
3279 1536 3344 1596 et

1802 1644 2252 1723 percusserunt
2278 1658 2499 1705 omnes
2520 1688 2538 1720 ‚
2582 1640 2699 1723 qui
2731 1657 2861 1705 non
2898 1638 3218 1703 habebant
3244 1640 3331 1703 si-

1804 1771 2010 1835 gnum
2038 1753 2197 1817 thau
2214 1801 2231 1832 ,
2261 1751 2327 1816 id
2351 1755 2448 1816 est
2463 1800 2481 1831 ‚
2511 1751 2715 1816 crucis
2744 1752 2815 1815 in
2838 1751 3153 1816 frontibus
3178 1751 3332 1815 suis.

1806 1841 1985 1938 Quod
2016 1860 2177 1925 thau
2206 1859 2478 1924 amasne
2503 1859 2769 1940 signum
2792 1858 2864 1922 in
2888 1857 3203 1940 baptismo
3229 1857 3346 1921 im-

1806 1967 2028 2051 primit
2064 1967 2230 2032 Deus
2270 1966 2506 2031 animae
2549 1964 2958 2049 spiritualiter
2998 1964 3066 2029 in
3099 1965 3344 2030 bonum

1806 2075 2049 2142 salutis.

1887 2182 2237 2266 Sequitur:
2287 2182 2738 2263 Manifestum
2779 2181 3048 2264 aleriam
3090 2194 3279 2245 suam
3321 2198 3345 2244 .·

1807 2290 1925 2355 ubi
1951 2293 2210 2354 notatur
2246 2308 2384 2355 suae
2428 2288 2729 2373 potentiae
2754 2305 2868 2371 per
2907 2287 3175 2367 siguum
3204 2285 3340 2350 evi-

1806 2398 1964 2463 dens
1999 2396 2441 2461 manitestatio.
2472 2394 2593 2460 Per
2617 2394 2779 2460 illud
2822 2394 2995 2458 enim
3032 2392 3300 2474 siguum
3316 2439 3340 2472 ,

1805 2510 1921 2570 aut
1963 2522 2078 2589 per
2111 2504 2236 2568 alia
2276 2520 2424 2587 quae
2468 2503 2613 2567 fecit
2643 2501 2828 2567 Jesus
2849 2549 2867 2580 ,
2894 2500 3339 2578 [manifestavit

1808 2630 1948 2678 suae
1966 2610 2687 2695 proprietatistriplicem
2701 2607 3165 2674 excellentiam.
3179 2605 3341 2671 Nam

1807 2721 2018 2803 primo
2040 2768 2057 2799 ,
2088 2737 2202 2802 per
2239 2718 2497 2800 signum
2537 2733 2723 2798 aquae
2753 2714 3072 2796 originem
3110 2713 3346 2779 immu-

1805 2829 1998 2893 tantis
2020 2876 2039 2907 ,
2073 2825 2502 2891 manifestavit
2537 2822 2993 2888 sublimitatem
3047 2822 3347 2904 potentias

1807 2933 2110 3013 creantis3
2156 2931 2469 3011 secundo,
2518 2949 2632 3015 per
2674 2931 2938 3012 signum
2985 2928 3183 2993 stellae
3221 2928 3345 2993 ful-

1812 3042 2052 3125 gentis,
2070 3040 2494 3106 manifestavit
2509 3039 2861 3102 claritatem
2884 3036 3213 3119 sapientise
3231 3054 3347 3118 gu-

1809 3147 2134 3214 bernantis
2151 3170 2169 3226 ;
2189 3148 2398 3224 tertio,
2429 3163 2543 3228 per
2567 3145 2832 3227 siguum
2856 3143 3049 3209 undae
3079 3160 3350 3224 regene-

1807 3257 2028 3336 rantis,
2063 3253 2493 3319 manifestavit
2513 3251 2976 3333 benignitatem
2996 3249 3348 3315 clementiae

1809 3363 2179 3429 redimentis
2219 3382 2236 3427 ε
2271 3365 2346 3426 ut
2370 3362 2460 3426 sic
2484 3360 2732 3425 ratione
2755 3359 2947 3442 primi
2975 3358 3056 3422 sit
3084 3357 3346 3423 humili-

1809 3475 1905 3535 ter
1929 3470 2255 3535 timendus
2271 3518 2294 3549 ,
2339 3468 2475 3534 sive
2502 3467 2914 3533 admirandus
2936 3488 2954 3545 ;
2979 3466 3229 3532 ratione
3252 3484 3349 3530 se-

1809 3577 2029 3658 cundi,
2062 3579 2425 3643 reverenter
2450 3574 2893 3654 honorandus;
2949 3573 3058 3638 sed
3103 3572 3349 3638 ratione

1807 3685 2010 3766 tertii,
2043 3686 2338 3752 ardenter
2359 3683 2748 3766 diligendus.

1890 3791 2108 3858 Primo
2135 3810 2248 3876 per
2271 3792 2536 3873 signum
2556 3807 2743 3872 aquae
2770 3788 3093 3871 originem
3117 3788 3351 3853 immu-

1811 3900 2037 3979 tantis,
2082 3898 2512 3964 manifestavit
2543 3895 3003 3961 sublimitatem
3049 3896 3348 3978 potentiae

1810 4006 2106 4072 creantis.
2141 4006 2216 4071 Et
2241 4005 2320 4070 de
2362 4005 2485 4069 hoc
2509 4003 2738 4068 dicitur
2764 4003 2835 4066 in
2881 4003 3186 4085 praedicto
3215 4003 3352 4068 the·

1812 4117 1983 4178 mate
2014 4131 2033 4177 z
2066 4113 2195 4179 Hoc
2223 4114 2493 4179 initium
2521 4111 2674 4191 fecit
2697 4109 2878 4177 Jcsus
2905 4113 3257 4194 signorum,
3290 4117 3350 4179 ct

1811 4220 2253 4301 manifestavit
2278 4218 2553 4303 aleriam
2581 4233 2789 4284 suam.
2822 4217 2989 4283 Deus
3022 4218 3195 4283 enim
3225 4218 3348 4282 mi-

1810 4328 2099 4394 raculosa
2127 4343 2320 4410 opera
2345 4342 2463 4390 sua
2492 4324 2914 4389 manifestavit
2958 4324 3352 4409 simplicibus

1809 4442 1872 4502 et
1899 4435 2154 4502 idiotis:
2199 4437 2274 4498 ut
2312 4432 2425 4515 qui
2468 4449 2601 4497 non
2644 4435 2908 4514 possunt
2954 4433 3351 4499 considerare

1812 4562 1924 4628 per
1950 4544 2170 4608 lumen
2194 4545 2505 4605 creaturae
2525 4536 2876 4601 claritatem
2900 4537 3137 4604 divinae
3167 4538 3347 4620 lucis,

1812 4650 2276 4716 considerarent
2332 4663 2447 4730 per
2510 4649 2834 4728 aspectum
2897 4646 3350 4711 miraculorum

1810 4758 2304 4823 immensitatem
2326 4770 2462 4818 suae
2482 4752 2804 4835 potentias.
2825 4751 2904 4816 Et
2924 4752 3047 4817 hoc
3063 4757 3158 4817 est
3178 4753 3351 4836 quod

1810 4866 1959 4931 dicit
1987 4864 2297 4929 Dominus
2329 4862 2406 4926 de
2445 4877 2609 4924 caeco
2636 4858 2659 4893 ⁷
2705 4879 2721 4923 τ
2764 4881 2796 4920 α
2822 4857 3042 4942 Neque
3067 4860 3172 4924 hic
3194 4907 3212 4939 ‚
3245 4876 3353 4927 ne·

1810 4990 1927 5057 que
1968 4977 2260 5055 parentes
2302 4968 2477 5051 edua,
2527 4967 2845 5050 peccavit,
2877 4967 2987 5032 sed
3031 4972 3104 5033 ut
3134 4969 3349 5033 mani-

1808 5082 2120 5147 festentur
2162 5095 2355 5160 opera
2379 5075 2491 5141 Dei
2532 5075 2603 5139 in
2630 5075 2758 5140 illo.
2796 5095 2828 5136 υ
2858 5073 3061 5157 Opera
3096 5074 3208 5140 Dei
3247 5077 3345 5141 di-

1810 5175 2072 5267 cuutur,
2112 5201 2260 5268 quae
2299 5186 2507 5248 servat
2529 5181 2651 5245 sibi
2674 5180 2842 5247 Deus
2862 5201 2880 5247 ε
2902 5185 2967 5247 et
3000 5172 3152 5247 talia
3199 5186 3352 5249 sunt

1808 5312 2004 5378 opera
2028 5290 2429 5370 miraculosa,
2454 5306 2603 5371 quae
2624 5291 2776 5352 sunt
2797 5306 2992 5373 supra
3020 5291 3344 5356 naturam.

1809 5402 1961 5468 Haec
1986 5404 2202 5465 autem
2228 5415 2423 5486 opera
2445 5394 2931 5468 manifestantur
2957 5396 3027 5461 in
3048 5415 3218 5463 caeco
3233 5446 3253 5480 ‚
3282 5398 3347 5470 id

1874 5527 1938 5592 (a)
1974 5526 2088 5592 [ις.
2119 5536 2321 5590 aquam.
