4059 6317
889 427 1268 498 DOMINICA
1307 428 1391 495 111
1435 427 1634 495 POST
1679 424 2204 494 EPIPHANIAM.
2246 425 2508 494 SERMO
2551 425 2629 493 ΙΙ.
3273 434 3352 498 98

174 567 229 633 in
252 566 443 634 verbo
466 566 796 652 proposito
819 569 1078 632 notatur
1096 565 1372 632 conditio
1399 569 1685 649 peccato·

173 675 280 762 ris‚
304 679 621 758 quantum
648 674 728 737 ad
754 675 993 737 statum
1021 673 1298 757 propriae
1326 676 1690 754 transgres—

172 782 343 847 sionis
364 782 648 847 animam
676 781 1109 861 deiomantis,
1138 799 1287 846 cum
1307 781 1495 846 dicit:
1519 781 1688 848 Ecce

171 890 479 971 leprosu8;
512 893 578 953 et
622 888 881 953 nomine
911 887 1148 972 leprosi
1191 889 1354 954 bene
1398 893 1689 972 peccator

36 1015 154 1068 emp*
169 996 547 1076 intelligitur.
584 993 745 1059 Nam
771 995 935 1060 sicut
962 996 1227 1060 morbus
1247 996 1441 1079 leprae
1470 1001 1566 1061 est
1582 1015 1693 1079 ge-

17 1149 153 1192 „m
105 1077 396 1167 '‘neranti
429 1101 908 1182 assimilativus,
957 1098 1300 1184 corporalis
1333 1103 1685 1186 pulchritu-

18 1204 141 1253 Μ
171 1210 318 1275 dinis
355 1210 852 1288 deformativuS,
882 1214 946 1275 et
967 1212 1326 1275 eommunis
1345 1211 1684 1278 habitatio-

171 1318 257 1382 nis
314 1319 711 1400 separativus
740 1340 757 1396 ;
815 1319 908 1382 sic
973 1323 1300 1400 peccatum
1329 1366 1346 1396 ‚
1405 1320 1688 1386 maxime

171 1423 665 1507 multiplicatum,
690 1423 887 1488 habet
912 1423 1032 1488 tria
1056 1424 1225 1489 mala
1250 1425 1321 1490 in
1346 1426 1563 1490 anima
1588 1428 1682 1492 fa-

170 1550 314 1596 eere.
342 1529 501 1596 Nam
529 1532 743 1614 primo
768 1539 1097 1613 peceatum
1124 1532 1436 1615 superbiae
1458 1538 1521 1598 et
1545 1551 1688 1597 am-

171 1640 402 1704 bitionis
428 1640 715 1704 animam
743 1640 1056 1704 assimilat
1079 1643 1362 1722 paternae
1388 1641 1688 1722 maligni-

170 1748 295 1826 tati3
333 1747 612 1812 secundo
653 1751 982 1830 peecatum
1017 1746 1295 1812 luxuriae
1323 1751 1387 1812 et
1411 1748 1683 1813 fornica-

173 1855 338 1918 tionis
379 1855 664 1919 animam
718 1854 1030 1919 deformat
1091 1855 1156 1918 in
1207 1854 1686 1938 pulchritudine

173 1964 454 2042 naturali3
483 1966 677 2028 tertio
706 1966 1035 2045 peccatum
1066 1962 1352 2028 avaritias
1378 1966 1442 2028 et
1468 1981 1689 2028 cumu-

173 2069 398 2135 lationis
421 2071 711 2134 animam
740 2072 989 2152 separat
1012 2087 1052 2133 a
1082 2070 1407 2134 communi
1437 2070 1685 2135 habita-

175 2178 315 2241 tione
353 2178 650 2262 paradisi.
703 2176 883 2241 Unde
942 2180 1270 2257 peceatum
1322 2178 1637 2260 superbia?²
1664 2226 1684 2260 ‚

174 2287 388 2350 ratione
454 2284 876 2368 malignitatis
898 2332 918 2364 ,
971 2284 1125 2366 quia
1186 2285 1493 2349 assimilat
1514 2334 1536 2365 ‚
1593 2292 1689 2352 ost

174 2393 482 2457 odiendum
504 2415 522 2469 3
553 2396 887 2474 peccatum
913 2390 1212 2470 luxurias,
1241 2393 1487 2457 ratione
1512 2393 1688 2457 roedi-

175 2502 325 2580 tatis‚
350 2500 655 2583 quoniam
682 2499 1012 2582 inquinat,
1042 2501 1138 2562 est
1162 2499 1677 2581 abhorrendum3

177 2614 466 2688 pecmtum
512 2607 839 2686 avaritiae,
888 2608 1137 2671 ratione
1191 2609 1607 2689 separationis
1645 2629 1685 2673 a

180 2714 300 2794 Deo,
324 2734 509 2799 quam
534 2716 709 2794 facit,
734 2719 829 2779 est
856 2714 1261 2796 fugiendum.
1297 2714 1510 2779 Primo
1538 2735 1684 2798 pec-

180 2827 359 2887 eatum
411 2823 736 2906 superbiae
789 2826 854 2886 et
894 2822 1258 2886 ambitionis
1293 2823 1375 2887 ad
1418 2825 1682 2889 modum

183 2929 338 3011 leprae
376 2931 663 2994 animam
706 2928 1015 2993 assimilat
1052 2933 1335 3012 paternae
1382 2931 1684 3014 maligni-

181 3037 289 3100 tati.
315 3036 479 3102 Unde
503 3037 741 3102 dieitur
758 3037 776 3071 ¹
814 3057 829 3099 :
868 3059 901 3095 α
928 3036 1089 3100 Cum
1116 3036 1437 3102 elevatum
1454 3043 1549 3102 est
1572 3056 1683 3104 cor

182 3145 295 3224 ejus
327 3145 392 3208 in
428 3144 697 3209 interitu
736 3162 855 3208 suo
878 3192 897 3223 ‚
928 3151 989 3208 et
1021 3143 1311 3226 neglexit
1336 3144 1680 3211 Dominum

181 3248 352 3315 Deum
368 3270 598 3331 suum;
634 3273 669 3311 ι
694 3256 758 3316 et
784 3251 1113 3333 sequitur:
1150 3274 1183 3312 «
1214 3250 1571 3336 Statimque
1594 3254 1677 3336 (a)

177 3363 297 3422 orta
337 3364 423 3424 est
461 3360 640 3442 lepra
684 3359 758 3422 in
803 3359 1007 3423 fronte
1060 3377 1278 3424 eoram
1333 3361 1672 3425 sacerdoti-

178 3464 282 3528 bus
315 3466 376 3529 in
415 3467 605 3531 domo
652 3465 929 3531 Domini.
959 3487 989 3525 n
1026 3465 1203 3531 Osias
1234 3466 1339 3530 ille
1365 3467 1680 3550 superbus

177 3575 230 3633 et
249 3571 430 3637 elatus
443 3574 513 3637 in
532 3573 745 3652 corde,
771 3572 961 3636 datus
980 3576 1076 3637 est
1090 3573 1159 3636 in
1173 3573 1434 3638 interitu
1456 3574 1681 3639 mortis

173 3681 414 3760 asternae,
436 3681 590 3764 quia
618 3679 907 3760 neglexit
933 3680 1130 3745 Deum
1152 3680 1673 3763 omnipotentem,

172 3789 224 3846 et
257 3785 526 3851 imitatur
570 3805 688 3870 per
728 3804 926 3868 opera
971 3785 1348 3850 diabolicam
1396 3786 1674 3868 pravita-

174 3893 280 3953 tem
309 3897 411 3956 :et
427 3894 571 3959 ideo
596 3893 764 3957 sicut
788 3893 854 3956 in
879 3892 1191 3975 spirituali
1215 3892 1424 3957 fronte
1440 3891 1676 3957 diaboli

171 4006 565 4079 apparuerunt
600 4000 794 4081 signa
826 3999 1140 4082 superbiae
1176 4016 1391 4063 coram
1425 3999 1677 4080 angelis

173 4101 330 4170 honis
350 4109 467 4171 sibi
485 4106 927 4173 resistentibus
949 4106 1021 4170 in
1046 4107 1204 4172 coelo
1231 4124 1555 4189 empyre0,
1587 4107 1677 4171 sic

171 4211 226 4276 in
253 4215 447 4281 fronte
474 4215 638 4282 Osiae
675 4217 1004 4299 paternam
1033 4213 1500 4296 malignitatem
1525 4215 1675 4278 imi-

172 4323 365 4403 tantis,
406 4329 545 4390 orta
585 4328 683 4389 est
713 4323 892 4406 lepra
929 4323 998 4386 in
1024 4322 1288 4404 signum
1313 4322 1669 4404 superbias:

172 4430 294 4508 quia
312 4430 593 4497 elevatus
617 4436 715 4495 est
746 4429 848 4512 (b),
879 4430 1075 4494 tactus
1099 4429 1385 4511 leprosus
1407 4430 1477 4494 iu
1493 4429 1671 4510 facie,

169 4532 218 4596 id
239 4544 324 4599 est
351 4538 418 4601 in
441 4538 685 4616 anima,
714 4554 930 4601 coram
958 4535 1378 4601 residentibus
1395 4537 1463 4599 in
1481 4536 1672 4603 domo

173 4637 411 4708 Domini.
458 4644 748 4711 Secundo
777 4649 1104 4726 peceatum
1138 4643 1419 4709 luxuriae
1449 4649 1513 4709 et
1538 4645 1667 4710 for-

169 4748 470 4816 nicationis
503 4753 582 4816 ad
625 4752 892 4817 modum
930 4747 1133 4833 leprae'
1152 4750 1434 4815 animam
1459 4752 1667 4817 defor-

167 4861 276 4920 mat
313 4858 380 4922 in
421 4859 898 4943 pulchritudine
937 4856 1214 4922 naturali
1253 4879 1269 4922 ε
1314 4858 1488 4923 unde
1522 4858 1672 4924 dici-

1801 563 2196 644 proclamare
2236 565 2744 630 contaminatum
2771 582 2845 629 ac
2871 563 3200 630 sordidum
3221 612 3242 645 ‚
3272 584 3349 631 eo

1798 670 1973 753 quod
2011 689 2095 736 ex
2137 671 2487 737 immundis
2512 672 2980 753 affectionibus,
3011 678 3076 738 et
3104 673 3342 740 inordi-

1798 778 1967 843 natis
1995 780 2273 844 motibus
2293 826 2310 857 ‚
2342 785 2406 844 et
2432 779 2666 844 illicitis
2691 781 2990 864 operibus
3014 780 3173 846 adeo
3199 799 3342 847 sor·-

1798 883 1905 950 det
1942 888 2005 950 et
2045 886 2515 951 contaminatur
2537 934 2555 963 ,
2591 891 2666 951 ut
2704 886 2909 954 multo
2941 887 3343 954 abominabi-

1795 991 1922 1056 lius
1965 991 2039 1074 (c)
2082 991 2165 1056 sit
2200 991 2507 1074 angelicis
2532 994 2857 1076 spiritibus
2898 1012 3049 1060 eum
3086 995 3345 1076 intueri,

1796 1117 1993 1182 quam
2036 1099 2209 1162 sanis
2267 1099 2638 1165 hominibus
2672 1100 2995 1182 leprosum
3043 1101 3343 1185 aspicere.

1798 1202 1926 1269 Nec
1970 1223 2259 1288 unquam
2306 1203 2578 1287 Spiritus
2617 1211 2874 1273 sanctus
2931 1208 3245 1274 habitabit
3278 1210 3347 1274 in

1796 1329 2061 1394 corpore
2101 1312 2354 1378 subdito
2391 1316 2644 1396 peccato
2688 1314 2991 1380 luxuriae.
3032 1314 3210 1381 Certe
3236 1334 3345 1381 su-

1796 1436 1911 1501 per
1957 1418 2177 1483 omnia
2226 1419 2531 1484 debemus
2585 1421 2705 1485 niti
2756 1422 2837 1486 ad
2891 1423 3340 1505 acquirendam

1794 1523 1982 1590 istam
2049 1525 2380 1591 munditias
2428 1531 2494 1591 et
2549 1528 2851 1592 castitatis
2916 1526 3342 1611 pulchritudi-

1797 1648 1967 1712 nem,
2000 1632 2148 1715 quia
2194 1631 2277 1715 (d)
2318 1651 2430 1715 per
2462 1633 2649 1698 istam
2675 1652 3169 1715 provocaremus
3197 1636 3344 1719 Spi-

1794 1737 1994 1803 ritum
2029 1745 2323 1804 sanctum
2358 1740 2427 1805 iu
2460 1758 2745 1806 amorem
2787 1746 2852 1807 et
2892 1743 3339 1826 coucupiscen-

1794 1845 1951 1909 tiam
1998 1846 2222 1910 nostri.
2280 1844 2458 1912 Unde
2502 1848 2879 1914 deberemus
2929 1852 3065 1915 toto
3113 1853 3345 1916 conatu

1795 1971 2097 2018 amovere
2123 1973 2163 2018 a
2192 1954 2376 2018 nobis
2415 1955 2779 2020 inordinata
2820 1955 3132 2021 desideria
3154 2004 3173 2034 ‚
3228 1957 3346 2021 im-

1795 2061 2074 2124 mundas
2118 2061 2537 2141 cogitationes
2586 2083 2602 2124 2
2645 2063 2800 2145 quia
2829 2062 3032 2142 sicut,
3082 2064 3340 2146 quando

1794 2167 2128 2232 abundant
2170 2168 2355 2232 multi
2395 2169 2704 2234 humores
2756 2169 3040 2252 corrupti
3076 2170 3146 2235 in
3190 2189 3341 2236 cor-

1793 2291 1977 2357 pore,
2010 2265 2702 2357 generant'quamdam
2738 2276 3015 2340 scabiem
3044 2280 3107 2341 et
3134 2276 3336 2361 impe-

1793 2380 2069 2462 tiginem
2089 2428 2109 2460 ‚
2172 2386 2235 2446 et
2300 2381 2646 2463 aliquando
2712 2365 2954 2465 lepram
2971 2430 2993 2462 ,
3054 2383 3342 2449 tollentes

1793 2487 2178 2552 munditiam
2220 2487 2544 2571 corporis;
2593 2489 2684 2551 sic
2727 2489 3105 2555 inordinatas
3159 2489 3342 2556 affec-

1794 2594 2021 2674 tiones,
2066 2595 2421 2660 immundae
2466 2596 2902 2677 cogitationes,
2949 2601 3014 2661 et
3056 2605 3338 2683 corrupti

1795 2705 2008 2766 motus
2049 2701 2336 2765 carnales
2384 2708 2698 2783 generant
2746 2703 3023 2769 scabiem
3075 2705 3339 2771 inconti-

1793 2808 2071 2888 nentiae,
2104 2808 2346 2891 lepram
2391 2810 2695 2889 luxuriae,
2726 2815 2791 2875 et
2815 2811 3050 2877 tollunt
3077 2815 3340 2879 mundi-

1799 2915 1959 2979 tiam
1979 2916 2283 2980 castitatis
2300 2921 2362 2980 et
2380 2918 2722 2999 pudicitiae,
2738 2937 2814 2983 ac
2839 2938 2953 3002 per
2968 2920 3091 2984 boc
3108 2938 3339 3003 corpus

1792 3024 1867 3087 fit
1890 3023 2182 3089 foetidum
2217 3024 2653 3090 habitaculum
2688 3027 2941 3105 diaboli,
2975 3047 3104 3093 non
3134 3026 3332 3111 Spiri-

1789 3133 1898 3195 tus
1922 3131 2145 3196 saucti.
2194 3130 2405 3196 Tertio
2452 3137 2782 3215 peccatum
2823 3135 3111 3201 avaritiae
3140 3141 3205 3201 et
3230 3156 3336 3202 cu·

1792 3242 2187 3318 mulationis,
2214 3243 2295 3307 ad
2327 3244 2590 3308 modum
2617 3243 2814 3328 leprae
2839 3246 3123 3311 animam
3149 3265 3332 3331 sepa·

1787 3353 1888 3412 rat
1913 3367 1953 3412 a
1979 3350 2311 3414 communi
2336 3350 2725 3417 habitatione
2752 3354 3024 3435 paradisi
3045 3371 3063 3416 :
3087 3355 3259 3419 unde
3275 3356 3328 3421 ⁸:

1798 3477 1829 3515 α
1867 3454 2072 3538 Lepra
2106 3454 2391 3521 Naaman
2432 3457 2783 3523 adhaerebit
2826 3460 2942 3524 tibi
2988 3464 3050 3525 et
3102 3462 3330 3526 semini

1786 3566 1901 3628 tuo
1944 3563 2015 3627 in
2067 3564 2551 3645 sempiternum.
2617 3568 2691 3628 Et
2746 3583 3048 3646 egressus
3104 3572 3197 3632 est
3246 3569 3328 3632 ab

1787 3688 1886 3749 ee,
1915 3691 1944 3730 n
1969 3675 2090 3736 etc.
2113 3670 2276 3748 Quia
2303 3671 2497 3735 istum
2519 3671 2725 3737 Giezei
2746 3679 2807 3737 et
2822 3674 3328 3756 quemlibetava-

1786 3795 1935 3841 rum
1963 3777 2233 3842 avaritia
2253 3778 2322 3860 (e)
2354 3784 2711 3845 commovet
2736 3784 2799 3845 et
2821 3780 3041 3845 incitat
3060 3782 3136 3864 (f)
3156 3783 3328 3846 acci-

1785 3901 1937 3966 pere
1987 3884 2158 3949 boua
2211 3885 2584 3967 temporalia
2620 3904 2636 3949 z
2687 3885 2828 3952 ideo
2873 3888 3106 3952 dicitur
3147 3887 3327 3971 lepra

1786 3990 2106 4071 Naamcm‚
2118 3992 2231 4074 qui
2241 3993 2644 4060 incontinens
2667 3994 2769 4057 vel
2784 3997 3111 4062 commotio
3135 3996 3326 4061 inter-

1785 4104 2112 4182 pretatur:
2143 4107 2206 4165 et
2233 4100 2580 4168 adhoerebz't
2629 4102 2752 4169 tibi
2768 4151 2785 4182 ‚
2818 4108 2882 4167 et
2917 4104 3109 4168 etiam
3135 4104 3320 4168 cuili-

1785 4207 1893 4272 bet
1923 4206 2202 4272 imitanli
2232 4226 2382 4272 eum
2413 4231 2427 4271 ε
2458 4212 2523 4273 et
2546 4209 3086 4290 quemadmodum
3125 4210 3325 4295 lepro-

1781 4331 1894 4378 sus
1921 4314 2260 4396 expellitur
2286 4332 2327 4377 a
2350 4315 2679 4380 communi
2717 4316 3103 4383 habitatione
3131 4337 3316 4383 sano·

1785 4438 1935 4485 rum
1960 4420 2331 4501 hominum,
2361 4421 2449 4485 ita
2475 4439 2708 4487 avarus
2733 4423 2979 4505 eligens
3003 4429 3319 4490 terrenam

1783 4527 2239 4593 habitationem
2270 4546 2418 4593 cum
2444 4529 2617 4612 talpa
2633 4577 2655 4609 ,
2705 4534 2768 4595 et
2802 4535 3083 4598 statuens
3107 4534 3322 4598 oculos

1782 4634 2096 4700 declinare
2121 4636 2190 4698 in
2214 4639 2453 4702 terram
2470 4684 2488 4716 ‚
2517 4636 2727 4719 privat
2752 4656 2821 4702 se
2846 4641 3172 4706 communi
3197 4640 3320 4705 ha-

1783 4743 2088 4808 bitatione
2134 4749 2523 4809 sauctorum.
2567 4743 2745 4811 Unde
2768 4744 3056 4829 leprosus
3083 4748 3164 4811 ab
3190 4747 3320 4812 Eli-

1783 4868 1912 4916 saeo
1938 4868 2237 4932 egressus
2262 4852 2524 4931 dicitur,
2555 4852 2620 4917 id
2645 4857 2760 4933 est,
2788 4872 2828 4917 a
2852 4852 3167 4919 consortio
3205 4871 3316 4917 cu-

166 4967 251 5026 tm·
274 4967 339 5027 ²:
375 4990 404 5027 e
431 4966 946 5031 contaminatum
987 4983 1062 5029 ae
1087 4964 1415 5029 sordidum
1442 4984 1511 5030 se
1535 4965 1669 5030 cla·
1770 4956 2041 5038 juslibet
2073 4958 2197 5024 viri
2243 4960 2465 5039 sancti,
2506 4962 2610 5043 cuj
2621 4979 2696 5025 us
2741 4959 3044 5025 habitatio
3076 4964 3140 5023 et
3165 4977 3316 5024 con-

167 5072 334 5137 mabit
373 5076 549 5139 omni
586 5077 873 5156 tempore
891 5121 906 5150 ‚
962 5090 1093 5155 quo
1127 5072 1415 5154 leprosus
1463 5076 1578 5137 est.
1628 5095 1660 5134 n

165 5174 228 5241 Et
273 5179 424 5245 bene
495 5179 764 5246 infectus
832 5177 988 5242 vitio
1038 5178 1312 5243 luxuriae
1365 5179 1549 5243 debet
1600 5198 1670 5244 se

217 5342 235 5372 ²
262 5339 298 5387 ll
330 5339 524 5402 Paroa,
561 5350 717 5402 xxvi,
749 5339 838 5402 16,
871 5339 945 5389 ¹9.
972 5363 1033 5375 —
1069 5336 1092 5371 ²
1121 5337 1302 5402 Levia,
1335 5350 1458 5401 xm,
1497 5342 1577 5391 45.
1605 5366 1666 5378 -

172 5406 192 5441 ²
209 5408 260 5458 lv
285 5411 413 5477 καφ,
443 5423 490 5475 ν,
514 5412 596 5460 27.

1779 5065 2055 5131 versatio
2077 5065 2146 5129 in
2173 5065 2350 5131 coelis
2377 5084 2528 5131 cum
2552 5066 2797 5152 angelis
2821 5084 2936 5150 per
2967 5066 3317 5150 appetitum

1780 5193 2036 5278 semper
2058 5179 2173 5240 ost.

1843 5336 1912 5398 (a)
1936 5337 2060 5389 Goet.
2099 5334 2221 5387 edit.
2255 5335 2435 5387 Statim
2471 5335 2633 5400 quasi.
2654 5360 2715 5373 —
2743 5333 2812 5398 (ὁ)
2842 5336 2910 5385 et.
2939 5358 3001 5371 -
3030 5333 3095 5398 (c)
3123 5334 3316 5386 abomi-

1774 5407 2004 5459 nabilior.
2038 5434 2102 5446 —
2127 5407 2203 5474 (cl)
2236 5422 2355 5473 qua.
2384 5433 2447 5444 —
2475 5407 2538 5472 (e)
2571 5406 2814 5459 avaritioe.
2837 5432 2900 5444 -—
2926 5405 2993 5469 (s)
3022 5405 3273 5460 incitatur.
