4059 6317
1220 472 1304 540 IN
1345 472 1832 539 PARASCEVE.
1876 474 2141 541 SFRMO
2183 474 2262 542 V.

192 611 615 694 compatientes.
653 632 685 670 n
719 608 895 674 Bona
935 607 1166 674 ancilla
1190 607 1323 688 illa,
1350 608 1430 673 de
1456 626 1587 692 qua
1613 608 1632 643 ¹
1666 629 1683 671 ι

198 743 224 779 α
246 719 506 801 Respexit
531 718 984 797 humilitatem,
1011 739 1043 777 n
1079 719 1203 782 etc.

255 825 330 890 De
365 826 542 890 tertio
581 825 819 890 dicitur
853 825 957 888 hic
990 846 1005 888 ε
1056 824 1349 892 Christus
1379 824 1689 890 Dominus

191 940 378 1014 captus
418 938 545 1009 est,
594 936 657 996 et
696 932 772 998 in
799 934 1082 1015 peccatis
1122 934 1407 1010 nostris,
1452 948 1582 993 non
1625 929 1693 992 in

190 1040 323 1103 suis.
349 1038 515 1103 Unde
541 1038 618 1101 ad
651 1037 906 1103 Patrem
929 1038 1079 1103 dicit
1106 1035 1397 1111 Christus
1427 1037 1496 1101 in
1521 1035 1693 1102 Psal-

191 1164 280 1211 mo
302 1148 362 1210 ²:
398 1171 427 1208 ι
459 1146 618 1211 Ecce
658 1150 964 1230 ceperunt
1003 1147 1287 1210 animam
1335 1161 1574 1223 meam,
1604 1146 1694 1207 ir-

190 1259 417 1317 ruerunt
438 1254 507 1317 in
534 1254 877 1318 mafortes,
903 1274 933 1311 ι)
969 1252 1050 1318 Et
1075 1253 1258 1336 quasi
1279 1251 1467 1317 Pater
1489 1251 1689 1314 dicat:

193 1358 347 1437 Quid,
375 1381 408 1423 o
432 1359 570 1439 Fili,
604 1361 914 1443 peccasti?
942 1358 1378 1441 Subjungitur
1406 1359 1428 1394 ⁸
1459 1379 1474 1422 ε
1520 1379 1551 1417 α
1573 1355 1694 1422 Ne-

191 1486 294 1548 que
319 1468 606 1551 iniquitas
633 1486 801 1545 mea,
826 1487 1038 1551 neque
1065 1471 1395 1550 peccatum
1423 1482 1640 1529 meum
1673 1485 1689 1526 z

190 1574 304 1639 sine
341 1575 667 1659 iniquitate
706 1575 966 1640 cucurri
1013 1579 1078 1639 et
1117 1573 1344 1640 direxi.
1387 1594 1419 1632 n
1453 1571 1697 1636 Tamen

189 1681 248 1744 in
300 1683 550 1764 peccatis
604 1684 844 1747 nostris
890 1682 1138 1765 capitur
1184 1680 1347 1745 sicut
1387 1680 1549 1744 latro
1604 1678 1625 1712 ⁴
1674 1695 1692 1741 ε

195 1810 222 1846 ι
242 1788 548 1872 Tanquam
571 1791 651 1854 ad
684 1790 1024 1865 latronem,
1052 1811 1084 1849 ι)
1119 1792 1240 1853 etc.
1272 1786 1437 1852 Nota
1459 1785 1693 1869 primo,

187 1896 336 1978 quod
358 1901 659 1980 tanquam
686 1898 850 1963 latro
879 1897 1163 1979 capitia-3
1189 1894 1467 1959 secundo
1492 1892 1696 1976 pessi-

188 2020 344 2067 mum
370 2023 568 2085 genus
603 2003 921 2069 latrocinii
959 2003 1081 2085 ipsi
1120 2002 1494 2085 imponitur,
1526 1999 1694 2063 scili·

188 2117 271 2174 cet
292 2112 494 2176 fractio
517 2111 815 2177 Ecclesiae
842 2116 864 2151 ⁸
898 2132 914 2174 ε
956 2132 986 2170 α
1021 2109 1408 2174 Audivimus
1433 2126 1583 2172 eum
1611 2107 1700 2170 di-

189 2224 401 2283 centem
426 2242 442 2283 :
471 2218 616 2301 Ego
637 2218 986 2283 dissolvam
1011 2215 1321 2298 templum
1343 2215 1489 2293 hoc,
1516 2236 1546 2274 n
1575 2220 1692 2279 etc.

189 2323 373 2391 Tertio
396 2327 550 2391 latro
578 2344 698 2409 pro
726 2325 974 2389 Christo
995 2324 1333 2388 dimittitur
1361 2322 1384 2357 ⁶
1410 2341 1428 2386 ε
1458 2345 1490 2383 α
1520 2321 1696 2386 Tolle

188 2431 369 2512 hunc,
396 2439 454 2498 et
486 2434 738 2499 dimitte
781 2432 966 2497 nohis
992 2430 1363 2496 Barrabam.
1395 2452 1426 2489 ι)
1463 2428 1699 2507 Quarto

189 2554 312 2602 cum
361 2540 713 2606 latronibus
752 2538 1154 2620 crucifigitur
1192 2537 1212 2571 ⁷
1267 2558 1281 2601 :
1323 2558 1354 2596 α
1394 2535 1694 2600 Crucifixi

189 2656 316 2710 sunt
338 2667 478 2712 cum
507 2667 585 2713 eo
626 2648 755 2713 duo
782 2647 1080 2725 latrones,
1112 2666 1143 2704 ι»
1179 2650 1300 2709 etc.
1335 2641 1496 2708 Vere
1525 2641 1694 2706 mul·

189 2756 302 2817 tum
328 2763 418 2819 est
439 2755 827 2838 diligendus,
858 2753 971 2837 qui
989 2757 1123 2817 tam
1146 2750 1353 2817 multa
1373 2769 1493 2833 pro
1512 2749 1701 2814 nobis

188 2878 379 2942 passus
403 2868 513 2927 est.
545 2861 908 2927 Bel-nardus
930 2860 993 2924 ⁸:
1032 2882 1063 2921 α
1090 2859 1299 2943 Super
1322 2860 1540 2923 omnia
1564 2857 1701 2923 red-

186 2970 264 3034 dit
280 2977 334 3034 te
356 2971 692 3036 amabilem
712 2971 893 3050 mihi,
927 2970 1094 3034 hone
1115 2968 1288 3049 Jesu‚
1321 2967 1486 3032 calix
1506 2984 1700 3050 quem

188 3075 393 3158 bibisti,
423 3097 585 3163 opus
612 3079 1068 3162 redemptionis
1091 3081 1326 3143 nostrae
1360 3099 1374 3142 ε
1406 3077 1529 3141 hoc
1554 3093 1697 3141 om-

187 3185 317 3250 nino
338 3205 620 3251 amorem
645 3191 944 3251 nostrum
970 3185 1151 3251 facile
1176 3184 1468 3250 vendicat
1490 3187 1698 3248 toturn

188 3288 313 3369 sihi5
341 3293 480 3373 hoc,
508 3296 803 3378 inquam,
833 3298 953 3373 est,
984 3295 1158 3378 quod
1190 3298 1475 3359 nostram
1504 3293 1699 3358 devo-

187 3398 396 3466 tionem
419 3402 715 3467 blandius
741 3402 963 3481 allicit,
1002 3405 1067 3465 et
1092 3403 1333 3484 justius
1376 3400 1608 3481 exigit,
1638 3403 1702 3464 et

185 3508 395 3575 arctius
419 3509 705 3591 stringit,
734 3513 800 3573 et
824 3508 1018 3572 afficit
1043 3507 1508 3572 vehementius,
1540 3529 1571 3565 n

716 3685 1008 3759 SERMO
1056 3685 1145 3756 V.

253 3833 531 3918 collinita
557 3849 702 3918 quoe
728 3837 1192 3916 superaverunt
1220 3831 1603 3913 fraumenta,
1623 3846 1704 3896 ne

181 3951 415 4020 peream
459 3942 506 4007 ⁹.
549 3941 755 4007 Panes
820 3939 1185 4018 hordeacei,
1228 3939 1436 4022 asperi
1473 3940 1553 4003 ad
1597 3957 1701 4003 co-

185 4053 574 4131 medendum,
609 4054 878 4135 possunt
905 4050 1269 4131 significare
1296 4049 1581 4132 quinque
1608 4067 1706 4113 as·

183 4177 313 4240 pera
337 4161 609 4226 vulnera
637 4160 901 4239 Christi,
940 4159 1180 4243 quibus
1205 4158 1441 4223 animae
1466 4162 1704 4222 nostrae

182 4269 554 4333 reficiuntur.
587 4266 978 4350 Fragmenta
1013 4265 1185 4330 enim
1221 4264 1554 4329 duodecim
1596 4283 1703 4329 co-

27 4372 164 4483 ἓξ
183 4374 503 4455 phinorum
520 4423 544 4456 ,
573 4378 730 4439 sunt
766 4373 1259 4438 circumstantiae
1297 4376 1360 4436 et
1392 4370 1703 4435 conditio-

0 4526 2 4581 i
33 4498 146 4569 ⁶294·-
185 4501 280 4546 nes
308 4482 642 4549 duodecim
687 4499 1028 4546 causarum
1069 4479 1428 4562 passionem
1476 4476 1704 4542 Christi

3223 486 3342 547 205

1794 610 1973 690 genti
2017 609 2546 690 consideratione,
2579 613 2644 675 et
2690 613 2959 677 ferventi
3001 613 3339 681 devotione

1795 716 2153 798 colligenda
2184 723 2358 782 sunt.
2391 718 2469 782 Et
2493 717 2640 782 licet
2660 717 2935 799 plurima
2967 720 3116 799 sint,
3162 721 3339 786 colli-

1798 824 1930 905 gite
1969 828 2188 888 tamen
2228 824 2308 890 ad
2344 843 2627 908 praesens
2670 825 2794 889 tria
2833 828 3156 908 grossiora
3211 829 3345 893 sin-

1799 930 2108 1012 gularum
2136 936 2500 1015 sportarum
2524 933 2902 1014 fragmenta.

1881 1037 2037 1101 Vide
2077 1038 2280 1119 igitur
2319 1058 2467 1122 quae
2512 1058 2779 1121 persona
2822 1041 3095 1123 patitur,
3146 1047 3210 1107 et
3243 1042 3349 1107 hic

1800 1145 2033 1227 collige
2081 1146 2203 1210 tria
2258 1147 2640 1229 fragmenta.
2689 1146 2979 1213 Christus
3031 1150 3203 1214 enim
3253 1154 3349 1215 est

1802 1252 2012 1334 quoad
2061 1252 2346 1317 divinam
2407 1257 2707 1318 naturam
2749 1255 3346 1335 excellentissimus,

1801 1366 1865 1426 et
1908 1360 2050 1425 ideo
2101 1360 2313 1443 passio
2357 1361 2641 1442 gravior.
2700 1360 2971 1426 Gravius
3027 1364 3203 1427 enim
3257 1370 3351 1430 est

1800 1468 2075 1551 principi
2123 1470 2308 1552 alapa
2354 1469 2508 1533 caedi
2529 1518 2547 1548 ,
2601 1467 2707 1534 vel
2748 1469 3109 1547 humiliari,
3152 1490 3350 1553 quam

1801 1577 2093 1659 pauperi.
2128 1576 2174 1617 ¹⁰
2212 1598 2241 1637 a
2279 1574 2576 1652 Quicum
2604 1576 2671 1639 in
2707 1577 2914 1641 forma
2941 1575 3051 1640 Dei
3093 1581 3280 1656 esset,
3311 1602 3342 1638 n

1802 1689 1951 1763 etc„
1984 1701 2192 1766 usque
2220 1705 2235 1745 ε
2264 1705 2295 1744 α
2324 1687 2598 1747 mortem
2627 1683 2856 1747 cruciS.
2887 1706 2918 1743 n
2954 1687 3109 1747 Item
3141 1687 3353 1767 quoad

1803 1790 2088 1854 animam
2109 1789 2621 1855 deliciosissimus
2640 1792 2682 1826 ¹¹
2709 1812 2770 1856 :a
2788 1790 3037 1856 Deliciis
3058 1792 3350 1872 affluens,

1805 1896 2030 1961 innixa
2055 1915 2248 1980 super
2282 1896 2618 1976 dilectum,
2649 1919 2680 1958 ο
2717 1898 2781 1963 id
2814 1902 2943 1978 est,
2986 1917 3182 1981 super
3204 1899 3354 1965 Ver·

1805 2003 1966 2068 hum
1994 2004 2422 2068 incarnatum.
2447 2003 2718 2069 Gravius
2744 2006 2917 2070 enim
2941 2010 3034 2070 est
3057 2006 3354 2072 delicioso

1804 2111 2038 2192 affligi,
2068 2129 2267 2192 quam
2292 2110 2497 2176 alteri.
2525 2111 2772 2177 Afflicta
2795 2111 2916 2176 fuit
2943 2113 3159 2177 anima
3180 2113 3355 2178 Chri-

1803 2217 1884 2281 sti
1905 2217 1951 2253 ¹¹¹
1984 2238 1999 2280 :
2030 2239 2062 2277 c
2085 2216 2307 2282 Tristis
2332 2224 2427 2282 est
2447 2219 2665 2283 anima
2690 2237 2834 2284 mea
2860 2238 3065 2303 usque
3089 2221 3169 2284 ad
3192 2241 3356 2287 mor·

1805 2328 1957 2389 tem.
1990 2344 2021 2383 n
2065 2324 2221 2389 Item
2249 2324 2461 2407 quoad
2499 2343 2730 2409 corpus
2776 2326 2897 2391 fuit
2936 2329 3350 2410 tenerrimus;

1807 2430 1976 2495 unde
2013 2431 2176 2496 bene
2221 2432 2453 2497 dicitur
2502 2434 2571 2511 ¹⁸,
2620 2432 2793 2515 quod
2834 2433 3160 2500 Abraham
3212 2437 3357 2501 tulit

1806 2538 2084 2603 vitulum
2130 2540 2552 2604 tenerrimum
2606 2543 2671 2605 et
2718 2541 3070 2622 optimum,
3119 2542 3185 2607 id
3227 2547 3352 2623 est,

1806 2662 2065 2709 carnem
2089 2646 2321 2711 Christi
2363 2646 2443 2711 ad
2480 2648 2882 2730 coquendum
2924 2647 2993 2711 in
3038 2648 3349 2731 passione.

1810 2750 2034 2816 Partus
2104 2752 2280 2816 enim
2355 2752 2699 2834 virginalis
2778 2755 3161 2819 tenerrimus
3236 2760 3353 2821 est.

1808 2856 2060 2935 Quanto
2085 2864 2300 2924 autem
2326 2877 2476 2924 caro
2511 2861 2813 2940 tenerior,
2843 2866 2908 2926 et
2951 2867 3184 2928 natura
3220 2882 3356 2928 me-

1807 2965 1948 3047 lior,
1980 2971 2157 3031 tanto
2184 2966 2364 3032 dolor
2397 2969 2623 3050 major.
2653 2967 3054 3049 Augustinus
3074 2969 3119 3004 ¹⁸
3146 2991 3161 3033 ε
3188 2992 3220 3029 α
3248 2969 3360 3035 Do-

1809 3075 1907 3140 lor
1929 3080 2024 3139 est
2045 3075 2475 3140 testimonium
2507 3075 2692 3141 bonae
2719 3082 2994 3142 naturae.
3040 3098 3071 3137 n

1890 3182 2183 3248 Secundo
2213 3183 2358 3248 vide
2374 3201 2573 3266 quam
2602 3201 2859 3265 poenam
2878 3186 3139 3267 patitur,
3164 3188 3351 3252 ethic

1811 3291 2040 3372 collige
2079 3291 2207 3355 tria
2230 3291 2623 3372 fragmenta,
2672 3291 2749 3356 de
2795 3291 3035 3375 quibus
3082 3292 3353 3359 Bernar-

1811 3400 1931 3464 dus
1962 3399 2053 3463 ¹⁸:
2092 3421 2123 3460 α
2156 3398 2203 3465 Ο
2236 3399 2399 3463 bone
2420 3398 2602 3478 Jesu‚
2632 3418 2829 3483 quam
2869 3400 3033 3465 dura
3058 3406 3122 3465 et
3161 3421 3356 3485 quam

1811 3523 2035 3589 aspera
2054 3524 2172 3589 pro
2190 3505 2562 3571 hominihus
2574 3525 2797 3589 passus
2818 3525 2888 3572 es
2910 3510 2927 3570 l
2955 3508 3117 3573 dura
3134 3511 3351 3590 verba,

1813 3613 2076 3679 duriora
2104 3614 2393 3691 verbera,
2421 3612 2761 3679 durissima
2779 3618 2844 3678 et
2867 3614 3185 3680 horrenda
3212 3635 3354 3681 cru-

1812 3721 1903 3785 cis
1926 3719 2266 3803 supplicia!
2313 3741 2345 3779 ι)
2380 3718 2467 3784 De
2508 3719 2612 3783 his
2646 3720 2855 3786 tribus
2900 3724 3194 3806 exempla
3241 3743 3357 3808 per

1812 3846 1880 3892 se
1903 3831 2141 3910 patent.

1892 3933 2105 3999 Tertio
2130 3934 2275 3998 vide
2297 3933 2368 3997 in
2401 3951 2530 4016 qua
2555 3937 2735 4017 parte
2779 3935 3062 4018 corporis
3092 3938 3354 4019 patitur,

1814 4041 2005 4106 ethic
2031 4041 2261 4122 collige
2288 4040 2413 4104 tria
2439 4040 2830 4121 fragmenta,
2859 4043 3211 4108 secundum
3238 4047 3356 4109 tri-

1815 4149 2042 4232 plicem
2069 4148 2349 4232 corporis
2376 4147 2860 4227 dimensionem,
2891 4148 3128 4214 scilicet
3152 4150 3359 4234 longi-

1815 4258 2125 4335 tudinem,
2147 4256 2569 4336 latitudinem,
2592 4256 3107 4339 profunditatem.
3136 4258 3208 4323 In
3228 4259 3361 4325 lon-

1817 4365 2112 4446 gitudine
2147 4363 2380 4445 collige
2430 4362 2677 4439 omnia,
2729 4380 2877 4445 quae
2919 4383 3140 4446 passus
3184 4372 3282 4432 est
3322 4387 3361 4433 a

1814 4472 2018 4555 capite
2045 4489 2251 4554 usque
2290 4471 2369 4534 ad
2387 4469 2601 4553 pedes.
2630 4467 2995 4536 Bernardus
3018 4474 3063 4515 ¹⁶
3096 4497 3112 4538 ε
3142 4497 3175 4535 α
3205 4473 3361 4540 Res-

1816 4579 1954 4662 pice
1979 4597 2020 4641 a
2046 4577 2261 4660 planta
2285 4576 2463 4661 pedis
2498 4595 2704 4660 usque
2744 4577 2827 4642 ad
2855 4579 3158 4644 verticem
3185 4583 3356 4665 capi-

1816 4688 1896 4750 tis
1925 4708 1941 4750 :
1973 4686 2215 4768 ubique
2242 4702 2504 4761 moeror,
2546 4684 2786 4766 ubique
2812 4683 3013 4750 dolor.
3042 4708 3074 4747 n
3110 4685 3355 4754 Latitu-

1815 4794 2033 4859 dinem
2061 4792 2312 4857 attende
2350 4811 2389 4856 a
2424 4793 2648 4857 dextra
2674 4795 2743 4856 in
2769 4793 3091 4859 sinistram
3111 4844 3126 4870 ,
3157 4800 3222 4860 et
3250 4797 3359 4861 hic

1814 4900 2047 4982 collige
2077 4902 2326 4978 omnia,
2358 4917 2506 4983 quae
2546 4918 2770 4983 passus
2808 4899 2878 4964 in
2915 4902 3241 4982 manibus,
3287 4904 3360 4969 in

1815 5008 2121 5086 brachiiS,
2151 5011 2215 5071 et
2240 5007 2307 5071 in
2336 5007 2649 5086 humeris,
2682 5008 3095 5087 confixiones,
3125 5008 3360 5075 disten·

1814 5117 2054 5196 aiones,
2080 5113 2565 5195 denudationes,
2596 5114 3074 5197 flagellationes.
3106 5115 3180 5181 In
3217 5136 3359 5200 pro-

0 4600 2 4643 ÷
35 4574 145 4666 affin
184 4590 690 4671 aggravantium.
767 4586 1306 4652 Considerandum
1372 4588 1467 4648 est
1531 4584 1706 4648 enim

17 4693 160 4803 ,2:¹²2-
182 4717 309 4781 quae
335 4717 625 4782 persona,
659 4715 857 4781 quam
884 4713 1170 4780 poenam,
1200 4712 1330 4778 qua
1354 4696 1553 4776 parte,
1576 4711 1706 4776 qua

17 4814 155 4908 Qu*
183 4806 368 4890 culpa,
397 4805 634 4890 quibus
662 4803 1002 4882 ministris,
1037 4803 1274 4885 quibus
1301 4800 1517 4879 sociis,
1565 4801 1706 4882 qui-

181 4913 286 4979 bus
310 4914 582 4994 solatiis,
611 4913 851 4996 quibus
876 4908 1349 4986 instrumentiS,
1380 4925 1510 4990 quo
1537 4906 1700 4987 loco,

181 5039 296 5102 quo
316 5027 634 5104 tempore,
677 5035 807 5101 quo
832 5018 1067 5097 fructu,
1112 5033 1241 5099 quo
1279 5013 1469 5078 modo
1510 5013 1703 5078 susti-

181 5129 337 5210 nuit,
378 5133 444 5193 et
477 5129 716 5193 harum
762 5141 1105 5189 causarum
1151 5122 1517 5204 fragmenta
1559 5118 1704 5184 dili-

233 5254 406 5315 ¹Luc„
442 5269 489 5317 1,
525 5255 607 5304 48.
642 5278 704 5290 —
746 5251 769 5286 ²
792 5250 928 5301 Psal.
965 5259 1124 5312 tvm,
1162 5251 1208 5298 4.
1235 5274 1298 5285 -
1331 5248 1351 5278 ³
1391 5243 1540 5310 ibid„
1571 5248 1619 5297 5.
1646 5272 1703 5283 —

181 5321 202 5356 ⁸
221 5324 414 5386 naeth„
439 5335 587 5386 xxvi,
617 5326 700 5374 55.
728 5347 794 5360 —
818 5322 838 5351 ⁸
865 5320 1008 5383 thid„
1033 5324 1112 5370 61.
1135 5345 1195 5358 -
1221 5320 1243 5354 ⁶
1267 5319 1407 5379 Luc„
1437 5328 1594 5380 xxm,
1628 5320 1703 5369 18.
1814 5325 1958 5376 xxvi,
1987 5314 2070 5363 38.
2100 5336 2163 5348 -
2196 5311 2236 5346 ¹⁸
2271 5308 2415 5371 Gen„
2443 5322 2604 5370 xviii,
2633 5313 2680 5361 7.
2713 5337 2766 5349 --
2795 5312 2840 5349 1⁸
2868 5315 2996 5379 Aug,
3024 5340 3087 5351 -
3118 5316 3155 5351 ιι
3180 5316 3357 5382 Rem„

189 5419 231 5428 —
259 5395 275 5423 ²
301 5395 494 5458 nauh„
521 5403 711 5454 mn,
740 5394 822 5443 38.
848 5416 911 5427 —
936 5391 959 5426 ⁸
993 5393 1146 5442 Bern.
1173 5415 1234 5431 --
1264 5389 1288 5424 ³
1313 5390 1482 5449 Joan„
1518 5399 1595 5451 vi,
1627 5391 1703 5438 ¹2.
1817 5390 1869 5437 in
1915 5387 2033 5448 sest.
2081 5384 2295 5443 Peme„
2331 5394 2491 5433 eet-m.
2532 5393 2598 5444 ιι,
2635 5396 2688 5433 n.
2729 5386 2778 5446 Ἰ,
2818 5385 2994 5447 paucis
3031 5388 3260 5438 mutatis.
3295 5412 3357 5427 -

184 5490 236 5502 —
259 5469 299 5501 ἱ·
322 5468 529 5531 Philip„
559 5478 622 5527 ιι,
652 5465 764 5514 7·a.
784 5487 845 5500 —
871 5463 909 5497 ¹¹
938 5462 1107 5522 Cant„
1130 5473 1244 5525 vm,
1274 5464 1324 5511 5.
1345 5486 1408 5498 —
1436 5460 1477 5494 ¹¹
1498 5459 1704 5518 natm„
1816 5459 1858 5494 ¹⁸
1890 5458 1968 5508 ld.
