4059 6317
946 419 1028 491 IN
1070 413 1200 491 mE
1243 416 1544 491 SANCTO
1587 417 2136 498 PENTECOSTES
2177 431 2445 503 SERMo
2482 431 2617 504 Xll.

193 560 444 631 miseri!
470 580 614 630 ecce
636 576 890 627 muscas
914 560 1165 643 corpori
1181 561 1580 642 importunas
1599 557 1730 623 abi-

192 673 407 755 gimus
437 671 807 753 diligenter,
830 673 893 734 et
916 685 1168 732 muscas
1191 666 1425 731 animae
1452 667 1725 730 sustine-

194 797 339 850 mus
375 779 636 844 nocivas
679 776 1107 859 negligenter.
1152 772 1311 838 Item
1352 772 1732 837 aeternaliter

193 890 289 950 est
317 886 386 949 in
424 885 625 950 beatis
654 883 1085 962 abundantem
1118 881 1409 946 Psalmus
1440 880 1459 916 ¹
1494 900 1568 941 z«
1598 878 1726 944 Me-

195 993 469 1058 moriam
506 990 918 1058 abundantiae
967 988 1296 1055 suavitatis
1335 993 1467 1053 tuae
1484 1037 1502 1064 ,
1543 1008 1574 1045 n
1610 990 1728 1050 etc.

194 1099 363 1186 Bene
400 1101 550 1166 dicit
574 1097 999 1166 abundantia·
1023 1115 1048 1158 .·
1077 1099 1254 1161 tanta
1279 1095 1454 1161 enim
1476 1098 1734 1158 aeternae

172 1207 537 1273 'suavitatis
582 1206 912 1272 abundans
951 1207 1048 1269 est
1076 1202 1258 1286 copia
1275 1251 1293 1280 ‚
1326 1201 1498 1286 quod
1542 1200 1735 1266 etiam

194 1315 275 1398 ad
302 1313 672 1397 capiendam
698 1332 841 1379 eam
892 1330 1022 1376 non
1071 1310 1398 1376 sufficiunt
1445 1307 1736 1373 cordium

197 1427 565 1488 nostrorum
590 1439 764 1485 vasa.
811 1418 1152 1483 Anselmus
1179 1418 1204 1453 ²
1232 1434 1250 1480 ε
1288 1439 1320 1477 α
1345 1414 1453 1480 Sic
1500 1413 1737 1497 gaude·

198 1531 363 1595 bunt
387 1533 521 1596 toto
547 1529 758 1605 corde,
787 1533 920 1592 tota
949 1529 1199 1606 mente,
1230 1528 1364 1589 tota
1389 1524 1635 1603 anima,
1667 1527 1740 1587 ut

200 1623 415 1703 totum·
433 1655 564 1718 cor,
592 1643 726 1703 tota
750 1655 932 1701 mens
948 1684 967 1713 ‚
994 1639 1129 1700 tota
1155 1633 1371 1697 anima
1396 1649 1527 1696 non
1555 1630 1734 1695 suffl-

194 1745 371 1826 *ciant
414 1744 794 1829 plenitudini
843 1742 926 1826 (α)
977 1741 1388 1826 gaudiorum.
1439 1760 1471 1800 n
1532 1737 1739 1820 Hujus

200 1852 609 1917 abundantIae
662 1850 779 1915 vix
828 1847 1171 1915 scintillam
1226 1847 1480 1930 capiunt
1545 1845 1738 1910 etiam

202 1959 404 2023 sancti
430 1959 500 2022 in
526 1958 650 2024 hoc
676 1957 923 2022 mundo
945 1976 962 2037 ;
995 1959 1060 2020 et
1084 1959 1296 2019 tamen
1328 1953 1407 2020 de
1431 1956 1573 2036 ejus
1601 1970 1737 2017 me-

202 2067 408 2132 moria
435 2071 728 2134 eructant
751 2065 939 2130 nobis
972 2062 1311 2128 mirabilia.

283 2174 372 2240 De
407 2174 683 2241 secundo
710 2174 734 2211 ⁸
765 2195 781 2240 ε
819 2195 853 2235 α
874 2173 939 2238 Si
978 2189 1130 2252 voe,
1180 2187 1329 2237 cum
1369 2169 1508 2234 sitis
1548 2168 1738 2246 mali,

202 2282 404 2347 nostis
435 2283 606 2348 bona
640 2283 789 2348 data
826 2282 977 2347 dare
1011 2280 1162 2344 filiis
1186 2277 1455 2358 vestris,
1496 2281 1738 2360 quanto

203 2390 421 2473 magis
457 2390 644 2457 Pater
669 2390 749 2455 de
774 2388 933 2455 coelo
965 2387 1139 2453 dabit
1163 2387 1462 2470 spiritum
1487 2384 1736 2449 bonum

203 2499 565 2582 petentibus
583 2499 693 2563 se?
712 2520 743 2557 n
771 2495 1108 2562 Praemissa
1129 2494 1301 2560 enim
1326 2492 1739 2558 similitudine

200 2606 285 2670 dc
312 2611 492 2689 patre
519 2604 709 2670 dante
746 2604 983 2687 piscem
1003 2650 1020 2681 ‚
1069 2620 1263 2667 ovum
1280 2649 1302 2681 ,
1358 2618 1587 2684 panem
1608 2647 1629 2679 ,
1666 2600 1737 2664 in

206 2712 443 2796 quibus
468 2712 817 2778 secundum
841 2710 1078 2776 Bedam
1108 2708 1131 2744 ⁸
1156 2709 1313 2774 fides
1328 2756 1350 2788 ‚
1381 2725 1555 2791 spes,
1585 2703 1739 2771 cha-

204 2820 365 2884 ritas
405 2820 795 2901 figurantur,
825 2816 1144 2883 concludit
1183 2816 1395 2881 dicens
1425 2836 1442 2880 ι
1475 2814 1558 2880 Si
1595 2830 1741 2897 erqo

206 2941 345 3006 voe,
372 2943 516 2992 cum
537 2927 689 2993 silis
712 2924 907 3003 mali,
937 2933 1086 3004 etc„
1118 2910 1360 3007 quanto
1387 2924 1597 3005 maqis
1626 2921 1746 2991 Pa-

210 3038 313 3099 ter
338 3037 537 3100 vester
568 3032 750 3100 dabit
778 3034 1089 3116 spiritum
1122 3031 1351 3099 bonum
1390 3029 1747 3113 petentibus

209 3141 328 3206 se?
369 3140 695 3205 Manifesta
742 3139 864 3204 hac
903 3138 1317 3204 similitudine
1368 3138 1581 3202 innuit
1633 3155 1748 3220 per

211 3247 526 3330 Spiritum
567 3249 814 3314 bonum
841 3248 980 3315 dari
1005 3247 1129 3313 hoc
1156 3248 1376 3312 datum
1409 3246 1480 3311 in
1522 3246 1709 3312 corde
1726 3294 1746 3326 ‚

211 3355 281 3419 in
300 3372 432 3435 ore,
453 3355 525 3420 in
544 3372 758 3439 opere.
782 3355 1207 3440 perpenditur
1222 3354 1293 3419 in
1314 3354 1504 3420 corde
1528 3373 1643 3438 per
1662 3355 1751 3420 di-

210 3462 569 3543 lectionem,
590 3463 661 3527 in
687 3481 798 3528 ore
824 3481 939 3546 per
953 3463 1436 3542 confessionem,
1462 3462 1530 3525 in
1560 3480 1750 3544 opere

212 3588 329 3654 per
367 3571 933 3636 conversationem.
982 3570 1404 3654 perpenditur
1443 3570 1513 3634 in
1564 3568 1752 3635 corde

214 3695 332 3760 per
357 3676 755 3744 dilectionem
783 3683 806 3720 ⁸
836 3700 854 3744 z
894 3701 926 3740 α
953 3677 1237 3744 Charitas
1270 3678 1377 3742 Dei
1403 3677 1635 3742 diffusa
1658 3682 1754 3743 est

216 3785 287 3848 in
326 3785 620 3851 cordibus
666 3786 893 3853 vestris
935 3766 1056 3871 per
1091 3784 1400 3869 Spiritum
1436 3788 1750 3864 sanctum,

217 3893 334 3976 qui
378 3892 564 3960 datus
613 3898 710 3959 est
750 3894 821 3959 in
875 3894 959 3977 (b)
1001 3894 1209 3959 nobis.
1235 3915 1267 3956 ιι
1328 3893 1400 3959 In
1454 3910 1756 3978 quorum-

218 4002 367 4067 dam
394 4001 694 4068 cordibus
719 4019 851 4067 non
890 4005 988 4068 est
1009 4002 1285 4067 charitas
1328 4000 1561 4067 diffusa
1576 4048 1594 4078 ,
1645 4000 1755 4066 sed

219 4108 508 4189 contusa,
548 4111 621 4192 (o)
674 4111 770 4174 est
809 4109 899 4173 ibi
933 4110 1293 4176 carnalitas.
1336 4107 1755 4193 Perpenditur

219 4216 415 4282 etiam
459 4216 583 4281 hoc
624 4216 847 4282 datum
882 4216 950 4280 in
990 4234 1101 4282 ore
1146 4235 1261 4301 per
1300 4216 1756 4282 confessionem

216 4325 371 4394 fidei
408 4329 472 4391 et
498 4324 734 4405 laudis,
779 4342 910 4391 non
947 4327 1203 4390 tantum
1248 4329 1653 4409 peccatorum
1681 4322 1705 4359 ⁸
1735 4346 1751 4388 ε

228 4455 263 4494 ιι
301 4431 567 4498 Dabitur
602 4432 777 4497 enim
814 4432 995 4497 vobis
1022 4434 1092 4497 in
1127 4432 1236 4497 illa
1273 4432 1435 4498 hora
1468 4432 1622 4516 quid
1661 4431 1755 4496 lo·

219 4539 578 4625 quamini.n
594 4538 734 4606 Non
751 4538 923 4605 enim
947 4558 1062 4605 vos
1079 4540 1230 4606 estis
1250 4540 1364 4623 qui
1398 4539 1755 4623 loquimini,

222 4647 335 4713 sed
362 4646 636 4731 Spiritus
662 4646 867 4712 Patris
893 4647 1119 4728 vestri,
1151 4668 1183 4708 n
1218 4650 1336 4713 etc.
1369 4646 1626 4726 Quoties
1651 4665 1758 4713 er-

224 4774 319 4838 go
356 4755 543 4849 utilia
579 4759 642 4821 et
666 4754 1074 4820 aedificatoria
1101 4753 1450 4838 loquimur,
1489 4754 1760 4837 Spiritus

226 4863 430 4931 Patris
452 4862 722 4930 coelestis
745 4863 931 4928 estin
949 4861 1158 4928 nobis.
1189 4859 1263 4926 In
1280 4862 1375 4928 eis
1400 4863 1618 4930 autem
1645 4862 1761 4945 qui

292 5061 309 5097 ¹
332 5060 466 5111 Psal.
488 5070 662 5123 exuv,
683 5061 797 5109 7.—
819 5061 842 5095 ¹
862 5059 1109 5123 Anselm„
1129 5058 1325 5121 Medic„
1346 5070 1459 5123 ιιι,
1482 5073 1534 5123 p.
1558 5071 1629 5110 m.
1650 5060 1763 5125 243,

230 5134 333 5184 col.
361 5135 473 5184 819.
497 5140 559 5171 -ὸ
586 5131 608 5167 ⁸
634 5131 771 5195 Luc„
793 5142 867 5193 n,
899 5132 975 5182 ¹3.
1000 5157 1053 5167 —
1084 5131 1109 5167 δ
1134 5131 1278 5195 Bed.‚
1308 5131 1363 5180 in
1387 5131 1524 5191 Luc..
1550 5129 1645 5180 lib.
1672 5131 1759 5194 111,

230 5218 278 5257 c.
306 5214 470 5255 nvn.
508 5228 573 5242 -
611 5204 634 5244 ὓ
672 5203 833 5266 Rom„
866 5213 916 5264 v,
948 5204 999 5252 5.
1028 5228 1083 5239 —
1122 5202 1144 5239 ⁸
1173 5201 1373 5262 March„
1410 5213 1474 5265 x,
1502 5204 1672 5252 19-20.
1698 5225 1763 5239 --

233 5277 253 5309 ²
280 5274 565 5341 Chrysoun,
594 5274 648 5322 in
673 5274 840 5338 Epist.
868 5272 939 5323 ad
962 5274 1099 5337 Cor„
1125 5272 1268 5323 bom.
1295 5283 1405 5336 nv,
1426 5285 1478 5324 n.
1509 5274 1559 5335 3,
1593 5269 1764 5335 quoad

233 5359 460 5398 sensum.
485 5372 550 5384 —
584 5343 606 5378 ⁸
633 5345 778 5407 Gen„
804 5356 896 5411 m,
931 5348 980 5396 2.
1007 5369 1072 5383 —
1110 5348 1130 5379 ⁰
1162 5344 1426 5407 Bernard„
1464 5343 1524 5394 de
1561 5342 1770 5409 Triplici

237 5416 460 5480 cmm,
488 5416 623 5467 inter
649 5415 858 5482 divers„
882 5429 1040 5468 serm.
1065 5427 1203 5480 xvn,
1231 5430 1287 5467 n.
1315 5419 1363 5468 4.
1389 5441 1453 5454 -
1483 5416 1525 5451 ¹⁰
1552 5415 1570 5464 1
1598 5416 1762 5477 κατι,

475 5522 627 5574 ΤΟΙΙ.
668 5521 810 5571 xm.

3251 448 3372 519 303

1840 561 2219 632 detractoria
2270 576 2333 633 et
2382 569 2802 656 increpatoria
2818 623 2840 655 ‚
2888 582 3274 651 contentiosa
3311 557 3376 653 et

1839 670 2129 736 scurrilia
2145 721 2164 751 ‚
2207 675 2485 741 carnalia
2523 679 2714 744 verba
2753 680 3126 767 loquuntur,
3175 692 3376 773 patris

1839 774 2163 842 infernaIIs
2190 781 2450 863 spiritus
2475 783 2782 869 loquitur.
2812 788 2846 854 J
2848 808 3086 858 oannes
3109 794 3377 885 Chryso-

1840 885 2085 948 stomus
2109 886 2133 922 '¹
2165 905 2181 950 z
2208 909 2238 949 α
2265 887 2481 953 Omnis
2508 909 2718 958 sermo
2744 913 2952 963 vanus
2977 901 3091 983 qui
3116 902 3370 986 dicitur,

1841 988 2179 1059 immundo
2220 995 2450 1078 spiritu
2498 998 2771 1067 dictante
2827 1004 3169 1088 profertur.
3200 1032 3231 1072 n
3268 1011 3378 1079 Ille

1844 1097 2088 1178 ergoin
2113 1100 2204 1165 eis
2227 1101 2531 1186 loquitur,
2547 1107 2660 1190 qui
2685 1108 2840 1175 olim
2867 1111 2933 1177 in
2962 1121 3254 1199 serpente
3282 1118 3377 1185 lo-

1843 1205 2157 1286 quebatur
2181 1210 2228 1275 ⁸.
2276 1210 2547 1295 Spiritus
2581 1223 2835 1285 sanctus
2876 1222 3051 1288 enim
3091 1245 3205 1308 per
3254 1225 3378 1293 lin-

1849 1328 2052 1392 guam
2099 1318 2439 1401 serpentis,
2484 1321 2591 1386 vel
2621 1324 2887 1409 viperae,
2923 1334 3244 1413 quomodo
3281 1334 3383 1400 lo·

1847 1423 2188 1499 queretur?
2204 1421 2454 1506 Lingua
2476 1429 2647 1493 enim
2666 1450 2885 1515 prava,
2911 1437 3133 1521 utique
3156 1438 3385 1523 lingua

1845 1523 2136 1606 viperina
2176 1534 2291 1594 est.
2338 1529 2699 1602 Bernardus
2724 1539 2747 1575 ⁹
2780 1562 2796 1605 ι
2836 1564 2868 1604 α
2891 1541 3216 1630 Numquid
3252 1566 3384 1614 non

1847 1630 2071 1713 vipera
2106 1640 2199 1701 est
2233 1637 2459 1722 lingua
2486 1642 2851 1713 detractoris
2870 1699 2889 1730 ‚
2929 1670 3078 1735 quae
3119 1657 3248 1721 tres
3282 1657 3384 1721 in-

1849 1739 1980 1805 ficit
2028 1742 2112 1823 (d)
2153 1747 2399 1813 modico
2449 1751 2670 1818 afflatu
2701 1756 2877 1821 oris?
2895 1780 2926 1817 n
2968 1758 3386 1844 Perpenditur

1848 1846 1972 1912 hoc
1997 1867 2254 1936 quoque
2279 1856 2502 1922 datum
2528 1859 2598 1924 in
2631 1879 2821 1945 opere
2842 1912 2862 1943 ‚
2891 1868 2956 1930 et
2981 1873 3199 1933 sancta
3234 1890 3384 1936 con·

1847 1957 2206 2025 versatione
2229 1961 2276 2002 ¹⁰
2306 1985 2377 2027 :a
2401 1963 2521 2041 Qui
2549 1973 2761 2033 servat
2784 1972 3086 2039 mandata
3115 1978 3289 2059 ejus,
3316 1979 3386 2043 in

1846 2060 1956 2128 illo
1992 2072 2241 2148 manet,
2272 2072 2336 2134 et
2370 2071 2599 2155 ipsein
2644 2094 2720 2141 eo
2753 2098 2769 2142 ε
2800 2078 2957 2144 etin
2991 2079 3114 2146 hoc
3148 2084 3386 2152 scimus

1848 2172 2151 2251 quoniam
2180 2181 2393 2242 manet
2430 2178 2500 2243 in
2525 2181 2708 2247 nobis
2748 2184 2827 2250 de
2862 2186 3139 2273 Spiritu,
3192 2213 3385 2278 quem

1848 2276 2018 2343 dedit
2042 2282 2288 2348 nobis.»
2315 2285 2429 2351 Dat
2457 2306 2618 2370 ergo
2643 2290 2809 2358 Deus
2834 2295 3020 2362 nobis
3049 2297 3383 2384 Spiritum,

1849 2388 1925 2449 ut
1942 2388 2239 2454 mandata
2254 2394 2394 2475 ejus
2412 2398 2724 2464 servando
2741 2401 2963 2485 inipso
2984 2423 3382 2490 maneamus,

1848 2493 1912 2555 et
1938 2490 2168 2576 ipsein
2194 2497 2377 2564 nobis
2396 2550 2416 2581 ‚
2447 2506 2522 2567 ut
2546 2503 2637 2569 sic
2669 2524 2785 2589 per
2812 2508 3063 2577 bonum
3091 2515 3385 2596 spiritum

1849 2597 2000 2663 boni
2045 2601 2270 2669 simus.
2299 2607 2705 2691 Augustinus
2732 2616 2776 2651 ¹²
2816 2637 2833 2681 z
2868 2640 2901 2678 <x
2930 2616 3136 2686 Tanto
3173 2625 3386 2708 magis

1851 2706 2124 2792 quisque
2149 2711 2321 2780 filius
2347 2716 2578 2799 bonus,
2610 2726 2849 2802 quanto
2878 2727 3090 2808 magis
3115 2729 3177 2794 ei
3201 2730 3390 2796 datur

1852 2831 1893 2877 a
1929 2811 2113 2881 Patre
2167 2819 2428 2903 spiritus
2488 2825 2721 2892 bonus.
2749 2849 2781 2888 n
2823 2829 2947 2896 Sed
2995 2835 3229 2918 quibus
3281 2838 3390 2904 dat

1853 2919 2026 2986 hunc
2054 2924 2396 3007 spiritum?
2419 2928 2654 3016 Utique
2676 2938 3039 3017 petentibus
3072 2958 3162 3010 se.
3195 2942 3387 3028 Ecce,

1852 3025 2110 3110 fratres,
2140 3034 2444 3100 orationis
2460 3043 2696 3105 nostrae
2716 3043 2977 3111 utilitas.
2998 3046 3176 3115 Unde
3196 3051 3389 3118 etiam

1855 3137 2187 3217 apostolis,
2229 3141 2342 3223 qui
2387 3150 2571 3210 eraut
2617 3159 3093 3230 perseverantes
3133 3157 3201 3221 in
3240 3176 3389 3225 ora-

1856 3242 2027 3307 tione
2055 3263 2199 3309 cum
2230 3247 2432 3315 Maria
2462 3256 2670 3342 matre
2696 3254 2848 3324 Jesu
2874 3259 2941 3338 ¹⁸,
2968 3260 3159 3330 datur
3185 3262 3388 3350 Spiri-

1856 3351 1964 3414 tus
1991 3355 2246 3419 sanctus
2268 3355 2337 3421 in
2362 3356 2540 3440 igne.

2348 3536 2637 3610 SERMO
2680 3541 2812 3613 XII
2835 3547 2905 3618 ¹⁸.

1943 3672 1994 3739 0
2033 3691 2227 3757 quam
2263 3678 2460 3748 bonus
2486 3690 2549 3752 et
2587 3690 2813 3756 suavis
2840 3691 2907 3770 ¹⁸,
2948 3695 3067 3759 etc.
3097 3692 3278 3762 Nunc
3316 3698 3394 3765 de

1859 3781 2046 3846 tertio
2087 3784 2317 3852 effectu
2371 3788 2667 3858 bonitatis
2715 3794 2991 3880 Spiritus
3036 3806 3234 3870 sancti
3291 3809 3391 3875 vi-

1862 3885 2147 3956 deamus.

1943 3996 2027 4063 De
2055 3999 2243 4066 tertio
2269 4001 2313 4042 ¹⁸
2342 4019 2361 4066 ε
2400 4026 2432 4063 α
2458 4003 2767 4088 Spiritum
2798 4015 2986 4079 tuum
3012 4015 3235 4084 dedisti
3259 4020 3352 4085 eis
3368 4069 3390 4101 ‚

1861 4103 1976 4187 qui
2002 4104 2252 4171 doceret
2276 4126 2405 4173 eos.
2435 4130 2468 4170 n
2504 4110 2707 4179 Suum
2739 4117 2964 4186 docere
2984 4170 3006 4202 ‚
3039 4127 3134 4189 est
3169 4143 3395 4192 sensus

1863 4209 2247 4279 illuminare.
2291 4212 2442 4280 Tria
2485 4223 2703 4286 autem
2740 4241 2861 4290 nos
2903 4227 3084 4303 docet
3126 4229 3396 4315 Spiritus

1864 4322 2120 4383 sanctus
2140 4369 2158 4400 ,
2189 4320 2583 4407 intelligere,
2619 4328 2912 4414 vincere,
2949 4336 3178 4404 facere.
3209 4341 3399 4408 Docet

1863 4426 2223 4509 intelligere
2240 4446 2496 4495 omnem
2513 4434 2844 4503 veritatem
2865 4438 2913 4477 ⁴⁸
2933 4463 2996 4507 ια
3009 4443 3166 4511 Cum
3181 4451 3396 4515 autem

1865 4534 2116 4599 venerit
2134 4534 2236 4599 ille
2251 4534 2523 4619 Spiritus
2545 4541 2851 4628 veritatis,
2872 4547 3120 4617 docebit
3136 4573 3252 4622 vos
3266 4575 3399 4622 om-

1864 4658 2015 4706 nem
2037 4642 2371 4708 veritatem
2397 4666 2413 4708 ε
2437 4667 2468 4705 n
2494 4646 2685 4713 saluti
2702 4656 3146 4742 necessariam,
3169 4680 3299 4727 non
3327 4664 3401 4729 il-

1865 4748 1996 4813 lam
2022 4750 2101 4815 de
2118 4768 2247 4834 qua
2274 4753 2321 4793 ¹⁷
2353 4775 2416 4819 :a
2441 4752 2581 4820 Non
2608 4762 2704 4823 est
2724 4765 3009 4830 vestrum
3034 4784 3223 4834 nosse
3240 4773 3400 4837 tem·

1867 4874 2021 4974 pora
2034 4904 2052 4936 ‚
2088 4879 2119 4918 n
2163 4861 2311 4939 etc„
2349 4862 2523 4944 quod
2574 4867 2671 4930 est
2722 4873 2942 4952 contra
2974 4876 3284 4961 quosdam
3320 4878 3399 4945 de

1867 5038 1958 5090 ιη,
1995 5028 2074 5078 24.
2101 5051 2164 5064 -—
2206 5029 2237 5064 ¹¹
2269 5030 2421 5095 Aug„
2468 5033 2645 5086 Enarr.
2676 5036 2728 5086 in
2763 5038 2900 5091 Paul.
2936 5053 3126 5106 cxvnr,
3162 5059 3218 5097 n.
3251 5049 3300 5099 4.
3335 5072 3398 5087 --

1868 5098 1911 5133 ¹²
1929 5098 2062 5160 Act„
2090 5110 2125 5163 ι,
2148 5102 2204 5150 ¹4
2215 5113 2234 5162 3
2259 5112 2317 5164 u,
2338 5106 2386 5152 3.
2408 5129 2461 5139 -
2493 5104 2534 5140 ¹⁸
2551 5103 2647 5156 Vel
2662 5108 2830 5174 potius
2847 5112 3157 5168 continuatio
3178 5120 3395 5183 praeced.

1867 5193 1932 5207 -
1963 5169 2002 5204 ¹⁴
2033 5170 2176 5234 Sap„
2216 5183 2321 5234 xn,
2348 5174 2398 5223 1.
2426 5200 2489 5212 —
2522 5175 2940 5248 ¹⁸11Esdr.‚1x,
2968 5187 3048 5235 20.
3074 5205 3137 5225 —-
3171 5187 3213 5224 ¹⁸
3231 5190 3398 5255 loun„

1831 5273 1843 5293 .
1868 5251 1978 5302 xvr,
2005 5242 2085 5293 13.
2113 5265 2177 5278 -—
2204 5241 2245 5276 ¹⁷
2271 5243 2404 5304 Act„
2434 5254 2472 5303 1,
2501 5246 2548 5294 7.

1935 5337 1999 5403 (a)
2028 5338 2157 5389 Coet.
2193 5337 2317 5390 edil.
2349 5343 2405 5389 ut
2433 5339 2649 5393 Sufficiat
2670 5343 3062 5407 plenitudinee-
3094 5353 3161 5417 (ὁ)
3187 5355 3301 5410 Del.
3323 5357 3396 5410 in.

1875 5436 1930 5448 —
1952 5410 2015 5475 (c)
2037 5406 2215 5474 Suppl.
2242 5408 2513 5477 quim—(d)
2532 5413 2612 5464 tta
2632 5415 2855 5483 uabiu.;
2872 5423 2983 5475 coet.
3000 5417 3123 5478 edit.
3143 5427 3397 5484 interficit.

3082 5519 3164 5583 20
