4059 6317
614 504 622 514 ’
713 482 834 551 384

712 621 929 684 catum
953 616 1070 682 irae
1113 615 1508 683 ordinabitur
1549 616 1620 681 in
1651 617 1896 700 judicio
1936 619 2256 701 gehennae

712 724 1038 792 infernalis
1075 724 1399 809 punientis
1436 743 1639 808 prava
1673 724 1983 791 maleficia
2016 727 2250 811 operis.

792 835 1012 901 Primo
1049 835 1260 901 omnis
1294 835 1406 917 qui
1448 836 1744 903 irascitur
1775 841 2035 921 propter
2074 854 2251 901 erro·

710 961 851 1009 rem
886 942 1271 1025 ignorantiae
1309 944 1489 1007 tratri
1523 962 1643 1011 suo
1683 946 1971 1027 maligna
2006 946 2248 1027 cogita·

712 1051 917 1129 tione,
946 1069 1098 1116 reus
1137 1051 1260 1116 erit
1290 1051 1535 1134 judicio
1573 1052 1872 1118 districtae
1918 1053 2247 1119 examina-

709 1158 907 1223 tionis
948 1160 1287 1224 scrutantis
1331 1162 1667 1227 temeraria
1714 1162 1961 1245 judicia
2008 1160 2249 1240 cordis;

710 1268 882 1333 unde
909 1268 930 1304 ¹
959 1286 991 1332 :-
1008 1291 1040 1330 α
1071 1268 1293 1352 Aperti
1318 1274 1470 1334 sunt
1503 1270 1673 1352 libri,
1703 1276 1767 1335 et
1794 1271 2065 1354 judicati
2101 1272 2256 1334 sunt

710 1377 953 1440 mortui
991 1394 1075 1440 ex
1100 1375 1223 1457 his,
1259 1394 1406 1459 quae
1431 1378 1690 1442 inventa
1717 1378 1962 1442 suntin
1982 1376 2184 1441 libris.
2212 1397 2244 1437 n

711 1482 890 1548 Tunc
944 1501 1103 1565 ergo
1151 1483 1220 1548 in
1269 1484 1371 1550 die
1416 1484 1643 1567 judicii
1694 1485 2059 1568 aperientur
2104 1483 2253 1548 libri

711 1591 1239 1656 conscientiarum
1269 1591 1338 1654 in
1364 1595 1705 1673 conspectu
1731 1592 1864 1672 Dei,
1893 1593 2080 1674 cujus
2107 1609 2256 1657 ocu-

711 1698 849 1763 lum
890 1698 1216 1781 sapientiae
1260 1698 1422 1762 nihil
1470 1698 1654 1779 latet3
1696 1702 1761 1763 et
1790 1698 2254 1781 judicabuntur

710 1810 1068 1888 peccatores
1095 1824 1176 1869 ex
1203 1805 1326 1884 his,
1358 1824 1506 1887 quae
1534 1805 1938 1870 invenientur
1978 1804 2255 1868 inlibris

712 1914 1267 1979 conscientiarum.
1298 1912 1459 1978 Nam
1480 1913 1676 1978 homo
1702 1930 1852 1978 cum
1871 1914 2107 1995 peccat,
2125 1930 2257 1975 ma-

712 2022 859 2086 cula
886 2022 1125 2105 peccati
1142 2022 1209 2085 in
1232 2021 1397 2085 libro
1422 2020 1819 2085 conscientiae
1836 2019 2256 2085 indelebiliter

712 2130 1002 2209 resultat,
1031 2129 1155 2194 nisi
1182 2147 1297 2212 per
1321 2129 1599 2209 gratiam
1636 2127 1919 2192 deleatur
1935 2176 1952 2206 ‚
1986 2130 2052 2191 et
2075 2127 2251 2209 judi-

712 2242 815 2302 cat
840 2240 1230 2320 peccatorem
1257 2235 1531 2318 dignum
1569 2254 1706 2301 esse
1746 2241 1952 2299 morte
1988 2239 2250 2299 aeterna.

713 2343 892 2410 Unde
936 2343 1186 2424 Glossa,
1234 2361 1428 2426 super
1464 2343 1625 2408 illud
1654 2344 1678 2379 ⁸
1710 2364 1726 2407 ε
1776 2342 2253 2425 Goqitationum

713 2454 1153 2521 accusantium
1188 2452 1295 2536 (a),
1324 2452 1474 2516 dicit
1510 2452 1601 2516 sic
1630 2469 1648 2514 ε
1691 2473 1722 2512 c
1749 2450 1858 2516 Est
1893 2450 2248 2531 sciendum,

711 2561 883 2645 quod
910 2558 1325 2642 cogitationes
1350 2562 1505 2623 tunc
1529 2557 1917 2622 accusabunt
1942 2556 2249 2636 animam,

709 2667 815 2735 vel
865 2667 1238 2745 defendent,
1288 2682 1421 2730 non
1470 2664 1599 2729 illae
1644 2664 1868 2747 utique
1910 2681 2058 2747 quae
2096 2668 2252 2727 tunc

708 2779 923 2856 erunt,
941 2774 1051 2840 sed
1073 2790 1218 2857 quae
1241 2791 1412 2837 nunc
1439 2776 1625 2837 sunt:
1652 2789 1928 2855 quarum
1956 2771 2033 2854 (b)
2063 2789 2252 2837 voces

712 2883 884 2948 velut
908 2881 1201 2964 quaedam
1241 2878 1572 2960 signacula
1596 2878 1666 2941 in
1692 2896 1837 2942 cera
1877 2878 2251 2961 relinquun-

706 2993 838 3068 tur,
871 3005 1019 3071 quae
1045 2987 1113 3050 in
1143 2986 1253 3049 illa
1282 2985 1385 3050 die
1424 2984 1813 3049 manifestari
1856 2983 2177 3049 dicuntur.
2207 3006 2239 3046 n

705 3096 785 3162 Et
808 3096 932 3161 hoc
957 3100 1053 3160 est
1084 3094 1254 3177 quod
1286 3093 1517 3158 dicitur
1554 3094 1623 3157 in
1654 3094 1853 3158 verbo
1880 3093 2241 3184 proposito:

709 3204 932 3270 Omnis
970 3203 1088 3286 qui
1128 3203 1438 3268 irascitur
1486 3201 1688 3281 tratri
1725 3214 1840 3266 suo
1857 3247 1879 3279 ,
1928 3215 2077 3266 reus
2120 3202 2248 3268 erit

691 3310 983 3392 judicio,
1012 3310 1080 3374 id
1117 3312 1215 3374 est
1240 3310 1637 3374 accusatione
1664 3309 2016 3373 secundum
2058 3308 2242 3373 intel-

698 3419 957 3484 lectum.
990 3418 1167 3484 Unde
1189 3419 1269 3483 ad
1291 3417 1693 3483 evadendum
1720 3417 1881 3483 illud
1895 3417 2246 3499 judicium,

697 3528 889 3593 dabat
924 3529 1168 3593 bonum
1197 3526 1534 3592 consilium
1572 3523 1914 3608 Apostolus
1940 3530 1965 3565 ⁸
1998 3547 2013 3589 ε
2050 3548 2081 3586 α
2115 3523 2242 3590 Νο-

696 3634 806 3699 lite
832 3639 979 3699 ante
1014 3639 1265 3718 tempus
1292 3633 1612 3718 judicare,
1645 3650 1983 3716 quousque
2019 3631 2091 3716 (c)
2123 3633 2254 3698 ve—'

695 3742 832 3806 niat
857 3742 1186 3823 DominuS,
1223 3745 1289 3807 et
1325 3739 1711 3804 illuminabit
1749 3740 2122 3804 abscondita
2146 3744 2240 3805 te-

694 3850 1065 3929 nebrarum,
1077 3855 1141 3914 et
1155 3848 1581 3914 manifestabit
1594 3847 1853 3912 consilia
1867 3847 2178 3913 cordium.
2196 3868 2230 3907 n

696 3955 763 4021 Si
810 3957 934 4022 hoc
979 3956 1064 4040 (d)
1111 3956 1460 4020 attenderet
1498 3954 1871 4034 iracundus,
1904 3973 2238 4038 nunquam

695 4064 876 4129 fratri
891 4082 1011 4129 sno
1034 4065 1408 4128 irasceretur
1429 4064 1496 4126 in
1524 4060 1712 4126 corde
1739 4061 2027 4143 maligna
2053 4062 2233 4144 cogi-

693 4171 951 4235 tatione.
983 4170 1159 4236 Unde
1196 4168 1556 4234 Bernardus
1583 4168 1606 4203 ¹·
1637 4189 1652 4233 ε
1701 4191 1734 4230 c
1759 4167 1893 4233 Viri
1920 4168 2071 4233 mali
2105 4187 2235 4235 non

693 4277 1024 4342 attendunt
1068 4277 1419 4359 judicium5
1471 4275 1585 4359 qui
1633 4279 1851 4340 autem
1897 4276 2238 4359 requirunt

692 4386 924 4467 Deum,
970 4383 1314 4451 advertunt
1355 4385 1573 4450 omnia
1609 4384 2041 4450 discernenda.
2072 4407 2103 4446 n
2155 4384 2236 4452 Et

690 4498 951 4575 propter
975 4492 1117 4558 haec
1139 4496 1350 4556 cantat
1369 4491 1645 4556 Ecclesia
1679 4491 1747 4555 in
1787 4497 1992 4558 morte
2018 4495 2233 4576 cujus-

689 4598 846 4663 libet
870 4598 1076 4665 fidelis
1109 4598 1137 4634 ⁸*
1169 4621 1185 4663 ε
1223 4598 1519 4665 Tremens
1553 4600 1765 4679 factus
1806 4615 1949 4665 sum
1991 4615 2102 4684 eqo
2122 4649 2142 4680 ‚
2171 4607 2232 4669 et

688 4711 874 4776 timeo
887 4756 910 4789 ,
939 4707 1096 4775 dum
1123 4706 1441 4775 discussio
1464 4709 1708 4774 venerit
1736 4713 1924 4790 atque
1957 4715 2232 4777 ventura

686 4820 816 4885 ira.

767 4925 1081 5004 Secundo,
1099 4905 1309 4991 omnis
1330 4923 1442 5007 qui
1467 4923 1764 4989 irascitur
1790 4930 2051 5009 propter
2076 4925 2231 4993 livo-

685 5053 826 5101 rem
847 5034 1112 5100 invidiae
1139 5033 1318 5098 fratri
1340 5049 1458 5098 suo
1475 5032 1639 5097 dura
1663 5033 1979 5105 locutione
1999 5052 2230 5118 oppro-

686 5143 919 5208 briosae
958 5139 1475 5226 vituperationiS,
1508 5141 1940 5223 redarguetur
1982 5141 2228 5224 jndicio

751 5269 770 5306 ¹
795 5267 968 5332 Apoc„
998 5278 1088 5332 xx,
1124 5269 1199 5318 12.
1223 5292 1288 5304 —
1313 5265 1332 5296 ²
1359 5263 1519 5326 Rom„
1544 5278 1603 5330 η,
1629 5270 1705 5319 15.
1727 5268 1830 5306 —⁸
1853 5269 1873 5319 1
1905 5262 2043 5332 Con,
2075 5278 2144 5333 xv,
2175 5270 2224 5319 5.

686 5365 751 5380 -
777 5340 796 5371 ⁴
824 5340 974 5392 Bern.
997 5365 1059 5380 -
1086 5340 1110 5376 ὓ
1137 5338 1364 5390 nabetur
1385 5337 1443 5388 in
1466 5338 1645 5390 ultimo
1670 5339 2024 5405 responsorio,
2050 5339 2106 5390 in
2133 5338 2225 5392 off.

688 5410 924 5464 Defunct.
951 5437 1014 5450 -
1049 5412 1070 5444 ⁸
1105 5411 1315 5472 flatile„
1344 5422 1453 5474 ιιι,
1488 5413 1661 5461 36-37.
1703 5439 1758 5448 -
1800 5413 1823 5449 ⁷
1855 5414 2023 5477 prov..
2070 5423 2225 5475 xv1113

688 5487 767 5540 2¹.
795 5512 849 5523 —
876 5486 895 5517 ⁸
915 5483 1050 5548 Iud..
1081 5486 1157 5537 ¹³.
1196 5509 1251 5522 -
1280 5484 1300 5516 ⁸
1326 5484 1499 5548 Apoc,
1526 5493 1619 5547 xx,
1649 5484 1817 5538 13-14.

1815 475 2230 550 SERMONES
2273 479 2376 551 DE
2419 479 2819 552 TEMPORE.

2361 620 2792 704 opprobriosae
2859 619 3343 704 vituperationis
3363 669 3385 703 ,
3447 620 3886 707 redarguentis

2361 727 2772 810 opprobriosa
2800 728 2998 794 verba
3022 728 3188 808 oris3
3220 730 3392 796 unde
3421 730 3490 794 ⁸:
3529 754 3560 793 ι
3593 731 3680 797 De
3716 732 3889 796 omni

2358 835 2560 900 verbo
2587 834 2791 900 otioso
2829 835 3002 917 quod
3048 835 3245 902 locuti
3286 838 3524 902 fuerint
3569 839 3853 904 homines
3866 887 3885 920 ‚

2359 943 2623 1007 reddent
2662 944 2972 1009 rationem
3018 944 3088 1008 in
3135 944 3238 1010 die
3268 946 3516 1028 judicii.
3565 945 3663 1011 Ex
3687 946 3891 1011 verbis

2359 1050 2533 1114 enim
2582 1052 2714 1115 tuis
2757 1051 3237 1133 justificaberis3
3283 1056 3348 1116 et
3391 1071 3474 1117 ex
3515 1054 3725 1119 verbis
3768 1054 3892 1118 tuis

2359 1158 2901 1223 condemnaberis.
2940 1179 2972 1219 n
3027 1157 3091 1224 Si
3136 1159 3311 1223 enim
3355 1160 3435 1225 de
3477 1159 3654 1225 omni
3701 1161 3892 1226 verbo

2359 1265 2561 1330 otioso
2606 1266 2949 1332 reddemus
2998 1268 3314 1332 rationem
3364 1267 3435 1333 in
3475 1269 3592 1334 .die
3628 1270 3852 1352 judicii
3870 1318 3889 1347 ‚

2360 1372 2562 1437 multo
2603 1373 2830 1437 fortius
2875 1373 2953 1438 de
2995 1373 3206 1438 verbis
3243 1374 3573 1457 injuriosis
3590 1424 3608 1456 ‚
3643 1376 3749 1443 vel
3775 1377 3893 1440 cri-

2360 1479 2647 1545 minosis.
2678 1479 2804 1545 Sed
2823 1482 2978 1565 qnia
3014 1504 3045 1543 a
3072 1500 3247 1548 mors
3272 1487 3336 1548 et
3359 1484 3492 1549 vita
3510 1484 3581 1548 in
3602 1484 3896 1549 manibus

2357 1587 2631 1669 linguae,
2660 1610 2691 1649 ι»
2727 1590 3080 1654 secundum
3108 1589 3393 1656 Glossam
3419 1592 3467 1672 ⁸¹,
3510 1591 3650 1656 ideo
3687 1591 3842 1656 dicit
3875 1614 3892 1656 t

2359 1709 2442 1761 ex
2470 1694 2681 1762 verbis
2709 1698 2864 1777 mie,
2895 1697 3129 1762 scilicet
3153 1697 3367 1779 bonis,
3386 1698 3857 1782 justificaberis
3876 1745 3895 1778 ,

2361 1808 2422 1870 et
2447 1819 2533 1869 ea·
2557 1804 2770 1870 verbis
2797 1806 2957 1885 mie,
2988 1805 3222 1870 scilicet
3264 1806 3485 1886 malis,
3527 1807 3895 1889 injuriosis,

2355 1911 2878 1981 condemnaberis
2892 1963 2912 1995 ,
2964 1915 3220 1998 quando
3268 1932 3485 1980 coram
3535 1919 3670 1979 tota
3720 1915 3901 1980 curia

2360 2019 2596 2085 coelesti
2621 2025 2880 2105 propter
2914 2041 2992 2086 ea
3033 2022 3497 2106 vituperaberis
3514 2069 3533 2101 ‚
3561 2026 3626 2088 et
3673 2023 3901 2107 culpa-

2358 2126 2548 2192 beris.
2598 2128 2677 2193 Et
2716 2130 3019 2211 quoniam
3041 2180 3058 2211 ‚
3103 2131 3269 2196 sicut
3308 2133 3517 2213 majus
3566 2135 3902 2213 peccatum

2358 2238 2453 2299 est
2471 2283 2492 2312 ,
2521 2235 2775 2317 quando
2820 2254 2954 2301 non
2980 2238 3190 2302 solum
3218 2238 3514 2303 irascitur
3552 2237 3739 2302 fratri
3787 2256 3901 2304 suo

2358 2341 2428 2406 in
2455 2342 2642 2407 corde
2678 2343 2947 2409 interius
2966 2393 2986 2424 ‚
3032 2344 3144 2409 sed
3182 2345 3375 2410 etiam
3421 2345 3792 2429 prorumpit
3833 2345 3902 2410 in

2357 2466 2581 2513 vocem
2611 2451 2920 2532 exteriuS‚
2951 2452 3041 2515 ita
3067 2433 3274 2535 major
3296 2452 3356 2517 ei
3383 2469 3573 2535 poena
3604 2452 3899 2517 debetur.

2360 2553 2506 2621 Ideo
2532 2557 2682 2621 dicit
2710 2557 3015 2623 Dominus
3045 2580 3061 2622 τ
3100 2558 3225 2633 Qui
3250 2565 3466 2627 autem
3491 2558 3742 2626 dixerit
3771 2560 3904 2640 fra-

2359 2664 2450 2727 tri
2487 2678 2602 2730 suo
2648 2681 2672 2729 .·
2714 2665 2964 2746 ΒαοΙιαζ,
3012 2680 3162 2731 reus
3209 2668 3335 2733 eric
3374 2668 3665 2734 concilio.
3717 2666 3901 2732 Unde

2358 2768 2577 2834 Glossa
2606 2792 2622 2835 ε
2657 2794 2689 2832 α
2717 2769 2922 2853 Majus
2941 2776 3036 2836 est
3052 2773 3390 2855 judicium,
3414 2774 3667 2858 quando
3685 2771 3903 2840 adhuc

2355 2894 2505 2941 cum
2531 2895 2644 2943 reo
2667 2879 2906 2960 agitur,
2938 2883 3000 2943 et
3026 2883 3121 2944 est
3147 2881 3494 2946 defensioni
3511 2882 3732 2960 locus;
3757 2881 3902 2965 plus

2355 2986 2713 3065 concilium,
2738 2987 2995 3068 quando
3019 2989 3265 3071 judices
3287 2989 3455 3055 inter
3472 3008 3541 3055 se
3558 2989 3902 3056 conferunt

2355 3111 2486 3175 quo
2533 3094 2841 3177 supplicio
2888 3095 3190 3161 damnent
3231 3116 3429 3181 quem
3476 3103 3723 3163 constat
3765 3116 3902 3164 esse

2353 3201 2815 3266 damnandum.
2838 3224 2869 3262 o
2904 3201 3084 3269 Unde
3108 3204 3446 3269 concilium
3474 3223 3604 3270 non
3630 3223 3900 3271 consue-

2351 3308 2448 3372 vit
2473 3309 2612 3372 fleri
2637 3310 2762 3373 nisi
2787 3310 2866 3375 de
2890 3312 3239 3394 majoribus
3266 3316 3331 3377 et
3359 3313 3771 3395 gravioribus
3794 3314 3898 3379 de-

2350 3414 2533 3479 lictis.
2566 3416 2655 3479 De
2693 3416 2816 3481 isto
2844 3423 3059 3482 autem
3079 3419 3323 3502 judicio
3365 3421 3598 3485 dicitur
3621 3420 3694 3485 in
3722 3423 3894 3505 epis-

2349 3522 2479 3588 tola
2505 3523 2538 3588 J
2544 3525 2686 3589 udae
2718 3524 2788 3608 (e)
2833 3525 2858 3561 ⁸
2905 3548 2923 3590 ε
2982 3549 3014 3586 α
3058 3527 3215 3592 Ecce
3259 3529 3436 3593 venit
3473 3527 3786 3594 Dominus
3828 3529 3897 3593 in

2350 3631 2581 3694 sanctis
2598 3633 2792 3714 justis
2817 3634 3022 3700 facere
3041 3634 3363 3716 ,iudicium
3408 3639 3630 3700 contra
3665 3655 3894 3703 omnes

2348 3736 2577 3821 impios
2599 3738 2678 3803 de
2702 3742 3005 3806 omnibus
3032 3742 3229 3824 duris,
3258 3761 3406 3827 quae
3432 3743 3629 3809 locuti
3651 3752 3831 3809 sunt.
3855 3766 3887 3806 ι

2348 3843 2524 3908 Certe
2551 3846 2603 3909 si
2632 3846 2755 3911 hoc
2774 3849 3092 3929 judicium
3119 3850 3512 3916 attenderent
3550 3852 3848 3918 iracundi
3867 3900 3892 3934 ,

2347 3968 2680 4035 nunquam
2694 3954 2954 4020 fratrem
2972 3974 3164 4021 suum
3180 3958 3628 4040 crucifigerent
3638 3977 3763 4025 ven
3769 3977 3892 4025 eno

2347 4059 2842 4141 conviciationis,
2874 4062 3038 4127 sicut
3064 4062 3100 4128 J
3101 4063 3269 4128 udaei
3295 4063 3599 4130 dicuntur
3628 4067 3892 4132 crucifi-

2343 4166 2516 4231 xisse
2544 4165 2890 4234 Dominum
2918 4188 3214 4237 sermone
3240 4177 3574 4239 venenato.

2424 4274 2656 4357 Tertio,
2688 4277 2896 4342 omnis
2938 4280 3054 4361 qui
3077 4278 3375 4345 irascitur
3400 4285 3659 4364 propter
3699 4284 3888 4350 furo-

2343 4399 2482 4446 rem
2508 4382 2807 4447 vindictae
2835 4384 3014 4449 fratri
3039 4404 3157 4451 suo
3181 4405 3383 4471 prava
3407 4388 3702 4469 laesione,
3732 4410 3887 4458 reus

2341 4489 2463 4554 erit
2479 4490 2722 4572 judicio
2749 4490 3066 4573 gehennae
3092 4493 3417 4559 infernalis
3451 4496 3779 4578 punientis
3817 4501 3886 4565 in

2339 4596 2477 4680 ipsa
2503 4598 2590 4680 (1)
2624 4597 2934 4662 maleficia
2958 4600 3187 4681 operis.
3221 4599 3399 4666 Unde
3422 4601 3446 4638 ⁰
3482 4623 3499 4667 ε
3549 4625 3584 4665 α
3632 4604 3886 4674 Iudica-

2339 4709 2480 4769 tum
2506 4708 2603 4769 est
2627 4705 2706 4770 de
2731 4704 3009 4787 singulis
3035 4707 3387 4773 secundum
3411 4728 3607 4793 opera
3650 4730 3882 4780 eorum

2342 4813 2430 4893 (in
2457 4813 2750 4896 inferno).
2784 4812 2863 4878 Et
2888 4813 3199 4897 infernus,
3229 4820 3294 4881 et
3319 4835 3495 4884 mors
3515 4820 3698 4885 missi
3727 4827 3882 4888 sunt
3922 4809 3937 4824 ’

2337 4919 2407 4983 in
2432 4924 2741 5001 stagnum
2755 4939 2773 5001 ;
2805 4920 2948 4984 haec
2987 4922 3087 4985 est
3128 4924 3405 4989 secunda
3445 4943 3641 4990 mors.
3686 4950 3720 4988 n
3771 4929 3880 4994 Sic

2337 5032 2631 5109 apparet,
2676 5026 2850 5110 quod
2873 5026 3233 5110 matribus,
3257 5031 3533 5114 judicio,
3565 5034 3834 5102 concilio
3850 5082 3873 5116 ,

2334 5133 2653 5215 gehenna,
2682 5133 2956 5200 diversae
2979 5136 3339 5203 mansiones
3355 5137 3427 5204 in
3445 5142 3878 5208 aeternadam-

2401 5339 2468 5402 (a)
2512 5336 2664 5402 Vulg.
2701 5338 3089 5402 coqitatimibas
3137 5341 3496 5394 acetoemztibus.
3531 5371 3596 5383 —
3631 5343 3702 5412 (b)
3742 5346 3871 5401 acet.

2331 5409 2453 5460 edit.
2488 5422 2726 5476 quorum.
2748 5435 2803 5447 -
2836 5409 2905 5476 (c)
2938 5410 3085 5477 Vulq.
3122 5415 3472 5480 quoadusque.
3510 5443 3575 5455 —
3613 5418 3696 5484 (d)
3743 5419 3870 5471 coet.

2331 5480 2454 5534 edii.
2482 5480 2669 5535 hoc.—
2696 5483 2755 5548 (e)
2783 5483 2909 5535 uem
2929 5483 3123 5537 Juditb.
3145 5511 3209 5525 -
3237 5487 3311 5553 (f)
3344 5488 3461 5553 leq.
3489 5488 3619 5555 ipso.
