4059 6317
450 3239 611 3345 t

630 440 750 505 510

623 571 783 630 runt.
808 548 925 629 'Sed
951 581 1074 643 qua
1092 565 1287 626 fronte
1315 569 1526 642 petunt
1546 581 1647 627 eas
1665 564 1996 639 Christiani,
2016 567 2176 640 post-

627 680 811 738 quam
855 662 1112 722 Christus
1147 661 1356 721 beatos
1393 677 1517 720 esse
1557 677 1853 738 pauperes
1889 659 2176 736 praedica·

624 757 751 816 vit?
772 777 802 812 »

698 849 969 909 Secundo
996 849 1174 909 beata
1199 849 1376 909 Lucia
1401 848 1510 906 fuit
1535 849 1724 923 magis
1748 847 1913 907 fortis
1940 847 2018 907 ad
2040 863 2177 923 pas-

624 945 820 1004 siones
873 945 1206 1020 tyrannicas
1273 943 1688 1002 devincendas
1761 943 2036 1015 Magnum
2091 944 2178 999 est

627 1039 789 1096 enim
814 1037 1048 1096 divitias
1076 1041 1449 1097 contemnere
1464 1056 1482 1111 3
1527 1037 1633 1095 sed
1661 1037 1840 1110 longe
1872 1036 2065 1108 majus
2091 1039 2177 1093 est

629 1148 876 1195 curvare
903 1137 1242 1208 tyrannum,
1282 1148 1404 1191 non
1441 1131 1653 1202 minas,
1687 1130 1782 1188 vel
1814 1133 2177 1188 tormentum

632 1243 860 1286 curare.
888 1227 1053 1286 Unde
1082 1225 1294 1286 dicitur
1318 1227 1333 1261 ¹
1366 1244 1382 1284 ε
1413 1228 1696 1284 Mulierem
1715 1229 1910 1296 fortem
1938 1229 2059 1298 quis
2084 1228 2173 1283 in-

633 1325 808 1379 veniet
836 1324 867 1379 P
921 1320 1092 1396 quasi
1145 1321 1305 1379 dicat
1350 1338 1365 1379 ε
1432 1306 1813 1378 Inveniuntur
1863 1318 2171 1393 plurimae,

634 1433 768 1492 quoe
794 1420 1178 1474 contemnunt
1201 1415 1533 1483 mundum3
1567 1414 1674 1472 sed
1698 1430 1832 1472 eam
1858 1413 1990 1488 quis
2010 1417 2177 1488 pote-

631 1511 709 1569 rit
732 1509 1017 1582 invenire,
1049 1525 1182 1584 quae
1208 1524 1333 1566 non
1364 1494 1566 1566 timeat
1585 1508 1737 1582 ignis
1753 1506 2050 1579 incendia,
2066 1498 2177 1564 nec

635 1603 776 1662 duci
803 1604 883 1661 ad
910 1602 1328 1678 prostibulum,
1347 1600 1836 1675 nonjugulatoris
1864 1599 2175 1674 gladium?

631 1700 821 1770 Quam
862 1696 1029 1757 fortis
1066 1699 1243 1773 igitur
1279 1697 1404 1755 haec
1441 1701 1642 1754 sancta
1674 1696 1852 1769 Virgo
1885 1694 2013 1766 fuit,
2044 1710 2177 1768 quoe

632 1793 716 1850 sic
744 1797 1075 1852 constanter
1102 1798 1159 1850 et
1183 1791 1503 1866 prudenter
1530 1789 1595 1847 in
1622 1788 1902 1848 omnibus
1921 1793 2176 1862 tyranno

633 1886 960 1962 respondit,
987 1885 1155 1961 quod
1187 1901 1225 1943 a
1258 1883 1420 1943 mille
1455 1882 1599 1941 viris
1638 1886 1696 1941 et
1733 1881 1933 1941 bobus
1969 1884 2175 1952 tracta,

633 1981 862 2040 moveri
888 1997 1012 2039 non
1033 1980 1244 2055 potuit,
1272 1995 1384 2037 nec
1425 1979 1505 2036 ad
1543 1978 1797 2052 lupanar
1824 1993 1957 2035 eam
1984 1976 2177 2035 addu-

636 2090 767 2133 cere
794 2074 990 2132 omnis
1014 2088 1388 2148 paganorum
1416 2076 1660 2131 conatus
1685 2070 1992 2146 praevaluit
2001 2090 2019 2143 3
2039 2087 2174 2145 quoe

636 2170 812 2229 etiam
841 2172 1046 2226 contra
1072 2168 1345 2241 seignem
1374 2166 1680 2225 ardentem
1708 2164 1996 2223 extinxit?
2023 2165 2177 2237 Lege

633 2260 757 2321 haec
789 2264 1013 2333 omnia,
1042 2266 1100 2319 et
1126 2262 1243 2320 alia
1279 2261 1465 2319 multa
1510 2260 1589 2317 ad
1623 2259 1747 2317 haec
1783 2257 2074 2328 facientia,
2113 2255 2177 2314 in

633 2355 762 2432 ipsa
793 2357 919 2429 ejus
944 2356 1238 2429 Legenda.
1270 2354 1385 2413 Sed
1413 2354 1513 2429 qui
1539 2352 1720 2412 hodie
1748 2350 2056 2410 Christiani
2087 2356 2176 2426 ty-

633 2466 853 2509 rannos
881 2466 1007 2508 non
1053 2448 1306 2507 timent?
1343 2448 1467 2505 imo
1506 2446 1607 2522 qui
1643 2450 1779 2504 sunt
1819 2445 2021 2517 hodie,
2069 2444 2176 2519 qui

634 2544 899 2619 tyrannis
925 2559 1049 2602 non
1073 2541 1374 2613 obediant,
1404 2539 1508 2615 qui
1543 2542 1681 2614 post
1714 2543 1982 2614 potentes
2022 2537 2173 2595 divi·

634 2642 835 2713 tesque
865 2653 989 2695 non
1014 2635 1257 2705 vadant,
1304 2639 1362 2692 et
1408 2633 1514 2708 qui
1549 2649 1752 2691 amore
1793 2632 2176 2691 dominorum

633 2748 878 2791 suorum
918 2736 1099 2790 terras
1133 2745 1258 2787 non
1295 2728 1639 2786 destruant?
1665 2728 1845 2784 Testis
1873 2728 1960 2783 est
1983 2725 2179 2784 omnis

636 2826 823 2896 ltalia,
871 2842 1053 2901 quam
1096 2823 1292 2881 miseri
1345 2821 1690 2897 populares,
1738 2821 2036 2894 majorum
2083 2836 2175 2877 se-

634 2927 883 2995 quentes
918 2918 1233 2988 consortia,
1274 2916 1440 2975 tracti
1466 2915 1528 2973 in
1551 2918 1781 2989 partem
1809 2913 2036 2988 ubique
2069 2912 2175 2971 de·

633 3017 988 3072 struxerunt.
1034 3015 1163 3070 Non
1197 3010 1436 3069 fuerunt
1460 3008 1607 3067 tales
1650 3008 1909 3082 antiqui3
1952 3007 2059 3066 sed
2095 3008 2181 3065 sic

633 3123 744 3182 pro
790 3107 984 3183 patria
1024 3105 1203 3163 fortes
1248 3105 1435 3173 erant,
1482 3108 1546 3161 ut
1597 3101 1658 3159 in
1703 3100 1871 3159 nullo
1916 3101 2179 3176 tyrannis

635 3201 961 3259 obedirent.
1004 3201 1151 3257 Nam
1186 3200 1209 3234 ²
1251 3217 1281 3252 ι
1317 3194 1629 3270 Pompeius
1672 3195 1892 3253 nobilis
1931 3194 2179 3269 quidam

637 3299 958 3366 Romanus,
1005 3292 1152 3350 dum
1199 3291 1361 3365 apud
1407 3289 1732 3364 quemdam
1777 3304 1980 3362 regem
2014 3288 2179 3360 lega-

637 3388 812 3447 tionis
837 3385 1036 3445 oificio
1079 3385 1440 3457 fungeretur,
1481 3383 1558 3441 ab
1601 3398 1673 3439 eo
1719 3386 1944 3455 captus,
1977 3381 2180 3453 minis,

635 3486 700 3539 ut
726 3486 960 3539 senatus
988 3478 1231 3537 consilia
1256 3477 1555 3552 proderet,
1595 3474 1936 3548 cogebatur.
1974 3480 2044 3533 At
2078 3473 2180 3533 ille

633 3576 726 3634 vir
751 3574 915 3633 fortis
941 3574 1005 3632 in
1029 3572 1336 3648 praesentia
1373 3570 1529 3644 regis
1555 3568 1806 3642 digitum
1833 3568 1956 3641 igni
1983 3567 2180 3625 immi-

634 3670 727 3740 sit,
749 3670 1055 3743 totumque
1073 3668 1281 3726 ardere
1297 3663 1581 3741 permisit,
1609 3667 1666 3721 et
1690 3662 1772 3720 sic
1799 3679 1862 3720 se
1888 3665 2180 3719 tormenta

633 3762 799 3821 nulla
834 3763 1036 3820 timere
1077 3760 1349 3818 ostendit.
1385 3757 1556 3830 Quod
1584 3757 1732 3815 dum
1756 3772 1864 3814 rex
1893 3753 2060 3827 vidit,
2089 3754 2181 3811 ni·

632 3856 719 3915 hil
746 3856 822 3915 ab
852 3871 924 3913 eo
956 3855 1109 3913 ultra
1137 3853 1438 3929 quaesivit3
1478 3851 1585 3910 sed
1627 3866 1690 3908 se
1732 3848 1913 3924 recipi
1956 3848 2018 3906 in
2063 3850 2179 3906 Ro-

634 3965 950 4009 manorum
995 3948 1314 4008 amicitiam
1352 3945 1688 4020 postulavit.
1720 3964 1750 3998 r
1780 3944 1843 4000 ln
1877 3942 1987 4000 hac
2013 3940 2179 3999 forti-

633 4044 839 4103 tudine
868 4046 1028 4102 tanta
1057 4040 1302 4099 diabolo
1331 4038 1723 4097 resistendum
1751 4040 1857 4108 est,
1883 4036 2050 4109 qu‘us
2067 4051 2179 4093 nos

634 4154 869 4213 semper
909 4136 1123 4213 premit
1161 4132 1446 4209 tyrannis·
1475 4132 1639 4189 Unde
1667 4130 1880 4189 dicitur
1910 4133 1970 4187 ⁸:
2006 4149 2037 4184 ι
2063 4129 2181 4187 Ad·

635 4232 927 4291 versarius
953 4232 1144 4287 vester
1171 4227 1469 4298 diaboluS,
1498 4232 1784 4301 tanquam
1799 4224 1897 4284 leo
1915 4224 2176 4298 rugiens,

634 4326 841 4384 circuit
883 4339 1151 4399 quaerens
1196 4339 1378 4398 quem
1430 4322 1675 4380 devoret
1729 4339 1745 4377 ι
1785 4321 1880 4378 cui
1933 4316 2180 4377 resistite

632 4417 812 4478 fortes
836 4418 900 4475 in
924 4417 1066 4476 fide.
1098 4435 1127 4472 n

704 4512 893 4572 Tertio
934 4511 1110 4570 beata
1151 4510 1327 4570 Lucia
1362 4509 1473 4569 fuit
1503 4507 1820 4569 fortissima
1861 4506 1942 4566 ad
1988 4507 2179 4565 carnis

633 4605 905 4667 lascivias
947 4604 1336 4678 edomandas,
1390 4605 1515 4662 sive
1572 4602 1652 4662 ad
1701 4603 1860 4678 ipsas
1912 4600 2180 4659 miserias

633 4699 838 4759 mortis
851 4699 1212 4758 tolerandas
1229 4702 1376 4757 Nam
1390 4697 1496 4755 etsi
1514 4696 1587 4754 sit
1606 4711 1894 4769 magnum
1920 4699 2179 4754 contem-

632 4809 774 4853 nere
811 4793 1140 4866 mundum,
1173 4798 1230 4852 et
1254 4793 1446 4866 majus
1477 4790 1547 4866 (a)
1581 4794 1956 4850 contemnere
1986 4788 2177 4863 quod-

635 4904 890 4964 cumque
917 4893 1296 4960 tormentum,
1338 4886 1667 4943 maximum
1706 4889 1904 4943 tamen
1931 4886 2018 4941 est
2045 4898 2180 4958 per-

633 4978 780 5045 fecte
806 4982 1125 5056 subjugare
1152 4980 1435 5056 seipsum,
1475 4980 1670 5039 carnis
1708 4993 1988 5054 superare
2025 4976 2180 5037 desi-

635 5076 889 5150 derium,
928 5081 987 5135 et
1026 5075 1233 5134 mortis
1274 5089 1400 5133 non
1445 5074 1650 5133 timere
1691 5071 2024 5148 periculum
2064 5090 2079 5129 :
2121 5074 2179 5130 et

700 5232 718 5266 ¹
743 5230 914 5292 Pron„
941 5238 1099 5292 1111,
1136 5230 1182 5280 1.
1217 5251 1272 5263 -
1304 5226 1331 5261 ¹
1367 5222 1536 5277 valer.
1572 5224 1731 5288 Max..
1761 5223 1852 5275 lib.
1886 5224 1976 5288 ill,
2010 5236 2059 5275 c.
2093 5233 2174 5285 ιιι,

635 5312 690 5352 n.
728 5303 786 5366 2,
828 5299 1005 5365 paucis
1042 5296 1269 5349 mutatis.
1304 5322 1367 5336 —
1404 5297 1426 5328 ⁸
1457 5298 1475 5348 Ι
1505 5297 1665 5361 Patr„
1693 5308 1744 5361 v,
1782 5297 1831 5349 8.
1858 5322 1921 5335 -
1953 5296 1979 5333 ⁴
2001 5295 2174 5356 Pron„

637 5384 737 5439 vn,
767 5375 845 5424 26.
874 5399 935 5411 —
974 5372 995 5403 ⁸
1031 5370 1178 5436 thid„
1220 5382 1382 5437 xxxi,
1421 5372 1498 5422 17.
1539 5397 1592 5408 -
1635 5371 1656 5401 ⁸
1688 5368 1858 5433 Cant„
1899 5378 1983 5427 ιιι,
2028 5370 2076 5416 7.
2117 5392 2173 5404 -

1685 426 2103 497 SERMONES
2146 428 2247 496 DE
2289 430 2642 503 SANCTIS.
2681 432 2783 501 lx.

2282 582 2408 626 non
2432 568 2582 628 sicut
2607 568 2938 629 Alexander
2972 570 3237 644 Macedo,
3269 572 3375 648 qui
3411 590 3589 636 omne
3626 576 3830 638 militi-

2285 752 2568 813 devictus.
2625 756 2787 813 Unde
2831 756 3066 831 sapiens
3107 759 3410 833 Salomon,
3459 762 3536 821 de
3579 765 3832 826 muliere

2284 847 2558 924 loquens,
2580 850 2661 909 ait
2672 851 2694 886 ¹·
2714 869 2729 907 :
2749 870 2776 904 ιι
2790 851 3107 913 Fortissimi
3127 856 3352 930 quique
3368 856 3579 931 deiecti
3599 860 3678 936 (b)
3697 870 3837 922 sunt

2284 941 2362 1000 ab
2392 959 2483 1001 ea.
2513 966 2541 999 ι)
2574 948 2719 1003 Nam
2748 947 2998 1004 etmulti
3024 945 3259 1008 fuerunt
3286 953 3493 1025 sancti,
3523 954 3631 1029 qui
3664 957 3833 1016 nullo

2284 1040 2601 1111 potuerunt
2632 1037 2770 1110 igne
2805 1038 2904 1096 vel
2942 1037 3099 1098 ferro
3142 1039 3398 1116 devinci,
3434 1045 3539 1121 qui
3566 1051 3771 1108 tamen
3799 1068 3837 1109 a

2284 1144 2463 1187 carne
2498 1129 2712 1188 devicti
2749 1135 2903 1191 sunt.
2933 1135 3107 1191 Beata
3131 1149 3273 1209 ergo
3302 1138 3480 1197 Lucia
3505 1139 3619 1198 fuit
3642 1140 3833 1201 fortis-

2283 1222 2455 1295 sima,
2486 1223 2633 1281 dum
2650 1224 2798 1282 inter
2816 1230 3190 1300 corruptores
3215 1229 3386 1304 virgo
3409 1240 3759 1310 permansit,
3780 1243 3837 1297 et

2282 1316 2438 1374 mori
2463 1333 2573 1391 pro
2603 1317 2827 1377 Christo
2854 1334 2976 1377 non
3002 1321 3227 1380 metuit.
3259 1324 3424 1383 Unde
3445 1325 3523 1385 de
3544 1335 3831 1403 eapotest

2285 1409 2472 1485 accipi
2517 1410 2666 1469 illud
2708 1413 2732 1450 ⁸
2774 1432 2789 1470 ε
2833 1432 2864 1468 α
2905 1415 3163 1474 Accinxit
3199 1415 3548 1481 fortitudine
3591 1422 3837 1483 lumbos

2284 1519 2443 1561 suos,
2470 1503 2677 1575 »Quid
2711 1504 2823 1565 fuit
2850 1507 3190 1568 tortitudine
3217 1510 3459 1571 lumbos
3489 1515 3830 1591 accingere,

2284 1596 2397 1655 nisi
2432 1598 2808 1672 passionibus
2841 1601 3034 1660 carnis
3066 1601 3291 1663 fortiter
3320 1606 3656 1668 reluctare?
3696 1613 3833 1669 Pro-

2282 1690 2462 1765 pheta
2490 1692 2649 1750 enim
2675 1693 2847 1767 dicit,
2878 1695 3046 1769 quod
3071 1694 3452 1758 fortissimum
3476 1708 3566 1760 est
3594 1704 3832 1764 vincere

2282 1782 2439 1842 hanc
2458 1787 2797 1860 passionem
2814 1795 3269 1852 consentaneam
3287 1798 3529 1855 naturae.
3550 1797 3646 1856 Ad
3666 1800 3831 1874 quod

2283 1878 2641 1952 signandum
2670 1881 2882 1941 dicitur
2906 1884 2931 1921 ⁸
2957 1903 2973 1941 ε
3003 1904 3035 1940 ι
3060 1888 3143 1944 En
3170 1885 3454 1947 lectulum
3488 1893 3827 1950 Salomonis

2284 1973 2587 2046 sexaginta
2610 1973 2791 2034 fortes
2825 1977 3099 2037 ambiunt
3133 1997 3207 2039 ex
3241 1979 3576 2042 fortissimis
3615 1987 3828 2059 lsrael,

2284 2081 2493 2125 omnes
2535 2071 2794 2128 tenentes
2845 2069 3115 2143 gladios,
3167 2078 3224 2132 et
3268 2074 3349 2133 ad
3392 2077 3556 2136 bella
3609 2078 3827 2139 doctis·

2284 2160 2436 2217 simi.
2474 2181 2502 2213 »
2548 2162 2665 2219 Nisi
2709 2163 2869 2220 enim
2912 2164 3161 2223 lectulus
3201 2170 3469 2244 corporis
3516 2173 3710 2231 nostri
3754 2174 3830 2233 ah

2283 2252 2510 2327 angelis
2553 2254 2881 2313 fortissimis
2933 2258 3219 2318 militibus
3276 2270 3645 2339 servaretur,
3689 2284 3833 2327 mox

2283 2347 2478 2404 omnis
2523 2348 2649 2420 eJus
2706 2347 2981 2409 clausura
3039 2353 3116 2410 ab
3174 2354 3425 2415 inimicis
3478 2361 3828 2433 aperiretur.

2282 2442 2409 2498 Non
2436 2445 2632 2499 tamen
2661 2442 2904 2515 gloriari
2931 2445 3249 2520 debemus,
3288 2451 3338 2507 si
3374 2450 3586 2510 Christi
3625 2469 3830 2513 amore

2283 2537 2708 2611 contlneamus,
2730 2556 2865 2597 cum
2889 2541 3262 2602 inveniamus
3288 2561 3556 2619 paganos
3586 2554 3833 2624 propter

2282 2645 2422 2688 suos
2468 2631 2612 2690 deos
2655 2631 3056 2706 virginitatem
3101 2653 3385 2697 servasse.
3434 2643 3585 2700 Nam
3629 2644 3831 2702 multas

2284 2727 2450 2781 erant
2477 2724 2733 2798 virgines
2760 2729 2993 2801 Romae,
3034 2746 3167 2804 quae
3211 2747 3383 2791 suam
3426 2735 3830 2809 virginitatem

2284 2818 2647 2879 devoverant
2691 2823 2817 2882 deas
2857 2828 3037 2884 vestoe
3056 2846 3075 2899 3
3118 2827 3355 2888 fuerunt
3402 2835 3460 2889 et
3507 2832 3683 2892 multi
3724 2835 3827 2909 qui

2284 2929 2488 2972 amore
2517 2915 2719 2989 patriae
2752 2919 2902 2977 mori
2931 2935 3054 2978 non
3094 2921 3430 2982 timuerunt.
3469 2927 3679 2985 Narrat
3717 2930 3827 2986 Ro·
3897 2945 4021 2987 am

2283 3022 2464 3065 mana
2495 3007 2775 3081 historia,
2808 3013 2975 3087 quod
3012 3016 3298 3086 tyrannus
3333 3018 3587 3092 quidam
3614 3038 3825 3096 quem-
3849 3005 3969 3062 Ρη·

2285 3099 2425 3158 dam
2463 3104 2618 3177 cepit
2649 3104 2845 3163 virum
2872 3108 3285 3181 fortissimum,
3316 3127 3537 3186 cogens
3564 3130 3736 3188 eum,
3766 3121 3827 3175 ut

2284 3193 2398 3252 sibi
2427 3196 2736 3270 proderet,
2764 3199 2867 3274 qui
2893 3200 2983 3258 illi
3010 3208 3201 3261 essent
3235 3204 3340 3280 qui
3377 3222 3516 3265 eum
3556 3210 3829 3269 occidere

2283 3287 2519 3346 vellent.
2549 3293 2619 3348 At
2644 3290 2747 3349 ille
2775 3292 2880 3350 ubi
2902 3293 3082 3354 fortes
3112 3300 3400 3357 tortorum
3426 3317 3644 3360 manus
3683 3320 3828 3362 con-

2285 3383 2541 3456 tempsit,
2567 3382 2804 3457 flagella
2830 3387 3011 3462 rupit,
3036 3387 3208 3449 funes
3227 3391 3470 3465 laxavit,
3500 3395 3828 3470 equuleum

2284 3476 2482 3548 solvit,
2530 3493 2738 3536 omnes
2783 3478 2974 3538 minas
3020 3486 3076 3541 et
3121 3487 3413 3546 tormenta
3447 3488 3686 3563 derisit,
3722 3508 3829 3551 nec

2284 3585 2392 3643 per
2426 3573 2681 3629 mortem
2705 3571 2910 3630 induci
2944 3576 3170 3648 potuit,
3197 3582 3262 3637 ut
3286 3580 3553 3656 aliquem
3583 3584 3662 3644 de
3689 3602 3827 3645 con-

2283 3661 2670 3737 spiratoribus
2708 3650 3012 3726 indicaret.
3055 3672 3210 3745 Ergo
3252 3672 3300 3731 si
3342 3679 3505 3734 tanta
3543 3676 3826 3740 fortitudo

2284 3760 2624 3830 potestesse
2651 3774 2760 3833 pro
2787 3762 3054 3835 mundo,
3085 3772 3308 3839 quanta
3342 3767 3524 3828 debet
3558 3788 3690 3832 esse
3722 3791 3825 3850 pro

2283 3850 2506 3909 Christo
2523 3893 2544 3921 ,
2589 3853 2692 3926 qui
2742 3855 2904 3912 tanto
2949 3866 3287 3919 remunerat
3322 3865 3615 3937 praemio?
3652 3870 3828 3928 Narra

2282 3943 2379 4003 hic
2403 3944 2479 4003 de
2508 3948 2698 4005 morte
2725 3945 2903 4022 hujus
2927 3949 3200 4025 VirginiS,
3219 3957 3532 4028 quomodo
3550 3976 3827 4036 percussa

2281 4036 2475 4114 fuerit,
2504 4043 2614 4099 etc.

2844 4195 3104 4259 SERMO
3146 4197 3199 4260 Π
3225 4196 3272 4260 “’.

2359 4322 2636 4382 Certamen
2686 4329 2830 4396 forte
2881 4329 3035 4387 dedit
3062 4332 3152 4388 illi
3172 4370 3192 4401 ,
3237 4337 3304 4390 ut
3338 4338 3576 4396 vinca-et
3620 4335 3664 4398 ¹.
3695 4341 3824 4399 Om-

2283 4414 2378 4474 nis
2404 4416 2511 4491 qui
2544 4417 2774 4493 aliquid
2815 4421 2953 4495 agit,
2991 4423 3040 4479 si
3068 4423 3275 4483 stultus
3296 4441 3419 4485 non
3448 4433 3557 4502 est,
3591 4438 3824 4509 propter

2284 4510 2547 4585 aliquem
2575 4512 2756 4572 finem
2773 4515 2913 4589 agit.
2941 4522 3254 4592 Nunquam
3267 4522 3519 4582 rusticus
3534 4524 3825 4586 laboraret

2282 4602 2347 4661 in
2372 4603 2567 4678 vinea,
2611 4606 2725 4665 nisi
2751 4608 2891 4667 inde
2928 4616 3259 4685 expectaret
3293 4614 3663 4678 vindemiam
3674 4640 3696 4694 3
3724 4637 3822 4679 nec

2283 4702 2463 4757 nauta
2490 4701 2660 4760 tantis
2693 4702 2972 4777 periculis
3007 4704 3072 4762 in
3097 4720 3260 4780 aqua
3275 4708 3557 4785 sulcaret,
3588 4711 3706 4772 nisi
3736 4715 3821 4773 lu·

2285 4806 2452 4851 crum
2471 4794 2813 4854 attenderet.
2848 4796 2941 4855 Sic
2963 4813 3074 4856 nec
3098 4799 3270 4858 miles
3292 4801 3521 4863 bellare
3544 4806 3752 4875 vellet,
3777 4807 3823 4866 si

2283 4888 2592 4960 pervenire
2629 4889 2709 4948 ad
2739 4890 3050 4950 victoriam
3084 4909 3210 4953 non
3245 4903 3543 4971 speraret:
3586 4902 3820 4962 victoria

2283 4980 2443 5041 enim
2480 4980 2616 5041 finis
2642 4988 2730 5043 est
2752 5000 2993 5060 pugnas.
3018 4988 3175 5046 Finis
3197 4994 3420 5064 autam,
3438 4993 3612 5068 juxta
3639 4995 3819 5055 Philo·

2282 5132 2305 5170 '²
2328 5134 2478 5185 nanc
2510 5148 2619 5186 non
2650 5135 2808 5189 hahet
2842 5138 2965 5190 edit.
3000 5141 3199 5206 Hagen.
3226 5156 3312 5196 an.
3342 5148 3487 5210 Νοῦς
3521 5147 3678 5200 hahet
3702 5162 3815 5199 vero

2280 5206 3003 5342 gagpdpobtzsasequantihus
3042 5214 3222 5268 Codex
3258 5217 3419 5269 Astis.
3460 5232 3585 5273 mc.
3624 5233 3816 5274 xm.—

2345 5366 2415 5431 (a)
2447 5370 2569 5420 coet.
2600 5369 2724 5423 aare.
2754 5372 2932 5437 magn.
2965 5401 3021 5413 -
3054 5375 3127 5442 (b)
3163 5376 3307 5442 ma.
3332 5379 3610 5437 intertoeu.

2283 659 2398 718 bus
2426 662 2610 722 dabat
2637 678 2869 736 aurum,
2899 666 3179 725 ettamen
3206 681 3245 725 a
3264 683 3440 727 carne
3466 669 3717 746 turpiter
3748 679 3835 733 est
3856 585 4037 703 ὅ
