4059 6317
609 364 730 425 {74

607 493 890 576 timoris,
916 493 1176 579 qnando
1199 493 1410 560 solnm
1447 493 1680 559 timore
1711 494 2035 576 gehennae
2074 494 2149 559 fit

610 602 1019 686 mitani&
1052 601 1196 667 ideo
1219 601 1451 667 dicitur
1473 604 1494 638 ¹
1527 622 1544 666 ε
1578 626 1612 664 ι
1642 601 1899 684 Septem
1925 601 2153 666 diebus

610 709 904 777 comedes
927 710 1170 793 alisque
1203 710 1515 775 termento
1540 727 1797 792 panem.
1823 730 1856 768 ι
1891 708 2151 791 Septem

610 816 858 895 diebus,
885 817 954 882 id
979 821 1080 882 est
1099 834 1352 900 semper
1379 834 1610 882 :omne
1633 820 1888 899 tempus
1907 821 2153 898 septem

610 923 836 989 diebus
862 923 1136 989 solvitur
1172 924 1277 1006 (a).
1312 924 1400 989 De
1429 923 1550 989 isto
1574 942 1739 1007 pane
1765 925 1933 988 fiunt
1971 924 2156 1005 frag-

612 1034 830 1095 menta
853 1031 1252 1096 contritionis
1268 1078 1287 1109 ,
1318 1030 1732 1096 confessionis
1746 1079 1766 1110 ‚
1793 1029 2157 1096 satisfactio-

612 1136 740 1217 nis,
773 1137 960 1222 quasi
984 1138 1186 1203 trium
1204 1142 1568 1222 sportarum
1591 1161 1608 1203 ε
1639 1138 1920 1221 plurima
1937 1141 2158 1203 autem

613 1244 980 1327 fragmenta
994 1249 1178 1326 sunt,
1201 1263 1350 1329 quae
1367 1245 1824 1330 poeuitentibus
1845 1248 1911 1310 et
1935 1245 2161 1326 lugen-

615 1352 790 1417 tibus
813 1353 1001 1437 pauci
1051 1353 1352 1435 frangere
1395 1353 1638 1430 sciunt,
1683 1353 1787 1417 vel
1829 1350 2060 1417 nolunt
2082 1352 2106 1387 ¹
2138 1371 2155 1412 t

624 1483 658 1521 ι
681 1458 832 1525 Non
846 1460 1150 1543 frangent
1174 1461 1340 1526 inter
1367 1478 1477 1526 eos
1499 1460 1751 1542 lugenti
1780 1478 2037 1543 panem.
2059 1482 2092 1520 ι

697 1566 786 1632 De
810 1570 1053 1651 'quarto
1078 1568 1103 1605 ⁸
1137 1588 1154 1633 ε
1185 1591 1216 1628 α
1248 1566 1647 1650 Quicumque
1683 1566 2164 1631 manducaverit

617 1691 851 1758 panem
870 1722 891 1755 ‚
920 1673 1024 1739 vel
1049 1673 1308 1739 calicem
1327 1673 1579 1739 Domini
1607 1672 1839 1738 biberit
1858 1672 2121 1755 indigne
2142 1720 2161 1755 ‚

617 1801 770 1849 reus
791 1784 914 1849 erit
936 1784 1249 1866 corporis,
1276 1788 1339 1848 et
1361 1782 1693 1865 sanguinis
1709 1782 1984 1848 Domini.
2006 1805 2038 1843 n
2064 1781 2167 1848 Ti-

619 1890 932 1956 mendum
968 1889 1153 1955 valde
1180 1894 1276 1955 est
1317 1890 1441 1955 hoc
1480 1889 1775 1955 verbum.
1820 1887 1980 1955 Vide
2004 1908 2166 1973 ergo

621 1997 942 2081 quomodo
973 1996 1360 2063 hordeaceus
1384 2000 1480 2062 est
1494 2046 1513 2078 ‚
1561 1997 1673 2081 qui
1697 2014 1832 2062 non
1858 1997 2070 2063 solum
2096 1999 2167 2063 in

622 2104 839 2171 dolore
848 2105 926 2169 de
941 2103 1250 2169 memoria
1263 2104 1572 2187 passionis
1587 2104 1839 2185 Christi,
1853 2106 2167 2171 sedetiam

624 2211 696 2276 in
722 2211 938 2277 dolore
963 2211 1044 2276 de
1069 2212 1340 2294 peccatis
1360 2260 1378 2292 ‚
1409 2212 1596 2295 quasi
1621 2229 1838 2294 agnus
1863 2231 2009 2277 cum
2044 2214 2166 2278 lac-

624 2318 789 2385 tucis
814 2318 1208 2401 agrestibus,
1241 2319 1665 2385 comedendus
1693 2324 1809 2385 est.
1842 2320 1966 2398 Qui
1992 2321 2168 2386 hunc

625 2445 757 2493 non
810 2426 1071 2509 indigne
1114 2427 1253 2492 vult
1309 2427 1639 2493 comedere
1655 2477 1673 2509 ‚
1730 2428 1917 2494 debet
1937 2476 1956 2507 ,
2004 2429 2169 2494 sicut

627 2531 900 2611 ovicula,
931 2539 1262 2600 mansuete
1288 2538 1353 2599 et
1377 2534 1747 2601 innocenter
1769 2536 2008 2601 vivere.
2045 2536 2170 2601 Un-

629 2639 708 2705 de
732 2640 811 2705 de
833 2640 1088 2707 ovicula
1113 2642 1413 2725 pauperis
1432 2688 1450 2724 ,
1478 2661 1675 2726 quam
1698 2643 1878 2709 dives
1905 2643 1998 2708 illi
2027 2644 2169 2709 abs-

630 2746 807 2827 tulit,
837 2746 1068 2813 dicitnr
1094 2748 1116 2782 ⁸
1147 2748 1318 2832 quod
1352 2771 1384 2812 α
1412 2755 1548 2814 erat
1571 2749 1650 2816 de
1676 2769 1841 2833 pane
1866 2751 2042 2816 illius
2067 2768 2171 2816 co·

629 2853 923 2933 medens,
966 2857 1031 2920 et
1074 2855 1153 2921 de
1199 2855 1390 2921 calice
1427 2856 1674 2922 bibens.
1714 2880 1746 2918 n
1781 2857 2033 2941 Pauper
2074 2862 2172 2924 est

634 2958 920 3026 Christus
936 3010 954 3042 ‚
983 2961 1096 3045 qui
1129 2981 1362 3046 paucas
1405 2981 1558 3030 oves
1582 2964 1794 3030 habet.
1842 2966 2033 3032 Dives
2075 2970 2171 3031 est

632 3065 951 3149 diabolus,
977 3068 1093 3153 qui
1118 3070 1312 3135 habet
1338 3087 1522 3152 oves,
1559 3077 1622 3137 et
1646 3073 1881 3156 boves,
1910 3079 1975 3139 et
2000 3074 2173 3140 insu·

633 3192 750 3258 per
791 3193 1018 3259 pecora
1054 3179 1301 3243 mundi.
1353 3178 1540 3245 Istius
1588 3180 1769 3262 panis
1807 3181 2173 3264 fragmenta

633 3287 783 3346 sunt
826 3287 952 3346 tres
995 3288 1205 3367 partes
1251 3285 1478 3351 hostiae
1532 3287 1751 3352 fractae
1767 3287 1830 3353 ⁸:
1870 3312 1902 3351 α
1946 3288 2168 3368 Panis»,

633 3407 825 3472 quern
869 3391 1004 3455 fran
1015 3391 1232 3473 gimus
1250 3438 1266 3471 ‚
1305 3412 1337 3453 ι
1376 3395 1497 3457 etc.
1541 3393 1728 3459 Hunc
1767 3393 1934 3460 Deus
1976 3397 2172 3461 etiam

632 3495 958 3562 benedixit
990 3498 1287 3581 etfregit.
1341 3497 1506 3577 Quid
1550 3503 1768 3565 autem
1808 3502 2174 3584 significent

632 3605 771 3671 istae
789 3610 918 3671 tres
933 3612 1163 3689 partes,
1174 3607 1406 3672 dicitur
1421 3608 1489 3671 in
1506 3609 1868 3676 Sententiis
1884 3610 1928 3674 ⁸.
1944 3611 2175 3676 Possu-

633 3729 782 3776 mus
803 3712 992 3777 etiam
1014 3713 1221 3778 dicere
1246 3713 1417 3796 quod
1436 3717 1565 3779 tres
1585 3719 1796 3798 partes
1814 3718 1999 3795 flunt,
2021 3719 2177 3800 quia

636 3819 759 3884 hoc
781 3820 1162 3885 sacrificium
1190 3820 1458 3886 offertur
1484 3822 1564 3887 ad
1590 3823 1903 3889 honorem
1931 3830 2176 3889 sancto-

636 3945 784 3993 rum
802 3928 870 3993 in
888 3928 1082 4007 coelo;
1104 3928 1185 3993 ad
1208 3927 1475 3994 salutem
1496 3929 1794 3995 vivorum
1814 3932 1881 3995 in
1902 3933 2168 4011 mundo,

635 4035 808 4101 unde
835 4037 1125 4102 sacerdos
1150 4036 1337 4101 dicit:
1373 4037 1610 4105 [stillis
1630 4038 1936 4121 proficiat
1960 4038 2052 4106 ad
2074 4040 2177 4106 ho·

634 4158 882 4222 norem,
921 4143 1104 4210 nobis
1131 4148 1342 4211 autem
1368 4142 1459 4210 ad
1482 4143 1752 4212 salutem
1774 4193 1792 4225 ,
1826 4149 1987 4225 etc.;
2018 4147 2176 4212 item

637 4250 719 4314 ad
741 4249 1121 4315 solutionem
1161 4250 1644 4333 purgandorum
1674 4252 1741 4316 in
1770 4254 2169 4335 purgatorio.

639 4354 816 4420 Unde
844 4356 909 4419 in
940 4355 1192 4422 Canone
1232 4359 1750 4424 commemoratio
1776 4361 1851 4424 fit
1874 4361 2199 4426 nomina··

639 4463 752 4528 tim
769 4511 790 4543 ‚
818 4466 882 4528 et
907 4466 1274 4528 sanctorum
1301 4463 1600 4529 vivorum
1618 4513 1636 4545 ,
1658 4470 1723 4530 et
1741 4470 2171 4532 mortuorum.

714 4569 802 4637 De
818 4572 1062 4656 quinto,
1082 4570 1417 4636 Psalmista
1433 4577 1455 4612 ¹
1473 4593 1488 4633 ε
1520 4594 1551 4633 α
1564 4570 1753 4636 Panis
1770 4591 1878 4638 cor
1895 4575 2177 4639 hominis

639 4680 992 4745 confirmet.
1015 4701 1047 4740 ι)
1069 4679 1267 4745 latum
1300 4697 1530 4763 panem
1551 4679 1799 4745 timoris
1821 4681 2174 4749 sollicitudo

638 4787 786 4852 facit
798 4786 1247 4852 hordeaceum.
1270 4784 1446 4852 Unde
1465 4785 1822 4853 Bernardus
1837 4788 1894 4853 ⁸:
1919 4812 1951 4851 α
1967 4788 2170 4871 Time,

640 4910 788 4959 cum
815 4893 1235 4976 accessorium
1260 4893 1490 4976 gratia;
1521 4893 1697 4976 time,
1730 4914 1879 4961 cum
1905 4897 2171 4979 abierit;

699 5058 716 5093 ¹
761 5056 929 5120 Dent„
972 5067 1089 5119 ινι,
1134 5058 1181 5106 3.
1210 5082 1274 5094 -
1299 5056 1318 5087 ²
1345 5056 1548 5119 ‚lev-em„
1577 5067 1695 5117 xvi,
1736 5060 1812 5109 17.
1841 5084 1903 5096 —
1928 5058 1951 5095 ⁸
1978 5060 1996 5109 Ι
2038 5060 2175 5124 Cor„

637 5138 724 5191 xl,
762 5131 840 5178 2'1.
867 5153 932 5165 —
969 5126 990 5162 ⁸
1030 5127 1068 5176 ΙΙ
1112 5127 1248 5191 step„
1288 5138 1395 5191 ιιι,
1437 5128 1484 5176 3.
1514 5153 1576 5165 -
1606 5128 1856 5193 ⁸100r.,
1899 5142 1960 5194 x,
2004 5134 2081 5183 16,
2110 5159 2175 5171 -.

638 5199 659 5230 ¹
687 5197 800 5249 vid.
828 5212 965 5263 sup„
996 5202 1121 5249 tom.
1155 5198 1218 5261 V,
1249 5200 1413 5262 p.s2t,
1443 5197 1497 5248 in
1519 5197 1609 5251 lib.
1641 5199 1779 5251 Seni.
1803 5200 1889 5265 lV,
1919 5200 2039 5252 dist.
2075 5214 2173 5268 ιιι,

638 5272 769 5334 part.
801 5270 840 5332 l,
870 5273 967 5320 art.
994 5271 1045 5331 3,
1072 5283 1126 5334 q.
1155 5271 1203 5321 3.
1233 5293 1294 5307 —
1320 5270 1341 5305 ⁸¹
1365 5269 1503 5322 Ptol.
1532 5282 1653 5334 cm,
1684 5274 1760 5322 us.
1793 5298 1857 5310 -
1880 5272 1904 5307 ⁸
1936 5275 2086 5324 Bern.
2119 5276 2173 5323 in

1708 356 2127 426 SERMONES
2168 358 2269 425 DE
2306 357 2705 428 TEMPORE.

2259 497 2415 561 time
2436 542 2459 575 ,
2500 513 2650 560 cum
2688 494 2899 560 denuo
2926 492 3211 559 redioeit.
3236 513 3271 552 ι
3302 491 3432 557 Sed
3467 491 3615 575 quis
3638 490 3799 556 vidit

2261 622 2551 688 unquam
2570 603 2987 669 dormimtem
3016 601 3393 666 comedere?
3417 598 3525 664 Sic
3552 603 3649 676 tu,
3678 598 3801 661 nisi

2260 714 2343 779 de
2366 731 2592 779 somno
2616 715 3021 795 peccatorum
3040 709 3428 786 surrexeris,
3458 725 3627 791 pane
3654 724 3802 787 gra-

2262 819 2851 902 tiaenonpasceris.
2892 816 3591 890 Undebenedicitur¹‚
3631 814 3805 896 quod

2264 925 2551 1009 Angelus
2576 924 2823 990 Heliam
2846 925 2947 989 bis
2970 924 3311 1001 excitavit,
3342 928 3419 987 ut
3444 938 3679 1004 panem
3704 938 3809 983 co-

2266 1034 2545 1099 mederet
2559 1081 2583 1112 ,
2624 1033 2693 1097 in
2730 1036 2921 1117 cujus
2957 1032 3328 1098 fortitudine
3370 1029 3805 1112 quadraginta

2266 1143 2403 1208 dies
2427 1140 2804 1207 ambulavit.
2828 1140 3156 1205 Excitamr
3178 1139 3376 1203 homo
3392 1137 3493 1202 his
3524 1159 3543 1200 x
3570 1136 3810 1219 primo,

2268 1267 2384 1331 per
2412 1248 2711 1313 timorem
2741 1246 3092 1328 gehennae3
3124 1245 3435 1323 secundo,
3479 1261 3595 1326 per
3624 1260 3816 1306 amo-

2270 1374 2409 1421 rem
2437 1355 2688 1438 gloriae.
2722 1354 2912 1419 Istius
2937 1353 3119 1437 panis
3140 1352 3509 1434 fragmenta
3524 1354 3679 1413 sunt
3704 1366 3823 1412 va-

2270 1464 2371 1527 ria
2394 1463 2755 1544 gratiarum
2781 1462 2954 1528 dona
2978 1463 3025 1502 ¹⁰
3058 1483 3076 1525 ε
3116 1483 3148 1522 c
3172 1459 3625 1541 cognoverunt
3658 1473 3822 1521 eum

2271 1572 2340 1637 in
2364 1573 2668 1638 fractione
2692 1573 2966 1656 paniszn
2989 1589 3138 1655 quae
3163 1570 3529 1651 tragmenta
3555 1566 3625 1630 in
3658 1565 3825 1631 duo-

2272 1681 2477 1746 decim
2521 1680 2827 1763 cophinos
2875 1679 3290 1757 dividuntur‚
3328 1680 3402 1739 ut
3440 1672 3616 1758 pleni
3656 1673 3825 1736 sint.

2275 1788 2480 1872 Opera
2501 1788 2674 1853 enim
2697 1791 2916 1852 nostra
2940 1786 3077 1849 sine
3102 1783 3317 1866 gratia
3341 1799 3477 1846 non
3502 1782 3658 1845 sunt
3687 1777 3832 1861 ple-

2273 1909 2362 1956 na
2388 1892 2431 1927 ¹¹
2462 1912 2478 1954 ε
2518 1914 2551 1953 α
2573 1891 2715 1956 Non
2743 1888 3011 1955 invenio
3034 1905 3229 1970 opera
3251 1891 3365 1950 tua
3388 1884 3598 1967 plena.
3622 1903 3657 1942 ι
3684 1881 3828 1946 Ha-

2274 1998 2383 2064 bet
2408 2017 2569 2082 puer
2596 1998 2715 2062 iste
2744 1997 2938 2062 etiam
2965 1995 3127 2061 duos
3162 1993 3403 2076 pisces:
3434 1991 3689 2074 primus
3726 1993 3837 2055 est

2274 2106 2499 2173 laetitia
2516 2104 2595 2170 de
2612 2104 2875 2188 propria
2897 2100 3299 2180 conscientia,
3321 2098 3476 2182 quia
3494 2097 3576 2162 de
3595 2095 3836 2162 dolore

2275 2213 2553 2297 gaudet:
2576 2212 2683 2277 hic
2697 2210 2887 2295 piscis
2914 2210 3091 2274 natat
3111 2207 3175 2270 in
3200 2224 3371 2289 aqua
3394 2222 3641 2282 amara,
3662 2203 3838 2285 quia

2280 2321 2350 2385 in
2387 2320 2524 2403 ipso
2551 2318 2789 2385 dolore.
2821 2313 3233 2398 Augustinus
3257 2314 3307 2355 ¹¹
3333 2334 3349 2376 :
3380 2334 3414 2372 ι
3437 2309 3656 2376 Doleat
3692 2327 3841 2393 poe—

2274 2428 2519 2509 nitens,
2548 2431 2612 2492 et
2638 2426 2717 2492 de
2739 2424 2954 2491 dolore
2982 2423 3279 2505 gaudeat.
3312 2440 3344 2481 ι
3373 2420 3419 2457 ¹⁸
3452 2442 3485 2479 c
3507 2417 3841 2485 Viderunt

2276 2552 2516 2618 prunas
2555 2533 2790 2617 positas
2809 2580 2828 2613 ,
2868 2536 2934 2596 et
2977 2530 3215 2613 piscem
3254 2525 3764 2611 superpositum.
3796 2547 3830 2584 ι

2276 2641 2608 2707 Secundus
2650 2640 2837 2724 piscis
2879 2640 2978 2702 est
3019 2636 3238 2703 divina
3263 2632 3701 2700 misericordia
3728 2633 3782 2667 ¹⁸
3814 2651 3837 2697 z

2278 2770 2312 2811 ι
2351 2747 2535 2814 Venit
2572 2747 2790 2825 Iesus,
2827 2749 2893 2810 et
2929 2745 3169 2828 accepit
3210 2761 3482 2827 panem,
3528 2744 3593 2806 et
3630 2740 3841 2805 dabat

2276 2856 2404 2937 eis,
2451 2858 2515 2920 et
2559 2854 2794 2937 piscem
2831 2852 3151 2917 similiter.
3180 2873 3213 2911 ι
3239 2848 3360 2915 Hic
3397 2848 3587 2931 piscis
3628 2864 3838 2930 aquae

2279 2962 2480 3028 dulcis
2513 2966 2611 3027 est
2630 3008 2649 3041 ,
2697 2959 2851 3044 quia
2898 2957 3348 3024 misericordiae
3390 2954 3836 3021 suavissimae.

2281 3074 2612 3140 Psalmista
2630 3074 2678 3114 ¹⁸
2712 3090 2730 3136 ε
2778 3094 2810 3135 α
2837 3069 3045 3148 Quam
3087 3069 3158 3153 (c)
3191 3082 3435 3152 magna
3477 3064 3843 3131 multitudo

2278 3180 2628 3249 dulcedinis
2651 3183 2783 3246 tuae
2798 3227 2820 3259 ,
2853 3178 3142 3244 Domine!
3180 3199 3211 3236 υ

2822 3356 3115 3427 SERMO
3159 3356 3276 3425 111.

2359 3502 2475 3570 Est
2496 3517 2660 3585 puer
2685 3517 2855 3568 unus
2895 3501 3002 3568 hic
3029 3499 3261 3566 habens
3290 3499 3572 3582 quinque
3616 3513 3840 3579 panes

2282 3608 2659 3676 hordeaceos
2699 3610 2768 3673 ¹⁸.
2828 3606 3176 3673 Hordeacei
3227 3623 3423 3687 panes
3447 3603 3840 3685 significare

2280 3720 2549 3798 possunt
2569 3717 2857 3780 austeras
2874 3713 3245 3780 refectiones
3259 3760 3277 3790 ‚
3302 3730 3461 3796 quas
3480 3711 3676 3776 habet
3691 3712 3840 3776 ani·

2282 3840 2390 3887 ma
2411 3822 2615 3888 fidelis
2656 3822 2735 3888 de
2772 3822 3059 3888 doctrina
3094 3819 3287 3902 legali
3309 3868 3328 3900 ‚
3360 3819 3463 3884 vel
3491 3818 3569 3883 de
3612 3819 3839 3901 poeni-

2279 3930 2478 3995 tentia
2522 3928 2882 3993 medicinali
2896 3977 2919 4009 ,
2974 3928 3079 3993 vel
3140 3929 3221 3993 de
3266 3925 3598 4009 disciplina
3619 3972 3642 4005 ,
3686 3927 3840 3990 sive

2281 4036 2670 4103 continentia
2690 4036 2989 4117 sensuali,
3013 4036 3118 4101 vel
3134 4036 3212 4100 de
3224 4053 3413 4118 poena
3428 4032 3836 4099 dominicali.

2283 4145 2408 4211 lsta
2432 4144 2579 4210 licet
2608 4143 3026 4210 hordeaceam
3050 4143 3331 4208 habeant
3348 4191 3366 4223 ‚
3395 4139 3698 4206 reficiunt
3728 4145 3834 4206 ta·

2284 4270 2435 4317 men
2457 4251 2738 4316 animam
2756 4298 2775 4330 ,
2807 4255 2871 4316 et
2895 4251 3268 4316 confortant.

2363 4357 2448 4423 De
2473 4356 2683 4441 primo
2708 4357 2787 4420 ¹⁷:
2828 4379 2859 4417 c
2877 4355 3015 4420 Non
3037 4356 3105 4419 in
3132 4355 3269 4420 solo
3293 4372 3474 4439 pane,
3503 4374 3534 4413 ι»
3557 4356 3684 4416 etc.
3718 4351 3838 4418 Le-

2281 4463 2462 4546 gitur
2490 4467 2533 4505 ¹⁸
2557 4463 2727 4547 quod
2751 4462 3053 4528 Abacuch
3077 4479 3240 4546 quos
3266 4479 3459 4545 panes
3483 4459 3838 4524 intriverat

2284 4575 2353 4638 iu
2369 4573 2616 4640 alveolo
2635 4621 2655 4654 ‚
2682 4573 2964 4657 portavit
2989 4571 3231 4637 Danieli
3242 4567 3833 4650 ductuangelicoin

2282 4680 2495 4746 lacum
2523 4682 2765 4763 septem
2791 4678 3073 4744 leonum.
3118 4677 3364 4742 Intritio
3388 4680 3484 4741 est
3525 4673 3837 4757 Scriptu-

2281 4808 2502 4856 rarum
2541 4788 2871 4872 impressio
2906 4787 2978 4852 in
3014 4786 3224 4853 cordis
3263 4784 3527 4850 alveolo.
3571 4782 3833 4849 Malum

2284 4902 2379 4963 est
2412 4897 2713 4979 signum,
2743 4914 2895 4960 cum
2935 4895 3235 4959 infirmus
3268 4891 3679 4957 abominatur
3720 4909 3836 4974 pa-

2286 5041 2328 5077 ¹⁰
2363 5040 2499 5103 luc„
2536 5049 2680 5103 xxiv,
2711 5039 2792 5090 35.
2826 5063 2890 5076 —
2935 5038 2970 5073 ¹¹
3012 5037 3181 5102 Apoe„
3222 5047 3314 5098 m,
3346 5037 3395 5086 2.
3423 5061 3483 5073 —
3518 5037 3558 5071 ¹¹
3593 5036 3739 5100 Aug.
3766 5060 3834 5073 —

2284 5112 2328 5148 ¹³
2359 5112 2523 5177 loon„
2550 5122 2665 5175 ιιι,
2693 5112 2737 5161 9.
2768 5136 2832 5149 -
2863 5110 2899 5145 ¹⁴
2928 5109 3078 5173 ibid„
3110 5111 3185 5159 ¹3.
3211 5134 3278 5146 —
3306 5108 3350 5144 ¹⁸
3364 5105 3831 5168 Psal.xxx,2o.—

2287 5183 2325 5218 ¹⁸
2352 5184 2523 5246 Joan„
2547 5193 2620 5243 w,
2648 5186 2698 5232 9.
2719 5206 2780 5220 —
2800 5181 2841 5217 ²⁷
2862 5180 3033 5242 Dent„
3060 5190 3175 5243 vui,
3207 5177 3387 5231 3.--¹⁸
3412 5178 3565 5241 Dan„
3596 5190 3714 5242 nv,
3748 5182 3829 5230 32.

2345 5270 2413 5335 (a)
2445 5271 2560 5336 seq.
2588 5268 2886 5320 absolvitur.
2907 5293 2969 5306 -
2999 5267 3071 5332 (ὁ)
3106 5267 3254 5333 Apud
3281 5268 3427 5319 aera.
3452 5267 3575 5320 stit.
3611 5267 3827 5320 uasat.

639 5340 807 5396 Cant..
844 5353 998 5393 serm.
1035 5352 1142 5406 nv,
1179 5354 1234 5391 n.
1271 5342 1321 5391 9.
1349 5367 1413 5380 -
1447 5340 1471 5377 ⁹
1508 5342 1574 5393 ΙΙΙ
1605 5343 1747 5407 neq„
1783 5355 1907 5407 ιιι,
1945 5347 1995 5408 δ,
2034 5347 2084 5395 6.
2111 5369 2177 5383 ·-
2281 5342 2523 5395 arriserit.
2550 5368 2614 5383 —
2638 5341 2703 5408 (c)
2734 5341 2859 5394 coet.
2884 5340 3008 5392 edit.
3037 5340 3174 5405 quia.
