4059 6317
787 514 867 575 lio
1874 504 2293 576 SERMONES
2331 504 2444 572 m]
2475 503 2873 574 TEMPORE.

796 667 829 706 «ι
854 644 974 723 Qui
1006 644 1139 711 odit
1172 646 1434 710 fiatrem
1461 661 1687 723 suum,
1728 644 1801 710 in
1832 641 2113 707 tenebris
2139 646 2256 705 est.
2276 662 2307 700 n

869 753 956 818 De
982 758 1210 837 quarto
1238 752 1478 835 gaudio
1495 754 1547 815 ²:
1589 773 1620 813 α
1645 749 2119 817 Annuntiamus
2139 748 2321 814 vobis

788 860 990 925 vitam
1017 864 1357 939 aeternam,
1383 878 1531 942 quae
1557 864 1694 925 erat
1730 857 1902 940 apud
1934 857 2189 922 Patrem
2209 904 2227 935 ,
2256 859 2323 920 et

790 968 1085 1051 apparuit
1131 967 1316 1032 nobis
1333 1015 1354 1046 ‚
1387 971 1464 1032 ut
1505 966 1864 1048 gaudeatis,
1904 967 1969 1029 et
2007 962 2321 1046 gaudium

791 1079 1079 1140 vestrum
1105 1075 1187 1139 sit
1209 1074 1494 1158 plenum.
1512 1096 1544 1135 ι)
1575 1074 1694 1138 Per
1722 1071 1885 1136 hanc
1915 1071 2114 1135 vitam
2142 1068 2324 1152 spiri·

790 1180 1067 1261 tualiter,
1083 1198 1197 1264 per
1213 1181 1381 1246 hanc
1398 1179 1780 1246 aeternaliter
1794 1178 2115 1252 vivemus,
2138 1178 2237 1258 cuj
2245 1193 2324 1241 us

793 1286 1340 1354 evidentissimum
1355 1286 1545 1352 hodie
1570 1287 1831 1368 signum
1854 1285 2075 1350 datum
2100 1287 2216 1348 est.
2238 1282 2326 1346 De

796 1412 922 1479 quo
947 1397 970 1432 ¹
1000 1417 1015 1459 ε
1058 1417 1090 1457 c
1116 1394 1305 1460 Retro
1330 1395 1518 1460 rediit
1543 1395 1673 1474 sol,
1701 1398 1765 1458 et
1789 1392 2024 1457 addidit
2049 1390 2191 1472 regi
2226 1389 2328 1453 vi-

794 1507 951 1568 tam.
980 1524 1011 1563 n
1044 1502 1322 1569 Attende
1361 1503 1529 1585 quod
1574 1500 1886 1566 sententia
1926 1498 2148 1563 mortis
2182 1498 2327 1563 data

796 1609 918 1676 fuit
941 1612 1162 1674 contra
1189 1608 1519 1676 Emchiam
1550 1629 1565 1673 z
1594 1612 1660 1674 et
1684 1608 1848 1674 sicut
1880 1607 2014 1689 ipse
2041 1605 2327 1671 oratione

796 1720 862 1783 et
896 1716 1196 1798 lacrymis
1242 1715 1609 1800 impetravit
1648 1715 1850 1780 vitam
1887 1712 2278 1797 corporalem
2296 1759 2318 1790 ‚

798 1825 890 1889 sic
917 1827 982 1890 et
1004 1829 1076 1889 tu
1103 1822 1518 1907 spiritualem.
1546 1823 1570 1860 ³
1595 1845 1627 1884 α
1644 1821 1854 1887 Vitam
1878 1821 2060 1905 petiit
2085 1840 2123 1885 a
2150 1824 2237 1898 te,
2267 1822 2330 1883 et

798 1932 1100 1998 tribuisti.
1127 1953 1159 1994 s
1196 1932 1600 2014 Augustinus
1622 1932 1645 1967 ⁴
1681 1953 1698 1994 ι
1736 1953 1767 1992 α
1796 1929 2117 1996 Poenitens
2141 1944 2327 2010 para-

802 2044 906 2105 tus
946 2039 1030 2103 sit
1074 2040 1280 2104 facere
1322 2057 1439 2122 pro
1491 2037 1830 2104 obtinenda
1879 2037 2011 2102 vita
2051 2035 2282 2099 animae
2306 2082 2327 2112 ,

802 2163 1229 2230 quaecumque
1273 2145 1506 2210 faceret
1551 2163 1668 2228 pro
1735 2143 1993 2208 vitanda
2050 2141 2333 2224 corporis

802 2255 1032 2320 morte.
1061 2274 1093 2314 a
1128 2251 1500 2317 Retrocessit
1539 2255 1751 2317 autem
1787 2251 1883 2315 sol
1916 2250 1985 2314 in
2020 2249 2334 2315 decimam

804 2361 1063 2425 lineam.
1093 2358 1203 2424 Sol
1225 2362 1321 2424 est
1342 2357 1449 2423 Dei
1477 2356 1675 2424 Filius
1692 2361 1714 2395 ⁸
1738 2380 1754 2423 :
1786 2379 1817 2418 α
1837 2356 2090 2421 Orietur
2114 2353 2297 2420 vobis
2314 2401 2332 2432 ‚

808 2467 1176 2534 timentibus
1194 2485 1430 2531 nomen
1454 2485 1673 2531 meum
1696 2515 1713 2546 ,
1739 2466 1834 2531 sol
1853 2463 2188 2547 justitiae.»
2215 2460 2337 2527 No-

808 2594 956 2642 vem
983 2576 1189 2656 lineae,
1222 2592 1456 2639 novem
1482 2579 1631 2640 sunt
1652 2575 1902 2639 ordines
1927 2591 2008 2636 an
2016 2570 2335 2652 gelorum.

802 2682 1001 2766 Quasi
1040 2700 1276 2749 novem
1315 2683 1516 2746 lineas
1547 2680 2005 2765 pertransiens,
2053 2678 2123 2741 in
2168 2677 2335 2741 deci-

806 2808 986 2854 mam
1012 2789 1187 2854 venit
1208 2835 1225 2865 ,
1256 2788 1511 2870 quaudo
1536 2788 1893 2853 humanam
1923 2789 2220 2858 naturam
2247 2802 2343 2849 as-

812 2896 1119 2980 sumpsit⁸
1144 2913 1162 2960 :
1188 2918 1219 2956 α
1241 2894 1571 2976 Nusquam
1598 2893 1860 2974 angelos
1887 2890 2337 2973 apprehendit3

806 3006 925 3072 sed
965 3021 1185 3074 semen
1219 3002 1519 3068 Abrahae.
1540 3023 1573 3062 ι)
1609 3000 1819 3083 Hujus
1861 3000 2085 3082 gaudii
2134 3017 2344 3065 causae

816 3115 1091 3193 quatuor
1114 3108 1434 3192 praedictae
1458 3108 1835 3189 significatae
1867 3110 2020 3172 sunt
2046 3113 2093 3184 ⁶¹,
2119 3105 2234 3171 ubi
2259 3107 2348 3171 di-

818 3218 984 3283 citur
1020 3217 1191 3301 quod
1226 3239 1258 3279 c
1278 3235 1393 3300 per
1420 3221 1661 3299 septem
1686 3216 1819 3281 dies
1850 3214 2175 3297 epulantes
2198 3232 2346 3278 cum

819 3324 1057 3407 gaudio
1084 3341 1327 3405 magno
1352 3323 1556 3406 gavisi
1583 3326 1752 3387 sunt.
1771 3344 1802 3383 n
1835 3321 2152 3386 Gaudium
2179 3321 2351 3387 istud

814 3437 955 3498 erat
978 3433 1056 3497 de
1080 3431 1406 3497 beneflciis
1433 3429 1731 3495 exhibitis
1755 3447 1870 3512 per
1899 3428 2283 3511 Raphaelem
2311 3448 2351 3493 a

816 3543 946 3608 Deo
969 3541 1262 3606 missum.
1298 3538 1578 3622 Rapbael
1596 3542 1814 3604 autem
1836 3537 2153 3619 significat
2177 3536 2354 3602 Chri-

814 3656 993 3716 stum
1039 3648 1359 3713 medicum
1412 3647 1776 3712 animarum
1830 3665 1847 3709 :
1898 3645 2352 3728 interpretatur

821 3755 992 3820 enim
1017 3753 1344 3822 nwdict'na
1368 3753 1507 3820 Dei.
1536 3751 1850 3818 Beneficia
1874 3756 2090 3816 autem
2117 3750 2351 3833 princi-

818 3861 1047 3943 paliter
1071 3865 1224 3928 sunt
1258 3866 1536 3944 *quatuor
1569 3881 1585 3925 ε
1615 3876 1770 3924 nam
1808 3858 1966 3924 Sara
1998 3876 2288 3941 pereum
2315 3877 2354 3923 a

823 3966 1112 4032 daemone
1134 3967 1482 4041 liberatum
1512 3964 1741 4031 Tobias
1776 3983 1982 4030 caecus
2023 3965 2353 4030 illumina-

825 4077 961 4153 tur;
992 4074 1178 4140 bonis
1210 4073 1662 4157 temporalibus
1695 4073 1867 4139 filius
1899 4073 2175 4152 ditatur3
2223 4074 2357 4140 filio

825 4181 959 4248 vita
978 4180 1298 4245 obtinetur
1322 4179 1427 4246 vel
1453 4180 1827 4260 custoditur,
1860 4197 1944 4244 ne
1973 4198 2012 4244 a
2041 4180 2215 4262 pisce
2239 4179 2358 4244 de·-

825 4290 1108 4377 voretur.
1138 4285 1348 4352 Redde
1374 4286 1633 4367 singula
1658 4286 1933 4369 singulis
1959 4286 2165 4350 causis
2191 4304 2355 4368 gau-

827 4393 919 4460 dii
943 4394 1012 4459 in
1038 4394 1384 4477 praedictis.

1365 4567 1655 4640 SERMO
1701 4569 1817 4642 VI.

908 4715 1254 4786 lmenietis
1316 4715 1631 4796 infantem
1683 4718 1708 4756 ⁸
1752 4734 1769 4778 τ
1823 4711 2362 4780 Considerandum

744 4851 755 4862 *
824 4830 1040 4894 autem
1064 4821 1238 4907 quod
1268 4820 1553 4888 Christus
1578 4825 1855 4903 quatuor
1877 4819 2082 4885 modis
2113 4820 2359 4886 inveni-

824 4938 935 5000 tur
953 4978 974 5011 ,
1025 4930 1257 5000 scilicet
1307 4928 1714 5012 corporaliter
1727 4975 1748 5006 ,
1802 4928 2360 5008 sacramentaliter,

824 5039 1234 5124 spiritualiter
1253 5085 1272 5118 ,
1324 5034 1856 5108 intellectualiter.
1914 5033 2132 5101 Primo
2173 5036 2365 5101 modo

832 5147 1159 5218 invenitur
1180 5145 1248 5214 in
1269 5149 1474 5222 terra3
1504 5143 1783 5212 secundo
1810 5141 2021 5218 modo,
2041 5142 2114 5206 in
2138 5142 2359 5220 attan13

891 5273 910 5307 ¹
939 5271 959 5321 1
986 5273 1148 5333 Joau„
1173 5283 1213 5332 1,
1238 5274 1285 5322 2.
1317 5296 1376 5308 -
1406 5270 1425 5300 ²
1455 5269 1632 5332 Eccli„
1658 5279 1841 5329 xrmu,
1866 5271 1942 5319 26.
1969 5294 2031 5307 -
2059 5268 2079 5298 ⁸
2107 5268 2244 5317 Psal.
2268 5281 2358 5330 xx,

830 5343 879 5392 5.
899 5367 962 5379 -
993 5344 1013 5378 δ
1042 5346 1149 5392 lmo
1174 5343 1355 5396 auctor
1379 5340 1497 5391 libri
1524 5340 1585 5390 de
1611 5354 1712 5392 ver.
1740 5344 1791 5389 et
1815 5339 1936 5403 fals.
1964 5339 2165 5402 Paruit„
2193 5352 2243 5389 c.
2271 5351 2360 5400 xv,

828 5425 883 5465 n.
924 5416 1013 5475 30,
1053 5414 1185 5468 inter
1224 5415 1377 5478 open.
1420 5410 1714 5478 Augustini,
1750 5411 1981 5474 append.
2018 5414 2147 5461 tom.
2189 5411 2274 5462 Vl.
2305 5436 2366 5448 -

833 5483 857 5522 ⁸
879 5483 1117 5546 Balach..
1147 5497 1220 5550 w,
1248 5488 1296 5536 2.
1323 5509 1388 5522 -
1419 5485 1437 5514 ⁸
1465 5481 1638 5544 Hebr„
1665 5493 1736 5544 n,
1768 5485 1846 5532 ¹6.
1872 5508 1935 5520 -
1959 5483 1983 5518 '¹
2012 5481 2145 5538 Tob..
2175 5493 2256 5545 ιι,
2286 5484 2366 5531 2¹.

2424 641 2632 720 tertio,
2676 642 2746 705 in
2773 642 3023 721 anima3
3066 643 3314 726 quarto,
3347 640 3421 705 in
3460 625 3774 725 scriptura.
3805 640 3922 706 Pri·

2421 765 2556 828 mo,
2588 767 2697 832 per
2723 749 3261 827 incarnationem3
3292 749 3587 827 secundo,
3637 767 3743 831 per
3784 767 3928 813 com·

2428 856 2922 921 municationem
2957 879 2974 936 ;
3042 856 3228 921 tertio
3252 905 3274 937 ‚
3342 874 3456 939 per
3515 856 3927 934 devotionem;

2427 967 2678 1045 quarto,
2709 981 2822 1047 per
2841 963 3200 1029 lectionem.
3233 962 3410 1028 Unde
3430 964 3495 1027 in
3519 963 3777 1047 pueritia
3799 981 3932 1046 qua-

2429 1075 2526 1133 ter
2550 1070 2788 1151 legitur
2826 1071 3186 1136 notabiliter
3227 1071 3309 1153 (a)
3358 1070 3654 1136 inventus
3681 1092 3698 1135 ι
3726 1071 3789 1134 in
3812 1075 3931 1135 ute·

2430 1193 2526 1254 ro,
2555 1175 2625 1240 in
2649 1176 2911 1260 templo,
2942 1177 3011 1241 in
3038 1179 3367 1261 praesepio,
3397 1178 3466 1242 in
3496 1179 3707 1244 domo.

2512 1277 2814 1345 Inventus
2834 1280 2906 1344 in
2929 1286 3109 1346 utero
3136 1287 3196 1345 ⁹:
3224 1304 3256 1342 α
3281 1282 3546 1347 inventa
3569 1281 3823 1346 inutero
3843 1281 3941 1346 ha-

2397 1387 2610 1466 ·bens‚
2631 1408 2663 1447 n
2693 1390 2812 1453 etc.
2843 1387 2917 1453 In
2941 1407 3072 1471 quo
3097 1390 3259 1455 bene
3289 1390 3667 1471 designatur
3690 1388 3942 1453 inventio

2432 1496 2796 1577 corporalis.
2813 1495 2900 1560 De
2914 1501 3097 1562 utero
3109 1497 3280 1561 enim
3293 1494 3580 1578 Virginis
3591 1495 3846 1578 sumpsit
3854 1513 3944 1558 na·

2432 1605 2669 1678 turam,
2686 1621 2813 1685 qua
2824 1603 3233 1686 corporaliter
3250 1603 3576 1670 invenitur
3591 1603 3661 1668 in
3678 1601 3850 1667 terris
3864 1601 3903 1638 ¹·
3926 1624 3941 1666 z

2443 1730 2474 1769 α
2503 1707 2739 1774 Habitu
2767 1709 3070 1776 inventus
3092 1715 3187 1776 est
3214 1714 3289 1775 ut
3311 1710 3530 1776 homo.
3559 1732 3594 1772 n
3629 1710 3736 1774 Est
3760 1713 3947 1774 autem

2435 1835 2474 1880 a
2499 1817 2704 1882 tribus
2740 1818 3039 1884 inventus
3074 1820 3143 1884 in
3184 1822 3413 1884 utero:
3444 1838 3483 1883 a
3511 1818 3742 1902 Joseph
3764 1867 3781 1897 ,
3810 1818 3951 1882 sicut

2436 1923 2585 1989 dicit
2632 1924 2848 1990 Glossa
2899 1944 3091 2009 super
3135 1927 3514 2010 praedictum
3557 1925 3769 1990 locum
3814 1925 3953 1991 Mat-

2437 2030 2623 2102 thoei:
2646 2033 2726 2098 ab
2753 2032 3109 2112 Elisabeth3
3141 2054 3181 2096 a
3205 2033 3444 2098 Joanne
3470 2031 3750 2116 Baptista
3774 2032 3954 2097 adhuc

2439 2139 2749 2206 existente
2765 2141 2834 2204 in
2860 2145 3041 2207 utero
3069 2143 3109 2179 ¹¹
3144 2161 3209 2206 :a
3233 2141 3412 2207 Unde
3433 2140 3555 2205 hoc
3582 2140 3761 2220 mihi,
3791 2161 3823 2199 n
3851 2142 3952 2204 etc.

2442 2245 2515 2310 In
2559 2246 2683 2312 hoc
2718 2247 2888 2329 quod
2935 2248 3253 2313 Elisabeth
3291 2249 3673 2329 recognovit
3720 2247 3958 2313 Mariam

2435 2371 2581 2418 ,esse
2617 2359 2890 2419 matrem
2926 2354 3216 2435 Domini,
3247 2358 3417 2437 patet
3449 2357 3620 2438 quod
3668 2354 3962 2422 Elisabeth

2441 2480 2594 2526 eum
2636 2461 2915 2540 invenit3
2950 2462 3017 2525 in
3040 2461 3166 2526 hoc
3202 2462 3373 2544 quod
3417 2462 3733 2527 exultavit
3755 2462 3959 2541 infans,

2445 2574 2617 2655 patet
2661 2571 2828 2653 quod
2867 2567 3140 2635 loannes
3182 2570 3476 2636 eumdem
3509 2569 3779 2634 invenit.
3827 2568 3964 2635 Cum

2447 2696 2606 2760 ergo
2646 2693 2871 2742 omnes
2910 2676 3203 2741 homines
3247 2677 3352 2742 vel
3375 2677 3504 2740 sint
3529 2677 3679 2758 viri,
3707 2677 3810 2744 vel
3833 2696 3966 2742 mu-

2446 2788 2657 2867 lieres,
2703 2787 2804 2852 vel
2842 2787 3027 2870 pueri
3046 2835 3067 2866 ‚
3096 2790 3161 2851 et
3183 2787 3266 2850 ab
3300 2787 3406 2850 bis
3443 2787 3653 2852 tribus
3695 2788 3970 2852 inventus

2450 2901 2583 2971 est3
2629 2897 2803 2978 patet
2826 2893 2999 2976 quod
3033 2894 3332 2959 omnibus
3365 2895 3729 2960 communis
3768 2898 3858 2960 ost
3888 2897 3969 2957 ¹'z

2462 3024 2494 3063 α
2519 3002 2851 3067 Annuntio
2895 3002 3077 3066 vobis
3117 3002 3431 3084 gaudium
3458 3021 3797 3085 magnum,
3825 3003 3975 3087 quod

2451 3109 2576 3174 erit
2616 3111 2794 3174 omni
2836 3109 3094 3192 populo,
3129 3130 3160 3169 n
3193 3112 3313 3174 etc.
3340 3155 3359 3186 ,
3403 3109 3640 3175 scilieet
3687 3110 3840 3174 viris
3861 3158 3878 3186 ‚
3923 3113 3979 3175 et

2455 3220 2853 3301 mulieribus,
2884 3226 2948 3285 et
2973 3221 3277 3304 parvulis
3307 3220 3432 3287 Leo
3450 3221 3623 3305 Papa
3649 3222 3698 3259 ¹⁸
3728 3244 3799 3287 :a
3824 3220 3981 3286 Sicut

2456 3326 2706 3392 nullum
2732 3346 2774 3391 a
2801 3331 3054 3411 peccato
3092 3326 3370 3393 liberum
3418 3330 3695 3411 reperit,
3724 3330 3815 3393 ita
3835 3327 3976 3392 libe-

2459 3433 2673 3498 randis
2720 3434 3016 3499 omnibus
3059 3434 3259 3499 venit.
3288 3457 3320 3494 »
3351 3432 3423 3500 Si
3463 3439 3684 3500 tamen
3733 3437 3856 3500 viri
3888 3434 3980 3499 Jo-

2458 3541 2638 3624 seph,
2664 3542 2962 3606 mulieres
2985 3541 3328 3621 Elisabeth,
3350 3543 3532 3626 pueri
3564 3562 3726 3610 vero
3744 3543 3780 3610 J
3781 3543 3983 3610 oannis

2460 3648 2853 3714 sanctitatem
2881 3650 3235 3728 imitentur,
3265 3650 3565 3716 inventus
3588 3651 3738 3717 erit.

2543 3754 2846 3820 Inventus
2881 3761 2978 3821 est
3014 3775 3053 3822 a
3079 3757 3433 3840 pastoribus
3457 3758 3524 3822 in
3548 3757 3884 3842 praesepio.
3915 3756 3989 3821 De

2462 3862 2584 3926 hoc
2611 3865 2707 3927 est
2721 3862 2932 3927 thema
2954 3879 2971 3924 ε
2991 3864 3347 3931 Invenietis
3373 3865 3719 3946 infantem,
3750 3870 3865 3930 etc.
3883 3862 3989 3929 Ubi

2461 3968 2588 4034 tria
2606 3969 3057 4035 consideranda
3076 3970 3403 4036 suntcirca
3419 3975 3711 4054 pastores
3736 3994 3754 4036 ε
3777 3973 3987 4055 prim0‚

2463 4077 2633 4159 quod
2672 4095 2867 4158 supra
2906 4093 3181 4160 gregem
3208 4078 3681 4160 vigilaverunt3
3713 4078 3991 4156 secundo,

2466 4184 2637 4267 quod
2676 4185 2744 4248 in
2788 4188 2896 4249 via
2935 4185 3433 4264 festinaverunt3
3476 4186 3671 4251 tertio
3688 4234 3712 4265 ‚
3749 4187 3914 4270 quod
3935 4186 3996 4249 in

2466 4292 2672 4356 reditu
2717 4291 2919 4356 Deum
2960 4291 3123 4374 glori
3131 4293 3502 4359 ficaverunt.
3544 4292 3704 4360 Haec
3734 4294 3999 4359 inventio

2467 4397 2786 4479 significat
2811 4399 2987 4464 illam
3012 4399 3085 4463 in
3110 4400 3295 4464 altari
3326 4422 3342 4463 ε
3374 4399 3536 4464 sicut
3561 4402 3743 4466 enim
3768 4402 3835 4466 in
3848 4418 3995 4485 prae-

2469 4504 2643 4589 sepio
2695 4504 3025 4571 invenitur
3050 4506 3359 4589 pabulum
3383 4508 3868 4589 jumentorum,
3922 4507 4001 4572 sic

2470 4610 2754 4675 Christus
2799 4610 2865 4675 in
2905 4611 3087 4676 altari
3130 4612 3439 4695 pabulum
3481 4619 3807 4681 nostrum.
3856 4615 4002 4679 Item

2470 4719 2611 4782 haec
2636 4719 2920 4783 inventio
2929 4719 3050 4782 fuit
3065 4719 3131 4782 in
3147 4718 3489 4800 Bethleem,
3510 4722 3685 4804 quod
3712 4724 4005 4805 interpre-

2470 4829 2642 4890 tatur
2658 4824 2882 4892 domus
2897 4828 3113 4908 panis.
3147 4825 3424 4892 Ecclesia
3448 4829 3623 4894 enim
3640 4836 3740 4896 est
3764 4831 4001 4910 domus,

2471 4932 2541 4996 in
2560 4951 2690 5015 qua
2715 4934 3040 5000 invenitur
3071 4935 3252 5018 panis
3278 4936 3664 5018 angelorum
3694 4939 3768 5004 in
3792 4956 4006 5022 praese-

2472 5039 2578 5122 pio
2604 5039 2842 5105 altaris.
2869 5040 3273 5123 Augustinus
3297 5043 3345 5079 ¹⁸
3369 5061 3393 5107 t
3421 5065 3451 5104 ι
3477 5041 3791 5110 Dominus
3820 5062 4007 5127 ange·

2478 5209 2532 5219 --
2567 5183 2587 5213 ⁸
2613 5183 2749 5242 Luc„
2783 5194 2853 5247 11,
2891 5187 2962 5234 12.
2991 5211 3051 5223 —
3078 5186 3098 5216 ⁹
3131 5184 3334 5245 ΠαιιΙι..
3366 5197 3402 5249 ι,
3434 5190 3510 5238 18.
3541 5213 3604 5225 -
3631 5189 3674 5224 ¹⁰
3702 5188 3916 5253 Philip„
3945 5200 4005 5253 11,

2472 5256 2522 5303 Ἰ.
2550 5279 2612 5290 —-
2641 5256 2680 5289 ¹¹
2704 5256 2840 5315 Luc„
2874 5265 2927 5316 1,
2955 5258 3045 5318 43,
3073 5258 3152 5307 44.
3176 5283 3238 5295 --
3265 5257 3479 5323 ¹¹1bid.,
3509 5270 3579 5324 11,
3611 5263 3692 5309 ω.
3728 5286 3794 5298 —-
3823 5260 3865 5298 ¹⁸
3895 5261 4010 5325 Leo,

2473 5323 2534 5374 de
2580 5324 2796 5378 Nativit.
2845 5326 3066 5390 nomin„
3110 5341 3265 5380 serm.
3317 5342 3358 5391 1,
3393 5342 3447 5380 n.
3494 5335 3542 5381 1.
3581 5355 3644 5370 —
3687 5332 3735 5370 ¹⁸
3785 5336 4009 5397 August,

2475 5409 2631 5448 serm.
2660 5408 2816 5462 xxm,
2839 5397 2906 5449 al.
2930 5409 3101 5463 cxciv,
3130 5399 3194 5450 de
3221 5404 3403 5465 temp„
3430 5414 3489 5451 n.
3520 5404 3570 5451 2.

2542 5486 2611 5549 (α)
2645 5487 2767 5537 Gaet.
2795 5486 2918 5539 edit.
2952 5486 3211 5540 nobiliter.
