4059 6317
1088 460 1192 527 DE
1233 461 1302 528 S.
1343 460 1651 529 JOANNE
1692 458 2097 527 BAPTISTA.
2138 457 2403 527 SERMO
2448 460 2496 527 Ι.

196 599 327 659 rent
348 599 413 657 in
436 596 550 658 hac
574 595 697 657 vita
724 596 805 657 ad
839 595 1139 669 meritum,
1176 595 1283 656 sed
1318 613 1454 673 quoe
1477 597 1746 657 valerent

194 693 256 752 in
289 692 488 753 futuro
511 692 591 753 ad
616 690 949 769 proemium,
981 695 1039 751 et
1064 692 1143 752 ad
1169 691 1548 750 evadendum
1570 691 1743 750 infer-

193 785 328 845 nale
350 786 727 862 supplicium.
747 790 816 845 Et
829 790 1142 862 propterea
1160 786 1235 845 de
1254 802 1327 844 eo
1349 788 1544 861 potest
1561 801 1742 860 expo·

192 880 257 939 ni
281 880 436 939 illud
464 878 484 915 ¹
513 899 530 940 ε
568 899 598 934 α
621 878 870 939 scientia
902 880 1181 955 sapientis
1222 880 1393 954 quasi
1429 878 1740 938 inundatio

196 973 553 1046 abundabit,
568 978 626 1032 et
644 974 955 1034 consilium
982 975 1108 1047 ejus
1122 974 1295 1049 quasi
1312 973 1447 1033 fons
1460 974 1595 1033 vitoe
1612 990 1741 1050 per-

193 1072 416 1127 manet.
462 1087 491 1123 α
514 1066 628 1127 Sed
663 1067 795 1143 quis
817 1067 998 1126 hodie
1023 1070 1130 1141 est,
1165 1067 1272 1144 qui
1294 1067 1379 1126 sic
1399 1068 1743 1143 proximum

194 1161 428 1235 doceat,
457 1162 562 1237 qui
588 1161 672 1220 sic
695 1161 771 1220 de
797 1161 963 1221 bono
980 1162 1193 1221 animae
1218 1162 1509 1236 consulat,
1535 1168 1593 1222 et
1616 1179 1742 1222 non

191 1258 392 1332 potius
415 1272 575 1316 vana
616 1259 859 1332 quaerat,
901 1272 1061 1315 vana
1087 1258 1265 1330 amet,
1295 1259 1355 1314 et
1378 1256 1548 1316 vanis
1577 1258 1743 1317 omni

192 1353 466 1426 tempore
512 1350 850 1410 deserviat?
894 1351 1096 1410 Statim
1139 1350 1327 1410 modo
1358 1354 1425 1409 ut
1463 1350 1586 1410 nati
1634 1350 1743 1409 filii

194 1460 552 1518 cognoscere
578 1444 890 1521 incipiunt,
917 1444 1111 1503 statim
1150 1445 1521 1504 instruuntur
1545 1447 1615 1503 ut
1635 1461 1743 1504 va-

192 1537 287 1597 nis
313 1538 641 1609 intendant,
683 1540 741 1598 et
765 1538 1087 1597 mundanis
1112 1542 1470 1610 assuescant,
1495 1540 1566 1597 et
1579 1554 1742 1597 com-

191 1634 402 1707 putare
450 1633 698 1692 discant.
739 1634 880 1704 Quis
914 1649 1185 1709 unquam
1227 1635 1415 1693 modo
1454 1634 1631 1693 docet
1667 1633 1743 1691 fi-

194 1725 347 1784 lium
370 1730 437 1785 ut
462 1729 580 1786 Deo
610 1729 845 1801 serviat,
885 1732 951 1786 ut
979 1726 1061 1787 ad
1095 1726 1403 1787 ecclesiam
1437 1727 1639 1800 vadat,
1679 1732 1747 1788 ut

197 1821 496 1881 mundum
535 1821 873 1897 relinquat?
917 1824 1077 1882 Heu!
1125 1823 1457 1882 dolendum
1472 1866 1494 1896 ,
1535 1829 1593 1883 et
1617 1823 1745 1899 plo-

193 1914 454 1974 randum
471 1918 558 1973 est
585 1915 785 1989 valde,
817 1917 961 1992 quia
986 1917 1204 1992 pagani
1234 1917 1378 1976 olim
1401 1917 1560 1977 filios
1584 1921 1642 1976 et
1668 1918 1741 1976 fi·

193 2008 303 2067 lias
340 2009 658 2068 tradebant
699 2011 935 2086 templis
981 2012 1343 2085 daemonum,
1389 2028 1543 2087 quos
1580 2012 1741 2071 cole-

191 2102 366 2175 bant,
399 2105 457 2161 et
471 2102 702 2162 ibidem
740 2105 905 2163 omni
947 2109 1215 2181 tempore
1258 2106 1476 2165 servire
1526 2108 1743 2165 statue-

191 2197 340 2255 bant
347 2216 367 2269 3
399 2196 509 2255 sed
535 2197 864 2270 Christiani,
892 2199 1049 2257 servi
1076 2198 1343 2274 emptitii,
1374 2199 1579 2258 Christi
1606 2215 1743 2258 san-

190 2289 371 2364 guine
385 2291 737 2367 comparati,
759 2292 972 2352 volunt
987 2292 1145 2352 filios
1156 2310 1297 2352 suos
1313 2293 1504 2367 magis
1523 2293 1744 2353 servire

190 2385 423 2443 mundo
442 2428 464 2458 ,
535 2401 719 2461 quam
773 2387 1001 2446 Christo
1011 2407 1032 2461 3
1089 2387 1281 2460 magis
1334 2386 1742 2447 crudelissimo

188 2482 481 2555 tyranno,
521 2495 706 2555 quam
735 2495 880 2539 vero
910 2484 967 2539 et
1000 2481 1267 2555 piissimo
1297 2481 1568 2540 Domino.
1600 2482 1747 2541 Sunt

188 2571 349 2630 enim
378 2588 590 2631 omnes
617 2573 761 2632 tales
786 2573 946 2649 lupis
987 2574 1245 2633 similes:
1275 2575 1378 2649 qui
1407 2575 1564 2633 filios
1602 2591 1744 2633 suos

186 2665 428 2725 adultos
460 2667 676 2725 docent
706 2667 786 2726 ad
811 2668 1097 2743 praedam,
1117 2673 1173 2728 et
1193 2670 1487 2728 instruunt
1501 2670 1583 2729 ad
1594 2669 1742 2729 insi-

190 2760 322 2820 dias
347 2760 602 2821 canibus
629 2765 687 2821 et
711 2763 927 2823 ovibus
950 2762 1271 2824 faciendas.

254 2855 522 2931 Septimo
565 2856 774 2916 beatus
817 2858 1104 2917 Antonius
1141 2859 1352 2919 habuit
1391 2859 1743 2935 sapientiam

184 2948 512 3024 virginum,
549 2966 682 3025 quae
723 2951 984 3011 consistit
1020 2952 1085 3010 in
1127 2952 1413 3028 fugiendo
1458 2971 1637 3026 vana,
1686 2957 1744 3014 et

183 3043 473 3118 fugiendo
501 3043 816 3104 hominum
842 3046 1158 3120 consortia,
1188 3048 1252 3106 in
1287 3047 1530 3107 vitando
1557 3049 1741 3109 verba

182 3138 488 3210 scurrilia,
526 3142 584 3196 et
634 3139 839 3198 omnia
878 3157 1012 3216 quae
1036 3144 1287 3216 possunt
1328 3141 1587 3201 lasciviae
1613 3158 1739 3201 esse

182 3246 385 3289 causa.
433 3234 555 3290 Hoc
588 3231 846 3307 perfecte
878 3231 1016 3294 fecit
1055 3235 1359 3305 Antonius,
1390 3235 1537 3294 dum
1564 3252 1741 3295 mun·

182 3324 331 3384 dum
354 3324 598 3402 penitus
611 3324 780 3400 fugit,
809 3331 867 3385 et
881 3327 1232 3413 religionem
1256 3328 1450 3402 elegit,
1479 3346 1603 3389 non
1629 3331 1738 3390 ali-

184 3438 368 3503 quem
393 3418 605 3486 locum
628 3422 849 3495 verbis,
885 3421 982 3480 vel
1016 3421 1352 3497 aspectibus
1380 3424 1735 3501 dereliquit3

184 3522 411 3582 sciebat
440 3519 602 3579 enim
625 3533 750 3576 esse
790 3515 1072 3591 scriptum
1095 3516 1118 3550 ²
1148 3534 1164 3574 ε
1200 3537 1228 3569 «
1253 3516 1496 3591 Sapiens
1536 3534 1642 3576 cor
1684 3524 1742 3579 et

187 3613 568 3690 intelligibile
604 3609 922 3671 abstinebit
968 3626 1031 3668 se
1067 3626 1104 3669 a
1141 3610 1418 3686 peccatis,
1442 3630 1474 3667 »
1520 3611 1585 3670 id
1621 3619 1738 3686 est,

183 3727 308 3771 non
349 3709 553 3768 solum
592 3706 671 3766 ab
699 3720 880 3781 opere
908 3704 1133 3780 peccati
1178 3704 1433 3777 cavebit,
1452 3705 1557 3764 sed
1584 3710 1640 3765 et
1657 3706 1735 3766 ab

185 3803 474 3865 omnibus
500 3799 691 3860 causis
719 3798 1036 3858 abstinebit
1059 3796 1474 3857 inducentibus
1497 3799 1577 3858 ad
1604 3816 1738 3874 pec-

185 3903 404 3959 catum.
434 3894 602 3954 Unde
638 3911 790 3971 opus
816 3910 972 3952 verae
994 3892 1349 3970 poenitentioe
1375 3898 1481 3966 est,
1528 3910 1737 3954 causas

180 3994 572 4070 peccatorum
610 3988 902 4060 excidere,
933 3989 991 4046 et
1024 3986 1109 4045 eis
1145 3986 1373 4045 aditum
1412 3988 1569 4048 ultro
1612 4005 1737 4049 non

184 4085 527 4160 indulgere.
547 4081 896 4158 Exemplum
915 4081 990 4139 de
1015 4081 1182 4153 Dina,
1208 4080 1334 4139 filia
1357 4084 1563 4154 Jacob,
1579 4100 1737 4158 quoe,

183 4180 329 4256 quia
356 4194 423 4237 se
452 4178 608 4235 intra
641 4174 1090 4234 tabernaculum
1128 4189 1251 4251 non
1288 4175 1596 4250 continuit,
1629 4177 1736 4237 sed

184 4273 265 4333 ad
299 4270 640 4331 videndum
681 4284 838 4328 vana
876 4268 1019 4327 foris
1055 4268 1254 4337 exivit,
1294 4272 1350 4328 et
1388 4269 1640 4329 alterum
1673 4271 1738 4330 in

183 4388 360 4431 suam
389 4367 931 4444 concupiscentiam
956 4366 1368 4439 inflammavit,
1395 4367 1586 4443 ipsam
1612 4370 1734 4428 vir-

180 4466 496 4541 ginitatem
519 4460 798 4538 perdidit,
828 4466 886 4520 et
909 4463 1033 4521 tota
1059 4460 1282 4535 civitas,
1310 4466 1556 4538 propter
1580 4479 1735 4537 eam,

182 4558 647 4621 destructionem
691 4556 954 4615 incurrit.
1000 4560 1151 4630 Lege
1195 4556 1501 4616 historiam
1555 4559 1601 4616 ⁸.
1647 4558 1736 4618 Ob

179 4655 337 4715 hanc
366 4652 533 4713 enim
563 4667 802 4711 causam
831 4650 994 4727 apud
1020 4654 1321 4710 Romanos
1341 4652 1366 4689 ⁸
1391 4651 1606 4711 mulier
1632 4653 1738 4713 illa

176 4747 577 4825 reputabatur
612 4745 1020 4820 incorruptum
1047 4760 1250 4818 gerere
1278 4744 1568 4818 animum,
1604 4763 1737 4821 quae

178 4858 311 4904 non
341 4839 725 4916 egrederetur
745 4838 809 4897 in
831 4836 1178 4913 publicum3
1208 4841 1266 4897 et
1283 4855 1435 4913 quoe,
1453 4844 1591 4914 post
1614 4840 1736 4916 pri-

179 4952 379 5009 mum,
393 4921 730 4992 secundum
740 4948 865 4992 non
886 4932 1257 4991 contraheret
1272 4933 1734 5003 matrimonium,

181 5028 571 5092 continentiae
597 5027 819 5086 habere
845 5027 1138 5087 virtutem.
1168 5030 1272 5101 Et,
1298 5029 1365 5086 ut
1388 5028 1619 5087 nullam
1643 5028 1735 5087 in-

183 5121 571 5187 continentiae
606 5120 718 5180 sibi
745 5121 1134 5196 goccasionem
1172 5121 1401 5193 darent,
1426 5137 1738 5197 nunquam

256 5278 271 5310 ¹
314 5270 507 5333 Eccli„
542 5282 661 5334 xxi,
701 5272 778 5321 16.
808 5296 867 5310 -—
903 5270 926 5305 ¹
953 5269 1100 5335 ibid„
1134 5273 1213 5322 32.
1241 5298 1306 5311 —
1330 5271 1350 5303 ⁸
1386 5273 1531 5336 Gen„
1556 5284 1737 5339 xxxiv,

199 5350 217 5398 Ι
257 5350 317 5395 et
341 5356 457 5409 seq.
480 5369 536 5380 —
561 5342 580 5373 ⁴
603 5341 771 5393 Valer.
799 5343 954 5401 Max„
977 5340 1066 5392 lib.
1090 5343 1153 5407 ll,
1177 5356 1224 5393 c.
1252 5354 1291 5406 1,
1316 5356 1368 5394 n.
1393 5345 1441 5395 8.
1460 5369 1523 5382 —
1542 5345 1561 5376 ⁸
1589 5344 1738 5408 thid„

207 5433 261 5470 u.
299 5419 347 5469 5.
389 5442 453 5454 -
490 5414 511 5445 ⁸
553 5414 701 5468 Hunc
736 5419 789 5466 et
819 5427 1007 5467 novem
1042 5417 1314 5479 sequentes
1349 5415 1502 5467 hahet
1535 5429 1739 5483 quoque

3276 464 3393 526 567

1845 595 2134 657 bibebant
2175 596 2385 656 vinum
2402 597 2447 670 ⁸,
2492 595 2602 656 sed
2643 598 2872 656 tantum
2917 592 3042 656 erat
3080 595 3245 672 apud
3295 611 3396 656 eas

1848 691 2224 750 continentioe
2252 692 2505 765 bonum,
2535 695 2603 749 ut
2639 691 2876 750 nullum
2902 690 3206 749 timeretur
3230 689 3396 766 apud

1848 801 1947 844 eas
1997 785 2375 845 adulterium.
2431 788 2643 859 Magna
2694 784 2962 844 confusio
3018 782 3353 843 Christianis
3374 826 3395 858 ,

1848 879 2010 954 apud
2045 896 2197 955 quos
2235 880 2373 939 sunt
2395 879 2680 956 prandia,
2711 884 2847 937 sunt
2879 878 3022 936 vina
3048 877 3233 951 varia,
3262 884 3398 938 sunt

1845 973 2035 1032 verba
2062 978 2121 1032 et
2163 990 2348 1050 opera
2374 989 2553 1046 vana,
2589 974 2788 1033 omnia
2823 973 2902 1031 ad
2922 972 3220 1031 luxuriam
3253 987 3397 1046 pro-

1847 1069 2125 1128 vocantia
2153 1088 2169 1128 ε
2202 1072 2261 1127 et
2286 1068 2423 1127 ideo
2448 1068 2613 1143 apud
2646 1083 2758 1125 nos
2798 1067 2967 1127 nulla
3007 1064 3395 1137 continentia,

1847 1162 1956 1222 sed
1999 1161 2312 1235 adulteria,
2350 1165 2554 1238 stupra
2579 1159 3058 1220 innumerabilia.
3099 1163 3395 1235 Rogemus

1848 1272 2015 1332 ergo.

2041 1448 2151 1525 DE
2208 1449 2273 1532 S.
2336 1447 2676 1526 JOANNE
2733 1447 3195 1529 BAPTISTA.

2290 1607 2549 1670 SERMO
2592 1606 2881 1670 PRIMUS
2905 1611 2952 1668 ⁸.

1929 1730 2064 1787 Dedi
2091 1734 2144 1787 te
2170 1730 2233 1785 in
2258 1729 2428 1785 lucem
2450 1728 2700 1786 Gentium
2717 1724 2760 1782 ⁷.
2785 1725 2939 1796 Quid
2956 1725 3089 1785 luce
3107 1725 3394 1800 nobilius,

1850 1840 1982 1900 quae
2008 1824 2097 1881 est
2121 1820 2464 1880 naturaliter
2507 1821 2571 1879 in
2609 1836 2844 1879 summo
2879 1820 3150 1880 omnium
3177 1821 3396 1879 consti-

1848 1922 1991 1991 tuta,
2020 1933 2222 1976 rerum
2250 1917 2519 1975 omnium
2561 1916 2916 1988 contentiva,
2955 1920 3011 1975 et
3035 1932 3236 1974 rerum
3271 1933 3398 1976 om-

1848 2011 2018 2070 nium
2052 2009 2561 2086 pulchrificativa?
2606 2011 2722 2068 Sed
2766 2008 2863 2068 hic
2908 2015 2996 2068 est
3041 2010 3398 2083 notandum,

1851 2105 2018 2181 quod
2044 2104 2149 2163 lux
2174 2103 2544 2162 uniformiter
2583 2120 2707 2163 non
2742 2104 2808 2162 in
2835 2104 3116 2163 omnibus
3154 2108 3242 2163 est
3266 2121 3400 2163 cor-

1848 2198 2098 2274 poribus
2107 2218 2125 2272 3
2155 2197 2263 2256 sed
2288 2196 2456 2256 aliter
2484 2201 2568 2256 est
2594 2196 2658 2256 i'n
2686 2197 2865 2256 solari
2908 2198 3258 2269 substantia,
3287 2198 3399 2256 ali-

1848 2296 1937 2350 ter
1960 2293 2023 2351 in
2049 2292 2216 2364 luna,
2257 2292 2426 2350 aliter
2461 2296 2548 2350 est
2581 2292 2726 2351 etin
2775 2291 2894 2377 alia
2921 2290 3189 2365 qualibet
3231 2290 3402 2351 stella

1851 2386 2003 2444 coeli.
2036 2389 2182 2444 Nam
2201 2386 2266 2444 in
2291 2386 2418 2445 sole
2443 2385 2547 2444 lux
2574 2390 2660 2444 est
2681 2385 3027 2461 plenissima
3055 2388 3113 2444 et
3134 2386 3400 2445 inacces-

1849 2479 2059 2553 sibilis,
2093 2483 2337 2556 propter
2361 2496 2534 2538 suam
2563 2480 3007 2550 excellentiam3
3036 2480 3100 2538 in
3126 2480 3271 2539 luna
3298 2479 3402 2539 lux

1851 2581 1938 2636 est
1964 2574 2599 2652 incomprehensibiliS,
2643 2577 2886 2648 propter
2920 2574 3047 2647 ejus
3093 2574 3407 2633 abundan-

1850 2674 1992 2732 tiam
2012 2692 2031 2746 3
2064 2671 2172 2730 sed
2189 2672 2253 2730 in
2279 2686 2662 2746 quacumque
2681 2670 2800 2729 alia
2824 2669 2994 2728 stella
3022 2670 3108 2728 est
3129 2669 3403 2744 visibilis,

1848 2770 2094 2842 propter
2137 2766 2228 2824 sui
2273 2764 2743 2841 temperantiam.
2796 2768 2919 2823 Lux
2965 2780 3109 2839 ergo
3155 2763 3364 2822 solaris
3380 2807 3403 2838 ,

1848 2861 2024 2921 nobis
2065 2860 2503 2931 inaccessibilis,
2543 2860 2803 2919 maxime
2831 2860 3036 2919 Christi
3065 2863 3152 2919 est
3186 2861 3405 2935 figura-

1848 2955 1970 3014 tiva
1984 2976 2003 3029 3
2031 2956 2138 3014 lux
2164 2955 2411 3028 lunaris,
2437 2955 2615 3014 nobis
2656 2954 3294 3030 incomprehensibilis,
3322 2954 3403 3013 si-

1850 3054 1992 3125 gnat
2017 3048 2279 3109 maxime
2308 3049 2609 3126 Virginem
2635 3048 2981 3125 gloriosam,
3012 3066 3144 3124 quoe
3172 3066 3211 3108 a
3236 3049 3403 3108 Chri-

1847 3150 1961 3217 sto,
2000 3159 2147 3204 vero
2174 3143 2329 3218 Sole,
2357 3144 2710 3213 illuminata,
2754 3146 2841 3201 est
2877 3144 3067 3201 noctis
3109 3142 3404 3203 illumina-

1848 3240 1991 3311 tiva,
2034 3242 2092 3298 et
2138 3237 2391 3297 aliarum
2429 3239 2599 3314 quasi
2642 3238 2949 3297 stellarum
2992 3236 3367 3296 obscurativa
3379 3257 3401 3310 3

1848 3334 1950 3393 lux
1998 3348 2145 3391 vero
2177 3332 2427 3391 stellaris
2465 3332 2620 3390 visui
2657 3335 2861 3390 nostro
2903 3330 3404 3405 comprehensibi-

1855 3427 1949 3499 lis,
1968 3431 2025 3486 et
2039 3426 2238 3485 minor
2252 3426 2624 3503 supradictis,
2635 3429 2722 3484 est
2734 3427 3072 3484 sanctorum
3092 3423 3399 3497 signativa.

1852 3521 2039 3594 Unde,
2069 3537 2209 3579 cum
2234 3519 2324 3579 sol
2342 3519 2418 3578 sit
2432 3536 2607 3592 unus,
2639 3519 2783 3595 quia
2798 3534 2955 3577 unus
2981 3523 3068 3577 est
3084 3518 3366 3578 Dominus
3379 3539 3399 3593 3

1848 3621 1904 3676 et
1928 3617 2076 3675 luna
2104 3630 2250 3687 una,
2288 3615 2430 3689 quia
2468 3617 2657 3672 mater
2696 3613 2797 3672 Dei
2839 3617 2925 3671 est
2967 3611 3178 3687 unica3
3217 3612 3403 3671 stelloe

1849 3713 2051 3769 tamen
2078 3712 2214 3768 sunt
2235 3709 2583 3780 innumerae,
2608 3707 2751 3783 quia
2775 3707 3241 3767 innumerabiles
3265 3709 3402 3767 sunt

1846 3806 2190 3863 sanctorum
2227 3818 2520 3878 personoe.
2570 3801 2755 3872 Unde,
2790 3801 2929 3860 licet
2963 3816 3172 3859 omnes
3214 3799 3402 3858 sancti

1847 3899 1912 3958 in
1938 3899 2070 3957 luce
2095 3897 2323 3972 possint
2346 3896 2615 3971 figurari,
2644 3894 2788 3971 quia
2813 3910 3020 3953 omnes
3039 3893 3277 3952 fuerunt
3300 3894 3397 3952 lu-

1848 3993 1967 4052 cidi
1997 3996 2056 4052 et
2079 3990 2368 4067 praeclari,
2396 3995 2652 4052 Ioannes
2672 3992 2894 4061 tamen,
2921 3987 3188 4063 quodam
3213 3987 3398 4062 privi-

1849 4088 2011 4162 legio
2037 4085 2305 4161 speciali,
2327 4083 2432 4160 qui
2453 4088 2511 4142 et
2533 4084 2556 4120 ⁸
2588 4084 2868 4142 «lucerna
2884 4082 3100 4141 ardens
3122 4083 3180 4139 et
3196 4081 3400 4141 lucens

1847 4181 1978 4252 fuit,
2015 4200 2047 4236 ιο
2093 4181 2115 4217 ⁰
2165 4198 2196 4234 α
2231 4179 2295 4237 in
2333 4178 2630 4237 mundum
2669 4178 2850 4250 venit,
2889 4181 2956 4236 ut
3003 4175 3399 4235 testimonium

1845 4273 2184 4351 perhiberet
2225 4272 2302 4332 de
2331 4271 2577 4330 lumine.
2598 4291 2629 4327 »
2660 4274 2814 4331 Bene
2840 4287 2982 4344 ergo
3009 4268 3293 4329 Dominus
3319 4269 3397 4328 de

1848 4385 1921 4427 eo
1949 4369 2012 4426 in
2040 4383 2149 4426 sua
2180 4382 2437 4444 persona
2464 4366 2615 4424 dixit
2643 4367 2802 4424 isaiae
2832 4383 2849 4423 ι
2877 4365 3019 4423 Dedi
3057 4369 3110 4422 te
3144 4365 3206 4419 in
3230 4365 3399 4421 lucem

1852 4463 2123 4522 Gmtt‘um.
2153 4465 2217 4521 In
2258 4477 2381 4537 quo
2409 4460 2598 4520 verbo
2633 4460 2892 4518 maxime
2930 4459 3044 4517 tria
3067 4458 3346 4516 notantur
3376 4475 3393 4516 ε

1847 4558 2129 4634 primum,
2151 4573 2225 4616 ex
2242 4561 2408 4633 parte
2430 4556 2659 4615 Domini
2680 4553 2981 4630 largientis
2992 4571 3012 4622 3
3039 4552 3395 4626 secundum,

1848 4670 1924 4712 ex
1960 4657 2128 4730 parte
2172 4652 2363 4711 nuntii
2397 4650 2709 4712 relucentis
2722 4668 2742 4723 3
2795 4649 3061 4720 tertium,
3107 4664 3182 4707 ex
3230 4651 3397 4723 parte

1847 4749 2064 4826 populi
2090 4746 2475 4825 proficientis.
2503 4749 2651 4804 Nam
2675 4761 2748 4803 ex
2771 4747 2939 4818 parte
2965 4742 3198 4802 Domini
3223 4746 3396 4802 nota-

1847 4848 1944 4903 tur
1968 4842 2314 4915 liberalitas,
2351 4857 2475 4917 qua
2499 4856 2675 4899 snum
2710 4852 3046 4914 praeconem
3072 4836 3152 4895 ad
3176 4851 3397 4911 magna

1849 4937 2086 4996 levavit.
2118 4940 2203 4995 Ex
2238 4939 2405 5010 parte
2438 4934 2649 5007 nuntii,
2679 4933 2803 4991 sive
2829 4931 3004 5005 servi,
3031 4934 3269 4990 notatur
3294 4946 3394 4988 su-

1855 5026 2136 5102 sumnus,
2165 5045 2287 5104 qua
2313 5028 2556 5087 refulsit.
2585 5026 2701 5086 Sed
2737 5042 2807 5085 ex
2834 5029 3000 5101 parte
3039 5022 3250 5099 populi
3287 5037 3397 5082 no-

1847 5129 2000 5185 tatur
2028 5124 2266 5195 utilitas,
2297 5138 2420 5198 qua
2444 5121 2702 5197 perfecit.
2731 5123 2973 5179 Notatur
2998 5118 3177 5194 igitur
3194 5117 3392 5192 primo

1853 5220 1954 5278 Dei
1989 5217 2334 5290 liberalitas,
2379 5232 2519 5275 cum
2564 5213 2812 5273 dicitur:
2852 5212 2994 5271 Dedi
3039 5218 3111 5271 te.
3156 5215 3397 5271 Notatur

1856 5345 1978 5395 edit.
2010 5346 2242 5408 Hageno.
2272 5356 2356 5392 an.
2389 5343 2527 5392 1496.
2555 5365 2619 5377 —
2648 5340 2661 5370 ⁷
2692 5339 2812 5403 Ira„
2846 5349 2989 5403 xux,
3017 5340 3064 5390 c.
3096 5359 3110 5368 ·

1857 5428 1905 5482 v,
1931 5418 2010 5468 35.
2035 5442 2099 5454 -
2124 5418 2142 5446 ⁰
2170 5413 2318 5478 ibid„
2350 5426 2388 5479 1,
2418 5416 2466 5463 5.

3181 5337 3204 5373 ⁸
3228 5338 3393 5404 Joan„
