4059 6317
1259 478 1363 547 DE
1403 477 1471 545 S.
1515 476 1935 547 AMBROSIO.
1980 478 2244 547 SERMO
2284 481 2333 546 1.

218 608 435 685 gloriae,
460 626 587 672 non
609 613 983 688 transitorio,
1017 614 1125 674 sed
1166 616 1414 675 aeternae.
1452 619 1600 675 Nam
1621 615 1748 675 haec

218 708 448 763 sanctus
494 705 769 767 Nicolaus
811 709 1145 783 attendens,
1181 710 1378 769 adhuc
1422 709 1745 769 infantulus

212 799 476 873 jejunare
507 798 776 875 incoepit,
825 806 882 861 et
920 819 1210 861 mammas
1250 806 1464 879 quarta
1501 805 1747 863 etsexta

215 891 357 951 feria
382 893 565 952 semel
605 895 848 967 bibenS,
876 913 1000 957 non
1044 898 1199 957 ultra
1242 899 1338 958 lac
1381 898 1742 974 requirebat.

217 988 354 1044 item
376 986 550 1060 ultra,
581 1005 715 1063 quoe
737 989 960 1051 habere
987 991 1199 1066 potuit,
1237 992 1299 1050 in
1327 1008 1660 1068 pauperum
1687 996 1747 1050 et

214 1080 602 1154 indigentium
647 1099 789 1142 usus
824 1085 1123 1159 expendit.
1164 1088 1307 1145 Item
1348 1086 1600 1145 orationi
1644 1102 1750 1145 va-

215 1190 353 1233 cans
377 1190 530 1249 saepe
558 1176 833 1235 ecclesias
874 1178 1183 1251 visitabat,
1210 1180 1603 1239 humilitatem
1632 1195 1748 1237 ser-

215 1268 412 1340 vabat,
440 1272 496 1327 et
526 1269 730 1329 omnia
757 1272 875 1330 Deo
904 1271 1273 1347 displicentia
1300 1273 1658 1343 declinabat,
1691 1277 1749 1332 et

214 1361 349 1421 ideo
373 1362 632 1421 maxima
657 1363 946 1424 miracula
974 1366 1036 1424 in
1064 1364 1343 1425 omnilffis
1370 1367 1641 1442 gentibus
1659 1367 1747 1426 fa·

216 1455 420 1515 ciebat.
460 1459 609 1529 Lege
631 1457 695 1515 in
722 1459 993 1532 Legenda
1030 1460 1156 1518 haec
1197 1461 1420 1534 omnia,
1449 1466 1507 1521 et
1542 1465 1748 1534 postea

214 1550 489 1625 praedica,
518 1554 576 1610 et
601 1552 839 1626 adapta,
867 1558 933 1611 ut
957 1554 1123 1613 voles
1164 1574 1179 1613 τ
1206 1557 1452 1615 Christus
1476 1559 1632 1615 Jesus
1655 1559 1746 1614 Fi-

215 1647 320 1703 lius
348 1648 447 1703 Dei
474 1646 622 1703 beati
645 1649 701 1708 N
703 1649 866 1705 icolai
889 1651 1160 1722 precibus,
1182 1654 1294 1709 etc.

445 1845 546 1920 DE
592 1846 656 1926 S.
706 1847 1091 1922 AMBROSIO
1134 1848 1510 1925 EPISCOPO.

650 2002 906 2066 SERMO
948 2004 1238 2067 PRIMUS
1265 2004 1310 2067 ¹.

283 2122 423 2180 Dedi
447 2127 500 2181 te
531 2126 594 2180 in
621 2123 785 2182 lucem
811 2128 1053 2197 acutium
1079 2125 1124 2180 2.
1169 2129 1306 2185 Tres
1330 2127 1570 2184 naturas
1595 2123 1750 2198 legi·-

214 2232 346 2275 mus
381 2231 424 2275 a
466 2218 586 2275 Deo
629 2220 853 2276 creatas
901 2236 918 2275 z
968 2234 1153 2277 unam
1192 2235 1443 2294 opacam
1457 2239 1477 2294 ;
1505 2218 1753 2278 alteram

213 2313 681 2384 transparentem
728 2315 785 2370 et
824 2312 1124 2387 perviam,
1168 2313 1320 2370 sicut
1359 2317 1446 2372 est
1489 2313 1551 2371 in
1592 2312 1752 2386 igne,

215 2418 347 2462 aere
365 2446 385 2476 ,
418 2409 475 2463 et
499 2419 692 2479 aqua;
739 2405 921 2464 aliam
962 2405 1322 2464 luminosam
1372 2410 1429 2465 et
1466 2406 1750 2478 lucidam,

213 2497 358 2556 sicut
385 2497 561 2556 estin
588 2498 808 2557 coelesti
840 2502 1080 2573 natura,
1120 2499 1305 2571 coelo,
1345 2500 1471 2559 sole
1507 2504 1564 2558 et
1586 2499 1751 2558 luna.

213 2593 426 2649 Verum
453 2591 579 2649 heac
615 2591 912 2650 luminosa
949 2596 1199 2665 natura,
1247 2609 1380 2668 quae
1405 2595 1752 2652 naturarum

212 2686 615 2762 corporalium
641 2691 728 2746 est
746 2686 1141 2760 nobilissima,
1171 2688 1235 2746 in
1260 2687 1474 2763 triplici
1519 2690 1609 2747 est
1637 2687 1756 2746 dif-

211 2779 475 2839 ferentia.
521 2783 670 2839 Nam
708 2781 985 2855 quaedam
1012 2785 1097 2840 est
1124 2784 1356 2840 tantum
1396 2782 1668 2853 influens,
1699 2784 1758 2841 et

212 2888 334 2932 non
358 2874 610 2946 influxa,
639 2874 788 2932 sicut
816 2879 902 2935 est
926 2875 991 2933 in
1019 2875 1239 2934 coelesti
1277 2881 1491 2935 natura
1521 2880 1618 2935 :et
1640 2877 1757 2936 hoc

216 2968 593 3043 spiritualiter
636 2972 723 3027 est
771 2967 873 3027 lux
915 2969 1119 3028 divina
1138 3011 1157 3040 ,
1200 2986 1334 3044 quse
1378 2974 1464 3028 est
1501 2987 1757 3043 summa,

217 3077 348 3136 quae
387 3061 474 3120 sic
503 3062 802 3121 illuminat
844 3063 1046 3121 omnia
1065 3106 1083 3130 ,
1129 3065 1196 3121 ut
1230 3079 1355 3121 non
1395 3064 1761 3123 illuminetur

217 3156 344 3229 ipsa
371 3158 450 3214 ab
481 3156 599 3215 alia
625 3172 1002 3231 quacumque
1038 3159 1284 3227 natura,
1317 3161 1375 3215 et
1419 3157 1494 3215 de
1528 3157 1642 3216 hac
1670 3158 1760 3217 di-

218 3254 365 3313 citur
392 3255 415 3292 ⁸
457 3270 472 3309 :
510 3271 539 3307 α
565 3255 700 3310 Erat
724 3252 829 3311 lux
853 3268 1020 3324 vera,
1049 3268 1184 3328 quoe
1202 3251 1496 3311 illuminat
1517 3270 1759 3314 omnem

217 3347 524 3406 hominem
552 3346 883 3405 venientem
922 3346 987 3404 in
1025 3346 1187 3405 hunc
1214 3347 1532 3406 mundum.
1564 3369 1594 3404 ιι
1619 3348 1761 3407 Dici-

216 3445 310 3500 tur
332 3444 537 3500 autem
560 3439 666 3498 lux
689 3453 854 3512 vera,
880 3456 953 3499 eo
984 3440 1151 3516 quod
1177 3456 1301 3499 non
1328 3446 1462 3500 sunt
1486 3444 1550 3501 in
1577 3460 1649 3502 ea
1675 3448 1760 3502 te·

215 3536 414 3593 nebroe
449 3533 620 3606 ullae,
664 3532 813 3591 sicut
853 3532 1070 3592 dicitur
1112 3534 1156 3591 ⁴.
1204 3536 1348 3592 Item
1374 3536 1461 3593 est
1485 3535 1592 3594 lux
1619 3536 1759 3608 alia,

214 3646 339 3687 non
363 3627 644 3698 influens,
670 3627 776 3686 sed
803 3624 1026 3686 influxa
1050 3670 1070 3699 ,
1097 3628 1247 3686 sicut
1287 3631 1376 3686 est
1415 3629 1521 3687 lux
1563 3645 1760 3702 aerea,

216 3739 348 3798 quoe
374 3727 462 3781 est
511 3738 548 3780 a
572 3720 697 3781 sole
724 3720 971 3793 influxa,
997 3721 1106 3780 sed
1138 3737 1261 3780 non
1289 3721 1481 3781 influit
1503 3723 1566 3782 in
1593 3723 1713 3782 alia
1742 3744 1758 3783 :

215 3821 273 3877 et
295 3817 430 3876 talis
454 3816 562 3874 lux
584 3858 602 3885 ,
646 3815 1023 3891 spiritualiter
1047 3814 1356 3891 loquendo
1371 3859 1390 3888 ,
1429 3818 1600 3877 estin
1621 3820 1762 3878 sim-

215 3910 473 3986 plicibus
498 3908 810 3981 fidelibuS,
855 3909 961 3984 qui
1008 3910 1092 3969 sic
1136 3916 1271 3970 sunt
1314 3911 1667 3985 illuminati,
1695 3918 1763 3973 ut

215 4021 338 4065 non
374 4004 532 4063 alios
566 4003 901 4062 illuminent
925 4004 1060 4080 ipsi.
1104 4004 1293 4064 Tertio
1321 4011 1408 4065 est
1440 4006 1546 4065 lux
1571 4008 1759 4082 tertia,

218 4102 274 4156 et
299 4098 582 4169 influens,
611 4100 667 4155 et
691 4097 935 4172 influxa,
976 4098 1170 4172 qualis
1195 4099 1484 4173 probatur
1528 4116 1653 4159 esse
1698 4102 1762 4160 in

215 4194 382 4266 luna,
401 4209 543 4269 quoe
576 4208 614 4250 a
639 4191 766 4250 sole
791 4191 1179 4264 illuminatur,
1215 4197 1273 4252 et
1299 4192 1431 4267 ipsa
1467 4193 1763 4255 illuminat

217 4291 437 4347 terram
468 4306 484 4345 ι
519 4290 581 4346 et
606 4285 738 4344 talis
761 4286 864 4344 lux
890 4286 1265 4361 spiritualiter
1300 4288 1474 4346 estin
1502 4287 1762 4348 doctori·

216 4382 351 4457 bus,
381 4381 532 4456 quia
559 4379 727 4454 quod
755 4380 1095 4452 sanctitatis,
1126 4380 1226 4438 vel
1254 4380 1534 4451 scientiae,
1561 4382 1657 4440 vel
1675 4383 1762 4442 lu-

217 4476 393 4534 minis
421 4491 462 4535 a
488 4477 611 4532 Deo
639 4475 1008 4547 acceperunt,
1041 4473 1105 4532 in
1132 4473 1301 4547 alioS,
1343 4473 1640 4548 docendo,
1668 4491 1762 4535 re-

215 4569 498 4628 fundunt.
548 4568 739 4635 Quare
787 4579 931 4639 ergo
971 4570 1205 4625 sanctus
1248 4567 1592 4628 Ambrosius
1632 4569 1767 4628 talis

217 4662 321 4722 lux
347 4663 483 4734 fuit,
513 4659 661 4736 quia
686 4659 897 4718 doctus
926 4659 1150 4720 docuit.
1180 4661 1340 4721 Unde
1367 4674 1475 4736 per
1492 4661 1701 4721 isaiam
1728 4679 1767 4722 a

217 4762 475 4821 Domino
507 4758 723 4818 dicitur
758 4758 813 4816 ei
844 4777 860 4816 ε
893 4759 1032 4816 Dedi
1059 4765 1111 4817 te
1136 4762 1199 4817 in
1222 4762 1677 4833 lucem-flentium.
1701 4763 1766 4819 ln

219 4872 342 4933 quo
371 4855 569 4915 verbo
597 4852 708 4912 tria
745 4856 1023 4911 notantur
1052 4869 1068 4911 :
1095 4852 1291 4926 primo
1319 4852 1524 4911 divina
1549 4853 1767 4913 libera-

218 4951 351 5009 litas
370 4967 408 5011 a
437 4947 695 5008 Domino
717 4947 1035 5019 influente3
1082 4946 1346 5006 secundo
1374 4947 1633 5007 doctoris
1660 4965 1767 5008 no-

217 5046 454 5117 bilitas,
503 5060 581 5102 ex
620 5043 843 5102 lumine
889 5042 1260 5101 redundante
1279 5062 1297 5115 ;
1336 5043 1503 5102 tertio
1555 5043 1768 5118 populi

220 5141 522 5202 audientis
550 5139 792 5211 utilitas,
816 5155 892 5197 ex
917 5138 1220 5199 audientia
1237 5139 1605 5216 disponente.
1621 5144 1766 5201 Nam

286 5293 306 5330 ¹
335 5282 488 5342 Hunc
511 5289 670 5341 habet
694 5288 816 5340 edit.
848 5288 1046 5353 Hagen.
1074 5301 1158 5339 an.
1188 5289 1330 5341 1496.
1350 5315 1416 5329 —
1441 5289 1465 5324 ¹
1489 5291 1611 5353 Isca„
1640 5303 1768 5356 xm,

226 5365 271 5413 ο.
293 5388 354 5402 -
375 5364 397 5394 ⁸
418 5364 593 5424 loon„
626 5372 664 5425 1,
690 5363 738 5412 9.
766 5386 828 5399 -
856 5359 876 5392 ⁴
900 5361 920 5411 1
941 5361 1107 5425 loun„
1136 5372 1172 5424 t,
1202 5364 1249 5413 5.
1269 5386 1334 5401 -·-
1358 5362 1539 5428 ⁸Sop.,
1570 5374 1665 5429 vn,
1687 5365 1767 5415 26.

225 5459 288 5475 -
313 5434 335 5470 ⁸
364 5433 544 5499 Arist„
580 5432 766 5496 Ethic„
798 5431 885 5487 lib.
914 5432 1028 5497 Vll,
1057 5445 1103 5483 e.
1135 5443 1198 5487 ιιι
1224 5436 1277 5485 et
1303 5444 1374 5484 xv.

3273 498 3397 563 505

1852 617 2004 675 Deus
2028 615 2242 691 influit,
2264 617 2472 677 doctor
2497 618 2776 692 refundit,
2795 622 2903 682 sed
2921 624 3181 699 populus
3198 627 3389 700 audit,

1855 711 1913 768 et
1936 710 2195 785 suscipit.
2230 715 2470 771 Notatur
2509 729 2651 788 ergo
2694 714 2898 775 divina
2939 716 3265 779 liberalitas
3311 738 3387 781 ex

1853 807 2020 877 parte
2049 805 2373 879 influentis,
2401 824 2538 865 cum
2572 807 2784 867 dicitur
2814 828 2829 867 ε
2872 812 3008 869 Dedi
3042 818 3109 871 te.
3152 818 3391 874 Notatur

1856 899 2045 956 Sancti
2077 899 2375 972 nobilitas,
2395 901 2517 958 sive
2546 903 2800 975 dignitas
2826 919 2900 962 ex
2918 911 3082 979 parte
3100 908 3391 983 accipien-

1855 992 1929 1048 tis
1956 996 2014 1050 et
2051 992 2280 1064 dantiS,
2322 1010 2458 1051 cum
2494 995 2731 1054 additur
2762 1016 2777 1055 ε
2818 1001 2887 1056 In
2914 1002 3099 1059 lucem.
3147 1004 3388 1061 Notatur

1857 1086 2066 1160 populi
2092 1088 2389 1161 praedicati
2426 1104 2494 1147 ac
2530 1088 2688 1148 docti
2716 1090 2959 1164 utilitas,
3003 1110 3128 1152 non
3170 1095 3390 1169 dantis,

1858 1179 1964 1236 sed
1996 1179 2193 1238 solum
2218 1181 2575 1255 accipientis,
2604 1199 2742 1242 cum
2766 1184 3075 1244 subditur:
3110 1188 3390 1261 Gentium,

1857 1272 1923 1330 id
1949 1277 2034 1332 est
2062 1291 2077 1331 ε
2106 1273 2195 1333 Ad
2222 1274 2527 1333 utilitatem
2553 1278 2815 1349 gentium
2862 1282 2918 1338 te
2956 1279 3118 1338 volui
3149 1298 3272 1340 esse
3295 1283 3394 1341 lu-

1858 1385 2008 1441 cem,
2037 1373 2102 1427 ut
2126 1385 2249 1427 non
2277 1369 2472 1429 solum
2498 1371 2560 1428 in
2589 1375 2643 1429 te
2664 1372 2907 1444 luceres,
2945 1374 3052 1432 sed
3082 1376 3231 1435 alios
3258 1378 3395 1436 illu·

1857 1465 2135 1533 minareS.
2166 1467 2261 1523 Est
2286 1481 2428 1539 ergo
2456 1467 2785 1524 notandum
2812 1469 2978 1542 quod
2996 1473 3208 1529 Doctor
3237 1473 3395 1533 Chri-

1859 1559 1930 1617 sti
1984 1559 2327 1617 Ambrosius
2378 1558 2487 1617 fuit
2532 1560 2635 1618 lux
2677 1577 2861 1635 pura,
2906 1562 3258 1639 impassiva‚
3301 1570 3396 1627 sui

1860 1652 2384 1726 communicativa,
2434 1652 2616 1711 animi
2659 1656 2987 1728 purgativa.
3038 1658 3232 1718 Primo
3287 1659 3398 1721 ruit

1857 1763 2028 1821 pura,
2072 1762 2180 1821 per
2221 1747 2599 1805 eminentiam
2646 1749 2935 1807 castitatis,
2973 1752 3243 1812 Secundo
3284 1754 3397 1814 fuit

1857 1840 1963 1898 lux
1979 1840 2321 1917 impassiva‚
2346 1857 2453 1917 per
2472 1842 2858 1900 constantiam
2875 1842 3185 1903 firmitatis,
3205 1847 3396 1907 Tertio

1857 1934 1966 1992 fuit
1991 1934 2097 1992 lux
2124 1936 2214 1993 sui
2239 1935 2761 2005 communicativa,
2806 1953 2914 2012 per
2950 1939 3397 2013 ampliationem

1859 2027 2155 2086 charitatis
2195 2032 2251 2086 et
2276 2030 2525 2104 pietatis,
2576 2031 2794 2100 Quarto
2823 2030 2935 2090 fuit
2960 2033 3066 2090 lux
3097 2033 3397 2094 illumina-

1857 2122 2012 2193 tiva,
2042 2122 2165 2181 sive
2194 2123 2371 2181 animi
2402 2124 2743 2198 purgativa,
2784 2140 2891 2199 per
2930 2125 3237 2201 repulsum
3265 2144 3396 2187 om·

1861 2217 1953 2274 nis
1978 2217 2282 2276 contrariae
2323 2218 2629 2291 foeditatis»,
2657 2222 2777 2277 sive
2804 2237 2909 2295 per
2936 2221 3395 2283 redundantiam

1861 2310 2138 2369 veritatis,
2168 2311 2269 2370 Vel
2313 2311 2396 2370 sic
2423 2309 2531 2371 fuit
2565 2314 2671 2371 lux
2696 2329 2884 2388 pura,
2915 2320 3070 2374 caste
3096 2315 3396 2392 vivend03

1858 2401 1968 2461 fuit
1993 2404 2096 2462 lux
2118 2405 2455 2479 impassiva‚
2475 2406 2760 2482 patienter
2791 2408 3041 2468 adversa
3064 2410 3396 2486 portand03

1859 2496 1969 2555 fuit
2007 2497 2115 2555 lux
2158 2499 2250 2557 sui
2287 2500 2781 2559 communicativa
2821 2503 3104 2574 amando,
3147 2507 3205 2561 et
3231 2520 3398 2562 com-

1859 2592 2172 2668 patiend03
2200 2596 2258 2653 et
2280 2591 2395 2652 fuit
2420 2594 2523 2652 lux
2544 2594 2859 2669 purgativa
2887 2596 3183 2671 docendo,
3221 2600 3280 2657 et
3307 2615 3401 2658 ar-

1862 2686 2125 2760 guendo.

1935 2781 2071 2838 Dico
2117 2781 2283 2855 quod
2323 2780 2530 2839 beatus
2570 2781 2916 2840 Ambrosius
2958 2781 3069 2841 fuit
3111 2785 3216 2843 lux
3246 2802 3400 2862 pura

1863 2873 2228 2933 continenter
2253 2875 2531 2933 vivendo·
2574 2876 2730 2934 Sicut
2758 2876 2917 2934 enim
2942 2876 3230 2937 luxuriosi
3265 2883 3401 2939 sunt

1863 2968 2187 3036 immundi,
2218 2970 2360 3043 quia
2398 2985 2567 3028 coeno
2609 2970 2857 3029 luxuries
2898 2976 3034 3030 sunt
3071 2971 3287 3041 infecti,
3317 2974 3402 3031 sic

1863 3061 1976 3120 viri
2004 3063 2144 3121 casti
2186 3063 2367 3121 instar
2407 3063 2558 3121 lucis
2611 3080 2735 3122 esse
2782 3065 3057 3123 dicuntur
3095 3066 3305 3124 mundi
3344 3070 3405 3127 et

1864 3157 2021 3231 puri,
2050 3157 2191 3232 quia
2214 3173 2250 3215 a
2274 3158 2398 3216 luto
2424 3157 2912 3232 concupiscentiae
2929 3158 3180 3217 liberati.
3211 3161 3401 3229 Quare

1866 3267 2004 3309 cum
2029 3254 2265 3309 sanctus
2290 3251 2636 3310 Ambrosius
2659 3251 2833 3311 fuerit
2850 3253 3223 3331 castissimu5‚
3249 3257 3402 3312 recte

1864 3345 2103 3419 puritati
2127 3344 2271 3403 lueis
2298 3348 2383 3403 est
2409 3351 2800 3420 comparatus,
2825 3346 2988 3404 Unde
3013 3346 3088 3405 de
3118 3363 3190 3405 eo
3215 3350 3407 3422 potest

1866 3439 2284 3497 convenienter
2327 3439 2546 3514 exponi
2586 3439 2737 3497 illud
2764 3440 2786 3475 ⁸
2821 3458 2837 3498 ε
2872 3458 2902 3493 α
2930 3439 3165 3499 Candor
3198 3444 3283 3498 est
3307 3440 3403 3498 lu-

1868 3531 1952 3590 cis
1978 3536 2229 3605 aeternae,
2257 3553 2286 3587 ι»
2317 3532 2383 3590 id
2410 3536 2515 3605 est,
2545 3533 2836 3592 candidus
2863 3532 3044 3592 instar
3068 3533 3228 3591 illius
3254 3533 3405 3592 lucis

1867 3633 2127 3702 oeternae,
2167 3629 2317 3688 nihil
2356 3630 2582 3688 habens
2621 3628 3030 3688 immunditiae.
3065 3629 3227 3691 Unde
3261 3629 3404 3687 sub-

1869 3722 2026 3781 ditur
2058 3742 2073 3781 :
2110 3726 2227 3781 sine
2271 3725 2507 3781 macula.
2545 3722 2754 3781 Anima
2791 3726 2878 3781 est
2922 3726 3112 3794 casta,
3159 3723 3403 3798 quando

1868 3821 2025 3875 casta
2054 3821 2188 3875 sunt
2213 3816 2419 3888 corda,
2455 3820 2614 3875 casta
2639 3820 2777 3874 sunt
2793 3816 2999 3886 verba,
3024 3820 3081 3874 et
3100 3821 3256 3875 casta
3273 3820 3409 3876 sunt

1869 3926 2072 3985 opera.
2103 3914 2279 3982 Nam,
2324 3910 2475 3969 sicut
2501 3910 2716 3968 dicitur
2754 3909 2818 3969 in
2850 3913 2998 3971 Vitis
3037 3913 3296 3982 Patr-um,
3318 3911 3406 3970 illi

1869 4020 1993 4063 non
2035 4008 2173 4062 sunt
2217 4003 2452 4063 dicendi
2493 4005 2668 4076 casti,
2714 4005 2819 4080 qui
2864 4004 2942 4062 ab
2988 4020 3167 4079 opere
3214 4004 3407 4063 carnis

1870 4100 2186 4171 abstinent,
2212 4099 2325 4158 nisi
2352 4099 2654 4159 voluntate
2683 4101 2874 4158 castus
2900 4099 2974 4158 sit
2996 4099 3258 4169 animus,
3279 4115 3408 4157 cas-

1868 4198 1962 4253 tus
1989 4195 2265 4268 affectus,
2297 4196 2354 4252 et
2381 4193 2525 4251 casti
2551 4192 2667 4251 sint
2709 4208 2917 4251 omnes
2954 4208 3176 4250 sensus.
3219 4193 3409 4251 Philo·

1869 4290 2094 4364 sophus
2128 4289 2288 4347 enim
2315 4287 2457 4346 dicit
2482 4290 2525 4359 ⁸,
2543 4286 2709 4362 quod
2742 4307 2771 4340 α
2796 4301 2920 4345 non
2948 4291 3035 4344 est
3062 4288 3252 4344 castus
3280 4302 3409 4345 om-

1869 4384 1962 4442 nis
1989 4383 2095 4457 qui
2135 4382 2423 4453 continet,
2461 4387 2519 4441 et
2557 4382 2673 4439 hoc
2712 4381 2837 4455 ipse
2884 4378 3120 4452 gaudet.
3163 4400 3193 4435 »
3235 4380 3409 4453 Cogi-

1869 4479 1993 4536 tent
2017 4492 2161 4551 ergo
2189 4476 2355 4550 quod
2375 4490 2570 4534 avera
2588 4474 2844 4532 castitate
2873 4474 3085 4531 remoti
3112 4478 3270 4544 sunt,
3299 4473 3406 4548 qui

1870 4574 1995 4630 tota
2022 4570 2119 4628 die
2141 4584 2299 4627 vana
2326 4568 2594 4639 audiunt,
2616 4582 2769 4625 vana
2796 4566 3016 4638 dicunt,
3046 4583 3202 4626 vana
3228 4567 3410 4645 respi-

1872 4665 2050 4723 ciunt.
2096 4643 2394 4738 Accipiant
2430 4662 2576 4721 tales
2619 4661 2959 4736 exemplum
2986 4661 3143 4720 beati
3170 4667 3412 4723 Bernar-
3490 4671 3647 4714 axom-

1874 4759 1997 4817 dini
2018 4758 2120 4833 (a),
2149 4758 2252 4832 qui
2274 4773 2411 4815 cum
2427 4754 2663 4830 juvenis
2692 4759 2860 4829 esset,
2877 4760 2934 4813 et
2946 4755 3269 4830 plurimum
3282 4756 3412 4831 pul·
3437 4730 3576 4787 μω·

1872 4852 2031 4923 cher,
2063 4852 2225 4910 venit
2263 4850 2525 4925 quadam
2552 4853 2724 4908 nocte
2752 4849 2831 4908 ad
2869 4849 3179 4924 quoddam
3210 4848 3412 4924 hospi-

1872 4946 2046 5018 tium,
2062 4951 2125 5004 ut
2143 4944 2486 5020 quiesceret,
2511 4944 2616 5002 ubi
2633 4944 2906 5018 quoedam
2919 4942 3120 5018 puella
3136 4942 3407 5017 pulchra,

1877 5040 2022 5099 dum
2044 5042 2327 5114 juvenem
2349 5038 2682 5097 formosum
2708 5037 2957 5113 aspexit,
2984 5040 3156 5094 nocte
3181 5035 3265 5094 'ad
3284 5037 3412 5109 eJus

1942 5212 2008 5277 (α)
2041 5213 2189 5262 Forte
2217 5210 2315 5276 leq.
2348 5209 2621 5274 Bernardi,
2640 5208 2723 5260 vel
2748 5208 2980 5274 profecto
3006 5221 3176 5258 sermo
3202 5206 3286 5259 1116
3316 5210 3413 5260 Βο-

1875 5288 2176 5337 naventurae
2226 5283 2438 5334 minime
2485 5282 2762 5343 tribuatur,
2814 5279 3055 5332 defuncto
3107 5283 3315 5331 centum
3358 5286 3414 5332 et

1876 5371 1968 5408 sex
1995 5356 2144 5410 annis
2170 5358 2441 5421 antequam
2472 5351 2816 5405 Bernardinus
2850 5351 2933 5403 1116
2977 5350 3215 5403 Senensis
3239 5365 3415 5404 nasce-

1875 5435 2035 5491 retur.
2063 5429 2178 5481 vid.
2209 5428 2346 5485 dicta
2371 5427 2425 5483 in
2451 5432 2797 5493 antecessum,
2826 5423 3144 5479 Praet'ationis
3166 5423 3304 5477 loco.
