4059 6317
837 444 1218 513 DOMINICA
1254 441 1338 510 Ν
1380 440 1579 512 Pos'r
1619 438 1996 512 OCTAVAM
2038 439 2393 512 PASCHAE.
2437 440 2700 512 SFRMO
2741 443 2847 512 lv.

238 581 320 647 de
346 579 782 648 misericordia
821 582 933 652 Dei
979 584 1263 668 desperet
1289 581 1399 667 (a).
1446 580 1651 664 Major
1686 581 1782 644 est

237 692 381 774 ejus
435 688 907 772 misericordia,
966 707 1167 774 quam
1215 693 1435 755 nostra
1495 686 1776 754 miseria.

234 795 504 862 Tardius
537 796 853 881 siquidem
892 798 1147 865 videtur
1188 798 1249 863 ei
1289 796 1550 862 veniam
1586 796 1738 861 dare
1758 841 1778 873 ,

234 921 439 989 quam
465 904 783 988 peccatori
808 906 1115 989 accipere.
1134 927 1167 968 11
1192 904 1310 971 Hic
1334 903 1437 971 dic
1461 902 1780 986 quomodo

232 1011 305 1076 in
330 1011 661 1078 beneflciis
682 1012 1082 1082 naturalibus
1108 1017 1173 1080 et
1196 1009 1654 1095 temporalibus
1667 1058 1685 1090 ,
1716 1011 1782 1076 et

234 1120 802 1188 sacramentalibus
826 1125 891 1187 et
916 1121 1359 1206 spiritualibus
1379 1166 1400 1198 ‚
1430 1123 1495 1185 et
1518 1135 1783 1203 quomo-

233 1229 318 1295 do
358 1247 499 1296 non
549 1229 761 1298 solum
795 1231 1205 1314 iustificando
1250 1245 1622 1307 conversos,
1669 1226 1781 1294 sed

235 1337 433 1401 etiam
458 1336 531 1401 in
559 1337 886 1403 tolerando
928 1355 1262 1421 perversos
1279 1384 1301 1416 ,
1352 1333 1784 1400 misericordia

237 1442 488 1510 Domini
514 1443 705 1526 plena
728 1447 825 1509 est
853 1449 1023 1510 terra
1048 1465 1067 1508 ε
1096 1442 1410 1527 plurimos
1435 1441 1609 1508 enim
1633 1439 1783 1506 tole-

234 1549 427 1631 ravit,
457 1556 524 1615 et
555 1549 768 1615 adhuc
791 1550 1019 1617 tolerat
1040 1551 1111 1616 in
1139 1549 1404 1630 mundo,
1430 1549 1542 1633 qui
1568 1548 1781 1633 potius

228 1658 366 1739 J‘am
392 1656 699 1722 deberent
721 1657 944 1724 ardere
971 1659 1041 1722 in
1066 1658 1316 1724 interno
1336 1705 1354 1735 ‚
1383 1658 1440 1721 si
1482 1674 1615 1721 non
1653 1657 1778 1721 mi-

236 1761 578 1828 sericordia
602 1761 855 1828 Domini
897 1763 1087 1848 plena
1124 1765 1289 1828 esset
1318 1767 1511 1828 terra.
1556 1759 1780 1827 Nonne

236 1873 299 1934 et
324 1869 601 1952 maligni
633 1870 893 1954 spiritus
917 1872 1154 1954 passim
1178 1869 1473 1935 homines
1509 1865 1777 1953 jugula-

240 1980 403 2056 rent,
433 1976 601 2043 sicut
636 1976 796 2046 olim
840 1981 1085 2062 septem
1112 1976 1289 2043 viros
1312 1976 1544 2057 Sarae¹,
1573 1975 1627 2039 si
1649 1992 1780 2041 non

230 2084 672 2152 misericordia
686 2083 941 2150 Domini
953 2084 1143 2168 plena
1170 2087 1334 2150 esset
1345 2084 1553 2150 terra?
1572 2090 1597 2125 ¹
1618 2082 1780 2149 «ui-

236 2192 596 2259 sericordiae
638 2192 930 2274 Domini,
983 2192 1138 2277 quia
1178 2210 1311 2259 non
1353 2209 1582 2260 sumus
1623 2210 1776 2258 con-

241 2301 504 2385 sumpti.
537 2323 570 2361 11
1270 2357 1280 2366 .

314 2408 402 2474 De
424 2407 742 2487 secunde,
776 2407 1107 2474 Psalmista
1131 2414 1204 2472 ⁸:
1245 2430 1277 2472 ι
1314 2407 1567 2474 Iustitia
1592 2407 1782 2492 plena

236 2517 332 2581 est
356 2514 622 2580 dextera
646 2517 780 2580 tua.
809 2535 841 2574 1
877 2513 1131 2579 Justitia
1150 2513 1376 2597 utique
1399 2532 1532 2579 non
1568 2513 1781 2580 solum

235 2620 466 2706 impios
493 2620 801 2685 damnare
821 2620 1033 2699 babet,
1064 2619 1176 2684 sed
1200 2621 1395 2686 etiam
1428 2621 1569 2704 pios
1595 2637 1778 2686 coro-

232 2747 388 2793 nare
402 2727 427 2763 ⁸
453 2749 471 2794 2
493 2749 525 2789 c
553 2727 850 2812 Reposita
872 2732 969 2793 est
991 2726 1151 2791 mihi
1176 2744 1410 2793 corona
1428 2727 1720 2811 justitias,
1739 2747 1771 2788 1

235 2841 382 2914 etc„
411 2852 665 2918 usque:
703 2836 973 2917 «justus
995 2833 1220 2917 judex.
1262 2854 1295 2895 11
1320 2833 1480 2911 Quis
1509 2852 1778 2900 corona-

233 2941 325 3006 bit
339 2940 596 3025 justos?
622 2939 947 3024 numquid
969 2939 1299 3006 Abraham
1317 2986 1340 3018 ,
1369 2940 1475 3005 vel
1510 2940 1774 3022 Petrus,

231 3052 344 3114 aut
366 3046 684 3115 Joannes?
712 3045 855 3112 Non
882 3052 1071 3112 certe.
1114 3044 1441 3131 Numquid
1463 3065 1625 3130 ergo
1654 3048 1775 3114 Ga-

228 3156 388 3222 briel
411 3204 429 3236 ,
488 3159 602 3220 aut
652 3154 953 3220 Michaeli
1003 3153 1146 3221 Non
1200 3161 1393 3221 certe.
1451 3154 1778 3241 Numquid

212 3262 478 3348 Regina
503 3262 681 3328 coelii
710 3261 854 3329 Non
884 3263 1136 3348 utique3
1166 3263 1298 3329 imo
1313 3264 1537 3346 justus
1562 3265 1780 3333 Judex

231 3390 430 3437 manu
462 3389 585 3435 sua
609 3376 632 3413 ⁸
659 3391 674 3434 z
702 3393 735 3431 α
760 3370 1089 3454 Accipient
1115 3389 1395 3454 regnum
1423 3372 1689 3453 decoris,
1713 3377 1780 3438 et

231 3479 525 3546 diadema
551 3479 783 3564 speciei
808 3478 887 3544 de
916 3496 1115 3544 manu
1139 3478 1421 3558 Domini,
1450 3500 1482 3541 1
1502 3486 1621 3546 etc.
1651 3480 1779 3547 Un-

232 3587 309 3652 de
332 3588 502 3653 bene
527 3585 761 3652 dicitur
787 3586 811 3623 ⁸
831 3585 911 3653 de
936 3586 1069 3666 illo,
1096 3587 1209 3670 qui
1237 3588 1581 3654 vocabatur
1606 3587 1773 3670 fide-

240 3696 321 3762 lis
347 3701 409 3764 et
446 3710 677 3776 verax,
709 3699 767 3764 et
810 3710 954 3762 cum
976 3693 1248 3778 ‚iustitia
1262 3693 1525 3778 ‚iudicat
1557 3703 1620 3764 ee
1653 3712 1779 3779 pu·

229 3809 426 3887 onat,
471 3803 645 3888 quod
680 3827 713 3866 α
751 3802 1029 3870 babebat
1070 3802 1427 3870 diademata
1461 3803 1664 3869 multa
1706 3805 1777 3872 in

234 3911 462 3995 capite,
491 3914 558 3978 et
582 3910 874 3993 gladium
899 3927 984 3976 ex
1004 3912 1277 3993 utraque
1302 3913 1484 3993 parte
1512 3915 1775 3976 acutum

236 4018 306 4083 in
333 4035 469 4096 ore,
496 4040 528 4079 1
564 4022 684 4085 etc.
717 4016 994 4101 Require
1029 4017 1187 4084 feria
1213 4015 1401 4082 tertia
1422 4021 1566 4100 post
1608 4017 1776 4084 Pen-

235 4128 515 4191 tecosten
546 4125 619 4190 111
652 4124 1051 4210 expositione
1094 4124 1265 4191 intra
1307 4125 1378 4190 in
1426 4142 1768 4194 sermone:

243 4235 398 4304 Oves
428 4233 637 4302 illum.
842 4279 848 4286 .

314 4343 406 4409 110
421 4342 613 4410 tertio
634 4341 864 4408 dicitur
883 4340 991 4406 hic
1013 4360 1030 4405 z
1069 4339 1144 4407 Ut
1157 4339 1473 4424 panadium
1496 4346 1775 4410 vestrum

236 4454 327 4520 sit
358 4453 644 4536 plenum.
692 4449 872 4516 Hanc
916 4448 1380 4533 plenitudinem
1421 4451 1445 4490 ⁷
1493 4474 1525 4514 ι
1565 4470 1775 4536 neque

238 4560 460 4625 oculus
484 4558 670 4639 vidit,
696 4575 908 4641 neque
943 4556 1121 4622 auris
1160 4556 1428 4641 audivit,
1468 4577 1681 4644 neque
1700 4560 1773 4626 in

234 4684 342 4734 cor
368 4665 648 4736 hominis
671 4664 973 4730 escendit.
1012 4685 1045 4726 ι
1079 4663 1287 4743 Quam
1310 4666 1772 4749 plenitudinem

231 4772 552 4857 Propheta
587 4789 1007 4855 cognoscem,
1040 4773 1136 4840 ait
1167 4778 1189 4814 ⁸
1229 4794 1248 4838 z
1287 4796 1319 4835 c
1363 4773 1775 4857 Replebimur

231 4880 301 4946 in
325 4880 513 4947 bonis
538 4879 769 4960 domus
796 4884 953 4945 tuae.
984 4899 1017 4940 1>
1050 4879 1098 4945 0
1142 4884 1459 4964 quantum
1493 4881 1567 4967 (b)
1598 4901 1770 4966 gau-

230 4988 410 5055 dium
456 4991 621 5053 esset
659 4985 950 5054 mendico
971 5032 991 5066 ,
1041 4984 1097 5050 si
1136 4985 1396 5054 daretur
1436 4988 1499 5053 ei
1541 4989 1773 5058 domus

237 5095 423 5179 plena
448 5093 750 5160 omnibus
774 5093 977 5173 bonis,
1019 5109 1169 5175 quae
1194 5097 1413 5175 optare
1441 5095 1663 5162 vellet!
1692 5096 1772 5164 Et

298 5225 313 5257 ¹
346 5220 480 5284 rob„
514 5233 608 5285 111,
647 5223 722 5272 10.
746 5245 802 5256 -
831 5218 854 5252 ⁸
881 5217 1080 5281 Tho-en„
1107 5230 1198 5283 1¹1,
1225 5221 1273 5271 1.
1303 5244 1361 5257 -
1393 5220 1418 5255 ⁸
1439 5220 1579 5272 Pral.
1607 5234 1771 5290 mm,

234 5295 309 5343 11.
340 5319 396 5330 -
437 5293 455 5324 ⁴
488 5293 533 5343 11
573 5291 718 5355 Tim„
756 5300 832 5354 ur,
867 5293 916 5341 8.
939 5315 1001 5328 —
1031 5291 1055 5327 ⁸
1088 5290 1230 5355 Sap„
1261 5303 1317 5353 ν,
1347 5293 1423 5344 17.
1455 5319 1511 5330 -
1542 5294 1564 5326 ⁸
1595 5294 1768 5359 apoc„

231 5374 354 5427 ιιι,
386 5366 465 5415 15.
503 5389 567 5402 -
608 5363 626 5395 ²
668 5363 687 5413 1
727 5361 868 5414 cor..
910 5371 979 5424 11,
1020 5362 1070 5411 9.
1107 5386 1169 5399 —
1211 5359 1235 5397 ⁸
1271 5360 1411 5412 Psoi.
1452 5375 1597 5424 niv,
1631 5367 1679 5418 5.
1708 5391 1771 5406 —

234 5431 257 5472 ⁸
282 5433 321 5484 11
351 5432 524 5499 Eadm,
565 5444 648 5499 ιι,
687 5435 773 5485 25.
803 5456 864 5470 -
902 5430 944 5469 ¹·
970 5429 1137 5493 lona,
1175 5441 1285 5499 ιω,
1315 5436 1368 5486 2.
1397 5457 1461 5473 —
1499 5435 1537 5474 ¹·
1566 5435 1772 5502 Mami„

3314 448 3435 512 263

1890 594 2044 644 vere
2067 577 2158 643 sic
2181 578 2252 644 in
2277 578 2457 650 coelo.
2480 579 2659 648 Unde
2688 582 2761 666 (c)
2783 579 3173 650 intrantibus
3194 582 3434 650 terram

1891 685 2326 768 promissionis
2352 687 2587 754 dicitur
2617 690 2682 754 ⁹:
2712 712 2744 752 α
2767 688 3192 758 Possederunt
3212 687 3435 753 domos

1892 793 2116 877 plenas
2170 794 2471 861 omnibus
2513 798 2724 864 bonis.
2786 818 2818 859 1
2859 797 3093 864 Domos
3147 795 3434 878 intellige

1889 901 2070 982 illas,
2119 902 2200 966 de
2240 903 2477 987 quibus
2504 903 2549 941 ¹⁰
2584 927 2601 970 ε
2643 928 2676 967 α
2702 905 2778 974 111
2815 905 3020 988 1101110ι
3056 902 3260 970 Patris
3303 904 3430 970 mei

1888 1008 2258 1076 mansiones
2282 1009 2505 1077 multae
2530 1015 2704 1076 sunt.
2735 1031 2767 1072 1
2803 1009 2967 1076 Nota
3001 1008 3173 1093 quod
3198 1008 3433 1075 dicitur

1889 1118 2141 1183 cunctis
2169 1116 2372 1198 bonis,
2402 1117 2469 1183 id
2496 1122 2621 1195 est,
2651 1118 2838 1184 bonis
2864 1117 3060 1184 totius
3083 1116 3425 1197 Trinitatis,

1891 1222 2173 1288 maxime
2197 1223 2385 1290 bonis
2410 1224 2792 1308 angelorum
2811 1274 2830 1305 ,
2860 1225 3047 1290 bonis
3088 1224 3433 1309 propheta-

1889 1348 2041 1395 rum
2067 1334 2132 1396 et
2156 1331 2616 1414 apostolorum,
2646 1332 2833 1398 bonis
2863 1336 3245 1415 martyrum,
3277 1350 3428 1398 con-

1886 1437 2222 1520 fessorum,
2254 1438 2441 1504 bonis
2469 1439 2832 1522 virginum,
2859 1439 3030 1523 pleni
3056 1439 3300 1505 erimus
3325 1440 3370 1480 ¹¹
3398 1461 3425 1533 ‚³

1897 1567 1929 1606 α
1959 1544 2170 1630 Super
2196 1546 2413 1612 omnia
2431 1548 2607 1613 bona
2631 1548 2970 1614 constituet
2988 1565 3163 1613 eum.
3193 1567 3225 1606 1
3252 1545 3432 1612 Tunc

1888 1671 2051 1737 ergo
2099 1654 2223 1736 erit
2269 1655 2532 1740 plenum
2580 1657 2920 1738 gaudium.
2962 1655 3304 1724 Anselmus
3330 1656 3377 1697 ²⁸
3407 1677 3424 1718 ε

1897 1784 1929 1824 α
1985 1760 2182 1827 Pleno
2236 1763 2424 1828 corde
2441 1810 2459 1841 ,
2510 1763 2700 1847 plena
2746 1761 2997 1841 anima,
3057 1745 3251 1844 pleno'
3302 1764 3431 1825 toto

1886 1868 2152 1934 homine
2195 1869 2304 1936 1110
2344 1869 2584 1954 gaudio
2602 1917 2621 1949 ‚
2666 1870 2880 1938 adhuc
2926 1872 3218 1954 superest
3261 1885 3430 1951 gau·

1889 1977 2095 2044 dium.
2135 1999 2168 2040 11

1900 2099 1907 2104 ·
1967 2084 2058 2149 De
2104 2087 2333 2168 quarto
2361 2084 2406 2121 ¹⁸
2459 2106 2475 2151 ε
2517 2108 2549 2148 c
2600 2084 2852 2150 Tollent
2904 2102 3129 2154 omnes
3183 2083 3433 2150 labores

1886 2197 2055 2272 tuos,
2084 2196 2150 2258 et
2189 2191 2507 2258 dimittent
2541 2197 2606 2259 te
2639 2193 2919 2273 nudam,
2962 2196 3027 2258 et
3073 2192 3434 2278 ignominia

1886 2299 2142 2382 plenam
2156 2345 2173 2373 ‚
2220 2318 2252 2359 1
2284 2303 2432 2380 etc„
2464 2304 2530 2366 et
2564 2300 2776 2365 intra:
2814 2322 2846 2362 ι
2881 2299 3110 2365 Dolore
3146 2298 3430 2384 replebe-

1887 2406 2000 2487 ris,
2029 2406 2224 2472 calice
2249 2406 2542 2472 moeroris
2561 2410 2625 2471 et
2651 2406 2948 2486 tristitiae,
2977 2407 3170 2476 calice
3195 2408 3433 2472 sororis

1886 2519 2020 2580 tuae
2047 2513 2377 2580 Samariae.
2406 2536 2438 2576 1
2475 2512 2654 2580 Unde
2688 2513 2924 2582 dicitur
2955 2535 2972 2578 z
3021 2513 3260 2583 Tollent
3298 2529 3434 2582 om-

1884 2638 1997 2689 nes
2022 2622 2264 2689 labores
2291 2629 2454 2701 tuos,
2479 2621 2544 2687 id
2566 2624 2694 2698 est,
2721 2621 2894 2686 bona
2913 2622 3026 2686 tuo
3045 2619 3262 2687 labore
3286 2639 3434 2687 con-

1888 2734 2188 2814 gregata.
2219 2730 2342 2796 Res
2362 2731 2536 2794 enim
2559 2728 2783 2795 tollent
2809 2729 3131 2809 haeredes3
3164 2748 3397 2815 corpus
3411 2779 3431 2811 ,

1872 2857 2173 2918 „vermes3
2203 2839 2507 2919 animam,
2536 2838 2899 2903 daemones:
2931 2838 3065 2929 sola
3092 2839 3263 2904 enim
3291 2857 3432 2923 pec-

1886 2950 2026 3012 cata
2078 2945 2312 3012 animae
2377 2946 2824 3011 remanebunt.
2892 2943 3114 3011 Nudus
3175 2964 3435 3031 quoque

1883 3052 2240 3118 dimittetur
2259 3052 2478 3132 homo,
2506 3050 2590 3135 (d)
2623 3056 3027 3135 peccatorum
3055 3056 3434 3137 tegumento

1883 3163 2171 3243 tegetur,
2228 3159 2395 3243 quod
2446 3162 2541 3224 est
2583 3158 2943 3241 ignominia
2985 3163 3050 3226 et
3092 3160 3427 3226 confusio:

1883 3267 2050 3348 bene
2111 3285 2271 3350 ergo
2345 3265 2468 3333 erit
2529 3266 2887 3349 ignominia
2945 3270 3009 3332 et
3064 3266 3435 3334 confusions

1872 3373 2096 3458 plena.
2164 3373 2276 3439 Vae
2302 3422 2320 3454 ,
2376 3390 2478 3439 vae
2501 3421 2527 3454 ,
2598 3391 2702 3440 vae
2766 3374 3002 3439 animae
3053 3373 3433 3440 damnandae

1883 3482 1963 3547 de
2017 3481 2210 3548 calice
2271 3480 2652 3565 ignominias
2722 3480 2803 3548 de
2862 3480 3148 3565 quolibet
3199 3480 3270 3545 in
3321 3481 3430 3546 111-

1882 3591 2084 3656 terno.
2117 3588 2519 3655 Psalmista¹⁸
2563 3611 2578 3653 :
2609 3611 2641 3651 ι
2671 3588 2875 3671 Ignis,
2904 3587 3200 3673 sulphur,
3241 3609 3273 3650 1
3308 3594 3427 3656 etc.

1881 3697 2042 3763 Duae
2060 3702 2276 3766 autem
2302 3713 2550 3762 sorores
2579 3702 2730 3762 sunt
2756 3696 2974 3762 anima
2999 3700 3065 3762 et
3091 3714 3261 3776 caro,
3285 3715 3435 3781 quae

1885 3803 2085 3870 simul
2110 3805 2180 3867 in
2207 3808 2391 3869 utero
2419 3803 2616 3868 unius
2641 3803 2862 3868 matris
2905 3804 3165 3890 fuerunt
3200 3826 3216 3869 z
3263 3805 3436 3872 unde

1881 3930 2016 3978 una
2040 3928 2242 3990 soror,
2274 3909 2511 3975 scilicet
2534 3911 2754 3976 anima
2788 3911 3085 3977 damnata
3099 3958 3117 3988 ,
3145 3912 3327 3977 bibet
3354 3913 3435 3979 de

1881 4017 2074 4084 calice
2113 4015 2441 4096 moeroris,
2482 4035 2688 4100 usque
2720 4017 2790 4082 in
2822 4017 2993 4084 diem
3015 4017 3271 4101 iudicii;
3306 4018 3433 4084 alia

1880 4143 2084 4206 soror,
2116 4124 2353 4190 scilicet
2375 4141 2545 4206 caro,
2573 4128 2719 4210 post
2757 4124 3292 4190 resurrectionem
3333 4125 3431 4189 in·

1882 4231 2073 4315 cipiet
2098 4231 2316 4297 bibere
2346 4232 2425 4297 de
2455 4230 2749 4296 horribili
2773 4231 2967 4297 calice
3002 4249 3153 4298 cum
3181 4249 3422 4298 sorore.

1879 4338 2059 4405 Tunc
2086 4339 2366 4406 infelices
2388 4357 2662 4417 sororeS,
2688 4338 2906 4404 anima
2932 4342 2997 4404 et
3016 4356 3187 4420 caro,
3209 4338 3431 4405 bibent

1882 4448 2268 4531 generaliter
2311 4450 2382 4513 in
2426 4465 2617 4531 poena
2660 4447 2834 4531 quod
2876 4446 3072 4512 simul
3111 4450 3429 4534 perpetra-

1879 4558 2058 4635 runt,
2088 4574 2204 4622 seu
2229 4554 2693 4621 commiserunt
2715 4553 2789 4618 in
2810 4552 3020 4638 culpa.

2426 4731 2719 4803 SERMO
2764 4731 2879 4801 111.

1960 4879 2104 4963 Ipse
2143 4880 2316 4947 enim
2352 4878 2544 4946 Pater
2589 4885 2771 4948 amat
2797 4893 2909 4946 vos
2948 4878 3013 4957 ¹⁸,
3050 4880 3169 4944 etc.
3212 4875 3280 4943 Si
3304 4876 3431 4942 hoc

1881 4986 2146 5054 dixisset
2190 4986 2378 5052 nobis
2419 4986 2730 5071 propheta
2747 5033 2769 5065 ,
2817 4985 2921 5051 vel
2965 4984 3241 5068 angelus
3263 5031 3281 5065 ‚
3322 4984 3430 5050 vel

1884 5099 2088 5162 mater
2114 5093 2344 5160 Christi
2358 5141 2378 5173 ,
2415 5111 2659 5177 magna
2691 5092 3039 5160 consolatio
3078 5095 3279 5171 esset3
3316 5091 3429 5157 sed

1884 5224 2043 5273 mv,
2073 5213 2152 5263 117.
2179 5235 2237 5248 -
2265 5210 2305 5246 ¹²
2333 5209 2559 5261 Anselm.
2588 5235 2646 5248 -
2671 5210 2712 5246 ¹³
2740 5208 2942 5274 Erech„
2974 5221 3130 5272 xxm,
3159 5211 3240 5273 29,
3267 5211 3427 5261 33.-

1881 5287 1925 5323 ¹⁸
1951 5282 2093 5337 Psal.
2123 5294 2177 5347 x,
2200 5285 2252 5334 ’1.
2278 5308 2340 5321 -
2368 5284 2410 5320 ¹⁸
2433 5287 2605 5345 loon„
2627 5293 2740 5344 ινῐ,
2767 5284 2850 5334 27.

1947 5365 2021 5430 (α)
2052 5362 2200 5429 Apud
2226 5363 2356 5427 Aua.
2393 5362 2459 5415 de
2496 5361 2593 5414 Dei
2630 5360 2821 5427 pietate
2864 5360 3079 5413 diffidat.
3110 5388 3173 5403 -
3208 5359 3273 5428 (ὁ)
3303 5359 3425 5417 coeae.

1898 5436 2023 5490 edit.
2052 5448 2227 5504 quam.
2256 5460 2319 5481 ν-
2346 5433 2411 5501 (c)
2438 5433 2619 5508 Suppl-
2647 5432 2808 5492 ds.—
2827 5431 2892 5501 (d)
2909 5432 3089 5492 immo.
