4059 6317
784 426 904 491 {62
1869 412 2292 490 SERMONES
2327 419 2428 488 DE
2469 417 2863 494 TEMPORE.

782 565 888 628 tus
926 562 1187 632 estante
1222 572 1348 637 σω,
1390 561 1452 625 et
1492 553 1892 640 resplenduit
1938 557 2142 637 facies
2177 557 2316 639 eus
2425 561 2771 643 quodDeus
2803 586 2836 627 ι
2866 563 3301 645 divinatam,
3326 586 3358 627 ι»
3380 565 3903 650 etaltugusanmv

777 666 947 730 sicut
971 663 1066 730 sol
1081 684 1098 742 ;
1127 664 1507 730 vestimenta
1533 665 1745 727 autem
1781 660 1920 742 ejvs
1957 660 2134 740 facta
2159 666 2315 729 sunt
2424 688 2684 756 quoque
2711 674 2779 738 in
2808 693 3027 740 mensa
3053 676 3172 740 hos
3198 694 3423 741 versus
3448 676 3711 740 hahuit:

775 771 923 838 alba
947 774 1116 838 sicut
1148 771 1296 837 nix.
1328 768 1633 834 Dominus
1660 771 1877 832 noster
1897 767 1933 833 J
1935 786 2082 832 esus
2128 767 2315 834 Chri-

772 884 946 959 stus,
992 879 1075 944 ad
1127 876 1571 943 instruendum
1615 875 1785 958 quod
1846 874 2063 939 nullus
2107 880 2313 957 potest
2522 855 2758 922 Quisquis
2790 862 2928 910 amat
2959 860 3105 911 dictis
3136 860 3406 913 absentum
3432 861 3618 912 rodere
3646 860 3810 922 vitam,

2562 929 2706 980 Hanc
2738 944 2969 982 mensam
3001 932 3264 998 indignam
3293 935 3356 998 (a)
3384 934 3588 985 noverit
3612 945 3719 984 esse
3740 931 3837 981 sibi.

771 987 938 1052 clare
974 987 1193 1054 videre
1225 986 1426 1052 Deum
1464 985 1536 1048 in
1581 982 1841 1068 propria
1888 984 2270 1049 conscientia
2291 1033 2308 1065 ‚

768 1093 892 1157 nisi
919 1094 1126 1177 primo
1154 1093 1237 1157 sit
1262 1091 1544 1157 elevatus
1587 1090 1656 1154 in
1688 1088 1891 1154 Deum
1918 1108 2034 1172 per
2061 1095 2306 1155 menta·

751 1181 896 1266 'lem
918 1201 1319 1267 devotionem
1335 1249 1354 1279 ,
1405 1198 1632 1265 deinde
1681 1200 2112 1281 sequestratus
2138 1216 2178 1261 a
2202 1206 2310 1262 tu-

767 1310 980 1373 multu
1007 1306 1457 1392 temporalium
1498 1304 1995 1370 sollicitudinum
2025 1322 2141 1386 per
2165 1321 2306 1368 cor-

764 1416 860 1480 dis
886 1415 1340 1499 quietationem
1355 1460 1373 1492 ‚
1422 1411 1627 1478 voluit
1668 1410 1900 1475 ducere
1946 1409 2264 1492 apostolos
2285 1459 2304 1488 ,

760 1522 826 1588 id
852 1527 971 1600 est,
992 1519 1533 1603 contemplativos,
1565 1520 1640 1585 in
1657 1523 1934 1584 montem
1964 1517 2298 1599 excelsum,

758 1632 945 1716 quasi
990 1631 1297 1697 elevando
1336 1648 1446 1696 eos
1483 1646 1597 1712 per
1632 1645 1962 1692 excessum
2007 1627 2301 1691 mentalis

759 1740 1140 1819 devotionis3
1168 1754 1474 1812 seorsum,
1516 1734 1966 1819 sequestrando
1993 1752 2103 1800 eos
2127 1754 2167 1799 a
2190 1738 2294 1800 tu-

758 1848 972 1914 multu
984 1846 1305 1914 saecularis
1320 1843 1825 1928 inquietationis;
1851 1847 1915 1907 et
1933 1847 2084 1906 tunc
2096 1848 2301 1909 trans-

756 1954 1076 2037 fiquratus
1114 1959 1209 2021 est
1246 1958 1395 2019 ante
1433 1966 1558 2030 e08,
1591 1950 1671 2014 ad
1715 1949 2170 2014 ostendendam
2205 1950 2297 2014 eis

754 2061 1189 2126 excellentiam
1224 2077 1359 2125 suae
1397 2059 1635 2123 futurae
1678 2056 1927 2138 gloriae.
1975 2055 2099 2120 Sed
2142 2058 2296 2139 quia

754 2187 838 2235 ex
875 2169 996 2234 ista
1028 2169 1275 2234 visione
1314 2167 1533 2233 divina
1566 2164 2009 2247 contemplata,
2044 2164 2293 2228 inflam-

752 2282 968 2343 matur
992 2276 1208 2341 anima
1229 2274 1453 2340 ardore
1482 2272 1808 2337 charitatis
1854 2276 1918 2336 et
1956 2272 2287 2354 concupis·

749 2385 975 2476 centiae
991 2432 1010 2464 ,
1056 2388 1119 2449 et
1161 2381 1533 2447 dulcoratur
1572 2379 1843 2444 candore
1887 2379 2190 2442 castitatis
2228 2383 2292 2443 et

747 2492 1094 2577 pudicitiae,
1126 2509 1241 2575 per
1263 2490 1537 2554 nimium
1579 2504 1863 2552 amorem
1909 2486 2059 2550 solis
2091 2486 2289 2568 justi-

746 2601 874 2680 tiae,
904 2603 969 2666 et
994 2598 1329 2664 candorem
1374 2596 1537 2661 lucis
1582 2599 1838 2660 aetemae
1881 2616 1897 2658 ε
1942 2593 2085 2658 ideo
2130 2593 2285 2657 dici-

744 2713 853 2774 tur
877 2707 1049 2789 quod
1090 2704 1484 2789 resplenduit
1519 2705 1718 2784 facies
1761 2702 1900 2784 ejus
1946 2702 2119 2768 sicut
2156 2699 2282 2778 sol,

744 2818 1121 2882 vestimenta
1149 2818 1361 2881 autem
1388 2811 1525 2894 ejus
1551 2811 1726 2891 facta
1763 2813 1918 2876 sunt
1942 2809 2089 2874 alba
2114 2810 2285 2875 sicut

744 2924 894 2988 nix.
924 2919 1268 3003 Rogemus,
1302 2923 1425 2984 etc.

1270 3094 1559 3169 SERMO
1601 3096 1666 3167 V
1694 3109 1741 3163 ¹.

824 3244 1050 3313 Catelli
1088 3241 1286 3309 edunt
1338 3240 1419 3308 de
1464 3241 1684 3316 micis,
1731 3253 1876 3321 quoe
1918 3238 2163 3304 cadunt
2203 3237 2280 3305 de

739 3369 959 3422 mensa
981 3353 1030 3429 1,
1072 3354 1191 3416 etc.
1237 3347 1450 3413 Catelli
1492 3349 1642 3411 sunt
1669 3343 1947 3409 humiles
1987 3348 2273 3427 peccato·

738 3480 861 3528 re-S.
917 3458 1098 3524 Micae
1136 3460 1286 3521 sunt
1327 3453 1529 3519 verba
1568 3451 1714 3530 Dei,
1761 3451 1867 3516 vel
1918 3451 2274 3532 gratiarum

557 3603 714 3651 um„
738 3565 1288 3653 praegustationes.
1370 3559 1590 3625 Mensa
1652 3563 1749 3623 est
1813 3558 2216 3642 quadruplex
2249 3605 2269 3636 ‚

502 3669 698 3723 ‘mm‘
735 3672 1099 3752 materialis,
1127 3665 1495 3736 doctrinalis
1512 3713 1532 3742 ‚
1560 3666 2054 3744 sacramentalia,
2096 3670 2274 3730 aeter-

497 3730 616 3785 μοι.

736 3782 921 3848 nalis.

816 3893 904 3954 De
944 3887 1151 3971 prima
1175 3887 1198 3923 1
1230 3902 1249 3949 :
1287 3882 1569 3967 Cupiens
1605 3880 1895 3948 saturari
1936 3878 2014 3945 de
2055 3879 2266 3957 micis,

733 4005 852 4067 etc.
911 3998 984 4064 ln
1028 3998 1151 4061 hac
1195 4011 1416 4066 mensa
1457 3990 1718 4058 vitanda
1774 3992 1924 4054 sunt
1965 3993 2263 4070 quatuor.

732 4109 1026 4175 Primum
1047 4107 1142 4169 est
1166 4100 1323 4183 gula
1343 4118 1362 4180 ;
1393 4098 1743 4164 secundum
1761 4143 1783 4174 ,
1826 4094 2268 4159 immisericor-

728 4216 855 4281 dia.
878 4212 1056 4278 Unde
1082 4209 1199 4272 iste
1226 4206 1341 4291 qui
1367 4202 1689 4289 splendide
1706 4201 2086 4284 epulabatur
2112 4218 2266 4283 quo-

727 4323 901 4402 tidie,
930 4325 993 4385 et
1035 4316 1232 4382 micas
1257 4313 1492 4378 Lazaro
1523 4328 1660 4376 non
1694 4307 1885 4387 dedit,
1923 4330 1955 4368 <t
1980 4308 2264 4390 sepultus

724 4435 820 4498 est
857 4430 924 4491 in
960 4425 1209 4489 inferno
1248 4420 1293 4484 ⁸.
1330 4441 1362 4480 n
1408 4417 1674 4496 Quidam
1707 4415 1878 4480 enim
1925 4414 2069 4498 plus
2108 4414 2263 4479 dant

724 4537 1010 4612 canibus,
1043 4547 1238 4617 quam
1265 4525 1671 4612 pauperibus,
1718 4541 1869 4588 cum
1898 4526 2111 4587 tamen
2137 4520 2258 4587 Do-

722 4646 937 4710 minus
971 4640 1137 4706 dicat
1161 4638 1253 4702 eis
1286 4634 1396 4699 hic
1418 4635 1440 4670 ⁸
1472 4653 1489 4699 :
1539 4632 1690 4702 Non
1722 4634 1814 4697 est
1851 4628 2103 4708 bonum,
2135 4631 2254 4694 etc.

719 4751 1005 4816 Tertium
1036 4751 1132 4811 est
1154 4744 1415 4809 societas
1439 4738 1630 4804 mala.
1671 4736 1878 4802 Homo
1905 4753 2035 4799 non
2071 4735 2258 4801 debet

717 4866 934 4943 turpes
960 4848 1418 4921 commensales
1447 4846 1720 4911 habere:
1753 4844 1832 4909 de
1867 4843 2039 4907 malo
2082 4843 2254 4908 enim

715 4985 901 5035 servo
944 4960 1370 5029 manducante
1426 4970 1576 5017 cum
1635 4950 1899 5015 ebriosis
1935 4948 2168 5014 dicitur
2192 4950 2251 5029 ⁸,

774 5132 793 5167 ι
839 5127 987 5180 nune
1032 5127 1086 5175 et
1129 5119 1429 5184 sequentem
1475 5112 1628 5162 habet
1675 5124 1879 5175 quoque
1919 5109 2040 5160 edit.
2090 5109 2249 5161 Paris.

712 5216 800 5255 an.
830 5204 966 5252 152¹.
995 5222 1059 5236 --
1097 5195 1117 5226 ²
1144 5189 1346 5248 matth..
1383 5195 1471 5245 ιν,
1499 5187 1580 5233 27.
1609 5208 1669 5218 -
1702 5184 1722 5212 1
1755 5182 1891 5242 Luc..
1931 5192 2041 5244 xvi,
2073 5184 2154 5231 2¹.
2188 5206 2250 5219 -

709 5273 733 5310 1
760 5272 906 5332 thid„
935 5273 1015 5321 22.
1036 5292 1097 5305 -
1122 5266 1141 5296 ⁵
1169 5259 1370 5318 nauh„
1395 5267 1482 5319 xv,
1510 5257 1590 5305 26.
1612 5279 1674 5292 -
1702 5253 1724 5289 ⁶
1747 5254 1957 5316 xalta„
1991 5264 2136 5316 xxlv,
2166 5256 2247 5304 51.

708 5371 773 5384 -
799 5344 818 5376 2
842 5343 1073 5407 August„
1096 5334 1180 5387 vel
1216 5327 1445 5398 quisquis
1482 5325 1631 5388 alius,
1667 5323 1739 5376 ad
1774 5323 1918 5375 Frat.
1963 5324 2015 5371 in
2055 5337 2246 5385 eremo,

707 5429 864 5475 serm.
905 5425 1054 5476 xxvi,
1090 5410 1224 5460 inter
1253 5406 1421 5467 Opera
1453 5400 1684 5464 August„
1724 5394 1955 5460 Append.
1992 5398 2120 5445 tom.
2156 5398 2243 5447 Vl.

2502 1103 3013 1173 Abominabilius
3041 1113 3137 1174 est
3161 1110 3241 1176 ad
3260 1128 3548 1175 mensam
3568 1127 3684 1192 per
3717 1109 3912 1174 detran-

2415 1211 2652 1278 tionem
2691 1233 2991 1281 evomere
3032 1218 3305 1283 aliorum
3346 1219 3504 1283 vitia
3521 1267 3540 1296 ,
3577 1237 3765 1302 quam
3790 1234 3911 1300 pro·

2415 1315 2554 1397 pria
2579 1316 2818 1381 cibaria
2844 1323 2867 1360 1
2898 1341 2914 1382 :
2953 1342 2985 1380 <t
3003 1318 3236 1386 Omnes
3264 1339 3504 1387 mensae
3526 1322 3775 1404 repletae
3790 1324 3915 1385 sunt

2412 1422 2684 1499 vomitu,
2717 1427 2781 1488 et
2807 1424 3117 1490 sordibus.
3159 1448 3192 1487 n
3228 1426 3539 1504 Quartum
3581 1433 3677 1492 est
3717 1427 3915 1491 cibaria

2409 1527 2628 1592 illicita
2653 1529 2676 1565 ⁹
2721 1549 2740 1594 ε
2787 1553 2818 1591 «
2854 1530 2994 1597 Non
3040 1532 3183 1598 licet
3226 1533 3443 1611 nobiS‚
3489 1538 3603 1599 aut
3640 1534 3814 1600 edere
3852 1533 3915 1598 de

2410 1633 2582 1699 furto
2605 1635 2865 1719 aliquid,
2895 1642 3006 1702 aut
3035 1639 3428 1721 contingere.
3454 1661 3485 1700 s

2487 1739 2573 1805 De
2599 1744 2875 1808 secunda
2900 1763 3143 1825 mensa,
3178 1763 3326 1828 quae
3352 1751 3447 1811 est
3472 1745 3807 1829 Scripturae
3833 1745 3872 1782 ¹⁰
3898 1765 3911 1808 :

2416 1870 2448 1908 α
2476 1847 2650 1914 Pone
2667 1870 2859 1934 super
2885 1872 3173 1918 mensam
3203 1872 3397 1936 panes
3421 1854 3907 1937 propositionis,»

2406 1958 2525 2020 etc.
2558 1954 2770 2022 Mensa
2799 1958 2937 2024 baec
2980 1977 3212 2042 panem
3254 1965 3317 2024 et
3353 1978 3655 2025 coronam
3694 1959 3914 2037 habuit,

2402 2061 2567 2125 sicut
2596 2062 2831 2128 ibidem
2859 2065 3092 2130 dicitur
3124 2068 3202 2146 ¹¹,
3229 2066 3383 2148 quia
3406 2084 3586 2130 sacra
3613 2065 3916 2147 Scriptura

2402 2166 2469 2230 in
2497 2171 2793 2251 praesenti
2812 2189 2929 2236 nos
2954 2173 3181 2251 reficit,
3211 2173 3369 2238 etin
3394 2173 3609 2238 futuro
3638 2189 3917 2237 coronam

2399 2276 2709 2356 promittit
2743 2278 2789 2314 ¹²
2837 2296 2856 2342 ε
2909 2301 2941 2339 α
2964 2278 3190 2343 Darem
3230 2280 3322 2344 eis
3356 2298 3659 2345 coronam
3687 2297 3800 2363 pro
3839 2278 3918 2342 ci-

2394 2398 2572 2460 nere,
2602 2405 2632 2443 n
2681 2388 2798 2449 etc.
2828 2384 3072 2450 Corona
3095 2404 3249 2451 vero
3274 2390 3549 2469 quatuor
3573 2386 3793 2468 digitis
3809 2384 3920 2448 alta

2393 2486 2535 2565 suit,
2565 2489 2717 2572 quia
2734 2475 3082 2556 secundum
3105 2492 3390 2558 Glossam
3420 2493 3487 2572 ¹⁸,
3515 2516 3547 2553 κ
3566 2510 3683 2575 per
3704 2488 3917 2556 doctri·

2393 2612 2544 2659 nam
2562 2600 2837 2680 quatuor
2861 2600 3407 2681 evangelistarum
3441 2599 3522 2663 ad
3554 2600 3764 2681 ipsam
3789 2615 3919 2681 per·

2392 2703 2672 2768 venitur.
2690 2726 2722 2764 n
2745 2705 3023 2771 Aureola
3049 2712 3285 2787 autem,
3306 2724 3455 2789 quae
3482 2724 3677 2788 super
3704 2723 3921 2771 corona

2391 2810 2715 2891 fundatur,
2755 2812 2998 2877 doctori
3042 2813 3384 2896 Scripturae
3431 2812 3643 2878 datur.
3686 2813 3920 2878 Duode-

2391 2916 2515 2979 cim
2542 2933 2739 2999 panes
2783 2917 3229 3001 propositionis
3267 2918 3602 2983 duodecim
3631 2918 3920 2983 articulos

2391 3024 2539 3088 fidei
2566 3023 2958 3105 significant,
3003 3026 3115 3109 qui
3155 3025 3223 3089 in
3260 3024 3565 3109 symbolo
3612 3027 3921 3092 continen-

2387 3132 2518 3194 tur.
2569 3130 2849 3213 Signum
2908 3132 3130 3197 mortis
3171 3132 3450 3197 hominis
3494 3136 3630 3214 est,
3679 3133 3922 3217 quando

2388 3237 2586 3319 hujus
2615 3256 2852 3303 mensae
2895 3239 3069 3303 cibos
3111 3240 3276 3304 male
3326 3240 3603 3306 vivendo
3656 3240 3921 3306 retinere

2385 3360 2518 3407 non
2558 3348 2784 3427 potest.
2846 3343 3137 3410 Psalmus
3175 3345 3217 3381 ¹⁸
3258 3368 3274 3412 τ
3328 3370 3360 3408 α
3402 3346 3671 3413 Omnem
3720 3365 3919 3414 escam

2389 3450 2752 3517 abominata
2793 3456 2888 3517 est
2930 3452 3146 3518 anima
3191 3472 3440 3533 eorum,
3486 3457 3549 3519 et
3584 3456 3923 3538 appropin-

2384 3562 2749 3638 quaverunt
2771 3576 2978 3640 usque
3011 3559 3091 3624 ad
3121 3563 3334 3642 portas
3360 3561 3606 3625 mortis.
3651 3584 3682 3622 o
3716 3559 3788 3626 ln
3809 3562 3922 3626 hac

2387 3682 2611 3729 mensa
2635 3668 2728 3730 tot
2760 3669 2913 3730 sunt
2937 3666 3198 3746 fercula,
3231 3672 3389 3751 quot
3414 3674 3759 3752 praecepta,
3787 3687 3922 3734 con·

2385 3769 2546 3848 silis,
2572 3770 2861 3851 virtuteS,
2891 3775 2956 3837 et
2980 3773 3272 3856 exempla
3297 3775 3831 3841 commendantur
3853 3776 3919 3838 in

2383 3876 2736 3960 Scriptura.

2459 3983 2546 4049 De
2586 3986 2797 4066 tertia,
2830 3985 3117 4052 Psalmus
3143 3985 3190 4022 ¹⁸
3226 4008 3242 4050 ε
3275 4010 3308 4048 a
3337 3985 3580 4052 Parasti
3622 3990 3697 4053 in
3742 4008 3919 4056 cons·

2375 4096 2562 4173 pectu
2582 4110 2725 4157 meo
2750 4112 3064 4173 mensam,
3086 4116 3118 4153 ι)
3142 4097 3261 4158 etc.
3289 4093 3764 4163 Tribulationes
3786 4115 3923 4163 nos-

2376 4201 2489 4263 trae
2531 4202 2681 4263 sunt
2723 4199 3086 4279 daemones3
3121 4219 3362 4282 mensa,
3396 4201 3593 4268 altare
3631 4227 3649 4270 :
3684 4206 3756 4270 in
3800 4223 3925 4289 qua

2373 4304 2590 4387 panis,
2620 4324 2850 4390 corpus
2874 4309 2970 4372 est
3001 4306 3229 4372 Christi
3258 4311 3301 4350 ¹⁶
3333 4326 3351 4371 ε
3389 4332 3421 4370 α
3445 4308 3682 4377 Probet
3709 4317 3922 4377 autem

2372 4411 2651 4495 seipsum
2688 4413 2885 4479 homo
2902 4462 2924 4494 ‚
2956 4435 2987 4476 n
3020 4418 3142 4479 etc.
3185 4412 3407 4480 Oleum
3449 4417 3517 4479 in
3548 4419 3763 4502 capite
3784 4469 3803 4500 ‚
3834 4421 3928 4484 est

2372 4519 2580 4600 gratia
2625 4518 3019 4586 Sacramenti
3059 4522 3126 4585 in
3164 4525 3400 4587 mente.
3444 4522 3623 4589 Certe
3659 4546 3798 4591 non
3831 4531 3926 4592 est

2368 4626 2610 4692 bonum
2649 4646 2904 4696 sumere
2942 4646 3173 4712 panem
3198 4628 3479 4695 filiorum
3502 4679 3520 4711 ‚
3551 4632 3618 4697 id
3644 4639 3773 4712 est,
3806 4653 3921 4699 an-

2369 4734 2664 4816 gelorum
2685 4784 2705 4815 ‚
2733 4740 2797 4801 et
2832 4736 2984 4802 dare
3034 4737 3295 4802 canibus
3312 4785 3333 4817 ,
3370 4737 3437 4803 id
3481 4744 3609 4821 est,
3640 4740 3920 4807 sordidis

2366 4843 2823 4923 peccatoribus
2855 4843 2904 4910 Ο
2932 4848 3248 4928 quantum
3285 4850 3614 4927 peccatum
3640 4852 3914 4931 reputa-

2365 4971 2466 5017 res
2489 5001 2510 5033 ,
2544 4955 2598 5018 si
2643 4973 2874 5038 corpus
2910 4955 3141 5021 Christi
3181 4954 3323 5019 cani
3366 4955 3587 5021 dares!
3620 4958 3707 5023 Et
3751 4964 3921 5025 certe

2361 5118 2424 5131 -
2462 5096 2480 5127 1
2512 5096 2631 5160 Iso„
2670 5108 2869 5162 xxvm,
2913 5101 2965 5150 8.
3001 5125 3066 5137 —
3104 5099 3127 5135 ⁹
3167 5096 3298 5154 Tob..
3338 5109 3406 5162 11,
3434 5101 3515 5150 21.
3543 5125 3606 5137 —
3647 5101 3698 5139 ¹⁰
3726 5101 3916 5164 Emi„

2360 5177 2484 5230 xxV,
2513 5170 2593 5218 3⁰.
2613 5195 2675 5207 —
2703 5172 2742 5205 ¹¹
2772 5170 2925 5234 lbid.,
2958 5174 3036 5220 ll.
3062 5196 3126 5210 -
3152 5169 3197 5203 11
3222 5170 3342 5229 Iso„
3370 5182 3477 5232 ιιι,
3506 5173 3554 5219 3.
3577 5198 3631 5208 -
3668 5172 3717 5208 ¹⁸
3747 5173 3919 5224 Gloss.

2359 5235 2527 5286 interl.
2554 5237 2608 5287 in
2640 5240 2801 5290 Exod.
2831 5255 2876 5291 c.
2907 5251 3030 5290 xxv.
3056 5263 3119 5277 -
3145 5237 3188 5274 ¹⁸
3213 5238 3350 5289 Psal.
3379 5251 3486 5304 cvr,
3510 5243 3588 5291 ¹8.
3609 5267 3677 5279 —
3701 5243 3749 5280 11
3774 5243 3917 5294 psal.

2359 5318 2494 5371 ¹111,
2519 5312 2567 5358 5.
2593 5336 2658 5348 —
2692 5311 2729 5346 ¹⁸
2755 5313 2769 5360 Ι
2802 5310 2938 5375 Cor„
2968 5322 3044 5373 ιι,
3066 5311 3147 5360 28.

2423 5397 2491 5461 (a)
2516 5397 2599 5448 Al.
2628 5400 2857 5451 vetitam.
