4059 6317
1065 442 1167 508 DE
1208 438 1282 505 B.
1325 435 1719 503 GREGORIO
1763 434 2002 502 PAPA.
2047 432 2310 500 SERMO
2354 431 2431 496 ll.

145 585 262 643 niae
299 583 379 641 ad
420 581 816 658 sapientiam?
846 583 994 640 Nam
1038 577 1296 655 pecunia
1340 577 1428 634 est
1465 573 1696 632 honum

146 683 315 737 extra
332 697 352 751 ;
372 676 681 752 sapientia,
708 676 939 735 bonum
966 672 1155 732 intra:
1185 668 1437 746 pecunia
1463 667 1694 726 bonum

146 777 237 831 est
272 788 309 830 a
342 771 520 830 nobis
566 776 943 842 extraneum;
985 764 1275 840 sapientia
1315 764 1546 822 bonum
1588 777 1699 818 ve-

143 881 285 924 rum
313 886 327 923 2
359 864 615 941 pecunia
648 865 878 923 bonum
906 866 993 920 est
1026 859 1382 933 periturum,
1412 853 1699 929 sapientia

147 975 611 1035 permansurum
642 977 658 1016 ι
686 957 938 1032 pecunia
964 954 1126 1012 ducit
1154 952 1233 1011 ad
1268 953 1520 1010 mortem
1540 990 1559 1020 ‚
1592 946 1699 1005 sed

147 1054 444 1127 sapientia
476 1051 750 1127 perducit
785 1049 864 1109 ad
906 1047 1191 1123 requiem.
1237 1051 1417 1118 Ergo,
1457 1043 1507 1100 si
1542 1046 1702 1100 tanta

148 1150 349 1222 potest
382 1163 507 1204 esse
543 1161 685 1203 cura
710 1142 1140 1202 mercatoribus
1168 1139 1247 1197 ad
1273 1136 1701 1213 acquirendam

147 1240 350 1314 ipsam
369 1239 712 1314 pecuniam,
742 1240 966 1313 quanta
983 1235 1229 1294 deberet
1253 1248 1377 1291 esse
1398 1231 1479 1290 ad
1504 1229 1703 1304 acqui-

148 1333 411 1391 rendam
467 1331 818 1407 sapientiam
842 1332 871 1387 ‘t
922 1330 1011 1387 Sic
1068 1328 1227 1387 enim
1282 1325 1556 1384 scribitur
1608 1322 1628 1356 ¹
1684 1338 1700 1378 ε

157 1445 190 1481 ιι
216 1430 458 1497 BeatuS,
488 1426 593 1501 qui
622 1425 850 1483 invenit
893 1422 1274 1498 sapientiam,
1300 1424 1359 1478 et
1387 1418 1492 1494 qui
1519 1416 1707 1475 affluit

149 1519 519 1595 prudentia:
561 1519 806 1591 melior,
853 1536 883 1573 n
928 1516 1156 1592 inquit,
1195 1534 1226 1570 α
1272 1515 1360 1572 est
1394 1509 1704 1587 acquisitio

153 1616 287 1689 ejus
311 1615 390 1690 (a)
418 1614 567 1685 auri,
587 1617 644 1673 et
672 1612 896 1688 argenti
923 1610 1122 1687 primi,
1152 1613 1209 1668 et
1234 1607 1566 1685 purissimi:
1587 1627 1615 1660 1·
1651 1611 1710 1663 et

153 1708 352 1767 multa
380 1708 464 1766 ibi
503 1708 578 1766 de
617 1708 754 1766 hoc.
805 1710 872 1765 Et
896 1705 1165 1764 similiter
1198 1706 1220 1738 ²
1244 1705 1337 1779 (ὁ).
1370 1707 1499 1762 Non
1532 1702 1708 1760 istam

153 1801 512 1876 sapientiam
533 1801 757 1859 babent
773 1800 882 1859 filii
895 1798 1128 1865 mundI,
1147 1797 1254 1855 filii
1275 1795 1522 1868 diaboli,
1543 1793 1708 1870 quia,

155 1895 316 1954 sicut
344 1895 556 1953 dicitur
574 1896 630 1952 ³:
661 1913 691 1949 α
717 1894 1130 1968 Exquisierunt
1145 1890 1543 1966 prudentiam,
1576 1904 1710 1963 quse

157 1989 238 2047 de
269 1994 426 2048 terra
470 1993 588 2061 est,
629 1989 1026 2062 negotiatores
1067 1990 1234 2045 terrae
1249 2002 1269 2056 ;
1315 1983 1473 2042 viam
1512 1986 1710 2040 autem

157 2082 466 2158 sapientiae
497 2097 622 2140 non
647 2082 1003 2140 invenerunt
1031 2099 1046 2137 ι
1084 2083 1141 2137 et
1175 2081 1491 2153 propterea
1516 2076 1709 2150 perie-

156 2182 320 2238 runt.
350 2199 379 2232 π
412 2180 574 2237 lianc
602 2174 951 2250 sapientiam
977 2174 1201 2232 bonam
1229 2172 1412 2231 sancti
1444 2170 1541 2229 Dei
1568 2186 1714 2245 apo·

158 2272 302 2330 stoli
331 2271 697 2344 habuerunt,
735 2273 980 2346 propter
1019 2284 1202 2343 quam
1238 2265 1532 2325 mundum
1577 2279 1714 2322 cum

159 2367 289 2425 suis
315 2365 666 2424 hominibus
691 2363 1085 2438 reliquerunt.

237 2459 499 2519 Tertium
517 2500 538 2530 ‚
580 2457 747 2533 quod
784 2461 872 2516 est
909 2455 1304 2515 necessarium
1323 2497 1341 2526 ‚
1379 2456 1465 2511 est
1503 2452 1716 2512 animai

162 2558 387 2614 nostrae
410 2552 669 2628 perfecta
687 2550 1019 2610 humiliatio
1039 2568 1053 2608 z
1075 2548 1182 2607 ubi
1201 2548 1362 2607 enim
1387 2561 1716 2605 concavum

162 2647 515 2706 humilitatis
541 2661 666 2705 non
694 2649 811 2717 est,
840 2643 1130 2720 sapientia
1165 2658 1291 2701 esse
1330 2656 1454 2699 non
1481 2643 1714 2715 potest:

165 2740 319 2816 quia
358 2756 531 2815 aquae
568 2754 880 2813 nunquam
914 2740 1158 2796 currunt
1195 2735 1275 2794 ad
1320 2738 1585 2805 montes,
1612 2731 1719 2789 sed

165 2839 404 2894 tantum
435 2834 515 2892 ad
553 2833 739 2892 valles
768 2849 784 2890 :
820 2836 879 2890 et
903 2832 1189 2904 breviter,
1230 2829 1594 2902 ubicumque
1635 2829 1722 2884 est

166 2944 541 3000 concavum,
578 2926 722 2985 illuc
770 2928 857 2984 est
905 2925 1101 2984 fluxus
1154 2940 1466 2999 aquarum.
1516 2920 1680 2979 Unde
1699 2961 1721 2990 ,

167 3040 314 3083 cum
343 3021 675 3083 Alexander
702 3036 810 3079 rex
836 3035 874 3078 a
901 3019 1154 3094 Didymo
1171 3016 1531 3094 philosopho
1560 3031 1720 3090 quae·

164 3119 361 3189 reret,
402 3113 711 3190 quomodo
748 3115 949 3188 posset
984 3128 1109 3170 esse
1144 3111 1412 3186 sapiens,
1448 3109 1550 3167 ille
1588 3108 1670 3166 ait
1700 3125 1716 3162 z

174 3232 202 3261 ιι
219 3213 378 3267 Deus
394 3207 704 3283 potesttibi
721 3212 998 3283 praestare
1017 3204 1387 3280 sapientiam,
1403 3204 1510 3261 sed
1525 3208 1587 3260 tu
1600 3216 1724 3260 non

167 3303 396 3374 habes,
422 3305 488 3359 ut
523 3309 726 3360 teneas
755 3317 908 3359 eam.
929 3319 960 3354 w
996 3299 1159 3357 Unde
1200 3297 1413 3356 dicitur
1438 3297 1460 3332 ⁴
1496 3314 1511 3354 :
1557 3316 1588 3351 α
1614 3294 1724 3353 Ubi

169 3396 355 3456 fuerit
380 3396 689 3469 superbia,
719 3394 803 3453 ibi
833 3394 941 3453 erit
969 3398 1026 3452 et
1050 3390 1447 3450 contumelia:
1488 3390 1592 3448 ubi
1621 3407 1725 3448 au·

173 3494 299 3549 tem
319 3494 408 3548 est
426 3488 754 3561 humilitaS,
778 3487 865 3546 ibi
895 3491 954 3546 et
978 3485 1284 3561 sapientia.
1306 3504 1334 3539 »
1368 3482 1522 3553 Quid
1549 3481 1727 3556 igitur

173 3585 432 3655 mirum,
472 3583 523 3640 si
568 3581 1032 3658 sapientissimus
1071 3578 1384 3652 Gregorius
1407 3575 1517 3635 fuit
1533 3618 1554 3648 ,
1583 3577 1728 3651 quia

174 3677 555 3737 humillimus
576 3677 716 3735 fuit?
741 3679 892 3750 Lege
919 3676 983 3734 in
1007 3674 1280 3748 Legenda
1298 3672 1521 3748 ipsius,
1541 3687 1728 3747 quam

175 3771 486 3831 humiliter
530 3770 681 3829 inter
727 3769 1053 3828 monachos
1104 3766 1358 3840 vixerit3
1417 3763 1728 3840 quomodo

180 3868 240 3924 et
273 3880 582 3923 summum
618 3862 991 3939 pontificium
1029 3865 1153 3921 toto
1189 3876 1365 3935 posse
1409 3858 1727 3932 refugerit3

182 3963 479 4033 quantum
513 3958 692 4015 etiam
731 3957 795 4015 in
822 3957 953 4032 ipso
993 3970 1229 4014 summo
1270 3952 1468 4013 officio
1495 3969 1732 4028 semper

180 4051 581 4111 humilitatem
626 4051 932 4122 amaverit,
968 4054 1026 4109 et
1063 4067 1094 4108 e
1136 4052 1341 4108 contra
1389 4048 1731 4123 superbiam

184 4147 430 4207 oderit?
457 4145 573 4206 Sed
601 4145 734 4221 quis
759 4148 846 4204 est
869 4145 1072 4216 hodie,
1099 4144 1204 4219 qui
1230 4143 1418 4218 fugiat
1441 4143 1730 4215 honores,

185 4240 581 4301 contumelias
632 4240 826 4298 amet?
875 4237 1039 4297 Unde
1092 4236 1275 4297 hodie
1329 4236 1489 4295 bella
1506 4281 1527 4310 ,
1571 4235 1731 4294 unde

184 4338 354 4395 tanta
382 4335 627 4405 saevitia,
653 4333 768 4391 nisi
798 4349 875 4391 ex
900 4331 1246 4391 dominante
1273 4330 1574 4405 superbia,
1601 4346 1735 4405 quae

186 4445 330 4487 suos
360 4427 700 4504 superiores
734 4427 894 4498 odit,
930 4442 1105 4502 pares
1143 4423 1402 4496 invadit,
1428 4423 1737 4483 inferiores

186 4520 409 4598 premit
422 4523 453 4579 ‘t
479 4520 837 4595 Augustinus
860 4520 884 4556 ⁸
915 4535 930 4576 ε
969 4541 997 4573 α
1023 4519 1254 4578 Utinam
1281 4517 1520 4592 superbi
1549 4520 1736 4575 atten-

190 4619 424 4689 derent,
455 4618 622 4693 quod
649 4633 806 4692 saepe
834 4615 955 4674 alta
980 4616 1178 4674 calore
1206 4613 1519 4684 siccantur,
1547 4627 1736 4686 quan-

192 4714 276 4773 do
317 4713 536 4788 aliquis
574 4712 642 4789 (ο)
677 4711 1018 4771 humillima
1058 4709 1406 4773 conservat?
1432 4728 1461 4762 ι
1492 4712 1737 4766 Bernar-

193 4807 309 4866 dus
337 4809 361 4844 ⁸
390 4826 406 4865 ι
440 4826 469 4861 α
502 4805 794 4881 Superbia
835 4820 1014 4864 causa
1047 4807 1136 4862 est
1167 4801 1578 4862 subtractionis
1603 4817 1738 4876 gra-

192 4901 312 4975 tim,
339 4902 492 4961 sicut
515 4899 820 4959 humilitas
847 4902 933 4957 est
949 4913 1128 4958 causa
1150 4897 1335 4972 ipsius
1349 4895 1688 4972 proesentioe.
1704 4917 1733 4951 ι

260 5103 277 5136 ¹
309 5100 476 5157 Pron„
507 5110 588 5161 ιιι,
617 5100 867 5148 13·14.--
894 5097 912 5127 ²
941 5096 1084 5160 Sap„
1115 5107 1204 5158 vu,
1237 5098 1341 5147 8—9.
1361 5121 1421 5132 —
1444 5097 1466 5130 ³
1490 5097 1636 5157 Bar„
1661 5105 1737 5157 ιη,

198 5174 276 5223 23.
308 5196 375 5209 ·—-
399 5171 417 5201 ⁴
445 5170 614 5229 Prov„
644 5180 721 5232 11,
744 5170 793 5218 2.
815 5194 879 5206 -
904 5168 928 5204 ⁸
950 5176 1080 5231 Aug.
1111 5193 1165 5203 —
1195 5168 1218 5201 ⁶
1250 5168 1423 5228 Bern„
1449 5166 1519 5216 ad
1539 5166 1737 5216 Hearic.

198 5244 379 5293 Senon.
407 5267 469 5281 -
492 5242 515 5278 '¹
540 5240 826 5307 Chrysoun,
851 5241 904 5289 in
924 5243 1092 5305 lom„
1111 5240 1255 5290 hom.
1274 5250 1460 5301 xxvm,
1482 5239 1548 5289 at.
1577 5250 1740 5303 nvn,

199 5327 254 5365 n.
297 5317 348 5365 3.
394 5338 457 5352 -
497 5312 521 5349 ⁸
565 5313 708 5374 Bar„
752 5324 842 5374 ιιι,
889 5312 966 5362 Η.
1006 5336 1070 5348 -
1106 5312 1129 5347 ⁹
1167 5309 1285 5371 lob,
1327 5321 1526 5373 xxviii,
1568 5311 1643 5361 12.
1679 5334 1744 5348 —

204 5387 250 5423 ¹⁸
273 5389 449 5449 prov„
485 5398 555 5451 ιι,
598 5389 702 5437 345.
736 5411 796 5424 -
832 5388 869 5421 ¹¹
897 5386 1024 5448 lac„
1055 5394 1100 5448 ι,
1129 5386 1177 5434 5.
1205 5410 1270 5422 -
1304 5383 1345 5418 ¹²
1375 5383 1522 5447 Diog.
1556 5384 1744 5442 baert„

489 5494 638 5540 ‘1⁸0ss-
683 5493 819 5538 xm.

3226 437 3346 497 545

1803 570 1966 629 Unde
1995 570 2139 628 dicit
2163 569 2613 644 Chrysostomus
2636 568 2658 605 '¹
2689 585 2705 624 ε
2736 586 2764 621 α
2789 566 2950 626 Tolle
2975 566 3093 625 hoc
3115 566 3343 638 vitium,

1803 672 1870 727 ut
1894 670 2087 728 nolint
2111 667 2383 727 homines
2410 666 2653 739 gloriosi
2682 666 2903 739 videri,
2932 670 2989 725 et
3012 667 3240 742 absque
3263 667 3353 726 la·

1803 764 1951 822 bore
1979 766 2187 821 caetera
2212 762 2355 820 vitia
2377 765 2738 819 resecantur.
2777 781 2805 815 ω

1877 858 2096 927 Quarto
2125 854 2229 930 (d),
2260 855 2308 911 si
2341 854 2619 912 volumus
2645 870 2769 912 esse
2797 856 3121 928 sapientes,
3149 871 3353 915 neces·

1807 952 2028 1009 sarium
2084 954 2170 1007 est
2218 949 2394 1007 nobis
2452 948 2752 1024 sapientiae
2807 948 3131 1023 inquisitio.
3189 949 3353 1009 Unde

1809 1044 2024 1102 dicitur
2049 1045 2071 1079 ⁸
2096 1063 2111 1102 ε
2148 1062 2176 1097 α
2199 1042 2381 1111 Disce,
2402 1042 2505 1100 ubi
2536 1040 2611 1100 sit
2636 1042 2942 1117 sapientia.
2979 1063 3007 1097 υ
3029 1044 3356 1113 Quaerenda

1810 1137 1969 1195 enim
1997 1143 2084 1196 est
2110 1142 2232 1196 toto
2260 1136 2412 1193 velle
2432 1178 2450 1208 ‚
2481 1138 2603 1194 toto
2631 1151 2836 1211 posse,
2865 1141 2922 1195 et
2960 1137 3121 1194 omni
3145 1138 3357 1195 mentis

1810 1230 2206 1289 sollicitudine
2223 1273 2244 1302 ,
2287 1246 2362 1288 ne
2414 1246 2524 1304 per
2569 1230 2990 1303 negligentiam
3034 1231 3351 1289 amittatur.

1811 1323 2159 1399 Exemplum
2196 1324 2375 1398 hujus
2412 1328 2498 1381 est
2547 1324 2609 1381 in
2653 1328 2856 1383 sancto
2904 1326 3203 1398 Gregorio,
3253 1325 3356 1400 qui

1814 1424 2105 1494 quantum
2136 1416 2425 1476 studuerit
2456 1416 2792 1493 sapientiae,
2820 1421 2993 1477 testes
3033 1423 3169 1478 sunt
3193 1417 3354 1491 libri,

1814 1529 1967 1586 quos
1987 1511 2143 1570 fecit.
2174 1511 2337 1569 Unde
2365 1511 2613 1586 quidam
2643 1514 2820 1571 Poeta
2841 1531 2861 1569 ε

1846 1666 2053 1730 Absque
2081 1664 2260 1716 labore
2287 1664 2430 1729 gravi
2456 1678 2565 1715 non
2592 1678 2808 1716 munera
2837 1678 3023 1731 magna
3046 1665 3322 1720 dabuntur.

1941 1737 2148 1789 Gratior
2174 1740 2253 1788 est
2282 1736 2464 1800 plenus
2492 1735 2703 1787 utilitate
2725 1734 2895 1788 labor.

1889 1893 2028 1963 Quis
2073 1907 2343 1967 unquam
2382 1891 2509 1949 sine
2550 1891 2757 1949 labore
2797 1890 3013 1949 dives?
3053 1893 3191 1962 Quis
3237 1892 3361 1953 sine

1816 1985 2023 2045 labore
2050 1986 2315 2060 aliquam
2347 1990 2533 2044 artem
2560 1984 2811 2045 didicit?
2856 1989 3009 2060 Ergo
3047 1987 3182 2061 quis
3223 1988 3363 2045 abs-

1820 2096 1938 2155 que
1992 2079 2203 2139 labore
2257 2079 2492 2154 sapiens
2548 2094 2673 2138 esse
2727 2080 2990 2154 poterit?
3042 2082 3235 2155 Usque
3281 2080 3363 2138 ad

1822 2189 2004 2232 canos
2031 2174 2391 2248 quoesierunt
2420 2173 2650 2249 antiqui
2674 2173 3055 2248 sapientiam3
3085 2179 3143 2232 et
3167 2178 3362 2233 tamen

1821 2267 1998 2344 pauci
2027 2267 2378 2326 invenerunt
2397 2284 2550 2339 eam,
2581 2267 2723 2342 quia
2752 2268 2951 2326 locum
2977 2269 3105 2342 ejus
3126 2268 3364 2342 ignora·

1821 2365 2064 2435 verunt,
2094 2364 2152 2419 et
2183 2361 2345 2420 viam
2372 2377 2493 2436 qua
2516 2360 2813 2435 perveniri
2836 2365 3067 2436 poterat
3101 2363 3183 2421 ad
3209 2379 3363 2422 eam.

1824 2455 1988 2514 Unde
2037 2455 2247 2514 dicitur
2298 2455 2321 2491 ⁹
2372 2473 2386 2511 :
2449 2474 2478 2509 α
2526 2454 2822 2529 Sapientia
2863 2455 2971 2514 ubi
3019 2456 3315 2516 invenitur
3337 2460 3369 2515 i

1826 2557 1885 2610 et
1922 2552 2058 2628 quis
2094 2554 2182 2610 est
2236 2550 2402 2608 locus
2455 2549 2898 2624 intelligentiis?
2944 2552 3132 2611 Nescit
3182 2553 3367 2611 homo

1825 2646 2082 2721 pretium
2109 2645 2259 2717 eiua,
2306 2660 2418 2702 nec
2456 2644 2752 2703 invenitur
2801 2645 2864 2702 in
2912 2650 3066 2704 terra
3114 2645 3371 2705 suaviter

1826 2740 2154 2798 viventium
2173 2780 2194 2811 ,
2244 2759 2273 2793 ι
2322 2739 2387 2797 id
2434 2742 2521 2797 est
2571 2737 2883 2797 carnaliter
2933 2739 3259 2798 viventium
3316 2744 3372 2798 et

1830 2833 2098 2892 delicate.
2152 2836 2326 2906 Ergo,
2385 2832 2490 2907 qui
2542 2832 2673 2890 vult
2722 2832 3072 2908 sapientiam
3105 2834 3326 2893 habere
3348 2875 3370 2904 ,

1831 2932 1889 2986 et
1935 2928 2137 2986 locum
2187 2928 2315 3001 ejus
2367 2927 2667 2998 invenire,
2724 2943 2850 2985 non
2904 2930 3139 3002 oportet
3192 2927 3372 2985 lasci-

1829 3022 1984 3093 vire5
2023 3021 2132 3079 sed
2170 3036 2407 3079 necesse
2447 3022 2534 3078 est
2572 3019 2819 3093 vigilare
2840 3063 2861 3093 ,
2888 3024 2945 3078 et
2977 3019 3289 3092 laborare,
3317 3024 3376 3079 et

1833 3114 2043 3172 devote
2093 3130 2265 3173 orare
2280 3157 2298 3187 ,
2348 3119 2406 3172 et
2447 3130 2580 3172 eam
2624 3129 2661 3171 a
2695 3116 2814 3172 Deo
2857 3114 3136 3188 lacrymis
3170 3118 3373 3189 postu·

1832 3207 2024 3266 lare.¹⁰
2048 3206 2142 3266 «si
2156 3207 2504 3282 sapientiam
2516 3207 2908 3279 invocaveriS,
2927 3209 2985 3265 et
3000 3207 3375 3267 inclinaveris

1834 3317 1939 3360 cor
1976 3304 2148 3359 tuum
2185 3301 2547 3376 prudentiae3
2591 3300 2640 3358 si
2686 3300 2986 3376 quaesieris
3028 3317 3163 3360 eam
3205 3303 3377 3377 quasi

1834 3395 2182 3470 pecuniam,
2210 3399 2268 3453 et
2298 3396 2469 3471 quasi
2516 3396 2824 3454 thesauros
2867 3394 3144 3455 effoderis
3169 3396 3374 3470 illam;

1835 3494 1974 3546 tunc
2001 3489 2307 3548 seientiam
2336 3488 2433 3547 Dei
2461 3490 2725 3548 invenies
2750 3507 2767 3546 z
2799 3489 2942 3564 quia
2970 3490 3251 3548 Dominus
3277 3490 3380 3550 dat

1836 3582 2222 3658 sapientiam,
2250 3586 2309 3640 et
2336 3599 2409 3641 ex
2433 3599 2537 3642 ore
2565 3584 2691 3657 ejus
2715 3584 3035 3658 prudentia
3062 3587 3121 3642 et
3145 3584 3380 3659 sapien-

1834 3676 1936 3734 tia.
1959 3698 1987 3729 »
2010 3676 2174 3734 Unde
2204 3676 2417 3735 dicitur
2442 3678 2505 3734 in
2525 3678 2821 3736 Canonica
2851 3681 2895 3716 ¹¹
2928 3696 2944 3735 x
2975 3696 3006 3732 α
3026 3678 3134 3748 Qui
3155 3677 3383 3752 indiget

1838 3770 2161 3845 sapientia,
2191 3770 2447 3845 postulet
2469 3787 2507 3830 a
2532 3776 2651 3831 Deo
2668 3814 2687 3845 ,
2717 3771 2819 3846 qui
2863 3772 2964 3831 dat
2989 3772 3269 3832 omnibus
3296 3772 3382 3830 af-

1838 3865 2121 3936 fluenter,
2159 3869 2217 3922 et
2252 3881 2376 3922 non
2415 3865 2780 3940 improperat
2816 3884 2832 3924 ε
2879 3869 2938 3924 et
2975 3866 3215 3925 dabitur
3240 3866 3315 3925 ei.
3349 3885 3378 3923 a·

1839 3962 2027 4032 Ergo,
2056 3957 2161 4031 qui
2188 3956 2542 4031 sapientiam
2583 3974 2708 4016 non
2748 3960 2960 4033 habet,
2999 3963 3191 4035 potest
3215 3959 3383 4033 argui

1841 4051 2222 4127 negligentia,
2250 4053 2393 4126 quia
2418 4067 2545 4110 non
2562 4057 2648 4112 est
2665 4053 2927 4112 defectus
2949 4070 3026 4112 ex
3046 4057 3213 4131 parte
3240 4053 3387 4112 dan·-

1843 4150 1937 4220 tis,
1967 4148 2072 4207 sed
2099 4147 2297 4223 potius
2324 4147 2693 4221 negligentiS,
2726 4153 2783 4207 et
2808 4148 3082 4207 laborare
3108 4147 3383 4207 nolentis.

1843 4244 1990 4300 Nam
2009 4242 2087 4300 de
2106 4244 2340 4301 Socrate
2359 4245 2600 4300 narrant
2617 4242 2874 4302 historiar
2893 4245 2960 4314 ¹2,
2989 4242 3155 4318 quod
3181 4258 3389 4317 quam·

1844 4336 1935 4393 vis
1961 4334 2426 4409 sapientissimus
2467 4334 2675 4406 fuerit,
2700 4351 2808 4394 nec
2846 4335 2977 4411 ipso
3018 4353 3129 4395 suo
3158 4335 3323 4395 senio
3351 4351 3389 4407 a

1845 4429 2042 4487 studio
2078 4428 2344 4501 cessavit,
2374 4428 2521 4501 imo,
2550 4429 2866 4489 damnatus
2892 4430 2972 4489 ad
2998 4435 3280 4501 mortem,
3309 4430 3391 4488 ad

1848 4522 2317 4582 consolationem
2336 4521 2451 4593 sni,
2477 4522 2540 4580 in
2569 4539 2801 4581 carcere
2838 4524 3095 4599 positus,
3128 4524 3390 4597 disputa-

1846 4618 1950 4675 vit.
1997 4617 2163 4675 Unde
2218 4615 2480 4674 Valerius
2534 4616 2819 4677 Maximus
2863 4616 2941 4675 de
2987 4634 3060 4676 eo
3120 4617 3264 4676 dicit
3306 4618 3350 4653 ¹⁸
3369 4658 3392 4688 ,

1849 4710 2018 4787 quod
2029 4753 2053 4783 ,
2088 4730 2118 4762 <t
2145 4709 2288 4785 quia
2327 4710 2408 4768 ad
2433 4709 2785 4769 discendum
2811 4728 3044 4785 semper
3070 4728 3133 4769 se
3160 4726 3390 4786 paupe-

1848 4822 1978 4864 rem
2006 4803 2257 4863 credidit
2274 4846 2296 4875 ,
2323 4803 2402 4862 ad
2431 4803 2772 4863 docendum
2797 4804 2935 4863 fecit
2968 4821 3030 4863 se
3057 4803 3395 4880 locupletis-

1850 4899 2089 4956 simum.
2137 4918 2165 4952 n
2220 4897 2312 4956 Sic
2362 4897 2525 4956 enim
2568 4898 2757 4973 aliqui
2801 4896 3143 4973 philosophi
3195 4897 3394 4956 studio

1853 5011 1906 5062 in
1928 5011 2150 5133 Sgocrate,
2183 5012 2301 5062 ante
2324 5009 2413 5063 fin.
2435 5035 2500 5049 —
2531 5009 2571 5045 ¹⁸
2590 5008 2761 5062 valer.
2782 5010 2941 5073 Max„
2964 5009 3051 5061 lib.
3075 5010 3211 5074 vm,
3231 5024 3277 5061 c.
3302 5020 3393 5074 vu,

1854 5096 1909 5133 n.
1978 5117 1992 5132 .

1919 5162 1991 5224 (α)
2021 5157 2203 5221 Suppl.
2232 5157 2660 5221 negotiatione.—
2690 5157 2759 5220 (b)
2777 5156 2947 5221 Suppl.
2972 5158 3230 5222 Praeposui
3257 5156 3395 5207 illam

1855 5231 2029 5296 regnis
2071 5232 2124 5280 et
2150 5228 2385 5290 sedibus,
2426 5233 2475 5277 et
2511 5232 2692 5278 catera
2731 5242 2883 5293 usque
2910 5242 2924 5276 ε
2955 5232 3197 5292 tanquam
3233 5228 3397 5277 lutum

1854 5301 2189 5354 aestimabimr
2236 5303 2507 5361 argentum
2560 5298 2615 5349 in
2682 5299 3067 5362 comparatione
3124 5298 3275 5350 illius.
3335 5324 3397 5339 —

1859 5380 1920 5440 (c)
1957 5375 2109 5424 Forte
2146 5372 2245 5435 leq.
2284 5370 2437 5421 idem.
2470 5398 2532 5409 -
2572 5370 2642 5433 (cl)
2677 5370 2794 5435 Leq.
2823 5370 3087 5430 Quartum.

3039 5466 3118 5525 35
