4059 6317
652 538 692 598 6
1740 531 2157 599 SERMONES
2197 532 2299 598 DE
2342 532 2736 601 TEMPORE.
2784 549 2799 570 '

735 666 954 735 Primo
980 671 1157 737 venit
1178 673 1482 754 tanquam
1509 669 1815 736 mediator
1856 667 2185 750 gratiosis-

655 775 880 855 simus,
911 775 992 841 ad
1018 775 1375 840 exhibenda
1411 774 1688 840 remedia
1730 773 1900 856 pacis
1939 775 2001 837 et
2025 789 2184 836 con-

655 882 910 947 cordiae.
941 881 1019 947 Et
1030 882 1108 946 de
1128 882 1251 946 hoc
1266 881 1528 948 dicitur¹
1561 903 1576 946 ε
1606 881 1749 964 Ipse
1775 884 1869 947 est
1881 895 2023 963 pacc
2042 894 2187 945 nos-

657 995 796 1069 tra,
842 991 957 1073 qui
1003 989 1157 1070 fecit
1196 995 1464 1073 utraque
1508 1005 1743 1067 unum,
1793 995 1852 1054 et
1901 985 2190 1052 medium

652 1098 963 1180 parictem
1007 1098 1302 1162 macerioe
1352 1095 1597 1163 solvens
1618 1145 1634 1174 ‚
1685 1095 2078 1162 inimicitias
2119 1095 2192 1159 in

659 1219 848 1271 carne
874 1218 1026 1283 sua,
1056 1203 1247 1286 Icqem
1275 1201 1721 1270 mandatorum
1746 1203 1821 1269 in
1866 1202 1947 1284 (a)
1984 1199 2194 1266 decre-

663 1312 744 1378 tis
770 1325 1110 1377 evacuans.
1144 1310 1219 1375 Et
1248 1310 1537 1392 sequitur
1579 1331 1594 1374 :
1643 1309 1906 1375 Veniens
1934 1325 2194 1391 evanqe-

663 1418 901 1485 lizavit
926 1416 1108 1485 nobis
1127 1433 1370 1499 pacem.
1402 1416 1512 1482 Dei
1538 1415 1771 1496 Filius,
1813 1417 2196 1482 assumendo

662 1525 1019 1589 humanam
1042 1528 1341 1590 naturam
1365 1524 1435 1587 in
1471 1524 1715 1589 unitate
1742 1541 2029 1607 personae
2045 1572 2066 1603 ‚
2096 1524 2198 1603 fe-

665 1633 755 1699 cit
781 1637 1083 1713 utraque,
1132 1630 1365 1695 scilicet
1402 1631 1751 1697 divinitatis
1792 1635 1855 1695 et
1895 1631 2196 1695 humani-

668 1738 844 1818 tatis,
875 1755 1098 1818 unum,
1147 1738 1514 1805 sustinendo
1559 1738 1917 1803 voluntarie
1958 1738 2030 1820 (b)
2071 1743 2202 1803 tor-

672 1850 963 1911 mentum
995 1845 1200 1910 crucis
1226 1848 1289 1910 et
1323 1845 1546 1910 mortis
1588 1846 1669 1910 ad
1704 1863 1902 1928 quam
1942 1863 2074 1909 non
2119 1849 2207 1910 te-

672 1952 979 2033 nebatur,
1028 1970 1104 2017 eo
1153 1952 1322 2035 quod
1366 1953 1673 2017 immunis
1715 1959 1850 2017 erat
1901 1953 1982 2016 ab
2028 1953 2206 2017 omni

672 2064 969 2146 peccato:
999 2060 1332 2127 evacuavit
1356 2059 1673 2127 decretum
1698 2060 1933 2124 divinae
1960 2063 2208 2124 senten·

675 2169 785 2234 tiae
835 2168 913 2233 de
962 2166 1285 2232 clausione
1327 2170 1549 2251 januae
1605 2167 1912 2251 paradisi,
1965 2168 2212 2233 solvens

677 2276 962 2343 medium
1000 2275 1311 2357 parietem
1351 2273 1699 2339 inimicitiae
1740 2278 1805 2339 et
1846 2274 2208 2354 discordiae,

678 2383 792 2467 qui
820 2385 958 2447 erat
982 2383 1149 2446 inter
1173 2399 1290 2446 uos
1316 2384 1379 2447 et
1406 2381 1636 2460 Deum3
1675 2390 1739 2446 et
1764 2381 1870 2445 ille
1901 2381 2210 2461 Christus,

682 2495 990 2574 tanquam
1014 2507 1208 2555 verus
1237 2488 1546 2553 mediator
1574 2488 1859 2570 venienS‚
1890 2488 2214 2573 evangeli-

684 2599 869 2666 zavit
920 2613 1141 2680 pacem
1190 2600 1253 2661 et
1304 2595 1703 2660 concordiam
1756 2597 1924 2660 inter
1983 2615 2102 2661 nos
2156 2600 2219 2660 et

686 2706 890 2771 Deum
930 2722 1042 2787 per
1068 2703 1386 2786 seipsum,
1416 2708 1481 2767 et
1507 2720 1638 2768 non
1668 2722 1781 2786 per
1809 2703 2037 2784 alium,
2068 2704 2220 2787 quia

686 2830 820 2877 non
861 2811 1272 2893 congruebat.
1325 2810 1463 2875 Non
1508 2811 1681 2875 enim
1725 2811 2026 2892 angelus,
2072 2811 2223 2893 quia

691 2939 824 2987 non
852 2918 1147 2997 debebat3
1183 2935 1301 2981 nec
1328 2917 1518 2981 etiam
1550 2935 1663 3000 per
1685 2917 1807 2980 hoc
1833 2917 2067 2981 divinae
2085 2920 2222 2999 jus-

694 3027 851 3092 titiae
897 3028 1061 3090 esset
1103 3025 1510 3089 satisfactum.
1562 3023 1702 3089 Non
1743 3024 1913 3087 enim
1953 3024 2225 3105 angelus

693 3135 1104 3209 humanatus,
1125 3131 1237 3213 qui
1252 3131 1331 3194 ad
1349 3135 1594 3213 partem
1616 3129 1897 3193 bominis
1918 3134 2225 3213 tanquam

694 3240 777 3305 ad
810 3238 1133 3323 propriam
1170 3238 1477 3319 potuisset
1510 3237 1854 3303 declinasse
1887 3261 1901 3302 :
1934 3243 1995 3302 et
2036 3238 2226 3302 etiam

696 3347 891 3412 bomo
913 3363 1047 3410 nou
1070 3344 1460 3409 relevaretur
1486 3344 1562 3408 ad
1596 3343 1937 3426 pristinum
1962 3349 2220 3424 statum,

698 3456 768 3518 in
793 3470 926 3536 quo
951 3451 1066 3516 soli
1094 3451 1223 3516 Deo
1256 3451 1578 3533 subjectus
1604 3457 1761 3527 erat,
1795 3470 1870 3516 eo
1902 3452 2071 3535 quod
2118 3471 2231 3516 ra-

699 3561 871 3625 tione
880 3560 1038 3624 tanti
1050 3559 1337 3623 beneficii
1349 3558 1578 3640 angelo
1596 3560 1865 3622 multum
1883 3563 2225 3624 teneretur.

703 3666 843 3731 Non
864 3666 1080 3747 hom0,
1112 3666 1264 3748 quia
1284 3684 1415 3730 non
1442 3670 1686 3749 poterat
1711 3667 2040 3730 restituere
2068 3667 2234 3730 abla-

705 3778 868 3852 tum,
896 3792 972 3838 eo
996 3773 1162 3855 quod
1183 3774 1427 3856 primus
1452 3791 1680 3856 parens
1708 3773 1987 3838 amiserit
2005 3778 2068 3838 et
2095 3777 2237 3857 ejus

707 3882 942 3964 peccati
982 3881 1427 3945 innocentiam.
1476 3879 1615 3945 Non
1653 3881 1818 3945 Deus
1856 3881 1992 3945 sine
2033 3882 2239 3945 carnis

707 3987 1165 4071 assumptione,
1204 3988 1357 4070 quia
1396 4006 1528 4053 non
1573 3988 1785 4067 debet,
1828 3992 1890 4052 et
1929 3989 2120 4052 etiam
2159 3988 2238 4053 ab

707 4095 967 4159 homine
994 4098 1204 4177 posset
1230 4095 1452 4160 haberi
1479 4100 1826 4179 suspectus,
1866 4095 1988 4160 Sed
2022 4095 2235 4160 Chris-

708 4205 837 4279 tus,
868 4200 1032 4265 Deus
1058 4207 1120 4266 et
1151 4201 1384 4281 homo,
1441 4203 1552 4284 qui
1596 4203 1668 4266 in
1716 4207 2027 4285 quantum
2079 4203 2244 4268 Deus

710 4303 903 4383 valet,
934 4309 999 4367 et
1032 4304 1102 4367 in
1132 4310 1442 4387 quantum
1483 4306 1678 4371 homo
1720 4307 1923 4371 debet.
1975 4306 2120 4371 idco
2162 4308 2242 4371 ab

712 4410 929 4494 aliquo
946 4428 1075 4475 non
1088 4415 1290 4495 potest
1316 4412 1535 4478 haberi
1555 4416 1904 4495 suspectus,
1923 4411 1997 4476 Et
2014 4413 2138 4478 hoc
2153 4419 2246 4478 est

711 4519 882 4604 quod
909 4518 1060 4584 dicit
1085 4516 1440 4583 Bernardus
1466 4523 1487 4554 ²
1516 4541 1530 4583 ε
1557 4542 1587 4580 α
1610 4518 1786 4584 Unde
1816 4523 2058 4584 constat
2085 4521 2244 4584 mihi

711 4628 883 4711 quod
909 4627 1208 4691 liberator
1232 4644 1412 4691 meus
1430 4643 1840 4710 nequaquam
1870 4627 1949 4690 sit
1973 4628 2042 4690 in
2066 4633 2246 4710 parte

712 4735 1130 4802 declinando?
1157 4733 1249 4814 Si,
1287 4739 1358 4800 ut
1385 4734 1587 4799 dicitis
1619 4735 1688 4816 (c)
1729 4735 1772 4812 ⁸,
1820 4734 2103 4803 decrevit
2126 4737 2246 4803 mi-

712 4843 911 4908 sereri
968 4842 1159 4922 Deus,
1205 4845 1267 4905 et
1307 4841 1543 4922 cogitat
1579 4846 1654 4905 ut
1699 4841 2127 4924 complacitior
2165 4842 2248 4907 sit

716 4948 923 5013 adhuc
959 4971 974 5012 ε
1007 4948 1329 5013 exinaniat
1367 4947 1451 5030 (d)
1481 4967 1571 5027 se,
1611 4947 1903 5012 humiliet
1947 4967 2012 5013 se
2045 4951 2154 5031 (e),
2186 4956 2249 5015 et

778 5120 797 5153 ¹
822 5117 1025 5183 Ephe-s„
1063 5132 1134 5181 11,
1161 5119 1324 5170 14-17.
1359 5144 1420 5155 —
1454 5117 1473 5147 ²
1507 5118 1676 5180 Bern„
1714 5120 1767 5167 in
1796 5120 1963 5178 Cant„
2001 5134 2158 5171 serm.
2188 5133 2247 5184 11,

718 5204 770 5241 n.
799 5192 850 5241 6.
878 5216 940 5227 -
963 5190 982 5221 ³
1009 5189 1146 5241 Psal.
1170 5200 1350 5251 Lxxw,
1377 5191 1425 5240 8.
1453 5189 1556 5226 -'⁸
1579 5189 1739 5248 Cant„
1766 5201 1803 5254 ¹,
1830 5197 1877 5241 1.
1902 5217 1962 5228 —
1983 5194 2004 5227 ⁵
2030 5193 2159 5257 Ose„
2191 5206 2245 5256 x,

722 5263 798 5382 ἒξ.
829 5287 894 5383 9-
930 5262 949 5292 ·
978 5262 1092 5324 lca„
1130 5272 1283 5324 xxvi,
1316 5264 1391 5311 1⁰.
1422 5286 1481 5298 —-
1512 5261 1534 5295 ⁷
1560 5261 1891 5325 Jac.,11,13.
1932 5289 1994 5300 -
2019 5263 2043 5298 ⁸
2075 5265 2248 5327 lach„

784 5368 801 5396 ‚
863 5366 877 5381 .

783 5431 1016 5496 (a)Vulg.
1047 5432 1183 5483 deest
1210 5433 1280 5482 in.
1315 5434 1478 5483 Graec.
1508 5433 1557 5482 ἐν
1579 5431 1867 5495 Boni-am.—
1891 5433 1959 5498 (b)
1984 5434 2106 5484 Coet.
2127 5433 2245 5485 edit.

720 5502 1036 5558 voluntariae.
1056 5504 1188 5566 -(c)
1218 5505 1336 5556 Item
1365 5502 1529 5556 dicitis
1564 5504 1720 5554 enim.
1755 5532 1807 5541 -
1842 5505 1918 5567 (d)
1960 5505 2245 5557 Exinaniet.

2290 669 2608 737 osculetur
2629 685 2727 737 me
2746 670 2953 738 osculo
2978 671 3110 738 oris
3132 673 3241 739 sui
3263 678 3307 737 ⁸.
3341 672 3438 738 Sit
3465 674 3534 737 in
3560 674 3836 756 signum

2292 776 2486 858 pacm,
2507 777 2691 840 faciat
2714 778 2796 860 (f)
2819 777 2897 842 de
2923 797 3074 862 pace
3092 798 3413 861 securum,
3438 799 3523 845 ex
3544 799 3728 864 aequo
3747 781 3833 863 (9)

2294 884 2580 968 partibus
2605 903 2977 966 congruens
3004 886 3235 965 neutri,
3271 885 3350 968 (ἡ)
3374 887 3456 951 sit
3476 892 3834 970 suspectus,

2296 989 2587 1073 Suscipio
2626 991 2694 1074 (i)
2739 991 3148 1056 mediatorem
3185 992 3415 1058 Filium
3459 993 3600 1073 Dei,
3640 1012 3843 1077 quem

2296 1115 2576 1178 agnosco
2609 1116 2848 1162 meum.
2879 1097 3140 1164 Minime
3175 1099 3360 1181 plane
3392 1100 3464 1183 (j)
3499 1102 3635 1182 jam
3673 1100 3845 1164 mihi

2298 1223 2428 1268 non
2473 1205 2593 1269 erit
2643 1209 2971 1288 suspectus
2993 1253 3014 1285 ‚
3074 1205 3226 1287 quia
3276 1205 3472 1272 frater
3531 1225 3715 1273 meus
3778 1209 3846 1271 et

2300 1330 2446 1377 caro
2475 1330 2618 1377 mea
2639 1316 2753 1376 est.
2790 1334 2844 1371 »-

2381 1417 2671 1483 Secundo
2698 1418 2874 1483 venit
2901 1418 2980 1501 (k)
3013 1421 3323 1502 tanquam
3348 1418 3565 1484 doctor
3613 1438 3844 1500 verus,

2303 1526 2381 1590 ad
2408 1525 2616 1590 danda
2651 1525 3030 1591 documenta
3079 1526 3252 1609 pacis
3287 1529 3349 1590 et
3380 1525 3672 1609 justitias.
3703 1525 3852 1591 Un-

2303 1633 2383 1698 de
2427 1638 2449 1672 ⁸
2501 1655 2516 1696 :
2579 1631 2896 1698 seminate
2956 1633 3132 1700 vobis
3191 1634 3268 1699 in
3332 1627 3605 1701 veritate
3646 1633 3859 1715 ,iusti-

2308 1741 2470 1807 tiam
2509 1741 2598 1822 (l),
2642 1745 2703 1806 et
2754 1741 2969 1807 metite
3009 1741 3085 1807 in
3132 1755 3236 1808 ore
3285 1740 3748 1810 misericordiae
3797 1747 3859 1808 et

2309 1848 2603 1914 innovate
2655 1847 2833 1914 vobis
2877 1848 3140 1914 novalia
3166 1848 3266 1930 (m)
3305 1869 3327 1908 .·
3355 1854 3599 1930 tempus
3635 1853 3864 1915 autem

2309 1953 2686 2036 requirendi
2714 1955 3055 2021 Dominum
3094 1959 3218 2034 est,
3264 1971 3405 2021 cum
3445 1956 3690 2023 venerit
3731 1957 3866 2039 qui

2311 2058 2554 2125 docebit
2568 2073 2684 2125 nos
2692 2056 3050 2140 justitiam.
3074 2057 3417 2123 Dominum
3431 2058 3858 2142 requirimuS,

2315 2160 2471 2225 dum
2498 2165 2639 2244 ejus
2664 2162 2941 2244 gratiam
2971 2160 3387 2244 postulamus.
3431 2160 3556 2226 Sed
3598 2165 3863 2244 tempus

2317 2263 2673 2345 postulandi
2728 2263 2899 2327 illam
2957 2263 3239 2345 gratiam
3256 2311 3276 2342 ,
3329 2267 3406 2328 ut
3447 2283 3488 2327 a
3536 2266 3867 2328 vetustate

2320 2370 2524 2453 culpae
2549 2369 2958 2450 innovemur,
2998 2374 3115 2452 est,
3158 2389 3307 2434 cum
3347 2370 3602 2435 tandem
3632 2374 3720 2452 (η)
3752 2389 3869 2436 ve-

2320 2476 2484 2542 nerit
2504 2495 2675 2542 unus
2701 2477 2918 2542 doctor
2952 2477 3268 2556 ChristuS,
3299 2478 3415 2561 qui
3440 2478 3621 2542 docet
3657 2478 3868 2542 semi-

2323 2602 2479 2649 nare
2503 2586 2702 2650 verbo
2715 2589 2777 2650 et
2801 2585 2964 2660 facto
2991 2585 3324 2650 veritatem
3342 2583 3613 2668 justitiae
3650 2584 3720 2647 in
3744 2602 3873 2666 pu·

2325 2691 2587 2771 niendO,
2620 2696 2684 2756 et
2722 2692 3017 2774 pietatem
3059 2690 3506 2757 misericordias
3537 2693 3604 2755 in
3634 2692 3873 2756 remit-

2327 2799 2516 2863 tendo
2536 2820 2552 2862 ε
2583 2799 2739 2881 quia
2756 2799 2955 2882 pietas
2973 2798 3422 2864 misericordiae
3443 2799 3578 2863 sine
3596 2800 3876 2864 veritate

2321 2906 2589 2988 justitiae
2616 2906 2869 2989 culpam
2912 2925 3042 2972 non
3088 2907 3383 2986 aestimat,
3428 2907 3537 2970 sed
3580 2907 3871 2987 ignorat.

2331 3012 2508 3078 Unde
2534 3021 2557 3054 ⁶
2591 3034 2607 3075 ι
2642 3013 3009 3080 Miserearis
3037 3015 3259 3096 impio,
3287 3019 3348 3080 et
3372 3029 3502 3080 non
3529 3012 3732 3080 discet
3761 3016 3876 3094 fa-

2333 3137 2466 3186 cere
2479 3119 2837 3202 ,iustitiam
2867 3121 3020 3204 quia
3047 3122 3278 3187 veritas
3294 3121 3561 3204 justitiae
3584 3120 3721 3185 sine
3746 3125 3881 3204 pie·

2333 3232 2462 3291 tate
2498 3227 2944 3292 misericordiae
2983 3228 3108 3292 Deo
3151 3246 3556 3311 nequaquam
3600 3232 3697 3293 est
3743 3228 3882 3312 pla-

2337 3336 2460 3399 cita
2490 3358 2506 3399 2
2536 3336 2686 3417 quia
2713 3335 2736 3370 '¹
2762 3336 2901 3401 sine
2940 3336 3382 3403 misericordia
3404 3335 3736 3418 judicium
3765 3337 3885 3401 flet

2341 3445 2420 3520 ei,
2460 3444 2576 3524 qui
2619 3459 2749 3510 non
2796 3444 3017 3523 fecerit
3056 3442 3586 3510 misericordiam.
3634 3440 3885 3506 Tamen

2340 3549 2848 3616 misericordiam
2889 3550 2964 3631 (o)
3007 3550 3077 3613 in
3103 3549 3481 3614 remittendo
3512 3549 3692 3614 docet
3723 3550 3884 3614 doc-

2342 3656 2511 3719 trina
2552 3657 2634 3738 (p)
2665 3656 2895 3720 Christi
2940 3655 3417 3740 superexaltare
3432 3704 3453 3734 ,
3492 3655 3723 3719 scilicet
3761 3654 3791 3735 1·
3797 3673 3890 3720 u-

2345 3763 2591 3829 dicium
2623 3765 2690 3827 in
2745 3763 3063 3846 puniendo
3109 3783 3124 3825 t
3174 3767 3246 3827 ut
3297 3762 3388 3826 sic
3427 3767 3713 3846 peccator
3748 3779 3890 3826 non

2347 3870 2758 3936 exacerbetur
2784 3874 2846 3935 et
2875 3871 3163 3954 desperet
3197 3873 3454 3953 propter
3480 3869 3891 3935 severitatem

2342 3979 2495 4060 justi
2505 3977 2606 4041 tiae
2637 3997 2655 4056 ;
2729 3977 2837 4041 sed
2900 3978 2982 4042 ad
3049 3977 3483 4061 poenitentiam
3548 3977 3893 4041 inducatur

2350 4103 2496 4149 cum
2527 4085 2920 4166 benignitate
2941 4085 3410 4160 misericordiae‚
3447 4101 3594 4168 quae
3622 4082 3893 4147 faciliter

2327 4192 2574 4275 parcit.

2432 4299 2664 4380 Terti0,
2715 4300 2891 4366 venit
2935 4303 3239 4383 tanquam
3280 4317 3395 4364 rex
3441 4298 3849 4364 humillimus
3870 4349 3890 4378 ,

2354 4409 2434 4473 ad
2484 4407 2973 4472 demonstranda
3038 4405 3329 4488 exempla
3388 4405 3763 4470 humilitatis
3825 4412 3895 4473 et

2353 4515 2607 4597 inopiae.
2639 4514 2716 4578 Et
2748 4515 2826 4578 de
2859 4514 2983 4579 hoc
3015 4514 3246 4579 dicitur
3272 4519 3295 4554 ⁸
3327 4535 3343 4577 τ
3383 4513 3539 4580 Ecce
3578 4528 3695 4579 rex
3737 4519 3894 4580 tuus

2355 4625 2530 4689 venit
2553 4622 2673 4689 tibi
2701 4622 2926 4704 justus
2951 4628 3011 4690 et
3035 4622 3339 4701 salvator,
3368 4624 3507 4704 ipse
3549 4638 3788 4705 pauper
3829 4628 3896 4689 et

2356 4729 2699 4797 ascendens
2724 4745 2914 4811 super
2954 4731 3226 4796 asinam.
3262 4727 3398 4793 Rex
3433 4733 3649 4794 noster
3674 4727 3888 4794 Chris-

2356 4844 2482 4918 ωε,
2515 4839 2589 4901 ut
2613 4838 2962 4902 destrueret
2981 4837 3343 4920 superbiam
3373 4837 3566 4920 primi
3581 4836 3887 4916 bominis,

2357 4946 2561 5010 noluit
2587 4945 2805 5011 venire
2830 4945 3146 5009 fastuosus
3174 4948 3239 5008 et
3267 4944 3580 5027 superbus
3605 4945 3672 5007 in
3691 4944 3893 5008 curri-

2356 5054 2477 5117 bus
2501 5055 2566 5118 et
2590 5053 2771 5135 equis
2804 5052 3106 5131 faleratis3
3157 5052 3266 5116 sed
3307 5051 3568 5116 humilis
3606 5055 3669 5116 et
3712 5068 3891 5115 man-

2357 5245 2416 5255 —
2447 5217 2503 5281 (e)
2538 5215 2658 5266 Caet.
2695 5214 2815 5266 edit.
2845 5214 2983 5263 deest
3022 5227 3095 5264 se.
3122 5240 3182 5251 -
3217 5215 3281 5277 (s)
3324 5214 3445 5264 Goet.
3486 5211 3608 5263 edit.
3637 5213 3802 5265 faciet.
3829 5241 3890 5252 —

2362 5289 2427 5353 (9)
2455 5289 2648 5346 Quo.—
2680 5285 2752 5349 (h)
2777 5285 3028 5350 congruis
3058 5284 3262 5334 nullius.
3303 5311 3356 5321 -
3390 5283 3447 5348 (ι’)
3483 5285 3542 5336 Et
3572 5290 3790 5335 certum.
3828 5311 3887 5324 —

2357 5366 2371 5424 (
2383 5362 2426 5423 j)
2457 5358 2812 5410 Minimum.—
2833 5357 2903 5423 (k)
2930 5357 3126 5408 Veniet.
3149 5384 3211 5395 -
3238 5355 3302 5422 (Ι)
3330 5357 3479 5421 vulg.
3514 5359 3567 5407 in
3582 5357 3888 5423 justitia.—

2362 5435 2447 5494 (m)
2477 5431 2686 5482 Novale.
2716 5455 2777 5468 —-
2806 5431 2873 5494 (u)
2904 5429 3024 5480 Coet.
3052 5429 3172 5481 cdii.
3207 5433 3395 5482 tamen.
3419 5456 3479 5467 —
3505 5430 3567 5494 (ο)
3600 5430 3882 5481 Misericor-

2359 5505 2456 5556 dia.
2490 5530 2546 5541 —
2568 5505 2639 5568 (p)
2665 5505 2823 5554 Decet
2849 5500 3148 5552 doctrinam.
