<?xml version="1.0" encoding="UTF-8"?>
<!DOCTYPE html PUBLIC "-//W3C//DTD XHTML 1.0 Transitional//EN"
    "http://www.w3.org/TR/xhtml1/DTD/xhtml1-transitional.dtd">
<html xmlns="http://www.w3.org/1999/xhtml" xml:lang="en" lang="en">
 <head>
  <title>
</title>
<meta http-equiv="Content-Type" content="text/html;charset=utf-8" />
  <meta name='ocr-system' content='tesseract 3.04.00' />
  <meta name='ocr-capabilities' content='ocr_page ocr_carea ocr_par ocr_line ocrx_word'/>
</head>
<body>
  <div class='ocr_page' id='page_1' title='image "./srecardinalissb02peltgoog_0246.png"; bbox 0 0 4059 6317; ppageno 0'>
   <div class='ocr_carea' id='block_1_1' title="bbox 708 386 828 448">
    <p class='ocr_par' dir='ltr' id='par_1_1' title="bbox 708 386 828 448">
     <span class='ocr_line' id='line_1_1' title="bbox 708 386 828 448; baseline 0.017 -2"><span class='ocrx_word' id='word_1_1' title='bbox 708 386 828 448; x_wconf 75' lang='lat'><strong>21⁶</strong></span> 
     </span>
    </p>
   </div>
   <div class='ocr_carea' id='block_1_2' title="bbox 708 512 2247 1349">
    <p class='ocr_par' dir='ltr' id='par_1_2' title="bbox 708 512 2247 1349">
     <span class='ocr_line' id='line_1_2' title="bbox 710 512 2242 597; baseline -0.003 -16"><span class='ocrx_word' id='word_1_2' title='bbox 710 533 954 596; x_wconf 87' lang='lat' dir='ltr'><strong>mones,</strong></span> <span class='ocrx_word' id='word_1_3' title='bbox 985 515 1095 581; x_wconf 87' lang='lat' dir='ltr'><strong>sed</strong></span> <span class='ocrx_word' id='word_1_4' title='bbox 1118 515 1312 581; x_wconf 89' lang='lat' dir='ltr'><strong>etiam</strong></span> <span class='ocrx_word' id='word_1_5' title='bbox 1351 532 1578 581; x_wconf 90' lang='lat' dir='ltr'><strong>eorum</strong></span> <span class='ocrx_word' id='word_1_6' title='bbox 1616 515 1921 597; x_wconf 80' lang='lat' dir='ltr'>armigeri</span> <span class='ocrx_word' id='word_1_7' title='bbox 1947 512 2242 579; x_wconf 89' lang='lat' dir='ltr'><strong>homines</strong></span> 
     </span>
     <span class='ocr_line' id='line_1_3' title="bbox 708 621 2236 707; baseline -0.003 -19"><span class='ocrx_word' id='word_1_8' title='bbox 708 622 889 707; x_wconf 84' lang='lat' dir='ltr'><strong>impii</strong></span> <span class='ocrx_word' id='word_1_9' title='bbox 913 625 977 687; x_wconf 88' lang='lat' dir='ltr'><strong>et</strong></span> <span class='ocrx_word' id='word_1_10' title='bbox 1001 621 1308 687; x_wconf 87' lang='lat' dir='ltr'><strong>infideles.</strong></span> <span class='ocrx_word' id='word_1_11' title='bbox 1345 621 1630 705; x_wconf 89' lang='lat' dir='ltr'><strong>Fugiant</strong></span> <span class='ocrx_word' id='word_1_12' title='bbox 1654 626 1821 688; x_wconf 85' lang='lat' dir='ltr'><strong>certe</strong></span> <span class='ocrx_word' id='word_1_13' title='bbox 1848 621 2236 705; x_wconf 88' lang='lat' dir='ltr'><strong>gehennam,</strong></span> 
     </span>
     <span class='ocr_line' id='line_1_4' title="bbox 710 729 2239 815; baseline -0.003 -19"><span class='ocrx_word' id='word_1_14' title='bbox 710 733 776 796; x_wconf 91' lang='lat' dir='ltr'><strong>et</strong></span> <span class='ocrx_word' id='word_1_15' title='bbox 800 730 1234 814; x_wconf 83' lang='lat' dir='ltr'><strong>poenitentiam</strong></span> <span class='ocrx_word' id='word_1_16' title='bbox 1272 732 1290 765; x_wconf 90' lang='lat'>¹</span> <span class='ocrx_word' id='word_1_17' title='bbox 1334 750 1351 795; x_wconf 74' lang='grc' dir='ltr'><em>τ</em></span> <span class='ocrx_word' id='word_1_18' title='bbox 1390 754 1424 794; x_wconf 75' lang='grc' dir='ltr'><strong>α</strong></span> <span class='ocrx_word' id='word_1_19' title='bbox 1447 732 1502 795; x_wconf 83' lang='grc' dir='ltr'><strong>Α</strong></span> <span class='ocrx_word' id='word_1_20' title='bbox 1547 749 1702 797; x_wconf 87' lang='lat' dir='ltr'><strong>voce</strong></span> <span class='ocrx_word' id='word_1_21' title='bbox 1738 731 1968 815; x_wconf 87' lang='lat' dir='ltr'><strong>equitis</strong></span> <span class='ocrx_word' id='word_1_22' title='bbox 1999 733 2064 795; x_wconf 91' lang='lat' dir='ltr'><strong>et</strong></span> <span class='ocrx_word' id='word_1_23' title='bbox 2089 729 2239 793; x_wconf 84' lang='lat' dir='ltr'><strong>mit-</strong></span> 
     </span>
     <span class='ocr_line' id='line_1_5' title="bbox 711 836 2246 920; baseline -0.001 -18"><span class='ocrx_word' id='word_1_24' title='bbox 711 837 898 902; x_wconf 89' lang='lat' dir='ltr'><strong>tentis</strong></span> <span class='ocrx_word' id='word_1_25' title='bbox 926 836 1227 918; x_wconf 80' lang='lat' dir='ltr'><strong>sagittam</strong></span> <span class='ocrx_word' id='word_1_26' title='bbox 1267 838 1439 920; x_wconf 84' lang='lat' dir='ltr'><strong>fugit</strong></span> <span class='ocrx_word' id='word_1_27' title='bbox 1462 839 1672 902; x_wconf 92' lang='lat' dir='ltr'><strong>omnis</strong></span> <span class='ocrx_word' id='word_1_28' title='bbox 1696 838 1939 902; x_wconf 80' lang='lat' dir='ltr'><strong>civitas,</strong></span> <span class='ocrx_word' id='word_1_29' title='bbox 1976 859 2007 897; x_wconf 74' lang='lat' dir='ltr'>n</span> <span class='ocrx_word' id='word_1_30' title='bbox 2034 836 2246 920; x_wconf 84' lang='lat' dir='ltr'><strong>Eques</strong></span> 
     </span>
     <span class='ocr_line' id='line_1_6' title="bbox 711 945 2244 1028; baseline -0.002 -16"><span class='ocrx_word' id='word_1_31' title='bbox 711 949 803 1012; x_wconf 88' lang='lat' dir='ltr'><strong>est</strong></span> <span class='ocrx_word' id='word_1_32' title='bbox 824 945 1145 1024; x_wconf 88' lang='lat' dir='ltr'><strong>Christus;</strong></span> <span class='ocrx_word' id='word_1_33' title='bbox 1175 947 1416 1025; x_wconf 87' lang='lat' dir='ltr'><strong>civitas,</strong></span> <span class='ocrx_word' id='word_1_34' title='bbox 1445 947 1760 1025; x_wconf 82' lang='lat' dir='ltr'><strong>mundus3</strong></span> <span class='ocrx_word' id='word_1_35' title='bbox 1792 946 2045 1028; x_wconf 85' lang='lat' dir='ltr'><strong>sagitta,</strong></span> <span class='ocrx_word' id='word_1_36' title='bbox 2074 945 2244 1009; x_wconf 89' lang='lat' dir='ltr'><strong>dam-</strong></span> 
     </span>
     <span class='ocr_line' id='line_1_7' title="bbox 711 1052 2242 1136; baseline -0.001 -19"><span class='ocrx_word' id='word_1_37' title='bbox 711 1052 986 1118; x_wconf 81' lang='lat' dir='ltr'><strong>nationis</strong></span> <span class='ocrx_word' id='word_1_38' title='bbox 1012 1053 1322 1118; x_wconf 88' lang='lat' dir='ltr'><strong>sententia</strong></span> <span class='ocrx_word' id='word_1_39' title='bbox 1356 1054 1435 1118; x_wconf 92' lang='lat' dir='ltr'><strong>de</strong></span> <span class='ocrx_word' id='word_1_40' title='bbox 1458 1071 1613 1118; x_wconf 90' lang='lat' dir='ltr'><strong>arcu</strong></span> <span class='ocrx_word' id='word_1_41' title='bbox 1632 1054 1860 1136; x_wconf 88' lang='lat' dir='ltr'><strong>judicii</strong></span> <span class='ocrx_word' id='word_1_42' title='bbox 1898 1071 2091 1136; x_wconf 87' lang='lat' dir='ltr'><strong>super</strong></span> <span class='ocrx_word' id='word_1_43' title='bbox 2118 1052 2242 1115; x_wconf 90' lang='lat' dir='ltr'><strong>im-</strong></span> 
     </span>
     <span class='ocr_line' id='line_1_8' title="bbox 711 1160 2247 1246; baseline -0.002 -21"><span class='ocrx_word' id='word_1_44' title='bbox 711 1164 851 1246; x_wconf 89' lang='lat' dir='ltr'><strong>pios</strong></span> <span class='ocrx_word' id='word_1_45' title='bbox 878 1161 1207 1227; x_wconf 84' lang='lat' dir='ltr'><strong>mittenda.</strong></span> <span class='ocrx_word' id='word_1_46' title='bbox 1254 1161 1587 1227; x_wconf 80' lang='lat' dir='ltr'><strong>Psalmista</strong></span> <span class='ocrx_word' id='word_1_47' title='bbox 1611 1163 1636 1197; x_wconf 80' lang='lat'>²</span> <span class='ocrx_word' id='word_1_48' title='bbox 1667 1184 1684 1227; x_wconf 71' lang='grc' dir='ltr'>ι</span> <span class='ocrx_word' id='word_1_49' title='bbox 1721 1185 1754 1224; x_wconf 76' lang='grc' dir='ltr'>α</span> <span class='ocrx_word' id='word_1_50' title='bbox 1799 1161 1880 1226; x_wconf 88' lang='lat' dir='ltr'><strong>Ut</strong></span> <span class='ocrx_word' id='word_1_51' title='bbox 1915 1160 2169 1242; x_wconf 80' lang='lat' dir='ltr'><strong>fugiant</strong></span> <span class='ocrx_word' id='word_1_52' title='bbox 2207 1176 2247 1222; x_wconf 91' lang='lat' dir='ltr'><strong>a</strong></span> 
     </span>
     <span class='ocr_line' id='line_1_9' title="bbox 713 1270 1098 1349; baseline 0.005 -15"><span class='ocrx_word' id='word_1_53' title='bbox 713 1270 892 1349; x_wconf 79' lang='lat' dir='ltr'><strong>facie,</strong></span> <span class='ocrx_word' id='word_1_54' title='bbox 919 1291 952 1330; x_wconf 72' lang='lat' dir='ltr'>n</span> <span class='ocrx_word' id='word_1_55' title='bbox 982 1272 1098 1335; x_wconf 86' lang='lat' dir='ltr'><strong>etc.</strong></span> 
     </span>
    </p>
   </div>
   <div class='ocr_carea' id='block_1_3' title="bbox 1260 1444 1708 1515">
    <p class='ocr_par' dir='ltr' id='par_1_3' title="bbox 1260 1444 1708 1515">
     <span class='ocr_line' id='line_1_10' title="bbox 1260 1444 1708 1515; baseline -0.002 -1"><span class='ocrx_word' id='word_1_56' title='bbox 1260 1444 1548 1515; x_wconf 86' lang='lat' dir='ltr'>SERMO</span> <span class='ocrx_word' id='word_1_57' title='bbox 1591 1445 1708 1513; x_wconf 89' lang='grc' dir='ltr'><strong>ΠΙ.</strong></span> 
     </span>
    </p>
   </div>
   <div class='ocr_carea' id='block_1_4' title="bbox 719 1597 2274 5126">
    <p class='ocr_par' dir='ltr' id='par_1_4' title="bbox 719 1597 2261 2631">
     <span class='ocr_line' id='line_1_11' title="bbox 797 1597 2251 1684; baseline -0.003 -19"><span class='ocrx_word' id='word_1_58' title='bbox 797 1602 929 1667; x_wconf 82' lang='lat' dir='ltr'><strong>Fac</strong></span> <span class='ocrx_word' id='word_1_59' title='bbox 958 1616 1201 1666; x_wconf 79' lang='lat' dir='ltr'><strong>mecum</strong></span> <span class='ocrx_word' id='word_1_60' title='bbox 1224 1601 1481 1684; x_wconf 70' lang='lat' dir='ltr'><strong>siquam</strong></span> <span class='ocrx_word' id='word_1_61' title='bbox 1515 1601 1590 1666; x_wconf 83' lang='lat' dir='ltr'><strong>in</strong></span> <span class='ocrx_word' id='word_1_62' title='bbox 1619 1600 1849 1667; x_wconf 82' lang='lat' dir='ltr'><strong>bonum</strong></span> <span class='ocrx_word' id='word_1_63' title='bbox 1890 1601 1935 1663; x_wconf 86' lang='lat'><strong>⁸.</strong></span> <span class='ocrx_word' id='word_1_64' title='bbox 1968 1597 2251 1665; x_wconf 80' lang='lat' dir='ltr'><strong>Verbum</strong></span> 
     </span>
     <span class='ocr_line' id='line_1_12' title="bbox 720 1705 2250 1790; baseline -0.001 -19"><span class='ocrx_word' id='word_1_65' title='bbox 720 1707 888 1772; x_wconf 88' lang='lat' dir='ltr'><strong>istud</strong></span> <span class='ocrx_word' id='word_1_66' title='bbox 917 1710 1014 1773; x_wconf 90' lang='lat' dir='ltr'><strong>est</strong></span> <span class='ocrx_word' id='word_1_67' title='bbox 1037 1706 1184 1772; x_wconf 91' lang='lat' dir='ltr'><strong>Filii</strong></span> <span class='ocrx_word' id='word_1_68' title='bbox 1209 1708 1289 1773; x_wconf 91' lang='lat' dir='ltr'><strong>ad</strong></span> <span class='ocrx_word' id='word_1_69' title='bbox 1329 1705 1582 1772; x_wconf 89' lang='lat' dir='ltr'><strong>Patrem</strong></span> <span class='ocrx_word' id='word_1_70' title='bbox 1608 1726 1725 1790; x_wconf 90' lang='lat' dir='ltr'><strong>pro</strong></span> <span class='ocrx_word' id='word_1_71' title='bbox 1765 1724 1884 1772; x_wconf 88' lang='lat' dir='ltr'><strong>sua</strong></span> <span class='ocrx_word' id='word_1_72' title='bbox 1927 1724 2250 1771; x_wconf 87' lang='lat' dir='ltr'><strong>resurrec-</strong></span> 
     </span>
     <span class='ocr_line' id='line_1_13' title="bbox 719 1813 2254 1893; baseline -0.001 -14"><span class='ocrx_word' id='word_1_73' title='bbox 719 1815 894 1880; x_wconf 83' lang='lat' dir='ltr'><strong>tione</strong></span> <span class='ocrx_word' id='word_1_74' title='bbox 921 1815 1257 1880; x_wconf 87' lang='lat' dir='ltr'><strong>monentis.</strong></span> <span class='ocrx_word' id='word_1_75' title='bbox 1291 1814 1340 1879; x_wconf 91' lang='grc' dir='ltr'>Ο</span> <span class='ocrx_word' id='word_1_76' title='bbox 1373 1816 1467 1878; x_wconf 91' lang='lat' dir='ltr'><strong>mi</strong></span> <span class='ocrx_word' id='word_1_77' title='bbox 1497 1819 1708 1879; x_wconf 89' lang='lat' dir='ltr'><strong>sancte</strong></span> <span class='ocrx_word' id='word_1_78' title='bbox 1744 1813 1951 1893; x_wconf 86' lang='lat' dir='ltr'><strong>Pater,</strong></span> <span class='ocrx_word' id='word_1_79' title='bbox 1993 1815 2088 1878; x_wconf 81' lang='lat' dir='ltr'><strong>fac</strong></span> <span class='ocrx_word' id='word_1_80' title='bbox 2117 1832 2254 1878; x_wconf 90' lang='lat' dir='ltr'><strong>me·</strong></span> 
     </span>
     <span class='ocr_line' id='line_1_14' title="bbox 723 1922 2254 2007; baseline -0.001 -20"><span class='ocrx_word' id='word_1_81' title='bbox 723 1941 871 1988; x_wconf 92' lang='lat' dir='ltr'><strong>cum</strong></span> <span class='ocrx_word' id='word_1_82' title='bbox 899 1922 1165 2004; x_wconf 87' lang='lat' dir='ltr'><strong>signum</strong></span> <span class='ocrx_word' id='word_1_83' title='bbox 1192 1923 1370 1987; x_wconf 83' lang='lat' dir='ltr'><strong>Jonae</strong></span> <span class='ocrx_word' id='word_1_84' title='bbox 1398 1922 1748 2007; x_wconf 76' lang='lat' dir='ltr'><strong>prophetae,</strong></span> <span class='ocrx_word' id='word_1_85' title='bbox 1778 1922 1948 2006; x_wconf 87' lang='lat' dir='ltr'><strong>quod</strong></span> <span class='ocrx_word' id='word_1_86' title='bbox 1970 1925 2108 2006; x_wconf 87' lang='lat' dir='ltr'><strong>jam</strong></span> <span class='ocrx_word' id='word_1_87' title='bbox 2136 1923 2254 1986; x_wconf 82' lang='lat' dir='ltr'><strong>fac-</strong></span> 
     </span>
     <span class='ocr_line' id='line_1_15' title="bbox 725 2030 2256 2114; baseline 0 -20"><span class='ocrx_word' id='word_1_88' title='bbox 725 2035 866 2095; x_wconf 91' lang='lat' dir='ltr'><strong>tum</strong></span> <span class='ocrx_word' id='word_1_89' title='bbox 914 2032 1007 2094; x_wconf 89' lang='lat' dir='ltr'><strong>est</strong></span> <span class='ocrx_word' id='word_1_90' title='bbox 1040 2030 1110 2093; x_wconf 91' lang='lat' dir='ltr'><strong>in</strong></span> <span class='ocrx_word' id='word_1_91' title='bbox 1153 2031 1354 2114; x_wconf 87' lang='lat' dir='ltr'><strong>capite</strong></span> <span class='ocrx_word' id='word_1_92' title='bbox 1373 2078 1393 2110; x_wconf 92' lang='lat'>‚</span> <span class='ocrx_word' id='word_1_93' title='bbox 1445 2034 1509 2095; x_wconf 86' lang='lat' dir='ltr'><strong>et</strong></span> <span class='ocrx_word' id='word_1_94' title='bbox 1547 2030 1757 2096; x_wconf 88' lang='lat' dir='ltr'><strong>adhuc</strong></span> <span class='ocrx_word' id='word_1_95' title='bbox 1787 2032 1898 2094; x_wconf 86' lang='lat' dir='ltr'><strong>flet</strong></span> <span class='ocrx_word' id='word_1_96' title='bbox 1938 2030 2007 2093; x_wconf 89' lang='lat' dir='ltr'><strong>in</strong></span> <span class='ocrx_word' id='word_1_97' title='bbox 2052 2047 2256 2094; x_wconf 92' lang='lat' dir='ltr'><strong>mem-</strong></span> 
     </span>
     <span class='ocr_line' id='line_1_16' title="bbox 726 2136 2252 2219; baseline -0.001 -16"><span class='ocrx_word' id='word_1_98' title='bbox 726 2137 880 2203; x_wconf 88' lang='lat' dir='ltr'><strong>bris.</strong></span> <span class='ocrx_word' id='word_1_99' title='bbox 911 2136 1162 2203; x_wconf 90' lang='lat' dir='ltr'><strong>Bonum</strong></span> <span class='ocrx_word' id='word_1_100' title='bbox 1188 2138 1450 2219; x_wconf 86' lang='lat' dir='ltr'><strong>signum</strong></span> <span class='ocrx_word' id='word_1_101' title='bbox 1481 2142 1578 2203; x_wconf 90' lang='lat' dir='ltr'><strong>est</strong></span> <span class='ocrx_word' id='word_1_102' title='bbox 1601 2137 1978 2203; x_wconf 88' lang='lat' dir='ltr'><strong>resurrectio</strong></span> <span class='ocrx_word' id='word_1_103' title='bbox 2001 2137 2252 2202; x_wconf 77' lang='lat' dir='ltr'><strong>Christi.</strong></span> 
     </span>
     <span class='ocr_line' id='line_1_17' title="bbox 727 2243 2258 2329; baseline 0 -21"><span class='ocrx_word' id='word_1_104' title='bbox 727 2243 837 2309; x_wconf 90' lang='lat' dir='ltr'><strong>Est</strong></span> <span class='ocrx_word' id='word_1_105' title='bbox 858 2244 1031 2309; x_wconf 90' lang='lat' dir='ltr'><strong>enim</strong></span> <span class='ocrx_word' id='word_1_106' title='bbox 1068 2245 1331 2327; x_wconf 89' lang='lat' dir='ltr'><strong>signum</strong></span> <span class='ocrx_word' id='word_1_107' title='bbox 1361 2245 1588 2327; x_wconf 81' lang='lat' dir='ltr'><strong>gloriae</strong></span> <span class='ocrx_word' id='word_1_108' title='bbox 1631 2249 1772 2329; x_wconf 88' lang='lat' dir='ltr'><strong>ejus</strong></span> <span class='ocrx_word' id='word_1_109' title='bbox 1815 2247 1884 2309; x_wconf 89' lang='lat' dir='ltr'><strong>in</strong></span> <span class='ocrx_word' id='word_1_110' title='bbox 1926 2245 2119 2325; x_wconf 83' lang='lat' dir='ltr'><strong>coe10,</strong></span> <span class='ocrx_word' id='word_1_111' title='bbox 2168 2244 2258 2309; x_wconf 91' lang='lat' dir='ltr'><strong>si·-</strong></span> 
     </span>
     <span class='ocr_line' id='line_1_18' title="bbox 730 2351 2257 2435; baseline 0.001 -19"><span class='ocrx_word' id='word_1_112' title='bbox 730 2369 939 2434; x_wconf 90' lang='lat' dir='ltr'><strong>guum</strong></span> <span class='ocrx_word' id='word_1_113' title='bbox 1002 2351 1448 2419; x_wconf 84' lang='lat' dir='ltr'><strong>misericordiae</strong></span> <span class='ocrx_word' id='word_1_114' title='bbox 1506 2354 1576 2417; x_wconf 94' lang='lat' dir='ltr'><strong>in</strong></span> <span class='ocrx_word' id='word_1_115' title='bbox 1639 2354 1882 2420; x_wconf 91' lang='lat' dir='ltr'><strong>mundo</strong></span> <span class='ocrx_word' id='word_1_116' title='bbox 1903 2403 1928 2435; x_wconf 91' lang='lat'><strong>,</strong></span> <span class='ocrx_word' id='word_1_117' title='bbox 1993 2354 2257 2435; x_wconf 86' lang='lat' dir='ltr'><strong>signum</strong></span> 
     </span>
     <span class='ocr_line' id='line_1_19' title="bbox 727 2460 2261 2545; baseline 0.001 -21"><span class='ocrx_word' id='word_1_118' title='bbox 727 2460 1008 2524; x_wconf 85' lang='lat' dir='ltr'><strong>victoriae</strong></span> <span class='ocrx_word' id='word_1_119' title='bbox 1043 2460 1112 2524; x_wconf 89' lang='lat' dir='ltr'><strong>in</strong></span> <span class='ocrx_word' id='word_1_120' title='bbox 1141 2460 1426 2541; x_wconf 86' lang='lat' dir='ltr'><strong>inferno,</strong></span> <span class='ocrx_word' id='word_1_121' title='bbox 1467 2460 1730 2543; x_wconf 88' lang='lat' dir='ltr'><strong>signum</strong></span> <span class='ocrx_word' id='word_1_122' title='bbox 1765 2462 2025 2545; x_wconf 75' lang='lat' dir='ltr'><strong>iustitiae</strong></span> <span class='ocrx_word' id='word_1_123' title='bbox 2053 2462 2118 2525; x_wconf 91' lang='lat' dir='ltr'><strong>in</strong></span> <span class='ocrx_word' id='word_1_124' title='bbox 2144 2464 2261 2544; x_wconf 86' lang='lat' dir='ltr'><strong>ju-</strong></span> 
     </span>
     <span class='ocr_line' id='line_1_20' title="bbox 730 2566 913 2631; baseline 0.005 -1"><span class='ocrx_word' id='word_1_125' title='bbox 730 2566 913 2631; x_wconf 82' lang='lat' dir='ltr'><strong>dicio.</strong></span> 
     </span>
    </p>

    <p class='ocr_par' dir='ltr' id='par_1_5' title="bbox 732 2675 2274 5126">
     <span class='ocr_line' id='line_1_21' title="bbox 811 2675 2261 2759; baseline 0.001 -20"><span class='ocrx_word' id='word_1_126' title='bbox 811 2676 1203 2740; x_wconf 80' lang='lat' dir='ltr'><strong>Resurrectio</strong></span> <span class='ocrx_word' id='word_1_127' title='bbox 1221 2677 1439 2759; x_wconf 83' lang='lat' dir='ltr'><strong>itaque</strong></span> <span class='ocrx_word' id='word_1_128' title='bbox 1461 2675 1686 2741; x_wconf 85' lang='lat' dir='ltr'><strong>Christi</strong></span> <span class='ocrx_word' id='word_1_129' title='bbox 1712 2677 1973 2758; x_wconf 88' lang='lat' dir='ltr'><strong>signum</strong></span> <span class='ocrx_word' id='word_1_130' title='bbox 1996 2681 2092 2740; x_wconf 89' lang='lat' dir='ltr'><strong>est</strong></span> <span class='ocrx_word' id='word_1_131' title='bbox 2120 2677 2261 2757; x_wconf 87' lang='lat' dir='ltr'><strong>glo-</strong></span> 
     </span>
     <span class='ocr_line' id='line_1_22' title="bbox 732 2782 2263 2868; baseline 0.003 -22"><span class='ocrx_word' id='word_1_132' title='bbox 732 2782 1100 2847; x_wconf 80' lang='lat' dir='ltr'><strong>rificationis</strong></span> <span class='ocrx_word' id='word_1_133' title='bbox 1126 2786 1289 2867; x_wconf 71' lang='lat' dir='ltr'><strong>ejuS,</strong></span> <span class='ocrx_word' id='word_1_134' title='bbox 1313 2794 1377 2849; x_wconf 86' lang='lat' dir='ltr'><strong>et</strong></span> <span class='ocrx_word' id='word_1_135' title='bbox 1403 2789 1640 2849; x_wconf 73' lang='lat' dir='ltr'><strong>nostrae</strong></span> <span class='ocrx_word' id='word_1_136' title='bbox 1654 2802 1768 2868; x_wconf 89' lang='lat' dir='ltr'><strong>per</strong></span> <span class='ocrx_word' id='word_1_137' title='bbox 1785 2785 2022 2868; x_wconf 90' lang='lat' dir='ltr'><strong>ipsum.</strong></span> <span class='ocrx_word' id='word_1_138' title='bbox 2048 2786 2068 2821; x_wconf 72' lang='lat'>⁶</span> <span class='ocrx_word' id='word_1_139' title='bbox 2085 2809 2116 2848; x_wconf 78' lang='grc' dir='ltr'>α</span> <span class='ocrx_word' id='word_1_140' title='bbox 2136 2784 2263 2850; x_wconf 91' lang='lat' dir='ltr'><strong>Re-</strong></span> 
     </span>
     <span class='ocr_line' id='line_1_23' title="bbox 734 2890 2266 2973; baseline 0.001 -19"><span class='ocrx_word' id='word_1_141' title='bbox 734 2892 828 2954; x_wconf 81' lang='lat' dir='ltr'><strong>fer</strong></span> <span class='ocrx_word' id='word_1_142' title='bbox 859 2891 940 2973; x_wconf 87' lang='lat' dir='ltr'><strong>(a)</strong></span> <span class='ocrx_word' id='word_1_143' title='bbox 973 2890 1229 2972; x_wconf 87' lang='lat' dir='ltr'><strong>virgam</strong></span> <span class='ocrx_word' id='word_1_144' title='bbox 1254 2890 1469 2955; x_wconf 84' lang='lat' dir='ltr'><strong>Aaron</strong></span> <span class='ocrx_word' id='word_1_145' title='bbox 1502 2891 1571 2955; x_wconf 92' lang='lat' dir='ltr'><strong>in</strong></span> <span class='ocrx_word' id='word_1_146' title='bbox 1596 2892 2076 2957; x_wconf 89' lang='lat' dir='ltr'><strong>tabernaculum</strong></span> <span class='ocrx_word' id='word_1_147' title='bbox 2100 2894 2266 2958; x_wconf 87' lang='lat' dir='ltr'><strong>testi·-</strong></span> 
     </span>
     <span class='ocr_line' id='line_1_24' title="bbox 734 2997 2265 3085; baseline 0.003 -24"><span class='ocrx_word' id='word_1_148' title='bbox 734 2997 956 3077; x_wconf 90' lang='lat' dir='ltr'><strong>monii,</strong></span> <span class='ocrx_word' id='word_1_149' title='bbox 1002 3001 1076 3062; x_wconf 87' lang='lat' dir='ltr'><strong>ut</strong></span> <span class='ocrx_word' id='word_1_150' title='bbox 1099 3002 1387 3063; x_wconf 87' lang='lat' dir='ltr'><strong>servetur</strong></span> <span class='ocrx_word' id='word_1_151' title='bbox 1413 2999 1482 3062; x_wconf 89' lang='lat' dir='ltr'><strong>in</strong></span> <span class='ocrx_word' id='word_1_152' title='bbox 1513 2999 1802 3080; x_wconf 90' lang='lat' dir='ltr'><strong>signum.</strong></span> <span class='ocrx_word' id='word_1_153' title='bbox 1833 3022 1864 3060; x_wconf 69' lang='grc' dir='ltr'><strong>ι»</strong></span> <span class='ocrx_word' id='word_1_154' title='bbox 1902 2999 2065 3065; x_wconf 87' lang='lat' dir='ltr'><strong>Nota</strong></span> <span class='ocrx_word' id='word_1_155' title='bbox 2098 3020 2265 3085; x_wconf 88' lang='lat' dir='ltr'><strong>quo-</strong></span> 
     </span>
     <span class='ocr_line' id='line_1_25' title="bbox 735 3104 2264 3191; baseline 0.004 -24"><span class='ocrx_word' id='word_1_156' title='bbox 735 3104 947 3183; x_wconf 89' lang='lat' dir='ltr'><strong>mod0‚</strong></span> <span class='ocrx_word' id='word_1_157' title='bbox 981 3121 1325 3185; x_wconf 81' lang='lat' dir='ltr'><strong>magorum</strong></span> <span class='ocrx_word' id='word_1_158' title='bbox 1363 3105 1570 3188; x_wconf 86' lang='lat' dir='ltr'><strong>virgis</strong></span> <span class='ocrx_word' id='word_1_159' title='bbox 1595 3105 1663 3170; x_wconf 89' lang='lat' dir='ltr'><strong>in</strong></span> <span class='ocrx_word' id='word_1_160' title='bbox 1698 3107 1984 3172; x_wconf 83' lang='lat' dir='ltr'><strong>ariditate</strong></span> <span class='ocrx_word' id='word_1_161' title='bbox 2013 3127 2264 3191; x_wconf 85' lang='lat' dir='ltr'><strong>perma-</strong></span> 
     </span>
     <span class='ocr_line' id='line_1_26' title="bbox 738 3211 2269 3294; baseline 0.004 -18"><span class='ocrx_word' id='word_1_162' title='bbox 738 3211 1067 3291; x_wconf 87' lang='lat' dir='ltr'><strong>nentibus,</strong></span> <span class='ocrx_word' id='word_1_163' title='bbox 1094 3212 1286 3294; x_wconf 85' lang='lat' dir='ltr'><strong>virga</strong></span> <span class='ocrx_word' id='word_1_164' title='bbox 1314 3214 1526 3278; x_wconf 81' lang='lat' dir='ltr'><strong>Aaron</strong></span> <span class='ocrx_word' id='word_1_165' title='bbox 1555 3215 1677 3281; x_wconf 90' lang='lat' dir='ltr'><strong>cito</strong></span> <span class='ocrx_word' id='word_1_166' title='bbox 1702 3215 1920 3280; x_wconf 86' lang='lat' dir='ltr'><strong>floruit</strong></span> <span class='ocrx_word' id='word_1_167' title='bbox 1950 3236 1966 3280; x_wconf 88' lang='lat'>:</span> <span class='ocrx_word' id='word_1_168' title='bbox 2008 3218 2179 3281; x_wconf 91' lang='lat' dir='ltr'><strong>unde</strong></span> <span class='ocrx_word' id='word_1_169' title='bbox 2206 3223 2269 3282; x_wconf 87' lang='lat' dir='ltr'><strong>et</strong></span> 
     </span>
     <span class='ocr_line' id='line_1_27' title="bbox 737 3321 2268 3405; baseline 0.003 -20"><span class='ocrx_word' id='word_1_170' title='bbox 737 3322 870 3405; x_wconf 87' lang='lat' dir='ltr'><strong>ipse</strong></span> <span class='ocrx_word' id='word_1_171' title='bbox 924 3324 989 3384; x_wconf 92' lang='lat' dir='ltr'><strong>et</strong></span> <span class='ocrx_word' id='word_1_172' title='bbox 1040 3321 1178 3385; x_wconf 82' lang='lat' dir='ltr'><strong>filiii</strong></span> <span class='ocrx_word' id='word_1_173' title='bbox 1215 3322 1384 3403; x_wconf 76' lang='lat' dir='ltr'><strong>eius</strong></span> <span class='ocrx_word' id='word_1_174' title='bbox 1428 3322 1686 3386; x_wconf 84' lang='lat' dir='ltr'><strong>exaltati</strong></span> <span class='ocrx_word' id='word_1_175' title='bbox 1742 3323 2021 3387; x_wconf 81' lang='lat' dir='ltr'><strong>fuerunt.</strong></span> <span class='ocrx_word' id='word_1_176' title='bbox 2087 3324 2268 3403; x_wconf 87' lang='lat' dir='ltr'><strong>Quod</strong></span> 
     </span>
     <span class='ocr_line' id='line_1_28' title="bbox 737 3428 2271 3511; baseline 0.002 -17"><span class='ocrx_word' id='word_1_177' title='bbox 737 3428 996 3511; x_wconf 81' lang='lat' dir='ltr'><strong>exponit</strong></span> <span class='ocrx_word' id='word_1_178' title='bbox 1024 3428 1370 3511; x_wconf 88' lang='lat' dir='ltr'><strong>Gregorius</strong></span> <span class='ocrx_word' id='word_1_179' title='bbox 1398 3428 1420 3465; x_wconf 75' lang='lat'>⁸</span> <span class='ocrx_word' id='word_1_180' title='bbox 1462 3428 1530 3492; x_wconf 89' lang='lat' dir='ltr'><strong>in</strong></span> <span class='ocrx_word' id='word_1_181' title='bbox 1558 3428 1775 3493; x_wconf 88' lang='lat' dir='ltr'><strong>Glossa</strong></span> <span class='ocrx_word' id='word_1_182' title='bbox 1804 3430 1881 3495; x_wconf 93' lang='lat' dir='ltr'><strong>de</strong></span> <span class='ocrx_word' id='word_1_183' title='bbox 1909 3430 2137 3495; x_wconf 74' lang='lat' dir='ltr'><strong>Christi</strong></span> <span class='ocrx_word' id='word_1_184' title='bbox 2177 3451 2271 3498; x_wconf 88' lang='lat' dir='ltr'><strong>re-</strong></span> 
     </span>
     <span class='ocr_line' id='line_1_29' title="bbox 739 3535 2271 3617; baseline 0.004 -19"><span class='ocrx_word' id='word_1_185' title='bbox 739 3536 1147 3600; x_wconf 89' lang='lat' dir='ltr'><strong>surrectione.</strong></span> <span class='ocrx_word' id='word_1_186' title='bbox 1180 3535 1378 3617; x_wconf 83' lang='lat' dir='ltr'><strong>Virga</strong></span> <span class='ocrx_word' id='word_1_187' title='bbox 1402 3537 1571 3600; x_wconf 89' lang='lat' dir='ltr'><strong>enim</strong></span> <span class='ocrx_word' id='word_1_188' title='bbox 1599 3536 1775 3601; x_wconf 91' lang='lat' dir='ltr'><strong>arida</strong></span> <span class='ocrx_word' id='word_1_189' title='bbox 1795 3537 1912 3601; x_wconf 90' lang='lat' dir='ltr'><strong>fuit</strong></span> <span class='ocrx_word' id='word_1_190' title='bbox 1931 3557 2078 3604; x_wconf 87' lang='lat' dir='ltr'><strong>caro</strong></span> <span class='ocrx_word' id='word_1_191' title='bbox 2098 3540 2271 3604; x_wconf 91' lang='lat' dir='ltr'><strong>Chri-</strong></span> 
     </span>
     <span class='ocr_line' id='line_1_30' title="bbox 740 3642 2266 3728; baseline 0.002 -21"><span class='ocrx_word' id='word_1_192' title='bbox 740 3644 820 3707; x_wconf 88' lang='lat' dir='ltr'><strong>sti</strong></span> <span class='ocrx_word' id='word_1_193' title='bbox 847 3642 916 3707; x_wconf 91' lang='lat' dir='ltr'><strong>in</strong></span> <span class='ocrx_word' id='word_1_194' title='bbox 942 3647 1167 3707; x_wconf 88' lang='lat' dir='ltr'><strong>morte.</strong></span> <span class='ocrx_word' id='word_1_195' title='bbox 1215 3643 1412 3708; x_wconf 88' lang='lat' dir='ltr'><strong>Arida</strong></span> <span class='ocrx_word' id='word_1_196' title='bbox 1440 3644 1663 3727; x_wconf 87' lang='lat' dir='ltr'><strong>utique</strong></span> <span class='ocrx_word' id='word_1_197' title='bbox 1705 3650 1964 3728; x_wconf 88' lang='lat' dir='ltr'><strong>propter</strong></span> <span class='ocrx_word' id='word_1_198' title='bbox 2001 3648 2266 3728; x_wconf 88' lang='lat' dir='ltr'><strong>sangui-</strong></span> 
     </span>
     <span class='ocr_line' id='line_1_31' title="bbox 737 3751 2269 3836; baseline 0.003 -21"><span class='ocrx_word' id='word_1_199' title='bbox 737 3751 840 3815; x_wconf 90' lang='lat' dir='ltr'><strong>nis</strong></span> <span class='ocrx_word' id='word_1_200' title='bbox 865 3751 1339 3833; x_wconf 66' lang='lat' dir='ltr'><strong>extructionem,</strong></span> <span class='ocrx_word' id='word_1_201' title='bbox 1370 3756 1434 3817; x_wconf 89' lang='lat' dir='ltr'><strong>et</strong></span> <span class='ocrx_word' id='word_1_202' title='bbox 1458 3753 1716 3836; x_wconf 85' lang='lat' dir='ltr'><strong>spiritus</strong></span> <span class='ocrx_word' id='word_1_203' title='bbox 1741 3754 2167 3820; x_wconf 88' lang='lat' dir='ltr'><strong>emissionem.</strong></span> <span class='ocrx_word' id='word_1_204' title='bbox 2196 3755 2269 3820; x_wconf 92' lang='lat' dir='ltr'><strong>In</strong></span> 
     </span>
     <span class='ocr_line' id='line_1_32' title="bbox 739 3860 2270 3944; baseline 0.002 -21"><span class='ocrx_word' id='word_1_205' title='bbox 739 3860 895 3923; x_wconf 89' lang='lat' dir='ltr'><strong>flore</strong></span> <span class='ocrx_word' id='word_1_206' title='bbox 921 3864 1133 3923; x_wconf 90' lang='lat' dir='ltr'><strong>autem</strong></span> <span class='ocrx_word' id='word_1_207' title='bbox 1166 3860 1373 3941; x_wconf 90' lang='lat' dir='ltr'><strong>gloria</strong></span> <span class='ocrx_word' id='word_1_208' title='bbox 1413 3861 1694 3943; x_wconf 88' lang='lat' dir='ltr'><strong>corporis</strong></span> <span class='ocrx_word' id='word_1_209' title='bbox 1734 3863 2135 3944; x_wconf 86' lang='lat' dir='ltr'><strong>resurgentis</strong></span> <span class='ocrx_word' id='word_1_210' title='bbox 2180 3863 2270 3926; x_wconf 89' lang='lat' dir='ltr'><strong>si-</strong></span> 
     </span>
     <span class='ocr_line' id='line_1_33' title="bbox 742 3966 2270 4051; baseline 0.003 -20"><span class='ocrx_word' id='word_1_211' title='bbox 742 3967 1108 4051; x_wconf 79' lang='lat' dir='ltr'><strong>gnificatur.</strong></span> <span class='ocrx_word' id='word_1_212' title='bbox 1160 3966 1493 4032; x_wconf 77' lang='lat' dir='ltr'><strong>Psalmista</strong></span> <span class='ocrx_word' id='word_1_213' title='bbox 1529 3969 1552 4004; x_wconf 82' lang='lat'>⁶</span> <span class='ocrx_word' id='word_1_214' title='bbox 1596 3991 1610 4032; x_wconf 74' lang='grc' dir='ltr'>ε</span> <span class='ocrx_word' id='word_1_215' title='bbox 1672 3992 1701 4030; x_wconf 79' lang='grc' dir='ltr'><em>α</em></span> <span class='ocrx_word' id='word_1_216' title='bbox 1765 3968 2071 4035; x_wconf 89' lang='lat' dir='ltr'><strong>Refloruit</strong></span> <span class='ocrx_word' id='word_1_217' title='bbox 2123 3989 2270 4036; x_wconf 87' lang='lat' dir='ltr'><strong>caro</strong></span> 
     </span>
     <span class='ocr_line' id='line_1_34' title="bbox 740 4075 2270 4159; baseline 0.003 -20"><span class='ocrx_word' id='word_1_218' title='bbox 740 4094 906 4140; x_wconf 88' lang='lat' dir='ltr'><strong>mea.</strong></span> <span class='ocrx_word' id='word_1_219' title='bbox 971 4098 1003 4137; x_wconf 72' lang='grc' dir='ltr'><strong>ι»</strong></span> <span class='ocrx_word' id='word_1_220' title='bbox 1064 4075 1234 4141; x_wconf 92' lang='lat' dir='ltr'><strong>Bene</strong></span> <span class='ocrx_word' id='word_1_221' title='bbox 1296 4080 1497 4159; x_wconf 87' lang='lat' dir='ltr'><strong>potest</strong></span> <span class='ocrx_word' id='word_1_222' title='bbox 1554 4079 1770 4141; x_wconf 89' lang='lat' dir='ltr'><strong>autem</strong></span> <span class='ocrx_word' id='word_1_223' title='bbox 1825 4075 2110 4142; x_wconf 88' lang='lat' dir='ltr'><strong>Christus</strong></span> <span class='ocrx_word' id='word_1_224' title='bbox 2170 4079 2270 4143; x_wconf 90' lang='lat' dir='ltr'><strong>di·-</strong></span> 
     </span>
     <span class='ocr_line' id='line_1_35' title="bbox 739 4183 2271 4266; baseline 0.001 -19"><span class='ocrx_word' id='word_1_225' title='bbox 739 4200 881 4248; x_wconf 87' lang='lat' dir='ltr'><strong>cere</strong></span> <span class='ocrx_word' id='word_1_226' title='bbox 924 4184 948 4218; x_wconf 80' lang='lat'>⁷</span> <span class='ocrx_word' id='word_1_227' title='bbox 1001 4205 1018 4247; x_wconf 90' lang='lat'>:</span> <span class='ocrx_word' id='word_1_228' title='bbox 1087 4206 1118 4245; x_wconf 77' lang='grc' dir='ltr'>α</span> <span class='ocrx_word' id='word_1_229' title='bbox 1170 4183 1312 4265; x_wconf 89' lang='lat' dir='ltr'><strong>Ego</strong></span> <span class='ocrx_word' id='word_1_230' title='bbox 1360 4184 1478 4248; x_wconf 89' lang='lat' dir='ltr'><strong>flos</strong></span> <span class='ocrx_word' id='word_1_231' title='bbox 1543 4183 1772 4266; x_wconf 82' lang='lat' dir='ltr'><strong>campi.</strong></span> <span class='ocrx_word' id='word_1_232' title='bbox 1821 4206 1853 4244; x_wconf 72' lang='lat'><strong>2&gt;</strong></span> <span class='ocrx_word' id='word_1_233' title='bbox 1914 4183 2058 4248; x_wconf 88' lang='lat' dir='ltr'><strong>Flos</strong></span> <span class='ocrx_word' id='word_1_234' title='bbox 2101 4185 2271 4250; x_wconf 88' lang='lat' dir='ltr'><strong>horti</strong></span> 
     </span>
     <span class='ocr_line' id='line_1_36' title="bbox 741 4290 2273 4373; baseline 0.003 -20"><span class='ocrx_word' id='word_1_235' title='bbox 741 4290 993 4355; x_wconf 86' lang='lat' dir='ltr'><strong>clausus</strong></span> <span class='ocrx_word' id='word_1_236' title='bbox 1028 4292 1156 4367; x_wconf 87' lang='lat' dir='ltr'><strong>est;</strong></span> <span class='ocrx_word' id='word_1_237' title='bbox 1202 4290 1321 4354; x_wconf 88' lang='lat' dir='ltr'><strong>flos</strong></span> <span class='ocrx_word' id='word_1_238' title='bbox 1360 4290 1567 4373; x_wconf 88' lang='lat' dir='ltr'><strong>campi</strong></span> <span class='ocrx_word' id='word_1_239' title='bbox 1612 4292 1970 4355; x_wconf 88' lang='lat' dir='ltr'><strong>communis</strong></span> <span class='ocrx_word' id='word_1_240' title='bbox 2005 4297 2120 4356; x_wconf 86' lang='lat' dir='ltr'><strong>est.</strong></span> <span class='ocrx_word' id='word_1_241' title='bbox 2180 4293 2273 4358; x_wconf 86' lang='lat' dir='ltr'><strong>Ita</strong></span> 
     </span>
     <span class='ocr_line' id='line_1_37' title="bbox 740 4396 2271 4476; baseline 0.002 -15"><span class='ocrx_word' id='word_1_242' title='bbox 740 4396 1020 4461; x_wconf 86' lang='lat' dir='ltr'><strong>Christus</strong></span> <span class='ocrx_word' id='word_1_243' title='bbox 1071 4396 1426 4460; x_wconf 89' lang='lat' dir='ltr'><strong>communis</strong></span> <span class='ocrx_word' id='word_1_244' title='bbox 1477 4402 1573 4462; x_wconf 88' lang='lat' dir='ltr'><strong>est</strong></span> <span class='ocrx_word' id='word_1_245' title='bbox 1618 4397 1940 4463; x_wconf 89' lang='lat' dir='ltr'><strong>omnibus.</strong></span> <span class='ocrx_word' id='word_1_246' title='bbox 2003 4400 2271 4476; x_wconf 82' lang='lat' dir='ltr'><strong>Quidam</strong></span> 
     </span>
     <span class='ocr_line' id='line_1_38' title="bbox 738 4502 2271 4590; baseline 0.003 -22"><span class='ocrx_word' id='word_1_247' title='bbox 738 4508 957 4569; x_wconf 86' lang='lat' dir='ltr'><strong>tamen</strong></span> <span class='ocrx_word' id='word_1_248' title='bbox 995 4502 1214 4568; x_wconf 89' lang='lat' dir='ltr'><strong>dicunt</strong></span> <span class='ocrx_word' id='word_1_249' title='bbox 1251 4504 1424 4587; x_wconf 88' lang='lat' dir='ltr'><strong>quod</strong></span> <span class='ocrx_word' id='word_1_250' title='bbox 1456 4504 1574 4568; x_wconf 89' lang='lat' dir='ltr'><strong>flos</strong></span> <span class='ocrx_word' id='word_1_251' title='bbox 1610 4505 1818 4587; x_wconf 91' lang='lat' dir='ltr'><strong>campi</strong></span> <span class='ocrx_word' id='word_1_252' title='bbox 1863 4505 2091 4571; x_wconf 88' lang='lat' dir='ltr'><strong>dicitur</strong></span> <span class='ocrx_word' id='word_1_253' title='bbox 2136 4508 2271 4590; x_wconf 87' lang='lat' dir='ltr'><strong>qui-</strong></span> 
     </span>
     <span class='ocr_line' id='line_1_39' title="bbox 739 4610 2272 4693; baseline 0.003 -18"><span class='ocrx_word' id='word_1_254' title='bbox 739 4610 888 4675; x_wconf 89' lang='lat' dir='ltr'><strong>dam</strong></span> <span class='ocrx_word' id='word_1_255' title='bbox 937 4628 1174 4693; x_wconf 90' lang='lat' dir='ltr'><strong>parvus</strong></span> <span class='ocrx_word' id='word_1_256' title='bbox 1207 4611 1326 4675; x_wconf 87' lang='lat' dir='ltr'><strong>flos</strong></span> <span class='ocrx_word' id='word_1_257' title='bbox 1366 4610 1548 4676; x_wconf 85' lang='lat' dir='ltr'><strong>valde</strong></span> <span class='ocrx_word' id='word_1_258' title='bbox 1591 4611 1983 4677; x_wconf 88' lang='lat' dir='ltr'><strong>rubicundus</strong></span> <span class='ocrx_word' id='word_1_259' title='bbox 2028 4614 2272 4680; x_wconf 86' lang='lat' dir='ltr'><strong>habens</strong></span> 
     </span>
     <span class='ocr_line' id='line_1_40' title="bbox 740 4717 2274 4805; baseline 0.003 -22"><span class='ocrx_word' id='word_1_260' title='bbox 740 4719 1025 4803; x_wconf 87' lang='lat' dir='ltr'><strong>quinque</strong></span> <span class='ocrx_word' id='word_1_261' title='bbox 1061 4719 1230 4798; x_wconf 82' lang='lat' dir='ltr'><strong>folia,</strong></span> <span class='ocrx_word' id='word_1_262' title='bbox 1272 4719 1439 4784; x_wconf 90' lang='lat' dir='ltr'><strong>sicut</strong></span> <span class='ocrx_word' id='word_1_263' title='bbox 1483 4717 1769 4785; x_wconf 89' lang='lat' dir='ltr'><strong>Christus</strong></span> <span class='ocrx_word' id='word_1_264' title='bbox 1811 4721 2094 4805; x_wconf 87' lang='lat' dir='ltr'><strong>quinque</strong></span> <span class='ocrx_word' id='word_1_265' title='bbox 2133 4724 2274 4788; x_wconf 88' lang='lat' dir='ltr'><strong>vul·-</strong></span> 
     </span>
     <span class='ocr_line' id='line_1_41' title="bbox 738 4826 2271 4895; baseline 0.003 -5"><span class='ocrx_word' id='word_1_266' title='bbox 738 4844 897 4892; x_wconf 88' lang='lat' dir='ltr'><strong>nera</strong></span> <span class='ocrx_word' id='word_1_267' title='bbox 920 4826 1299 4890; x_wconf 84' lang='lat' dir='ltr'><strong>rubicunda.</strong></span> <span class='ocrx_word' id='word_1_268' title='bbox 1330 4826 1545 4891; x_wconf 83' lang='lat' dir='ltr'><strong>Aaron</strong></span> <span class='ocrx_word' id='word_1_269' title='bbox 1583 4830 1797 4891; x_wconf 86' lang='lat' dir='ltr'><strong>autem</strong></span> <span class='ocrx_word' id='word_1_270' title='bbox 1826 4827 2144 4894; x_wconf 87' lang='lat' dir='ltr'><strong>Christum</strong></span> <span class='ocrx_word' id='word_1_271' title='bbox 2185 4832 2271 4895; x_wconf 90' lang='lat' dir='ltr'><strong>si-</strong></span> 
     </span>
     <span class='ocr_line' id='line_1_42' title="bbox 738 4933 2272 5022; baseline 0.007 -26"><span class='ocrx_word' id='word_1_272' title='bbox 738 4933 1003 5016; x_wconf 85' lang='lat' dir='ltr'><strong>gnificat</strong></span> <span class='ocrx_word' id='word_1_273' title='bbox 1027 4953 1355 5000; x_wconf 89' lang='lat' dir='ltr'><strong>summum</strong></span> <span class='ocrx_word' id='word_1_274' title='bbox 1397 4935 1802 5001; x_wconf 83' lang='lat' dir='ltr'><strong>sacerdotem.</strong></span> <span class='ocrx_word' id='word_1_275' title='bbox 1844 4935 2043 5021; x_wconf 82' lang='lat' dir='ltr'><strong>Virga</strong></span> <span class='ocrx_word' id='word_1_276' title='bbox 2069 4940 2272 5022; x_wconf 87' lang='lat' dir='ltr'><strong>igitur</strong></span> 
     </span>
     <span class='ocr_line' id='line_1_43' title="bbox 738 5041 2274 5126; baseline 0.006 -21"><span class='ocrx_word' id='word_1_277' title='bbox 738 5041 916 5106; x_wconf 88' lang='lat' dir='ltr'><strong>arida</strong></span> <span class='ocrx_word' id='word_1_278' title='bbox 938 5041 1195 5123; x_wconf 86' lang='lat' dir='ltr'><strong>floruit,</strong></span> <span class='ocrx_word' id='word_1_279' title='bbox 1233 5043 1490 5126; x_wconf 85' lang='lat' dir='ltr'><strong>quando</strong></span> <span class='ocrx_word' id='word_1_280' title='bbox 1534 5062 1681 5110; x_wconf 85' lang='lat' dir='ltr'><strong>caro</strong></span> <span class='ocrx_word' id='word_1_281' title='bbox 1743 5043 1972 5109; x_wconf 84' lang='lat' dir='ltr'><strong>Christi</strong></span> <span class='ocrx_word' id='word_1_282' title='bbox 2015 5053 2274 5114; x_wconf 88' lang='lat' dir='ltr'><strong>mortua</strong></span> 
     </span>
    </p>
   </div>
   <div class='ocr_carea' id='block_1_5' title="bbox 739 5168 2271 5455">
    <p class='ocr_par' dir='ltr' id='par_1_6' title="bbox 739 5168 2271 5455">
     <span class='ocr_line' id='line_1_44' title="bbox 799 5168 2269 5240; baseline 0.005 -24"><span class='ocrx_word' id='word_1_283' title='bbox 799 5168 818 5203; x_wconf 88' lang='lat'><strong>¹</strong></span> <span class='ocrx_word' id='word_1_284' title='bbox 845 5169 1048 5228; x_wconf 67' lang='lat' dir='ltr'><strong>let-em..</strong></span> <span class='ocrx_word' id='word_1_285' title='bbox 1073 5181 1145 5234; x_wconf 74' lang='lat' dir='ltr'><strong>w,</strong></span> <span class='ocrx_word' id='word_1_286' title='bbox 1173 5172 1252 5220; x_wconf 76' lang='lat'><strong>29.</strong></span> <span class='ocrx_word' id='word_1_287' title='bbox 1275 5196 1337 5206; x_wconf 91' lang='lat'>—</span> <span class='ocrx_word' id='word_1_288' title='bbox 1363 5170 1382 5200; x_wconf 85' lang='lat'><em>²</em></span> <span class='ocrx_word' id='word_1_289' title='bbox 1410 5169 1544 5222; x_wconf 76' lang='lat' dir='ltr'><strong>Psal.</strong></span> <span class='ocrx_word' id='word_1_290' title='bbox 1574 5182 1681 5235; x_wconf 73' lang='lat' dir='ltr'><strong>Lxx,</strong></span> <span class='ocrx_word' id='word_1_291' title='bbox 1705 5175 1753 5221; x_wconf 83' lang='lat'><strong>6.</strong></span> <span class='ocrx_word' id='word_1_292' title='bbox 1773 5198 1835 5208; x_wconf 88' lang='lat'>—</span> <span class='ocrx_word' id='word_1_293' title='bbox 1856 5173 1878 5208; x_wconf 83' lang='lat'>⁸</span> <span class='ocrx_word' id='word_1_294' title='bbox 1908 5172 2046 5223; x_wconf 79' lang='lat' dir='ltr'><strong>Psal.</strong></span> <span class='ocrx_word' id='word_1_295' title='bbox 2076 5186 2269 5240; x_wconf 71' lang='lat' dir='ltr'><strong>mxxv,</strong></span> 
     </span>
     <span class='ocr_line' id='line_1_45' title="bbox 741 5240 2269 5309; baseline 0.007 -22"><span class='ocrx_word' id='word_1_296' title='bbox 741 5240 818 5288; x_wconf 77' lang='grc' dir='ltr'><strong>ΓΙ.</strong></span> <span class='ocrx_word' id='word_1_297' title='bbox 844 5266 908 5277; x_wconf 93' lang='grc'><strong>-</strong></span> <span class='ocrx_word' id='word_1_298' title='bbox 935 5240 957 5275; x_wconf 68' lang='lat'>⁸</span> <span class='ocrx_word' id='word_1_299' title='bbox 980 5241 1154 5301; x_wconf 69' lang='lat' dir='ltr'><strong>Num„</strong></span> <span class='ocrx_word' id='word_1_300' title='bbox 1183 5253 1311 5305; x_wconf 85' lang='lat' dir='ltr'><strong>xvn,</strong></span> <span class='ocrx_word' id='word_1_301' title='bbox 1342 5245 1418 5293; x_wconf 78' lang='lat' dir='ltr'><strong>lc.</strong></span> <span class='ocrx_word' id='word_1_302' title='bbox 1445 5267 1508 5278; x_wconf 89' lang='lat'>—</span> <span class='ocrx_word' id='word_1_303' title='bbox 1534 5244 1552 5274; x_wconf 78' lang='lat'>⁵</span> <span class='ocrx_word' id='word_1_304' title='bbox 1582 5244 1757 5309; x_wconf 89' lang='lat' dir='ltr'><strong>Greg.,</strong></span> <span class='ocrx_word' id='word_1_305' title='bbox 1784 5244 1984 5306; x_wconf 64' lang='lat' dir='ltr'><strong>Mor-al„</strong></span> <span class='ocrx_word' id='word_1_306' title='bbox 2012 5244 2101 5297; x_wconf 90' lang='lat' dir='ltr'><strong>lib.</strong></span> <span class='ocrx_word' id='word_1_307' title='bbox 2131 5248 2269 5309; x_wconf 79' lang='lat' dir='ltr'><strong>xlv,</strong></span> 
     </span>
     <span class='ocr_line' id='line_1_46' title="bbox 739 5311 2266 5377; baseline 0.005 -17"><span class='ocrx_word' id='word_1_308' title='bbox 739 5323 786 5360; x_wconf 93' lang='lat' dir='ltr'><strong>c.</strong></span> <span class='ocrx_word' id='word_1_309' title='bbox 814 5322 899 5374; x_wconf 71' lang='lat' dir='ltr'><strong>nv,</strong></span> <span class='ocrx_word' id='word_1_310' title='bbox 931 5311 997 5365; x_wconf 83' lang='lat' dir='ltr'><strong>al.</strong></span> <span class='ocrx_word' id='word_1_311' title='bbox 1023 5324 1189 5373; x_wconf 80' lang='lat' dir='ltr'><strong>xxvii,</strong></span> <span class='ocrx_word' id='word_1_312' title='bbox 1218 5327 1272 5364; x_wconf 92' lang='lat' dir='ltr'><strong>n.</strong></span> <span class='ocrx_word' id='word_1_313' title='bbox 1306 5315 1385 5364; x_wconf 85' lang='grc'><strong>68.</strong></span> <span class='ocrx_word' id='word_1_314' title='bbox 1407 5338 1468 5352; x_wconf 91' lang='grc'><strong>-</strong></span> <span class='ocrx_word' id='word_1_315' title='bbox 1494 5315 1515 5345; x_wconf 81' lang='lat'>⁸</span> <span class='ocrx_word' id='word_1_316' title='bbox 1537 5315 1674 5365; x_wconf 75' lang='lat' dir='ltr'><strong>Peal.</strong></span> <span class='ocrx_word' id='word_1_317' title='bbox 1696 5327 1874 5377; x_wconf 78' lang='lat' dir='ltr'><strong>xxvii,</strong></span> <span class='ocrx_word' id='word_1_318' title='bbox 1906 5321 1952 5366; x_wconf 82' lang='lat'><strong>7.</strong></span> <span class='ocrx_word' id='word_1_319' title='bbox 1973 5345 2028 5355; x_wconf 91' lang='lat'>—</span> <span class='ocrx_word' id='word_1_320' title='bbox 2053 5318 2075 5353; x_wconf 80' lang='lat'><strong>‘¹</strong></span> <span class='ocrx_word' id='word_1_321' title='bbox 2099 5317 2266 5376; x_wconf 79' lang='lat' dir='ltr'><strong>Cant..</strong></span> 
     </span>
     <span class='ocr_line' id='line_1_47' title="bbox 740 5384 2271 5455; baseline 0.001 -16"><span class='ocrx_word' id='word_1_322' title='bbox 740 5394 800 5445; x_wconf 82' lang='lat'><strong>1¹,</strong></span> <span class='ocrx_word' id='word_1_323' title='bbox 843 5386 886 5435; x_wconf 85' lang='lat'><strong>1.</strong></span> <span class='ocrx_word' id='word_1_324' title='bbox 918 5410 972 5420; x_wconf 89' lang='lat'>—</span> <span class='ocrx_word' id='word_1_325' title='bbox 1015 5385 1034 5415; x_wconf 85' lang='lat'>⁸</span> <span class='ocrx_word' id='word_1_326' title='bbox 1060 5384 1260 5450; x_wconf 63' lang='lat' dir='ltr'><strong>Ezech„</strong></span> <span class='ocrx_word' id='word_1_327' title='bbox 1303 5398 1517 5455; x_wconf 77' lang='lat' dir='ltr'><strong>xxxvu,</strong></span> <span class='ocrx_word' id='word_1_328' title='bbox 1558 5391 1603 5440; x_wconf 78' lang='lat'><strong>4.</strong></span> <span class='ocrx_word' id='word_1_329' title='bbox 1638 5415 1693 5425; x_wconf 92' lang='lat'>-</span> <span class='ocrx_word' id='word_1_330' title='bbox 1731 5390 1750 5419; x_wconf 84' lang='lat'><strong>⁹</strong></span> <span class='ocrx_word' id='word_1_331' title='bbox 1779 5388 1917 5442; x_wconf 75' lang='lat' dir='ltr'><strong>Psal.</strong></span> <span class='ocrx_word' id='word_1_332' title='bbox 1952 5401 2057 5452; x_wconf 73' lang='lat' dir='ltr'><strong>xci,</strong></span> <span class='ocrx_word' id='word_1_333' title='bbox 2098 5392 2173 5443; x_wconf 85' lang='lat'><strong>13.</strong></span> <span class='ocrx_word' id='word_1_334' title='bbox 2209 5416 2271 5429; x_wconf 94' lang='lat'>—</span> 
     </span>
    </p>
   </div>
   <div class='ocr_carea' id='block_1_6' title="bbox 1814 375 2810 445">
    <p class='ocr_par' dir='ltr' id='par_1_7' title="bbox 1814 375 2810 445">
     <span class='ocr_line' id='line_1_48' title="bbox 1814 375 2810 445; baseline 0.001 -1"><span class='ocrx_word' id='word_1_335' title='bbox 1814 375 2227 445; x_wconf 83' lang='lat' dir='ltr'>SERMONES</span> <span class='ocrx_word' id='word_1_336' title='bbox 2270 375 2372 443; x_wconf 89' lang='lat' dir='ltr'><strong>DE</strong></span> <span class='ocrx_word' id='word_1_337' title='bbox 2415 375 2810 445; x_wconf 81' lang='lat' dir='ltr'><strong>TEMPORE.</strong></span> 
     </span>
    </p>
   </div>
   <div class='ocr_carea' id='block_1_7' title="bbox 2350 514 3918 5125">
    <p class='ocr_par' dir='ltr' id='par_1_8' title="bbox 2350 514 3918 2539">
     <span class='ocr_line' id='line_1_49' title="bbox 2350 514 3859 604; baseline 0.013 -28"><span class='ocrx_word' id='word_1_338' title='bbox 2350 514 2722 579; x_wconf 82' lang='lat' dir='ltr'><strong>resurrexit.</strong></span> <span class='ocrx_word' id='word_1_339' title='bbox 2754 514 2833 580; x_wconf 90' lang='lat' dir='ltr'><strong>Et</strong></span> <span class='ocrx_word' id='word_1_340' title='bbox 2881 516 3004 582; x_wconf 91' lang='lat' dir='ltr'><strong>hoc</strong></span> <span class='ocrx_word' id='word_1_341' title='bbox 3037 522 3134 583; x_wconf 88' lang='lat' dir='ltr'><strong>est</strong></span> <span class='ocrx_word' id='word_1_342' title='bbox 3177 519 3444 604; x_wconf 80' lang='lat' dir='ltr'><strong>signum</strong></span> <span class='ocrx_word' id='word_1_343' title='bbox 3486 525 3859 595; x_wconf 68' lang='lat' dir='ltr'><strong>exaltatioms</strong></span> 
     </span>
     <span class='ocr_line' id='line_1_50' title="bbox 2351 621 3861 712; baseline 0.012 -26"><span class='ocrx_word' id='word_1_344' title='bbox 2351 621 2588 703; x_wconf 87' lang='lat' dir='ltr'><strong>Aaron,</strong></span> <span class='ocrx_word' id='word_1_345' title='bbox 2634 627 2697 688; x_wconf 89' lang='lat' dir='ltr'><strong>et</strong></span> <span class='ocrx_word' id='word_1_346' title='bbox 2738 623 3020 691; x_wconf 85' lang='lat' dir='ltr'><strong>filiorum</strong></span> <span class='ocrx_word' id='word_1_347' title='bbox 3057 629 3230 710; x_wconf 84' lang='lat' dir='ltr'><strong>ejus,</strong></span> <span class='ocrx_word' id='word_1_348' title='bbox 3278 628 3344 695; x_wconf 90' lang='lat' dir='ltr'><strong>id</strong></span> <span class='ocrx_word' id='word_1_349' title='bbox 3384 635 3503 712; x_wconf 89' lang='lat' dir='ltr'><strong>est,</strong></span> <span class='ocrx_word' id='word_1_350' title='bbox 3549 633 3769 702; x_wconf 85' lang='lat' dir='ltr'><strong>Christi</strong></span> <span class='ocrx_word' id='word_1_351' title='bbox 3805 642 3861 704; x_wconf 86' lang='lat' dir='ltr'><strong>et</strong></span> 
     </span>
     <span class='ocr_line' id='line_1_51' title="bbox 2354 728 3859 825; baseline 0.014 -35"><span class='ocrx_word' id='word_1_352' title='bbox 2354 728 2851 795; x_wconf 89' lang='lat' dir='ltr'><strong>Christianorum</strong></span> <span class='ocrx_word' id='word_1_353' title='bbox 2889 732 2958 797; x_wconf 89' lang='lat' dir='ltr'><strong>in</strong></span> <span class='ocrx_word' id='word_1_354' title='bbox 2984 737 3225 800; x_wconf 86' lang='lat' dir='ltr'><strong>aeterna</strong></span> <span class='ocrx_word' id='word_1_355' title='bbox 3261 738 3491 819; x_wconf 89' lang='lat' dir='ltr'><strong>gloria.</strong></span> <span class='ocrx_word' id='word_1_356' title='bbox 3524 739 3736 825; x_wconf 83' lang='lat' dir='ltr'><strong>Virgae</strong></span> <span class='ocrx_word' id='word_1_357' title='bbox 3756 763 3859 811; x_wconf 86' lang='lat' dir='ltr'><strong>au-</strong></span> 
     </span>
     <span class='ocr_line' id='line_1_52' title="bbox 2353 830 3860 933; baseline 0.011 -33"><span class='ocrx_word' id='word_1_358' title='bbox 2353 839 2484 901; x_wconf 89' lang='lat' dir='ltr'><strong>tem</strong></span> <span class='ocrx_word' id='word_1_359' title='bbox 2499 836 2764 922; x_wconf 80' lang='lat' dir='ltr'><strong>reliquae</strong></span> <span class='ocrx_word' id='word_1_360' title='bbox 2785 841 2977 906; x_wconf 88' lang='lat' dir='ltr'><strong>corda</strong></span> <span class='ocrx_word' id='word_1_361' title='bbox 2992 847 3211 909; x_wconf 89' lang='lat' dir='ltr'><strong>nostra</strong></span> <span class='ocrx_word' id='word_1_362' title='bbox 3221 830 3584 928; x_wconf 85' lang='lat' dir='ltr'><strong>significare</strong></span> <span class='ocrx_word' id='word_1_363' title='bbox 3598 857 3860 933; x_wconf 60' lang='lat' dir='ltr'><strong>possunt,</strong></span> 
     </span>
     <span class='ocr_line' id='line_1_53' title="bbox 2355 942 3918 1039; baseline 0.01 -31"><span class='ocrx_word' id='word_1_364' title='bbox 2355 962 2504 1027; x_wconf 83' lang='lat' dir='ltr'><strong>quae</strong></span> <span class='ocrx_word' id='word_1_365' title='bbox 2530 964 2735 1028; x_wconf 88' lang='lat' dir='ltr'><strong>usque</strong></span> <span class='ocrx_word' id='word_1_366' title='bbox 2767 947 2848 1011; x_wconf 90' lang='lat' dir='ltr'><strong>ad</strong></span> <span class='ocrx_word' id='word_1_367' title='bbox 2874 947 3042 1013; x_wconf 88' lang='lat' dir='ltr'><strong>diem</strong></span> <span class='ocrx_word' id='word_1_368' title='bbox 3066 952 3487 1018; x_wconf 86' lang='lat' dir='ltr'><strong>novissimum</strong></span> <span class='ocrx_word' id='word_1_369' title='bbox 3512 965 3867 1039; x_wconf 86' lang='lat' dir='ltr'><strong>permanent</strong></span> <span class='ocrx_word' id='word_1_370' title='bbox 3915 942 3918 945; x_wconf 42' lang='grc'>’</span> 
     </span>
     <span class='ocr_line' id='line_1_54' title="bbox 2355 1051 3858 1145; baseline 0.008 -31"><span class='ocrx_word' id='word_1_371' title='bbox 2355 1051 2425 1116; x_wconf 90' lang='lat' dir='ltr'><strong>in</strong></span> <span class='ocrx_word' id='word_1_372' title='bbox 2451 1051 2740 1118; x_wconf 87' lang='lat' dir='ltr'><strong>ariditate</strong></span> <span class='ocrx_word' id='word_1_373' title='bbox 2769 1054 3279 1123; x_wconf 83' lang='lat' dir='ltr'><strong>incinerationis⁸</strong></span> <span class='ocrx_word' id='word_1_374' title='bbox 3310 1082 3325 1122; x_wconf 74' lang='grc' dir='ltr'>ε</span> <span class='ocrx_word' id='word_1_375' title='bbox 3355 1082 3388 1122; x_wconf 69' lang='lat' dir='ltr'><strong>a</strong></span> <span class='ocrx_word' id='word_1_376' title='bbox 3420 1060 3577 1127; x_wconf 88' lang='lat' dir='ltr'><strong>Ossa</strong></span> <span class='ocrx_word' id='word_1_377' title='bbox 3613 1065 3800 1145; x_wconf 83' lang='lat' dir='ltr'><strong>arida,</strong></span> <span class='ocrx_word' id='word_1_378' title='bbox 3831 1090 3858 1126; x_wconf 75' lang='grc' dir='ltr'><strong>ι</strong></span> 
     </span>
     <span class='ocr_line' id='line_1_55' title="bbox 2358 1160 3870 1250; baseline 0.01 -27"><span class='ocrx_word' id='word_1_379' title='bbox 2358 1162 2508 1238; x_wconf 89' lang='lat' dir='ltr'><strong>etc.;</strong></span> <span class='ocrx_word' id='word_1_380' title='bbox 2556 1160 2759 1224; x_wconf 90' lang='lat' dir='ltr'><strong>sedin</strong></span> <span class='ocrx_word' id='word_1_381' title='bbox 2783 1161 2884 1226; x_wconf 91' lang='lat' dir='ltr'><strong>die</strong></span> <span class='ocrx_word' id='word_1_382' title='bbox 2910 1163 3259 1230; x_wconf 88' lang='lat' dir='ltr'><strong>novissimo</strong></span> <span class='ocrx_word' id='word_1_383' title='bbox 3302 1168 3732 1250; x_wconf 87' lang='lat' dir='ltr'><strong>pulcherrime</strong></span> <span class='ocrx_word' id='word_1_384' title='bbox 3764 1173 3870 1237; x_wconf 88' lang='lat' dir='ltr'><strong>flo-</strong></span> 
     </span>
     <span class='ocr_line' id='line_1_56' title="bbox 2357 1266 3867 1351; baseline 0.009 -22"><span class='ocrx_word' id='word_1_385' title='bbox 2357 1266 2589 1331; x_wconf 83' lang='lat' dir='ltr'><strong>rebunt</strong></span> <span class='ocrx_word' id='word_1_386' title='bbox 2636 1285 2750 1350; x_wconf 88' lang='lat' dir='ltr'><strong>per</strong></span> <span class='ocrx_word' id='word_1_387' title='bbox 2801 1267 3078 1351; x_wconf 88' lang='lat' dir='ltr'><strong>gloriam</strong></span> <span class='ocrx_word' id='word_1_388' title='bbox 3135 1275 3639 1340; x_wconf 89' lang='lat' dir='ltr'><strong>resurrectionis.</strong></span> <span class='ocrx_word' id='word_1_389' title='bbox 3711 1275 3867 1342; x_wconf 86' lang='lat' dir='ltr'><strong>Psal-</strong></span> 
     </span>
     <span class='ocr_line' id='line_1_57' title="bbox 2360 1373 3874 1467; baseline 0.01 -31"><span class='ocrx_word' id='word_1_390' title='bbox 2360 1373 2546 1437; x_wconf 89' lang='lat' dir='ltr'><strong>mista</strong></span> <span class='ocrx_word' id='word_1_391' title='bbox 2573 1374 2596 1409; x_wconf 83' lang='lat'><strong>⁹</strong></span> <span class='ocrx_word' id='word_1_392' title='bbox 2629 1396 2643 1439; x_wconf 88' lang='lat'>:</span> <span class='ocrx_word' id='word_1_393' title='bbox 2669 1397 2700 1436; x_wconf 77' lang='grc' dir='ltr'>α</span> <span class='ocrx_word' id='word_1_394' title='bbox 2720 1374 2935 1441; x_wconf 86' lang='lat' dir='ltr'><strong>Justus</strong></span> <span class='ocrx_word' id='word_1_395' title='bbox 2958 1382 3034 1443; x_wconf 90' lang='lat' dir='ltr'><strong>ut</strong></span> <span class='ocrx_word' id='word_1_396' title='bbox 3058 1378 3269 1462; x_wconf 87' lang='lat' dir='ltr'><strong>palma</strong></span> <span class='ocrx_word' id='word_1_397' title='bbox 3293 1382 3565 1447; x_wconf 89' lang='lat' dir='ltr'><strong>florebit.</strong></span> <span class='ocrx_word' id='word_1_398' title='bbox 3581 1405 3614 1444; x_wconf 73' lang='lat' dir='ltr'>n</span> <span class='ocrx_word' id='word_1_399' title='bbox 3640 1384 3874 1467; x_wconf 84' lang='lat' dir='ltr'><strong>Augus-</strong></span> 
     </span>
     <span class='ocr_line' id='line_1_58' title="bbox 2360 1479 3876 1573; baseline 0.009 -31"><span class='ocrx_word' id='word_1_400' title='bbox 2360 1479 2533 1544; x_wconf 80' lang='lat' dir='ltr'><strong>tinus</strong></span> <span class='ocrx_word' id='word_1_401' title='bbox 2558 1482 2603 1522; x_wconf 85' lang='lat'><strong>¹⁰</strong></span> <span class='ocrx_word' id='word_1_402' title='bbox 2628 1501 2644 1544; x_wconf 73' lang='grc' dir='ltr'><strong>ε</strong></span> <span class='ocrx_word' id='word_1_403' title='bbox 2672 1480 2935 1548; x_wconf 78' lang='lat' dir='ltr'><strong>«Videte</strong></span> <span class='ocrx_word' id='word_1_404' title='bbox 2962 1484 3073 1568; x_wconf 86' lang='lat' dir='ltr'><strong>(b),</strong></span> <span class='ocrx_word' id='word_1_405' title='bbox 3098 1488 3345 1568; x_wconf 74' lang='lat' dir='ltr'><strong>fratreS,</strong></span> <span class='ocrx_word' id='word_1_406' title='bbox 3374 1491 3430 1552; x_wconf 90' lang='lat' dir='ltr'><strong>si</strong></span> <span class='ocrx_word' id='word_1_407' title='bbox 3446 1489 3721 1573; x_wconf 81' lang='lat' dir='ltr'><strong>plantati</strong></span> <span class='ocrx_word' id='word_1_408' title='bbox 3743 1493 3876 1556; x_wconf 85' lang='lat' dir='ltr'><strong>estis</strong></span> 
     </span>
     <span class='ocr_line' id='line_1_59' title="bbox 2361 1587 3879 1681; baseline 0.01 -31"><span class='ocrx_word' id='word_1_409' title='bbox 2361 1587 2429 1650; x_wconf 92' lang='lat' dir='ltr'><strong>in</strong></span> <span class='ocrx_word' id='word_1_410' title='bbox 2449 1587 2637 1653; x_wconf 90' lang='lat' dir='ltr'><strong>domo</strong></span> <span class='ocrx_word' id='word_1_411' title='bbox 2660 1589 2949 1671; x_wconf 88' lang='lat' dir='ltr'><strong>Domini,</strong></span> <span class='ocrx_word' id='word_1_412' title='bbox 2992 1594 3045 1656; x_wconf 91' lang='lat' dir='ltr'><strong>si</strong></span> <span class='ocrx_word' id='word_1_413' title='bbox 3075 1594 3272 1658; x_wconf 85' lang='lat' dir='ltr'><strong>vultis</strong></span> <span class='ocrx_word' id='word_1_414' title='bbox 3310 1595 3541 1662; x_wconf 89' lang='lat' dir='ltr'><strong>florere</strong></span> <span class='ocrx_word' id='word_1_415' title='bbox 3568 1598 3731 1663; x_wconf 87' lang='lat' dir='ltr'><strong>sicut</strong></span> <span class='ocrx_word' id='word_1_416' title='bbox 3754 1599 3879 1681; x_wconf 87' lang='lat' dir='ltr'><strong>pal·</strong></span> 
     </span>
     <span class='ocr_line' id='line_1_60' title="bbox 2362 1695 3881 1786; baseline 0.007 -26"><span class='ocrx_word' id='word_1_417' title='bbox 2362 1713 2504 1776; x_wconf 94' lang='lat' dir='ltr'><strong>ma,</strong></span> <span class='ocrx_word' id='word_1_418' title='bbox 2534 1700 2597 1760; x_wconf 91' lang='lat' dir='ltr'><strong>et</strong></span> <span class='ocrx_word' id='word_1_419' title='bbox 2627 1695 3033 1780; x_wconf 84' lang='lat' dir='ltr'><strong>multiplicari</strong></span> <span class='ocrx_word' id='word_1_420' title='bbox 3074 1701 3236 1766; x_wconf 90' lang='lat' dir='ltr'><strong>sicut</strong></span> <span class='ocrx_word' id='word_1_421' title='bbox 3275 1704 3502 1769; x_wconf 87' lang='lat' dir='ltr'><strong>cedrus</strong></span> <span class='ocrx_word' id='word_1_422' title='bbox 3530 1704 3785 1786; x_wconf 87' lang='lat' dir='ltr'><strong>Libani,</strong></span> <span class='ocrx_word' id='word_1_423' title='bbox 3825 1709 3881 1771; x_wconf 89' lang='lat' dir='ltr'><strong>et</strong></span> 
     </span>
     <span class='ocr_line' id='line_1_61' title="bbox 2362 1805 3878 1893; baseline 0.007 -25"><span class='ocrx_word' id='word_1_424' title='bbox 2362 1822 2492 1868; x_wconf 91' lang='lat' dir='ltr'><strong>non</strong></span> <span class='ocrx_word' id='word_1_425' title='bbox 2519 1822 2800 1870; x_wconf 87' lang='lat' dir='ltr'><strong>arescere</strong></span> <span class='ocrx_word' id='word_1_426' title='bbox 2841 1805 3004 1871; x_wconf 87' lang='lat' dir='ltr'><strong>sicut</strong></span> <span class='ocrx_word' id='word_1_427' title='bbox 3026 1807 3294 1892; x_wconf 82' lang='lat' dir='ltr'><strong>foenum,</strong></span> <span class='ocrx_word' id='word_1_428' title='bbox 3325 1811 3457 1876; x_wconf 91' lang='lat' dir='ltr'><strong>sole</strong></span> <span class='ocrx_word' id='word_1_429' title='bbox 3494 1812 3773 1893; x_wconf 85' lang='lat' dir='ltr'><strong>cadente,</strong></span> <span class='ocrx_word' id='word_1_430' title='bbox 3800 1813 3878 1877; x_wconf 89' lang='lat' dir='ltr'><strong>si·</strong></span> 
     </span>
     <span class='ocr_line' id='line_1_62' title="bbox 2364 1913 3877 1999; baseline 0.003 -21"><span class='ocrx_word' id='word_1_431' title='bbox 2364 1913 2573 1993; x_wconf 88' lang='lat' dir='ltr'><strong>eutii,</strong></span> <span class='ocrx_word' id='word_1_432' title='bbox 2608 1914 2722 1997; x_wconf 87' lang='lat' dir='ltr'><strong>qui</strong></span> <span class='ocrx_word' id='word_1_433' title='bbox 2757 1916 3056 1980; x_wconf 83' lang='lat' dir='ltr'><strong>videntur</strong></span> <span class='ocrx_word' id='word_1_434' title='bbox 3085 1917 3342 1999; x_wconf 89' lang='lat' dir='ltr'><strong>florere,</strong></span> <span class='ocrx_word' id='word_1_435' title='bbox 3377 1920 3507 1985; x_wconf 89' lang='lat' dir='ltr'><strong>sole</strong></span> <span class='ocrx_word' id='word_1_436' title='bbox 3550 1921 3826 1987; x_wconf 82' lang='lat' dir='ltr'><strong>absente.</strong></span> <span class='ocrx_word' id='word_1_437' title='bbox 3848 1943 3877 1981; x_wconf 69' lang='lat' dir='ltr'><strong>n</strong></span> 
     </span>
     <span class='ocr_line' id='line_1_63' title="bbox 2366 2021 3882 2109; baseline 0.008 -24"><span class='ocrx_word' id='word_1_438' title='bbox 2366 2021 2533 2085; x_wconf 79' lang='lat' dir='ltr'><strong>Heu!</strong></span> <span class='ocrx_word' id='word_1_439' title='bbox 2566 2026 2716 2087; x_wconf 87' lang='lat' dir='ltr'><strong>tunc</strong></span> <span class='ocrx_word' id='word_1_440' title='bbox 2742 2022 2821 2089; x_wconf 89' lang='lat' dir='ltr'><strong>de</strong></span> <span class='ocrx_word' id='word_1_441' title='bbox 2846 2023 3115 2090; x_wconf 83' lang='lat' dir='ltr'><strong>istorum</strong></span> <span class='ocrx_word' id='word_1_442' title='bbox 3141 2027 3377 2109; x_wconf 89' lang='lat' dir='ltr'><strong>virgis,</strong></span> <span class='ocrx_word' id='word_1_443' title='bbox 3412 2029 3475 2093; x_wconf 92' lang='lat' dir='ltr'><strong>id</strong></span> <span class='ocrx_word' id='word_1_444' title='bbox 3513 2033 3611 2095; x_wconf 91' lang='lat' dir='ltr'><strong>est</strong></span> <span class='ocrx_word' id='word_1_445' title='bbox 3643 2031 3724 2096; x_wconf 92' lang='lat' dir='ltr'><strong>de</strong></span> <span class='ocrx_word' id='word_1_446' title='bbox 3756 2050 3882 2096; x_wconf 89' lang='lat' dir='ltr'><strong>ma-</strong></span> 
     </span>
     <span class='ocr_line' id='line_1_64' title="bbox 2364 2129 3884 2221; baseline 0.008 -28"><span class='ocrx_word' id='word_1_447' title='bbox 2364 2129 2580 2195; x_wconf 89' lang='lat' dir='ltr'><strong>lorum</strong></span> <span class='ocrx_word' id='word_1_448' title='bbox 2603 2131 2974 2213; x_wconf 88' lang='lat' dir='ltr'><strong>corporibus</strong></span> <span class='ocrx_word' id='word_1_449' title='bbox 3011 2151 3141 2197; x_wconf 90' lang='lat' dir='ltr'><strong>non</strong></span> <span class='ocrx_word' id='word_1_450' title='bbox 3171 2134 3385 2214; x_wconf 76' lang='lat' dir='ltr'><strong>floreS,</strong></span> <span class='ocrx_word' id='word_1_451' title='bbox 3413 2137 3523 2202; x_wconf 88' lang='lat' dir='ltr'><strong>sed</strong></span> <span class='ocrx_word' id='word_1_452' title='bbox 3555 2139 3737 2221; x_wconf 88' lang='lat' dir='ltr'><strong>quasi</strong></span> <span class='ocrx_word' id='word_1_453' title='bbox 3763 2158 3884 2204; x_wconf 88' lang='lat' dir='ltr'><strong>ser-</strong></span> 
     </span>
     <span class='ocr_line' id='line_1_65' title="bbox 2369 2239 3884 2330; baseline 0.008 -30"><span class='ocrx_word' id='word_1_454' title='bbox 2369 2242 2586 2319; x_wconf 89' lang='lat' dir='ltr'><strong>pentes</strong></span> <span class='ocrx_word' id='word_1_455' title='bbox 2612 2243 2675 2303; x_wconf 87' lang='lat' dir='ltr'><strong>et</strong></span> <span class='ocrx_word' id='word_1_456' title='bbox 2709 2239 3013 2305; x_wconf 88' lang='lat' dir='ltr'><strong>dracones</strong></span> <span class='ocrx_word' id='word_1_457' title='bbox 3052 2243 3237 2325; x_wconf 86' lang='lat' dir='ltr'><strong>fient,</strong></span> <span class='ocrx_word' id='word_1_458' title='bbox 3269 2245 3526 2328; x_wconf 86' lang='lat' dir='ltr'><strong>quando</strong></span> <span class='ocrx_word' id='word_1_459' title='bbox 3550 2246 3705 2310; x_wconf 87' lang='lat' dir='ltr'><strong>mali</strong></span> <span class='ocrx_word' id='word_1_460' title='bbox 3731 2249 3884 2330; x_wconf 83' lang='lat' dir='ltr'><strong>plus,</strong></span> 
     </span>
     <span class='ocr_line' id='line_1_66' title="bbox 2371 2351 3889 2431; baseline 0.009 -24"><span class='ocrx_word' id='word_1_461' title='bbox 2371 2363 2564 2427; x_wconf 87' lang='lat' dir='ltr'><strong>quam</strong></span> <span class='ocrx_word' id='word_1_462' title='bbox 2600 2352 2919 2430; x_wconf 89' lang='lat' dir='ltr'><strong>serpentes</strong></span> <span class='ocrx_word' id='word_1_463' title='bbox 2953 2354 3016 2414; x_wconf 89' lang='lat' dir='ltr'><strong>et</strong></span> <span class='ocrx_word' id='word_1_464' title='bbox 3060 2351 3394 2431; x_wconf 76' lang='lat' dir='ltr'><strong>draconeS,</strong></span> <span class='ocrx_word' id='word_1_465' title='bbox 3441 2353 3889 2421; x_wconf 82' lang='lat' dir='ltr'><strong>abominabiles</strong></span> 
     </span>
     <span class='ocr_line' id='line_1_67' title="bbox 2370 2452 3185 2539; baseline 0.007 -22"><span class='ocrx_word' id='word_1_466' title='bbox 2370 2454 2434 2517; x_wconf 87' lang='lat' dir='ltr'><strong>et</strong></span> <span class='ocrx_word' id='word_1_467' title='bbox 2461 2452 2796 2518; x_wconf 88' lang='lat' dir='ltr'><strong>horribiles</strong></span> <span class='ocrx_word' id='word_1_468' title='bbox 2822 2462 3185 2539; x_wconf 89' lang='lat' dir='ltr'><strong>resurgent.</strong></span> 
     </span>
    </p>

    <p class='ocr_par' dir='ltr' id='par_1_9' title="bbox 2367 2559 3907 5125">
     <span class='ocr_line' id='line_1_68' title="bbox 2454 2559 3889 2652; baseline 0.008 -28"><span class='ocrx_word' id='word_1_469' title='bbox 2454 2559 2541 2625; x_wconf 89' lang='lat' dir='ltr'><strong>De</strong></span> <span class='ocrx_word' id='word_1_470' title='bbox 2566 2563 2842 2627; x_wconf 88' lang='lat' dir='ltr'><strong>secundo</strong></span> <span class='ocrx_word' id='word_1_471' title='bbox 2862 2567 2905 2604; x_wconf 86' lang='lat'><strong>¹¹</strong></span> <span class='ocrx_word' id='word_1_472' title='bbox 2938 2587 2953 2628; x_wconf 91' lang='lat'>:</span> <span class='ocrx_word' id='word_1_473' title='bbox 2996 2588 3026 2627; x_wconf 77' lang='grc' dir='ltr'>α</span> <span class='ocrx_word' id='word_1_474' title='bbox 3064 2565 3240 2631; x_wconf 88' lang='lat' dir='ltr'><strong>Sicut</strong></span> <span class='ocrx_word' id='word_1_475' title='bbox 3263 2568 3386 2633; x_wconf 82' lang='lat' dir='ltr'><strong>fuit</strong></span> <span class='ocrx_word' id='word_1_476' title='bbox 3414 2569 3611 2634; x_wconf 84' lang='lat' dir='ltr'><strong>Jonas</strong></span> <span class='ocrx_word' id='word_1_477' title='bbox 3635 2571 3889 2652; x_wconf 85' lang='lat' dir='ltr'><strong>signum</strong></span> 
     </span>
     <span class='ocr_line' id='line_1_69' title="bbox 2375 2666 3894 2759; baseline 0.009 -29"><span class='ocrx_word' id='word_1_478' title='bbox 2375 2666 2689 2747; x_wconf 84' lang='lat' dir='ltr'><strong>Ninivitis,</strong></span> <span class='ocrx_word' id='word_1_479' title='bbox 2730 2670 2818 2734; x_wconf 88' lang='lat' dir='ltr'><strong>ita</strong></span> <span class='ocrx_word' id='word_1_480' title='bbox 2857 2673 2976 2736; x_wconf 89' lang='lat' dir='ltr'><strong>erit</strong></span> <span class='ocrx_word' id='word_1_481' title='bbox 3007 2673 3180 2738; x_wconf 82' lang='lat' dir='ltr'><strong>filius</strong></span> <span class='ocrx_word' id='word_1_482' title='bbox 3202 2675 3482 2741; x_wconf 88' lang='lat' dir='ltr'><strong>hominis</strong></span> <span class='ocrx_word' id='word_1_483' title='bbox 3505 2678 3894 2759; x_wconf 89' lang='lat' dir='ltr'><strong>generationi</strong></span> 
     </span>
     <span class='ocr_line' id='line_1_70' title="bbox 2374 2774 3894 2851; baseline 0.009 -13"><span class='ocrx_word' id='word_1_484' title='bbox 2374 2774 2503 2839; x_wconf 88' lang='lat' dir='ltr'><strong>isti.</strong></span> <span class='ocrx_word' id='word_1_485' title='bbox 2525 2776 2700 2843; x_wconf 88' lang='lat' dir='ltr'><strong>Sicut</strong></span> <span class='ocrx_word' id='word_1_486' title='bbox 2712 2780 2882 2844; x_wconf 90' lang='lat' dir='ltr'><strong>enim</strong></span> <span class='ocrx_word' id='word_1_487' title='bbox 2900 2780 3022 2846; x_wconf 87' lang='lat' dir='ltr'><strong>fuit</strong></span> <span class='ocrx_word' id='word_1_488' title='bbox 3036 2781 3228 2848; x_wconf 85' lang='lat' dir='ltr'><strong>Jonas</strong></span> <span class='ocrx_word' id='word_1_489' title='bbox 3240 2784 3311 2848; x_wconf 92' lang='lat' dir='ltr'><strong>in</strong></span> <span class='ocrx_word' id='word_1_490' title='bbox 3326 2788 3549 2850; x_wconf 85' lang='lat' dir='ltr'><strong>ventre</strong></span> <span class='ocrx_word' id='word_1_491' title='bbox 3570 2786 3694 2851; x_wconf 87' lang='lat' dir='ltr'><strong>ceti</strong></span> <span class='ocrx_word' id='word_1_492' title='bbox 3704 2787 3894 2851; x_wconf 87' lang='lat' dir='ltr'><strong>tribus</strong></span> 
     </span>
     <span class='ocr_line' id='line_1_71' title="bbox 2376 2883 3883 2976; baseline 0.009 -29"><span class='ocrx_word' id='word_1_493' title='bbox 2376 2883 2689 2966; x_wconf 77' lang='lat' dir='ltr'><strong>noctibuS,</strong></span> <span class='ocrx_word' id='word_1_494' title='bbox 2717 2909 2748 2947; x_wconf 73' lang='lat' dir='ltr'><strong>n</strong></span> <span class='ocrx_word' id='word_1_495' title='bbox 2784 2891 2930 2969; x_wconf 65' lang='lat' dir='ltr'><strong>etc„</strong></span> <span class='ocrx_word' id='word_1_496' title='bbox 2958 2908 3166 2973; x_wconf 87' lang='lat' dir='ltr'><strong>usque</strong></span> <span class='ocrx_word' id='word_1_497' title='bbox 3200 2913 3217 2956; x_wconf 77' lang='lat' dir='ltr'><em>z</em></span> <span class='ocrx_word' id='word_1_498' title='bbox 3259 2892 3377 2956; x_wconf 76' lang='lat' dir='ltr'><strong>«in</strong></span> <span class='ocrx_word' id='word_1_499' title='bbox 3408 2892 3595 2958; x_wconf 85' lang='lat' dir='ltr'><strong>corde</strong></span> <span class='ocrx_word' id='word_1_500' title='bbox 3628 2898 3835 2976; x_wconf 60' lang='lat' dir='ltr'><strong>terrai,</strong></span> <span class='ocrx_word' id='word_1_501' title='bbox 3858 2917 3883 2953; x_wconf 79' lang='lat' dir='ltr'>n</span> 
     </span>
     <span class='ocr_line' id='line_1_72' title="bbox 2377 2993 3895 3085; baseline 0.01 -30"><span class='ocrx_word' id='word_1_502' title='bbox 2377 2993 2445 3057; x_wconf 92' lang='lat' dir='ltr'><strong>id</strong></span> <span class='ocrx_word' id='word_1_503' title='bbox 2469 2998 2584 3073; x_wconf 89' lang='lat' dir='ltr'><strong>est,</strong></span> <span class='ocrx_word' id='word_1_504' title='bbox 2616 2995 2685 3059; x_wconf 90' lang='lat' dir='ltr'><strong>in</strong></span> <span class='ocrx_word' id='word_1_505' title='bbox 2710 2996 2982 3064; x_wconf 80' lang='lat' dir='ltr'><strong>inferno.</strong></span> <span class='ocrx_word' id='word_1_506' title='bbox 3013 2999 3191 3065; x_wconf 91' lang='lat' dir='ltr'><strong>Unde</strong></span> <span class='ocrx_word' id='word_1_507' title='bbox 3219 3020 3411 3085; x_wconf 89' lang='lat' dir='ltr'><strong>super</strong></span> <span class='ocrx_word' id='word_1_508' title='bbox 3434 3003 3594 3067; x_wconf 88' lang='lat' dir='ltr'><strong>illud</strong></span> <span class='ocrx_word' id='word_1_509' title='bbox 3623 3005 3669 3039; x_wconf 85' lang='lat'><strong>¹¹</strong></span> <span class='ocrx_word' id='word_1_510' title='bbox 3697 3026 3712 3067; x_wconf 91' lang='lat'>:</span> <span class='ocrx_word' id='word_1_511' title='bbox 3749 3005 3895 3072; x_wconf 87' lang='lat' dir='ltr'><strong>Pro-</strong></span> 
     </span>
     <span class='ocr_line' id='line_1_73' title="bbox 2367 3102 3890 3193; baseline 0.007 -26"><span class='ocrx_word' id='word_1_512' title='bbox 2367 3102 2592 3186; x_wconf 71' lang='lat' dir='ltr'><strong>jecisti</strong></span> <span class='ocrx_word' id='word_1_513' title='bbox 2607 3122 2703 3172; x_wconf 83' lang='lat' dir='ltr'><strong>me</strong></span> <span class='ocrx_word' id='word_1_514' title='bbox 2722 3108 2796 3172; x_wconf 83' lang='lat' dir='ltr'><strong>in</strong></span> <span class='ocrx_word' id='word_1_515' title='bbox 2803 3108 3200 3189; x_wconf 75' lang='lat' dir='ltr'><strong>protundum</strong></span> <span class='ocrx_word' id='word_1_516' title='bbox 3215 3112 3291 3178; x_wconf 82' lang='lat' dir='ltr'><strong>in</strong></span> <span class='ocrx_word' id='word_1_517' title='bbox 3305 3110 3489 3179; x_wconf 81' lang='lat' dir='ltr'><strong>corde</strong></span> <span class='ocrx_word' id='word_1_518' title='bbox 3513 3114 3740 3193; x_wconf 76' lang='lat' dir='ltr'><strong>maris,</strong></span> <span class='ocrx_word' id='word_1_519' title='bbox 3759 3118 3890 3192; x_wconf 66' lang='lat' dir='ltr'><strong>etc„</strong></span> 
     </span>
     <span class='ocr_line' id='line_1_74' title="bbox 2381 3210 3890 3296; baseline 0.004 -23"><span class='ocrx_word' id='word_1_520' title='bbox 2381 3210 2597 3276; x_wconf 89' lang='lat' dir='ltr'><strong>Glossa</strong></span> <span class='ocrx_word' id='word_1_521' title='bbox 2621 3214 3039 3280; x_wconf 88' lang='lat' dir='ltr'><strong>interlinearis</strong></span> <span class='ocrx_word' id='word_1_522' title='bbox 3069 3239 3083 3282; x_wconf 74' lang='grc' dir='ltr'><strong><em>ε</em></strong></span> <span class='ocrx_word' id='word_1_523' title='bbox 3123 3241 3154 3279; x_wconf 73' lang='grc' dir='ltr'>α</span> <span class='ocrx_word' id='word_1_524' title='bbox 3182 3217 3252 3283; x_wconf 94' lang='lat' dir='ltr'><strong>Id</strong></span> <span class='ocrx_word' id='word_1_525' title='bbox 3280 3223 3409 3296; x_wconf 81' lang='lat' dir='ltr'><strong>est,</strong></span> <span class='ocrx_word' id='word_1_526' title='bbox 3448 3220 3516 3283; x_wconf 91' lang='lat' dir='ltr'><strong>in</strong></span> <span class='ocrx_word' id='word_1_527' title='bbox 3542 3219 3790 3286; x_wconf 86' lang='lat' dir='ltr'><strong>inferno</strong></span> <span class='ocrx_word' id='word_1_528' title='bbox 3823 3241 3890 3284; x_wconf 71' lang='grc' dir='ltr'><strong>ε»</strong></span> 
     </span>
     <span class='ocr_line' id='line_1_75' title="bbox 2379 3322 3901 3405; baseline 0.009 -22"><span class='ocrx_word' id='word_1_529' title='bbox 2379 3336 2496 3401; x_wconf 89' lang='lat' dir='ltr'><strong>pro</strong></span> <span class='ocrx_word' id='word_1_530' title='bbox 2530 3322 2756 3403; x_wconf 85' lang='lat' dir='ltr'><strong>quoin</strong></span> <span class='ocrx_word' id='word_1_531' title='bbox 2794 3322 3145 3405; x_wconf 86' lang='lat' dir='ltr'><strong>Evangelio</strong></span> <span class='ocrx_word' id='word_1_532' title='bbox 3171 3326 3443 3391; x_wconf 88' lang='lat' dir='ltr'><strong>habetur</strong></span> <span class='ocrx_word' id='word_1_533' title='bbox 3470 3329 3545 3394; x_wconf 83' lang='lat' dir='ltr'><strong>in</strong></span> <span class='ocrx_word' id='word_1_534' title='bbox 3574 3328 3760 3395; x_wconf 80' lang='lat' dir='ltr'><strong>corde</strong></span> <span class='ocrx_word' id='word_1_535' title='bbox 3795 3334 3901 3395; x_wconf 78' lang='lat' dir='ltr'><strong>ter-</strong></span> 
     </span>
     <span class='ocr_line' id='line_1_76' title="bbox 2377 3422 3900 3511; baseline 0.006 -20"><span class='ocrx_word' id='word_1_536' title='bbox 2377 3442 2489 3506; x_wconf 83' lang='lat' dir='ltr'><strong>rae,</strong></span> <span class='ocrx_word' id='word_1_537' title='bbox 2521 3429 2585 3492; x_wconf 94' lang='lat' dir='ltr'><strong>id</strong></span> <span class='ocrx_word' id='word_1_538' title='bbox 2610 3422 2726 3508; x_wconf 83' lang='lat' dir='ltr'><strong>est,</strong></span> <span class='ocrx_word' id='word_1_539' title='bbox 2756 3430 2825 3494; x_wconf 90' lang='lat' dir='ltr'><strong>in</strong></span> <span class='ocrx_word' id='word_1_540' title='bbox 2854 3430 3123 3511; x_wconf 89' lang='lat' dir='ltr'><strong>infern0‚</strong></span> <span class='ocrx_word' id='word_1_541' title='bbox 3160 3437 3223 3497; x_wconf 90' lang='lat' dir='ltr'><strong>et</strong></span> <span class='ocrx_word' id='word_1_542' title='bbox 3249 3434 3339 3498; x_wconf 87' lang='lat' dir='ltr'><strong>ita</strong></span> <span class='ocrx_word' id='word_1_543' title='bbox 3369 3435 3661 3500; x_wconf 79' lang='lat' dir='ltr'><strong>infernus</strong></span> <span class='ocrx_word' id='word_1_544' title='bbox 3684 3437 3755 3500; x_wconf 88' lang='lat' dir='ltr'><strong>in</strong></span> <span class='ocrx_word' id='word_1_545' title='bbox 3780 3453 3900 3500; x_wconf 91' lang='lat' dir='ltr'><strong>me-</strong></span> 
     </span>
     <span class='ocr_line' id='line_1_77' title="bbox 2380 3535 3895 3621; baseline 0.005 -21"><span class='ocrx_word' id='word_1_546' title='bbox 2380 3535 2485 3600; x_wconf 91' lang='lat' dir='ltr'><strong>dio</strong></span> <span class='ocrx_word' id='word_1_547' title='bbox 2512 3544 2697 3602; x_wconf 85' lang='lat' dir='ltr'><strong>terrae</strong></span> <span class='ocrx_word' id='word_1_548' title='bbox 2723 3555 2860 3603; x_wconf 87' lang='lat' dir='ltr'><strong>esse</strong></span> <span class='ocrx_word' id='word_1_549' title='bbox 2887 3539 3277 3621; x_wconf 83' lang='lat' dir='ltr'><strong>perhibetur.</strong></span> <span class='ocrx_word' id='word_1_550' title='bbox 3311 3541 3487 3607; x_wconf 90' lang='lat' dir='ltr'><strong>Unde</strong></span> <span class='ocrx_word' id='word_1_551' title='bbox 3512 3547 3702 3609; x_wconf 79' lang='lat' dir='ltr'><strong>terrae</strong></span> <span class='ocrx_word' id='word_1_552' title='bbox 3729 3562 3895 3608; x_wconf 87' lang='lat' dir='ltr'><strong>ama-</strong></span> 
     </span>
     <span class='ocr_line' id='line_1_78' title="bbox 2378 3646 3898 3732; baseline 0.005 -25"><span class='ocrx_word' id='word_1_553' title='bbox 2378 3646 2569 3725; x_wconf 73' lang='lat' dir='ltr'><strong>toreS,</strong></span> <span class='ocrx_word' id='word_1_554' title='bbox 2600 3646 2710 3728; x_wconf 88' lang='lat' dir='ltr'><strong>qui</strong></span> <span class='ocrx_word' id='word_1_555' title='bbox 2738 3663 2853 3727; x_wconf 88' lang='lat' dir='ltr'><strong>per</strong></span> <span class='ocrx_word' id='word_1_556' title='bbox 2891 3647 3227 3712; x_wconf 83' lang='lat' dir='ltr'><strong>avaritiam</strong></span> <span class='ocrx_word' id='word_1_557' title='bbox 3251 3648 3320 3712; x_wconf 87' lang='lat' dir='ltr'><strong>in</strong></span> <span class='ocrx_word' id='word_1_558' title='bbox 3354 3649 3543 3715; x_wconf 88' lang='lat' dir='ltr'><strong>corde</strong></span> <span class='ocrx_word' id='word_1_559' title='bbox 3588 3651 3898 3732; x_wconf 86' lang='lat' dir='ltr'><strong>glutiunt,</strong></span> 
     </span>
     <span class='ocr_line' id='line_1_79' title="bbox 2381 3751 3899 3838; baseline 0.005 -23"><span class='ocrx_word' id='word_1_560' title='bbox 2381 3751 2502 3834; x_wconf 89' lang='lat' dir='ltr'><strong>ipsi</strong></span> <span class='ocrx_word' id='word_1_561' title='bbox 2528 3753 2785 3818; x_wconf 87' lang='lat' dir='ltr'><strong>tandem</strong></span> <span class='ocrx_word' id='word_1_562' title='bbox 2813 3772 2852 3817; x_wconf 90' lang='lat' dir='ltr'><strong>a</strong></span> <span class='ocrx_word' id='word_1_563' title='bbox 2877 3754 3064 3819; x_wconf 89' lang='lat' dir='ltr'><strong>corde</strong></span> <span class='ocrx_word' id='word_1_564' title='bbox 3090 3759 3302 3835; x_wconf 82' lang='lat' dir='ltr'><strong>terrae,</strong></span> <span class='ocrx_word' id='word_1_565' title='bbox 3329 3756 3393 3821; x_wconf 92' lang='lat' dir='ltr'><strong>id</strong></span> <span class='ocrx_word' id='word_1_566' title='bbox 3422 3762 3537 3838; x_wconf 83' lang='lat' dir='ltr'><strong>est,</strong></span> <span class='ocrx_word' id='word_1_567' title='bbox 3566 3757 3634 3821; x_wconf 88' lang='lat' dir='ltr'><strong>in</strong></span> <span class='ocrx_word' id='word_1_568' title='bbox 3664 3759 3899 3823; x_wconf 78' lang='lat' dir='ltr'><strong>inferno</strong></span> 
     </span>
     <span class='ocr_line' id='line_1_80' title="bbox 2386 3854 3903 3944; baseline 0.005 -27"><span class='ocrx_word' id='word_1_569' title='bbox 2386 3854 2761 3936; x_wconf 88' lang='lat' dir='ltr'><strong>glutientur.</strong></span> <span class='ocrx_word' id='word_1_570' title='bbox 2792 3856 2915 3921; x_wconf 88' lang='lat' dir='ltr'><strong>Per</strong></span> <span class='ocrx_word' id='word_1_571' title='bbox 2959 3860 3251 3923; x_wconf 86' lang='lat' dir='ltr'><strong>ventrem</strong></span> <span class='ocrx_word' id='word_1_572' title='bbox 3293 3875 3453 3940; x_wconf 89' lang='lat' dir='ltr'><strong>ergo</strong></span> <span class='ocrx_word' id='word_1_573' title='bbox 3490 3860 3611 3925; x_wconf 89' lang='lat' dir='ltr'><strong>ceti</strong></span> <span class='ocrx_word' id='word_1_574' title='bbox 3647 3862 3903 3944; x_wconf 80' lang='lat' dir='ltr'><strong>abyssus</strong></span> 
     </span>
     <span class='ocr_line' id='line_1_81' title="bbox 2384 3962 3900 4045; baseline 0.004 -20"><span class='ocrx_word' id='word_1_575' title='bbox 2384 3964 2610 4027; x_wconf 88' lang='lat' dir='ltr'><strong>inferni</strong></span> <span class='ocrx_word' id='word_1_576' title='bbox 2653 3962 3074 4045; x_wconf 81' lang='lat' dir='ltr'><strong>significatur.</strong></span> <span class='ocrx_word' id='word_1_577' title='bbox 3125 3965 3203 4030; x_wconf 88' lang='lat' dir='ltr'><strong>Et</strong></span> <span class='ocrx_word' id='word_1_578' title='bbox 3258 3967 3420 4032; x_wconf 88' lang='lat' dir='ltr'><strong>bene</strong></span> <span class='ocrx_word' id='word_1_579' title='bbox 3466 3989 3482 4031; x_wconf 74' lang='grc' dir='ltr'>ε</span> <span class='ocrx_word' id='word_1_580' title='bbox 3535 3967 3699 4033; x_wconf 88' lang='lat' dir='ltr'><strong>sicut</strong></span> <span class='ocrx_word' id='word_1_581' title='bbox 3739 3968 3900 4033; x_wconf 90' lang='lat' dir='ltr'><strong>enim</strong></span> 
     </span>
     <span class='ocr_line' id='line_1_82' title="bbox 2384 4069 3898 4154; baseline 0.005 -20"><span class='ocrx_word' id='word_1_582' title='bbox 2384 4069 2588 4135; x_wconf 81' lang='lat' dir='ltr'><strong>multa</strong></span> <span class='ocrx_word' id='word_1_583' title='bbox 2614 4070 2813 4135; x_wconf 91' lang='lat' dir='ltr'><strong>millia</strong></span> <span class='ocrx_word' id='word_1_584' title='bbox 2850 4071 3169 4137; x_wconf 84' lang='lat' dir='ltr'><strong>alosarum</strong></span> <span class='ocrx_word' id='word_1_585' title='bbox 3210 4074 3456 4138; x_wconf 87' lang='lat' dir='ltr'><strong>suntin</strong></span> <span class='ocrx_word' id='word_1_586' title='bbox 3486 4078 3709 4140; x_wconf 90' lang='lat' dir='ltr'><strong>ventre</strong></span> <span class='ocrx_word' id='word_1_587' title='bbox 3754 4076 3898 4154; x_wconf 88' lang='lat' dir='ltr'><strong>ceti,</strong></span> 
     </span>
     <span class='ocr_line' id='line_1_83' title="bbox 2383 4178 3897 4248; baseline 0.003 -6"><span class='ocrx_word' id='word_1_588' title='bbox 2383 4180 2474 4243; x_wconf 84' lang='lat' dir='ltr'><strong>ita</strong></span> <span class='ocrx_word' id='word_1_589' title='bbox 2506 4178 2962 4244; x_wconf 87' lang='lat' dir='ltr'><strong>multa-millia</strong></span> <span class='ocrx_word' id='word_1_590' title='bbox 3000 4181 3363 4247; x_wconf 88' lang='lat' dir='ltr'><strong>animarum</strong></span> <span class='ocrx_word' id='word_1_591' title='bbox 3406 4182 3477 4245; x_wconf 90' lang='lat' dir='ltr'><strong>in</strong></span> <span class='ocrx_word' id='word_1_592' title='bbox 3515 4183 3763 4248; x_wconf 82' lang='lat' dir='ltr'><strong>inferno</strong></span> <span class='ocrx_word' id='word_1_593' title='bbox 3805 4184 3845 4219; x_wconf 80' lang='lat'><strong>¹⁸</strong></span> <span class='ocrx_word' id='word_1_594' title='bbox 3882 4202 3897 4246; x_wconf 73' lang='grc' dir='ltr'><strong>ε</strong></span> 
     </span>
     <span class='ocr_line' id='line_1_84' title="bbox 2394 4285 3899 4370; baseline 0.005 -23"><span class='ocrx_word' id='word_1_595' title='bbox 2394 4310 2424 4347; x_wconf 79' lang='grc' dir='ltr'>α</span> <span class='ocrx_word' id='word_1_596' title='bbox 2472 4285 2763 4351; x_wconf 85' lang='lat' dir='ltr'><strong>Dilatavit</strong></span> <span class='ocrx_word' id='word_1_597' title='bbox 2796 4288 3082 4353; x_wconf 86' lang='lat' dir='ltr'><strong>infernus</strong></span> <span class='ocrx_word' id='word_1_598' title='bbox 3121 4289 3401 4354; x_wconf 90' lang='lat' dir='ltr'><strong>animam</strong></span> <span class='ocrx_word' id='word_1_599' title='bbox 3442 4308 3622 4355; x_wconf 91' lang='lat' dir='ltr'><strong>suam</strong></span> <span class='ocrx_word' id='word_1_600' title='bbox 3642 4340 3661 4370; x_wconf 87' lang='lat'><strong>,</strong></span> <span class='ocrx_word' id='word_1_601' title='bbox 3708 4311 3741 4350; x_wconf 67' lang='grc' dir='ltr'><strong>ι</strong></span> <span class='ocrx_word' id='word_1_602' title='bbox 3790 4295 3899 4355; x_wconf 86' lang='lat' dir='ltr'><strong>etc.</strong></span> 
     </span>
     <span class='ocr_line' id='line_1_85' title="bbox 2385 4393 3905 4476; baseline 0.002 -18"><span class='ocrx_word' id='word_1_603' title='bbox 2385 4393 2706 4459; x_wconf 87' lang='lat' dir='ltr'><strong>Custodiat</strong></span> <span class='ocrx_word' id='word_1_604' title='bbox 2745 4414 2862 4460; x_wconf 88' lang='lat' dir='ltr'><strong>nos</strong></span> <span class='ocrx_word' id='word_1_605' title='bbox 2905 4396 3098 4476; x_wconf 77' lang='lat' dir='ltr'><strong>DeuS,</strong></span> <span class='ocrx_word' id='word_1_606' title='bbox 3145 4414 3227 4460; x_wconf 90' lang='lat' dir='ltr'><strong>ne</strong></span> <span class='ocrx_word' id='word_1_607' title='bbox 3271 4397 3340 4460; x_wconf 91' lang='lat' dir='ltr'><strong>in</strong></span> <span class='ocrx_word' id='word_1_608' title='bbox 3389 4397 3582 4463; x_wconf 87' lang='lat' dir='ltr'><strong>istum</strong></span> <span class='ocrx_word' id='word_1_609' title='bbox 3625 4402 3905 4463; x_wconf 86' lang='lat' dir='ltr'><strong>ventrem</strong></span> 
     </span>
     <span class='ocr_line' id='line_1_86' title="bbox 2383 4502 3905 4587; baseline 0.001 -20"><span class='ocrx_word' id='word_1_610' title='bbox 2383 4502 2776 4568; x_wconf 88' lang='lat' dir='ltr'><strong>horrendum</strong></span> <span class='ocrx_word' id='word_1_611' title='bbox 2817 4503 3173 4568; x_wconf 86' lang='lat' dir='ltr'><strong>veniamus.</strong></span> <span class='ocrx_word' id='word_1_612' title='bbox 3222 4503 3304 4568; x_wconf 87' lang='lat' dir='ltr'><strong>De</strong></span> <span class='ocrx_word' id='word_1_613' title='bbox 3345 4503 3466 4568; x_wconf 90' lang='lat' dir='ltr'><strong>hoc</strong></span> <span class='ocrx_word' id='word_1_614' title='bbox 3509 4508 3729 4571; x_wconf 86' lang='lat' dir='ltr'><strong>ventre</strong></span> <span class='ocrx_word' id='word_1_615' title='bbox 3775 4509 3905 4587; x_wconf 84' lang='lat' dir='ltr'><strong>post</strong></span> 
     </span>
     <span class='ocr_line' id='line_1_87' title="bbox 2382 4609 3905 4692; baseline 0.002 -18"><span class='ocrx_word' id='word_1_616' title='bbox 2382 4610 2670 4675; x_wconf 89' lang='lat' dir='ltr'><strong>triduum</strong></span> <span class='ocrx_word' id='word_1_617' title='bbox 2696 4609 2887 4676; x_wconf 87' lang='lat' dir='ltr'><strong>Jonas</strong></span> <span class='ocrx_word' id='word_1_618' title='bbox 2912 4611 3234 4675; x_wconf 85' lang='lat' dir='ltr'><strong>evomitur</strong></span> <span class='ocrx_word' id='word_1_619' title='bbox 3258 4610 3325 4673; x_wconf 93' lang='lat' dir='ltr'><strong>in</strong></span> <span class='ocrx_word' id='word_1_620' title='bbox 3352 4611 3616 4692; x_wconf 87' lang='lat' dir='ltr'><strong>aridam,</strong></span> <span class='ocrx_word' id='word_1_621' title='bbox 3647 4616 3711 4677; x_wconf 87' lang='lat' dir='ltr'><strong>et</strong></span> <span class='ocrx_word' id='word_1_622' title='bbox 3730 4613 3905 4677; x_wconf 87' lang='lat' dir='ltr'><strong>tertio</strong></span> 
     </span>
     <span class='ocr_line' id='line_1_88' title="bbox 2385 4717 3907 4785; baseline 0 -2"><span class='ocrx_word' id='word_1_623' title='bbox 2385 4718 2487 4783; x_wconf 90' lang='lat' dir='ltr'><strong>die</strong></span> <span class='ocrx_word' id='word_1_624' title='bbox 2513 4717 2794 4783; x_wconf 86' lang='lat' dir='ltr'><strong>Christus</strong></span> <span class='ocrx_word' id='word_1_625' title='bbox 2817 4718 2899 4782; x_wconf 86' lang='lat' dir='ltr'><strong>ab</strong></span> <span class='ocrx_word' id='word_1_626' title='bbox 2914 4717 3129 4782; x_wconf 79' lang='lat' dir='ltr'><strong>inferis</strong></span> <span class='ocrx_word' id='word_1_627' title='bbox 3155 4717 3236 4782; x_wconf 91' lang='lat' dir='ltr'><strong>ad</strong></span> <span class='ocrx_word' id='word_1_628' title='bbox 3262 4718 3794 4785; x_wconf 87' lang='lat' dir='ltr'><strong>immortalitatem</strong></span> <span class='ocrx_word' id='word_1_629' title='bbox 3817 4737 3907 4783; x_wconf 85' lang='lat' dir='ltr'><strong>re-</strong></span> 
     </span>
     <span class='ocr_line' id='line_1_89' title="bbox 2384 4824 3906 4892; baseline 0.001 -3"><span class='ocrx_word' id='word_1_630' title='bbox 2384 4826 2684 4890; x_wconf 83' lang='lat' dir='ltr'><strong>surrexit.</strong></span> <span class='ocrx_word' id='word_1_631' title='bbox 2732 4824 2809 4890; x_wconf 89' lang='lat' dir='ltr'><strong>Et</strong></span> <span class='ocrx_word' id='word_1_632' title='bbox 2849 4830 3017 4892; x_wconf 86' lang='lat' dir='ltr'><strong>certe</strong></span> <span class='ocrx_word' id='word_1_633' title='bbox 3041 4843 3173 4890; x_wconf 92' lang='lat' dir='ltr'><strong>non</strong></span> <span class='ocrx_word' id='word_1_634' title='bbox 3213 4825 3422 4891; x_wconf 89' lang='lat' dir='ltr'><strong>solum</strong></span> <span class='ocrx_word' id='word_1_635' title='bbox 3454 4826 3534 4892; x_wconf 90' lang='lat' dir='ltr'><strong>de</strong></span> <span class='ocrx_word' id='word_1_636' title='bbox 3573 4834 3794 4892; x_wconf 86' lang='lat' dir='ltr'><strong>ventre</strong></span> <span class='ocrx_word' id='word_1_637' title='bbox 3817 4827 3906 4890; x_wconf 91' lang='lat' dir='ltr'><strong>in-</strong></span> 
     </span>
     <span class='ocr_line' id='line_1_90' title="bbox 2385 4933 3900 5017; baseline 0.002 -21"><span class='ocrx_word' id='word_1_638' title='bbox 2385 4933 2546 4997; x_wconf 86' lang='lat' dir='ltr'><strong>ferni</strong></span> <span class='ocrx_word' id='word_1_639' title='bbox 2572 4933 2761 4998; x_wconf 90' lang='lat' dir='ltr'><strong>hodie</strong></span> <span class='ocrx_word' id='word_1_640' title='bbox 2799 4933 3187 5015; x_wconf 88' lang='lat' dir='ltr'><strong>egredietur,</strong></span> <span class='ocrx_word' id='word_1_641' title='bbox 3229 4934 3340 4998; x_wconf 89' lang='lat' dir='ltr'><strong>sed</strong></span> <span class='ocrx_word' id='word_1_642' title='bbox 3382 4935 3673 4999; x_wconf 89' lang='lat' dir='ltr'><strong>omnium</strong></span> <span class='ocrx_word' id='word_1_643' title='bbox 3700 4936 3900 5017; x_wconf 85' lang='lat' dir='ltr'><strong>justo-</strong></span> 
     </span>
     <span class='ocr_line' id='line_1_91' title="bbox 2384 5040 3906 5125; baseline 0 -21"><span class='ocrx_word' id='word_1_644' title='bbox 2384 5059 2532 5106; x_wconf 89' lang='lat' dir='ltr'><strong>rum</strong></span> <span class='ocrx_word' id='word_1_645' title='bbox 2558 5041 2811 5121; x_wconf 73' lang='lat' dir='ltr'><strong>animae,</strong></span> <span class='ocrx_word' id='word_1_646' title='bbox 2840 5059 2987 5123; x_wconf 82' lang='lat' dir='ltr'><strong>quae</strong></span> <span class='ocrx_word' id='word_1_647' title='bbox 3009 5058 3124 5125; x_wconf 90' lang='lat' dir='ltr'><strong>per</strong></span> <span class='ocrx_word' id='word_1_648' title='bbox 3145 5040 3347 5107; x_wconf 88' lang='lat' dir='ltr'><strong>multa</strong></span> <span class='ocrx_word' id='word_1_649' title='bbox 3371 5059 3685 5106; x_wconf 91' lang='lat' dir='ltr'><strong>annorum</strong></span> <span class='ocrx_word' id='word_1_650' title='bbox 3712 5041 3906 5105; x_wconf 88' lang='lat' dir='ltr'><strong>millia</strong></span> 
     </span>
    </p>
   </div>
   <div class='ocr_carea' id='block_1_8' title="bbox 2384 5209 3905 5347">
    <p class='ocr_par' dir='ltr' id='par_1_10' title="bbox 2384 5209 3905 5347">
     <span class='ocr_line' id='line_1_92' title="bbox 2389 5209 3905 5278; baseline 0 -15"><span class='ocrx_word' id='word_1_651' title='bbox 2389 5214 2424 5243; x_wconf 82' lang='lat'><strong>⁸⁰</strong></span> <span class='ocrx_word' id='word_1_652' title='bbox 2449 5215 2579 5276; x_wconf 81' lang='lat' dir='ltr'><strong>Aug.</strong></span> <span class='ocrx_word' id='word_1_653' title='bbox 2606 5210 2783 5261; x_wconf 83' lang='lat' dir='ltr'><strong>Enarr.</strong></span> <span class='ocrx_word' id='word_1_654' title='bbox 2810 5212 2861 5260; x_wconf 74' lang='lat' dir='ltr'><strong>in</strong></span> <span class='ocrx_word' id='word_1_655' title='bbox 2890 5209 3024 5261; x_wconf 75' lang='lat' dir='ltr'><strong>Psal.</strong></span> <span class='ocrx_word' id='word_1_656' title='bbox 3045 5222 3150 5272; x_wconf 74' lang='lat' dir='ltr'><strong>xci,</strong></span> <span class='ocrx_word' id='word_1_657' title='bbox 3168 5224 3222 5261; x_wconf 90' lang='lat' dir='ltr'><strong>n.</strong></span> <span class='ocrx_word' id='word_1_658' title='bbox 3253 5214 3397 5263; x_wconf 76' lang='lat'><strong>14.·—</strong></span> <span class='ocrx_word' id='word_1_659' title='bbox 3424 5213 3461 5247; x_wconf 87' lang='lat'><strong>¹¹</strong></span> <span class='ocrx_word' id='word_1_660' title='bbox 3489 5211 3688 5278; x_wconf 65' lang='lat' dir='ltr'><strong>Manli„</strong></span> <span class='ocrx_word' id='word_1_661' title='bbox 3717 5224 3811 5276; x_wconf 83' lang='lat'><strong>111,</strong></span> <span class='ocrx_word' id='word_1_662' title='bbox 3831 5214 3905 5263; x_wconf 83' lang='grc'><strong>39-</strong></span> 
     </span>
     <span class='ocr_line' id='line_1_93' title="bbox 2384 5283 3459 5347; baseline -0.002 -10"><span class='ocrx_word' id='word_1_663' title='bbox 2384 5289 2461 5337; x_wconf 78' lang='lat'><strong>40.</strong></span> <span class='ocrx_word' id='word_1_664' title='bbox 2489 5310 2546 5322; x_wconf 90' lang='lat'><em>-</em></span> <span class='ocrx_word' id='word_1_665' title='bbox 2583 5284 2627 5318; x_wconf 82' lang='lat'><strong>¹¹</strong></span> <span class='ocrx_word' id='word_1_666' title='bbox 2659 5284 2792 5343; x_wconf 73' lang='lat' dir='ltr'><strong>lon..</strong></span> <span class='ocrx_word' id='word_1_667' title='bbox 2821 5294 2890 5345; x_wconf 84' lang='lat'><strong>11,</strong></span> <span class='ocrx_word' id='word_1_668' title='bbox 2929 5285 2975 5334; x_wconf 64' lang='lat'><strong>⁴.</strong></span> <span class='ocrx_word' id='word_1_669' title='bbox 3005 5308 3066 5320; x_wconf 87' lang='lat'>-</span> <span class='ocrx_word' id='word_1_670' title='bbox 3093 5283 3132 5318; x_wconf 83' lang='lat'><strong>¹⁸</strong></span> <span class='ocrx_word' id='word_1_671' title='bbox 3155 5284 3275 5347; x_wconf 62' lang='lat' dir='ltr'><strong>lsa„</strong></span> <span class='ocrx_word' id='word_1_672' title='bbox 3303 5295 3353 5347; x_wconf 79' lang='lat' dir='ltr'><strong>v,</strong></span> <span class='ocrx_word' id='word_1_673' title='bbox 3385 5286 3459 5335; x_wconf 76' lang='lat'><strong>¹4.</strong></span> 
     </span>
    </p>
   </div>
   <div class='ocr_carea' id='block_1_9' title="bbox 2448 5382 3844 5453">
    <p class='ocr_par' dir='ltr' id='par_1_11' title="bbox 2448 5382 3844 5453">
     <span class='ocr_line' id='line_1_94' title="bbox 2448 5382 3844 5453; baseline 0.001 -18"><span class='ocrx_word' id='word_1_674' title='bbox 2448 5384 2515 5450; x_wconf 76' lang='lat' dir='ltr'><strong>(a)</strong></span> <span class='ocrx_word' id='word_1_675' title='bbox 2549 5386 2670 5438; x_wconf 61' lang='grc' dir='ltr'><strong>σαι.</strong></span> <span class='ocrx_word' id='word_1_676' title='bbox 2697 5383 2823 5437; x_wconf 66' lang='lat' dir='ltr'><strong>east.</strong></span> <span class='ocrx_word' id='word_1_677' title='bbox 2852 5383 3038 5437; x_wconf 73' lang='lat' dir='ltr'><strong>Refert.</strong></span> <span class='ocrx_word' id='word_1_678' title='bbox 3069 5411 3129 5423; x_wconf 92' lang='lat'>—</span> <span class='ocrx_word' id='word_1_679' title='bbox 3157 5383 3224 5453; x_wconf 69' lang='grc' dir='ltr'><strong>(ὁ)</strong></span> <span class='ocrx_word' id='word_1_680' title='bbox 3256 5382 3404 5452; x_wconf 78' lang='lat' dir='ltr'><strong>Apud</strong></span> <span class='ocrx_word' id='word_1_681' title='bbox 3425 5384 3552 5451; x_wconf 74' lang='lat' dir='ltr'><strong>Auq.</strong></span> <span class='ocrx_word' id='word_1_682' title='bbox 3576 5385 3844 5438; x_wconf 67' lang='lat' dir='ltr'><strong>Attendite.</strong></span> 
     </span>
    </p>
   </div>
  </div>
 </body>
</html>
