4059 6317
1040 478 1124 546 IN
1162 473 1652 546 NATIVI'I'ATE
1695 474 1994 543 DOMINI.
2039 475 2305 544 SERMO
2341 477 2447 546 w.
3255 485 3329 547 M

167 613 348 681 lorum
371 614 564 681 hodie
585 616 801 682 tactus
824 618 925 681 est
954 615 1174 681 homo.
1202 638 1234 676 n
1279 614 1431 680 Tria
1474 618 1690 679 autem
1793 612 1931 679 dies
1955 613 2027 677 in
2048 611 2392 697 Scripturas
2418 613 2723 695 lectione;
2753 614 3089 696 secundus,
3117 615 3190 680 in
3218 633 3337 680 au·

168 726 493 807 exiguntur
514 726 598 790 ab
624 724 777 804 inis,
808 725 923 809 qui
950 726 1042 789 sic
1066 725 1279 808 ipsum
1302 722 1639 788 inveniunt
1669 743 1686 786 :

170 831 343 913 digna
355 832 736 916 praepasatio
749 833 822 896 in
834 832 1188 898 accedendo
1203 853 1221 910 3
1240 831 1499 896 fervens
1507 829 1694 894 devo-

174 939 244 1003 tio
266 939 329 1003 in
358 939 795 1023 percipiend03
831 941 1194 1023 gratiarum
1222 938 1385 1002 actio
1411 937 1484 1001 in
1511 952 1694 1000 rece-

176 1045 374 1111 dendo.
402 1044 692 1113 Primum
716 1047 1129 1128 significatur
1153 1046 1221 1109 in
1251 1042 1477 1126 vigilia
1504 1058 1696 1124 super

180 1171 447 1235 gregem.
478 1154 602 1220 Pa·
625 1173 903 1238 gregem
927 1155 1107 1220 enim
1133 1171 1388 1230 sensus,
1417 1155 1479 1217 et
1523 1151 1695 1217 desi-

180 1259 349 1340 deria,
373 1264 437 1325 et
459 1266 694 1340 motus,
712 1266 780 1327 et
803 1261 1222 1345 cogitationes
1238 1262 1475 1326 nostrae
1496 1256 1700 1339 signi-

178 1367 332 1432 ficari
376 1373 665 1451 possunt.
729 1369 849 1435 Hic
892 1374 991 1434 est
1046 1387 1253 1451 grex,
1286 1367 1397 1452 qui
1430 1368 1589 1433 dum
1619 1363 1699 1430 ad

180 1473 456 1540 interiora
489 1476 800 1554 minatur,
844 1475 1156 1541 Dominus
1181 1476 1250 1540 in
1275 1475 1443 1540 rubo
1469 1473 1700 1538 arden-

178 1581 220 1646 ti
238 1585 257 1619 ¹
276 1630 301 1662 ,
323 1583 389 1648 in
412 1584 604 1650 corde
639 1585 914 1650 ferventi
953 1585 1380 1667 cognoscitur.
1423 1582 1699 1647 Bernar-

176 1689 283 1756 dus
305 1692 328 1726 ²
364 1712 383 1755 z
438 1712 475 1752 α
515 1691 615 1756 Ab
659 1692 1087 1758 exterioribus
1128 1689 1210 1755 ad
1251 1689 1558 1755 interiora
1598 1705 1700 1752 re-

174 1797 365 1878 deam,
410 1798 495 1864 ab
535 1799 947 1865 inferioribus
981 1799 1064 1863 ad
1117 1797 1449 1882 superiora
1493 1814 1705 1861 ascen-

176 1905 330 1983 dam,
357 1909 429 1972 ut
456 1907 698 1990 possim
724 1924 1111 1990 cognoscere
1134 1906 1308 1971 unde
1341 1906 1555 1980 venie,
1594 1905 1708 1967 aut

173 2031 295 2096 quo
336 2012 527 2092 vado,
570 2014 728 2097 quid
770 2015 917 2090 sim,
951 2012 1057 2078 vel
1090 2011 1263 2077 unde
1302 2010 1468 2088 sim;
1498 2012 1709 2091 utper

179 2119 591 2201 cognitionem
635 2120 768 2186 mei
818 2121 1056 2204 possim
1106 2117 1440 2202 pervenire
1475 2116 1556 2180 ad
1600 2133 1705 2181 co-

178 2233 517 2313 gnitionem
582 2232 717 2298 Dei.
782 2253 816 2293 s
878 2232 1244 2297 Secundum
1307 2229 1711 2312 significatur

178 2340 241 2404 in
266 2340 639 2406 festinantia.
685 2339 868 2405 Unde
904 2340 1184 2404 dicitur:
1222 2339 1535 2405 Venerunt
1581 2338 1711 2417 ses-

180 2451 461 2517 timntoe.
510 2446 876 2513 Bernardus
910 2450 936 2487 ⁸
973 2464 993 2510 ε
1041 2468 1072 2508 ι
1097 2445 1219 2523 Qui
1257 2448 1432 2510 amat
1476 2444 1711 2510 arden-

182 2556 315 2634 tius,
358 2555 561 2621 currit
602 2553 911 2619 velocius.
954 2573 987 2612 s
1042 2550 1330 2616 Tertium
1371 2554 1587 2616 autem
1644 2550 1713 2614 in

184 2660 355 2727 laude
376 2666 743 2745 pastorum3
766 2660 942 2726 unde
956 2659 1191 2724 dicitur
1218 2680 1236 2722 t
1269 2659 1532 2726 Reverst’
1562 2662 1716 2724 sunt

182 2775 446 2850 pastam
494 2768 844 2836 macutes
896 2772 957 2834 et
1010 2766 1449 2850 ploriflcantes
1494 2768 1710 2833 Deum.

191 2875 293 2941 Ubi
315 2877 670 2943 ostenditur
703 2874 881 2959 quod
911 2874 1129 2939 nullus
1164 2875 1303 2939 sine
1357 2873 1713 2958 gratiarum

182 2987 411 3051 mione
448 2985 641 3051 debet
683 2983 981 3048 recedere
1024 2982 1104 3048 de
1135 2981 1442 3065 praesepio
1472 2980 1713 3046 altaris.

255 3087 1485 3171 InventusesttertioaMagisindomo⁸
1516 3109 1532 3151 :
1561 3087 1714 3153 «In-

179 3204 409 3267 trantes
433 3202 707 3268 domum
724 3248 744 3280 ,
771 3198 1164 3265 invenerunt
1195 3215 1496 3281 puerum,
1523 3219 1556 3258 n
1591 3200 1711 3262 etc.

180 3306 297 3373 Per
331 3310 453 3374 hoc
491 3308 901 3391 significatur
943 3305 1230 3371 inventio
1271 3305 1620 3389 spiritualis
1646 3305 1717 3370 in

174 3417 364 3482 domo
401 3415 811 3483 conscientia
854 3420 879 3455 ⁸
923 3436 941 3479 :
985 3436 1022 3476 α
1049 3412 1301 3479 intrans
1341 3415 1411 3478 in
1447 3414 1716 3480 domum

172 3543 407 3604 meam,
432 3524 887 3609 conquiescam
914 3540 1058 3587 cum
1084 3521 1216 3586 illa.
1254 3543 1286 3582 n
1314 3520 1430 3586 Hic
1455 3539 1587 3588 non
1614 3522 1714 3586 in-

169 3633 430 3697 venitur
450 3633 578 3697 nisi
606 3631 769 3697 duce
784 3630 987 3706 stella,
1006 3629 1071 3694 id
1098 3632 1194 3693 est
1220 3629 1344 3695 fide
1360 3628 1465 3694 vel
1483 3630 1713 3713 gratia.

166 3736 1601 3819 Hictrianotandasuntznamilliipsum
1648 3736 1717 3800 in

162 3847 358 3912 domo
380 3848 795 3925 invenerunt,
825 3844 939 3927 qui
963 3861 1220 3922 aurum,
1253 3843 1428 3921 thus,
1456 3847 1522 3908 et
1549 3861 1718 3926 myr-

160 3956 350 4020 rham
372 3954 778 4020 obtinerunt.
797 3950 869 4015 In
883 3968 1065 4029 aure,
1094 3950 1375 4030 dilecti03
1405 3951 1475 4015 in
1502 3951 1714 4031 thure,

156 4062 424 4128 devotio
454 4081 476 4142 3
503 4062 577 4126 in
604 4058 874 4143 myrrha
889 4105 911 4137 ,
954 4057 1246 4122 contritio
1294 4057 1714 4139 significatm.

158 4169 324 4233 Ham
371 4170 521 4233 sine
562 4167 672 4231 his
704 4164 910 4230 tribus
940 4163 1127 4229 Joeus
1152 4164 1563 4248 spiritualiter
1586 4182 1719 4230 non

154 4277 499 4343 invenitur
523 4276 598 4340 in
623 4274 818 4340 domo
843 4272 1095 4336 mentis.
1127 4269 1460 4338 Invenitur
1479 4278 1717 4351 autem,

152 4385 207 4447 si
217 4385 279 4449 ei
290 4384 593 4460 dilectio,
604 4380 883 4460 devotio,
898 4379 1194 4445 contritio
1205 4378 1378 4444 intus
1390 4379 1718 4445 offeratur.

228 4490 562 4556 laventus
587 4491 687 4551 est
718 4490 949 4569 quarto
984 4487 1062 4552 in
1098 4485 1306 4553 medio
1343 4485 1668 4553 doctorum
1700 4485 1722 4521 ⁸

150 4598 224 4661 ῡι
270 4597 573 4680 templo,-
620 4594 799 4678 quod
852 4593 1078 4658 accidit
1117 4611 1268 4658 cum
1318 4592 1604 4659 Christus
1654 4593 1724 4658 in

148 4701 503 4789 Scriptura
527 4700 640 4767 vel
662 4700 958 4766 doctrina
980 4699 1380 4765 sacerdotum
1413 4701 1484 4764 in
1512 4700 1721 4766 Eccle-

146 4810 241 4874 sia
284 4810 675 4877 invenitur.
712 4801 838 4873 Sed
863 4810 927 4871 et
957 4806 1101 4871 haec
1122 4807 1249 4871 tria
1275 4806 1726 4871 consideranda

146 4924 298 4984 sunt
313 4968 339 4999 ,
388 4918 568 5002 quia
599 4920 748 4998 post
787 4912 1080 4980 triduum
1110 4916 1207 4977 est
1232 4912 1551 4978 inventus.
1583 4912 1724 4978 Pri-

151 5043 299 5091 mus
342 5025 495 5092 dies
546 5026 646 5088 est
705 5020 993 5086 doctrina
1047 5020 1357 5098 mosaica;
1408 5019 1727 5085 secundus

152 5132 582 5216 prophetica3
630 5128 861 5194 tertius
897 5126 1285 5211 evangelica.
1328 5126 1443 5194 Vel
1476 5127 1726 5212 primus

219 5257 458 5323 ’ὧι-αἰ,
500 5266 607 5318 111,
645 5255 793 5303 2.—
825 5253 846 5284 ²
886 5253 1037 5305 Bem.
1080 5251 1641 5318 aliquidsimilehabet
1675 5255 1726 5304 in

164 5333 329 5393 cut„
386 5342 573 5382 serm.
633 5337 830 5390 xxxvi,
882 5340 939 5376 u.
984 5327 1037 5378 6.
1078 5351 1142 5364 -
1187 5326 1213 5360 ⁸
1258 5325 1357 5390 ld„
1406 5328 1461 5376 in
1509 5326 1726 5390 cantic,

158 5418 317 5456 sum.
344 5414 521 5463 niu,
550 5412 611 5450 n.
644 5403 694 5449 ί.
720 5423 784 5435 -
810 5399 829 5429 ⁴
860 5397 1062 5458 uatus,
1097 5410 1166 5462 ιι,
1196 5403 1274 5448 ss.
1302 5423 1365 5436 —
1392 5398 1415 5434 ⁸
1442 5398 1586 5463 Sap„
1615 5410 1727 5460 vm,

170 5480 249 5529 ια.
275 5503 341 5515 -
374 5480 397 5508 ·
436 5475 597 5534 Luc„
640 5480 708 5532 ιι,
754 5471 837 5520 ⁴6.
864 5494 926 5507 —
959 5469 982 5505 ‘¹
1018 5469 1154 5520 Ptal.
1190 5481 1285 5531 cx,
1325 5472 1405 5520 1⁰.
1440 5495 1504 5510 -
1536 5469 1560 5505 ⁸
1591 5470 1728 5531 Luc„

1797 719 2068 800 ditione3
2128 721 2356 788 tertius
2374 771 2391 802 ,
2448 722 2516 788 in
2571 721 2978 788 meditatione
3032 722 3337 788 consistit.

1800 826 2057 892 Primus
2067 828 2200 892 dies
2217 829 2288 891 in
2308 828 2657 907 audiendo;
2689 829 3024 909 secundus,
3055 829 3126 893 in
3153 828 3343 894 intel-

1797 934 2060 1015 ligendo
2079 958 2097 1014 3
2119 936 2367 1015 tertius,
2395 936 2466 1000 in
2491 935 2799 1001 faciendo.
2831 935 3154 1001 Psalmus⁷
3174 934 3345 1001 :aln-

1800 1041 2087 1107 tellectus
2119 1044 2328 1108 bonus
2353 1042 2652 1109 omnibus
2680 1043 3052 1108 facientibus
3080 1062 3254 1110 eum.
3305 1065 3337 1106 s

1801 1148 1979 1214 Tunc
2018 1150 2193 1215 enim
2217 1149 2442 1233 procul
2467 1150 2660 1215 dubio
2685 1150 2970 1216 Christus
2992 1151 3345 1230 invenitur,

1803 1257 2060 1340 quando
2082 1275 2164 1322 ex
2191 1258 2554 1340 operatione
2582 1275 2763 1324 mens
2794 1259 3006 1340 magis
3027 1259 3348 1324 illumina-

1805 1369 1934 1430 tur.
1966 1364 2145 1430 Unde
2160 1368 2370 1449 patet?
2400 1364 2538 1430 Duo
2562 1364 2851 1450 discipuli
2877 1366 3348 1449 scripturarum

1805 1471 2265 1553 expositionem
2302 1474 2372 1536 in
2413 1473 2522 1537 via
2546 1473 2570 1511 ⁸
2597 1472 2960 1539 audierunt.
3004 1473 3162 1553 Sed,
3190 1475 3354 1539 sicut

1808 1579 1958 1643 dicit
2006 1578 2350 1661 Gregorius
2371 1585 2435 1644 ⁹:
2471 1603 2502 1642 e
2534 1579 2678 1645 Non
2728 1581 3044 1647 audiendo
3068 1630 3086 1663 ‚
3119 1582 3228 1647 sed
3255 1582 3352 1647 fa-

1808 1686 2029 1752 ciendo
2070 1686 2415 1752 illuminati
2452 1692 2626 1768 sunt,
2655 1709 2687 1749 n
2721 1687 2978 1772 quando
3015 1688 3355 1755 Dominum

1810 1812 2029 1859 secum
2057 1795 2139 1861 ad
2163 1796 2515 1879 hospitium
2539 1795 2636 1860 ire
2661 1799 3034 1878 coegerunt.

1888 1901 2053 1967 Nota
2073 1903 2178 1967 hic
2196 1903 2468 1986 qualiter
2482 1921 2633 1969 eum
2660 1902 2730 1967 in
2751 1907 2935 1968 utero
2952 1904 3354 1987 magisjudi-

1813 2013 1988 2074 catat
2011 2010 2092 2074 de
2119 2008 2362 2094 Spiritu
2387 2015 2628 2091 sancto,
2664 2029 2864 2095 quam
2894 2012 2973 2077 de
2997 2012 3138 2078 viro
3153 2035 3171 2093 ;
3200 2031 3360 2096 quo·

1816 2116 2005 2182 modo
2021 2115 2257 2200 Joseph
2281 2121 2527 2201 poterat
2540 2117 2783 2183 moveri
2799 2118 2883 2184 ad
2897 2119 3357 2198 credulitatem,

1815 2223 1990 2306 quod
2014 2242 2169 2290 eum
2194 2223 2394 2290 Maria
2420 2224 2694 2290 habebat
2726 2225 2805 2291 de
2844 2226 3085 2309 Spiritu
3119 2231 3358 2293 sancto.

1816 2329 2091 2398 Joannes
2104 2332 2591 2415 chrysostomus
2605 2333 2651 2370 ¹⁰
2672 2331 2982 2417 :aJoseph
3002 2333 3362 2418 conceptio-

1817 2457 1968 2504 nem
1992 2441 2322 2506 manil'este
2347 2440 2625 2522 videbat,
2650 2446 2715 2507 et
2737 2442 3217 2508 fornicationem
3235 2461 3367 2509 sus-

1818 2548 2016 2631 picari
2031 2565 2166 2613 non
2179 2551 2445 2631 poterat.
2466 2546 2842 2613 Possibilius
2867 2549 3042 2614 enim
3070 2550 3365 2616 credebat

1821 2653 2160 2720 mulierem
2204 2672 2387 2738 posse
2422 2654 2561 2719 sine
2585 2655 2728 2720 viro
2753 2656 3118 2739 concipere,
3169 2676 3367 2742 quam

1822 2758 2090 2825 Mariam
2119 2779 2301 2844 posse
2329 2777 2609 2845 peccare.
2635 2781 2669 2821 s
2702 2761 3060 2847 Antequam
3079 2766 3373 2832 eonveni-

1820 2873 1986 2936 rent.
2026 2868 2170 2935 Non
2207 2870 2400 2935 dicit:
2432 2869 2816 2953 Priusquam
2854 2872 3163 2961 acciperet
3188 2891 3367 2954 eam;

1822 2976 1931 3041 sed
1961 2998 1978 3040 ε
2011 2975 2401 3061 Priusquam
2435 2979 2867 3058 convenirent,
2901 2981 3204 3062 quoniam
3233 2983 3372 3064 jam

1824 3088 1961 3149 erat
1988 3089 2244 3168 accepta
2262 3085 2332 3150 in
2354 3085 2642 3151 domum.
2670 3084 2846 3152 Unde
2870 3086 3084 3153 Glossa
3115 3109 3132 3152 ε
3169 3110 3201 3151 α
3226 3087 3375 3153 Des-

1825 3195 2091 3276 pensata
2135 3193 2299 3260 viro.
2330 3214 2361 3254 n
2421 3193 2723 3260 Rabanus
2770 3197 2814 3231 ¹¹
2866 3217 2883 3259 ι
2927 3219 2958 3258 α
3000 3197 3373 3282 Antiquitus

1826 3318 1967 3365 mos
2000 3304 2159 3376 erat,
2206 3301 2381 3384 quod
2416 3319 2686 3385 sponsus
2727 3308 2792 3369 et
2817 3322 3047 3388 sponsa
3070 3322 3204 3370 non
3229 3322 3375 3371 con·

1825 3406 2169 3473 veniebant
2192 3407 2434 3490 abnue
2468 3409 2840 3492 nuptiarum
2865 3411 3307 3479 celebratione.
3332 3436 3365 3474 n

1907 3514 2140 3593 Quaero
2172 3537 2187 3579 ε
2217 3514 2377 3581 Cum
2405 3517 2652 3600 concipi
2677 3517 2757 3583 de
2777 3518 3018 3601 Spiritu
3045 3524 3265 3586 sancto
3293 3520 3378 3585 sit

1826 3638 2024 3703 supra
2051 3627 2351 3687 naturam
2378 3626 2443 3687 et
2467 3624 2803 3706 rationem,
2831 3627 3154 3709 quomodo
3172 3632 3379 3710 potest

1827 3745 1966 3792 esse
1990 3729 2161 3810 quod
2188 3728 2388 3794 Maria
2412 3730 2674 3797 inventa
2698 3736 2794 3798 est
2815 3752 2856 3798 a
2880 3732 3116 3817 Jooeph
3134 3736 3380 3800 habens

1827 3834 1895 3898 in
1940 3840 2125 3902 utero
2159 3837 2239 3903 de
2286 3837 2527 3920 Spiritu
2571 3842 2835 3905 sancto?
2876 3840 3245 3926 Respondeo
3271 3861 3372 3908 se-

1824 3945 2111 4010 cundum
2138 3943 2170 4009 J
2173 3963 2449 4010 oannem
2465 3945 2988 4030 chrysostomum
3003 3951 3049 3992 ¹¹
3072 3973 3089 4013 z
3120 3973 3153 4014 ι
3167 3950 3377 4017 Omni·

1829 4051 1950 4116 bus
1975 4052 2374 4117 documentis
2388 4101 2410 4133 ‚
2451 4054 2688 4136 quibus
2724 4055 3054 4123 fornicatio
3089 4059 3379 4124 mulieris

1830 4160 2128 4243 intelligi,
2161 4161 2260 4225 vel
2289 4163 2481 4243 argui
2506 4161 2701 4241 solet,
2729 4163 3199 4248 deficientibus,
3242 4168 3377 4233 sola

1829 4268 2001 4351 apud
2049 4286 2200 4333 eum
2244 4268 2479 4333 mansit
2513 4270 2789 4353 suspicio
2833 4274 3061 4354 gratiae
3094 4275 3221 4356 Dei,
3264 4294 3378 4360 per

1830 4394 2028 4458 quam
2069 4376 2459 4442 existimavit
2499 4395 2644 4442 eam
2668 4379 2905 4445 habere
2929 4382 2999 4446 in
3025 4386 3232 4463 utero,
3257 4403 3374 4449 an-

1830 4488 2086 4567 tequam
2122 4485 2556 4550 convenirent.
2605 4485 2874 4553 Inventa
2891 4493 2994 4554 ‘est
3017 4509 3176 4573 ergo
3202 4510 3243 4556 a
3266 4490 3372 4557 Jo-

1831 4591 2011 4674 seph‚
2034 4591 2144 4674 qui
2158 4590 2292 4656 zelo
2310 4596 2373 4656 et
2385 4610 2603 4657 amore
2619 4611 2870 4677 semper
2888 4613 2956 4660 se
2970 4596 3372 4679 admonente,

1832 4698 2033 4763 vitam
2076 4699 2621 4782 circumspiciebat
2657 4700 2896 4766 Mariae.
2927 4724 2959 4763 υ
2996 4703 3157 4769 Dicit
3182 4706 3375 4771 etiam

1833 4805 2163 4871 inventam
2205 4805 2473 4871 Mariam
2512 4825 2553 4871 a
2595 4805 2630 4872 J
2632 4807 2831 4891 oseph
2867 4812 3204 4892 gravidam
3237 4832 3374 4881 ma-

1833 4914 2055 4978 nifeste
2080 4959 2097 4991 ‚
2151 4918 2485 4998 postquam
2522 4914 2709 4980 rediit
2755 4934 2795 4980 a
2843 4921 3375 5001 peregrinatione.

1835 5020 2103 5087 Putatur
2128 5023 2301 5086 enim
2330 5023 2556 5088 absens
2601 5041 2765 5106 esse,
2797 5044 2949 5092 cum
2991 5026 3193 5093 Maria
3237 5034 3380 5112 post

1837 5198 1983 5245 mv,
2011 5190 2092 5238 32.
2123 5213 2185 5225 --
2211 5188 2231 5219 ⁹
2260 5189 2434 5254 Greg„
2466 5190 2521 5240 in
2546 5189 2761 5255 Bvanq„
2789 5190 2932 5242 hom.
2962 5205 3126 5258 xxm,
3153 5207 3210 5245 n.
3238 5198 3289 5246 2.
3314 5222 3379 5235 —

1839 5260 1882 5294 ¹⁰
1911 5259 2017 5309 lmo
2045 5262 2223 5310 auctor
2258 5260 2412 5324 oper.
2437 5260 2642 5326 imperi.
2680 5265 2735 5312 in
2763 5263 2966 5328 naeth„
2992 5263 3137 5316 hom.
3167 5278 3185 5318 1
3195 5282 3215 5332 ς
3241 5267 3379 5319 inter

1838 5331 1992 5393 oper.
2048 5330 2331 5395 Chrysost„
2377 5333 2607 5397 Append.
2645 5336 2773 5383 tom.
2808 5334 2895 5386 Vl.
2923 5360 2986 5374 —
3020 5336 3057 5371 ¹¹
3091 5337 3285 5391 Raban.
3313 5365 3378 5378 —

1844 5402 1881 5431 ¹²
1915 5403 2024 5452 lmo
2059 5406 2319 5453 auctorem
2347 5405 2526 5468 Operis
2551 5405 2834 5470 imperfecti
2866 5409 2918 5457 in
2950 5408 3260 5477 nmmum,
3286 5410 3378 5463 ubi

1838 5485 1953 5537 sup.
