4059 6317
662 408 741 468 56
1755 398 2172 468 SERMONES
2212 398 2313 466 DE
2353 399 2746 468 TEMPORE.

661 554 1003 620 resurgere
1023 583 1043 615 ‚
1073 535 1465 621 propositum
1512 537 1784 603 verbum
1825 536 1906 602 de
1954 535 2198 601 Christo

662 644 927 730 protulit
964 643 1179 709 dicens
1209 665 1225 708 ε
1257 643 1515 712 positus
1556 649 1646 712 est
1680 645 1784 712 hic
1810 646 1888 712 in
1912 646 2197 712 ruinam.

664 753 740 819 In
764 769 894 837 quo
917 750 1178 835 quidem
1205 751 1403 816 verbo
1430 750 1639 834 primo
1664 754 1924 817 notatur
1950 770 2204 835 perver-

665 861 818 925 sitas
845 862 1117 942 acceptae
1142 858 1487 924 occasionis
1507 876 1590 923 ex
1614 858 1767 924 boni
1793 860 2002 944 operis
2022 860 2204 925 exhi-

662 967 902 1033 bitione
918 1015 937 1047 ,
968 984 1115 1032 cum
1161 965 1315 1031 dicit
1350 965 1651 1035 :Positus
1689 971 1780 1034 est
1814 967 1918 1033 hie
1954 970 2031 1034 in
2068 969 2206 1036 rui-

666 1091 818 1142 nam
831 1097 857 1149 ,·
896 1072 1176 1139 secundo
1201 1071 1565 1155 benignitas
1602 1073 1728 1157 piae
1766 1075 2205 1144 subventionis

663 1183 733 1248 in
759 1180 1057 1266 prostrati
1081 1180 1364 1245 hominis
1399 1180 1838 1247 sublevatione
1851 1230 1869 1262 ,
1913 1199 2062 1247 cum
2088 1184 2200 1249 ad-

665 1289 758 1354 dit
787 1311 803 1352 :
837 1289 919 1356 Et
944 1289 1020 1354 in
1048 1289 1571 1355 resurrectionem
1614 1287 1956 1357 multorum
1963 1308 1993 1370 ,·
2016 1290 2204 1355 tertio

666 1399 924 1462 notatur
975 1394 1423 1479 exemplaritas
1465 1394 1788 1461 imitandae
1842 1396 2205 1462 directionis

669 1504 741 1570 in
793 1502 981 1568 bonae
1030 1502 1298 1567 actionis
1343 1502 1742 1585 regulatione
1758 1553 1776 1583 ‚
1816 1521 1963 1568 cum
2005 1503 2200 1569 dicit:

670 1611 751 1676 ln
776 1612 1080 1694 siqnunu
1104 1612 1334 1693 quarto
1358 1612 1615 1674 notatur
1651 1609 2023 1691 malignitas
2056 1628 2202 1694 pra-

669 1736 774 1785 vae
834 1716 1340 1801 impugnationis
1398 1715 1469 1780 in
1522 1717 1790 1801 benigni
1861 1717 2208 1783 Conditoris

672 1823 1186 1903 contradictione,
1213 1841 1366 1889 cum
1412 1824 1721 1890 subinfert
1750 1847 1767 1890 z
1801 1826 1923 1893 Cui
1949 1833 2204 1895 contra-

668 1931 941 2000 dicetur.

753 2038 911 2103 Dicit
964 2054 1125 2120 ergo
1164 2056 1182 2101 z
1225 2037 1479 2105 Positus
1530 2044 1621 2107 est
1659 2039 1762 2106 hic
1804 2042 1881 2107 in
1920 2043 2204 2125 ruinam,

673 2147 787 2214 ubi
826 2148 1083 2211 notatur
1124 2147 1504 2230 perversitas
1552 2153 1822 2233 acceptae
1864 2152 2209 2217 occasionis

673 2273 756 2320 ex
779 2253 934 2319 boni
958 2253 1166 2337 operis
1191 2253 1601 2320 exhibitione.
1631 2255 1794 2321 Vere
1815 2275 2054 2340 magna
2069 2278 2211 2342 per-

673 2360 962 2439 versitas,
992 2360 1073 2425 de
1092 2360 1261 2426 bono
1286 2360 1491 2426 alieno
1513 2362 1717 2428 facere
1744 2365 1987 2429 malum
2000 2414 2020 2445 ,
2051 2367 2212 2433 nihil

676 2468 1061 2550 malignius,
1117 2467 1279 2532 nihil
1335 2467 1621 2535 stolidius
1680 2471 1800 2535 sub
1859 2472 2039 2538 coelo.
2087 2474 2210 2539 Sed

676 2575 839 2639 ratio
876 2592 1076 2658 quare
1111 2575 1214 2639 isti
1253 2575 1535 2659 perversi
1574 2594 1660 2642 ex
1701 2577 1885 2643 bonis
1915 2582 2213 2664 operibus

677 2681 1066 2765 accipiebant
1091 2681 1486 2747 occasionem
1514 2684 1723 2749 ruinae
1751 2689 1813 2750 et
1837 2688 2084 2768 mortis,
2117 2694 2214 2754 est

678 2789 821 2854 ista.
846 2788 1231 2854 Naturaliter
1255 2789 1430 2853 enim
1457 2789 1765 2873 quidquid
1794 2794 2129 2877 projicitur
2145 2797 2212 2860 in

679 2894 1015 2961 modulum
1029 2942 1050 2974 ,
1077 2894 1286 2960 induit
1326 2896 1598 2961 formam
1647 2903 1711 2962 et
1748 2900 2034 2982 figuram
2070 2921 2211 2969 mo-

680 3002 841 3080 duli,
870 3019 946 3067 eo
972 3001 1145 3084 quod
1168 3007 1264 3066 est
1286 3001 1376 3066 ibi
1402 3021 1517 3085 per
1544 3004 1806 3070 modum
1832 3008 2211 3092 recipientis,

681 3113 747 3174 et
792 3126 924 3173 non
967 3109 1199 3190 recepti
1251 3126 1269 3172 t
1316 3108 1469 3191 quia
1508 3128 1672 3193 ergo
1715 3113 1905 3178 corda
1955 3111 2215 3181 illorum

683 3219 864 3280 erant
887 3232 1186 3299 perversa
1203 3218 1266 3281 et
1290 3215 1529 3300 iniqua,
1559 3217 1701 3283 ideo
1728 3220 2040 3304 quidquid
2063 3223 2217 3288 boni

686 3323 765 3388 de
806 3321 1050 3388 Christo
1092 3322 1161 3387 in
1199 3323 1493 3389 cordibus
1549 3343 1773 3391 eorum
1829 3330 2213 3411 capiebatur,

687 3430 873 3495 solita
896 3430 1304 3513 perversitate
1336 3431 1562 3513 judicii
1601 3451 1975 3515 perversum
2002 3437 2214 3503 flebat.

688 3537 768 3602 Et
788 3538 871 3602 ob
895 3537 1063 3603 hanc
1086 3538 1399 3604 rationem
1425 3558 1559 3604 suae
1584 3558 1901 3624 perversae
1923 3544 2218 3627 maligni-

687 3644 967 3727 tatisipsi
980 3645 1241 3709 fuerunt
1265 3645 1388 3709 sibi
1413 3665 1601 3711 causa
1626 3648 1836 3714 ruinae
1862 3654 1925 3715 et
1951 3653 2213 3718 mortis:

687 3749 834 3815 licet
857 3750 1048 3815 etiam
1079 3752 1159 3834 (α)
1195 3753 1587 3818 occasionem
1612 3758 1967 3840 acceperint
1991 3776 2074 3823 ex
2100 3759 2216 3825 bo-

689 3858 790 3922 nis
836 3858 1133 3940 operibus
1174 3859 1423 3928 Christi.
1463 3861 1624 3927 Nam
1670 3862 1952 3929 Christus
1985 3867 2216 3950 primo,

688 3965 759 4029 in
784 3969 1099 4047 quantum
1121 3966 1347 4047 virtus,
1368 3972 1623 4052 propter
1642 3970 1992 4055 benignam
2009 3973 2222 4039 humi·

690 4073 933 4138 litatem
952 4079 1297 4157 assumptae
1317 4074 1726 4158 infirmitatis,
1747 4079 1990 4161 positus
2008 4087 2103 4147 est
2119 4082 2223 4147 hic

690 4179 760 4243 in
806 4178 1064 4244 ruinam
1099 4183 1556 4265 superborum3
1588 4186 1887 4265 secundo,
1915 4188 1986 4252 in
2014 4208 2219 4272 quan·

691 4290 832 4352 tum
856 4287 1111 4367 veritas,
1140 4294 1394 4372 propter
1414 4293 1654 4373 justam
1675 4295 2080 4376 argutionem
2105 4297 2224 4363 hu-

693 4411 904 4459 manae
937 4394 1280 4477 iniquitatis
1301 4445 1321 4476 ,
1349 4397 1590 4480 positus
1625 4404 1721 4465 est
1743 4400 1848 4466 hic
1869 4402 1940 4467 in
1963 4405 2222 4469 ruinam

692 4501 1125 4583 malignorum
1148 4521 1165 4581 ;
1196 4504 1403 4584 tertio,
1424 4504 1494 4569 in
1512 4510 1827 4589 quantum
1851 4509 2042 4591 salus,
2076 4530 2223 4595 pro-

693 4610 833 4690 pter
845 4607 1274 4673 voluntariam
1292 4612 1750 4696 susceptionem
1768 4614 1960 4681 illatae
1974 4620 2219 4699 mortiS,

692 4714 933 4797 positus
957 4718 1052 4780 est
1076 4715 1183 4779 hic
1203 4715 1272 4779 in
1300 4718 1554 4783 ruinam
1577 4720 1945 4803 impiorum.

773 4821 990 4887 Primo
1015 4820 1302 4887 Christus
1322 4871 1339 4901 ‚
1374 4824 1444 4914 in
1470 4832 1782 4909 quantum
1819 4830 2045 4909 virtus,
2070 4851 2219 4916 pro-

692 4933 833 5011 pter
874 4934 1215 5013 assumptae
1255 4930 1641 4997 infirmitatis
1682 4935 2218 5017 humiliationem,

694 5035 815 5100 fuit
837 5036 1225 5102 medicinalis
1245 5039 1417 5121 potio
1431 5040 1511 5105 ad
1524 5042 1970 5124 expellendum
1988 5046 2223 5112 vitium

694 5143 1033 5225 superbiae.
1080 5144 1214 5210 Hac
1263 5149 1477 5211 autem
1538 5150 1854 5232 superbiae
1909 5153 2223 5219 medicina

693 5250 1043 5333 abutentes,
1073 5251 1208 5318 solo
1243 5252 1318 5337 (b)
1350 5252 1529 5333 vitio,
1557 5257 1729 5339 quod
1755 5261 1891 5324 erat
1915 5278 2108 5326 causa
2131 5281 2224 5327 sa-

758 5378 919 5446 Ι1.ςίι.,
946 5390 1059 5446 vm,
1095 5383 1171 5433 14.
1198 5407 1260 5421 -
1287 5382 1305 5413 ²
1330 5382 1485 5449 Rom„
1514 5394 1565 5448 x,
1598 5388 1672 5436 ιο.

2310 535 2481 616 lutis,
2518 541 2913 603 commutant
2957 539 3028 603 in
3074 538 3330 603 ruinam
3370 537 3617 603 mortis.
3662 535 3853 603 Unde

2310 645 2623 728 superbus
2681 645 2952 711 Herodes
3006 646 3225 711 volens
3279 663 3429 710 cum
3478 645 3854 709 humilibus

2313 750 2513 834 Magis
2555 752 2740 817 subdi
2786 752 3262 836 omnipotenti,
3307 753 3426 816 sub
3471 751 3852 817 infirmitate

2312 862 2549 923 nostrae
2605 858 2810 923 carnis
2853 859 3088 942 jacenti
3125 859 3457 924 humiliter
3475 907 3497 938 ,
3543 860 3678 924 imo
3737 878 3849 922 ac-

2312 969 2490 1049 cepta
2514 966 2837 1031 occasione
2854 985 2892 1030 a
2907 967 3194 1048 benigna
3216 965 3580 1030 humilitate
3604 984 3853 1030 assum-

2311 1076 2438 1155 ptae
2462 1073 2847 1137 infirmitatis
2869 1122 2885 1152 ,
2913 1073 3048 1137 sola
3071 1072 3468 1154 malignitate
3496 1072 3857 1138 voluntatis

2312 1178 2436 1243 fuit
2459 1179 2581 1245 sibi
2607 1198 2799 1244 causa
2824 1180 3129 1244 maximae
3154 1180 3386 1259 ruinae,
3413 1197 3717 1262 quaerens
3745 1180 3858 1242 in-

2311 1287 2594 1351 terficere
2638 1286 2957 1353 Christum
3005 1308 3020 1350 z
3065 1292 3128 1352 et
3181 1288 3351 1370 quod
3393 1288 3514 1352 fuit
3569 1286 3859 1370 superbo

2313 1393 2565 1477 Herodi,
2596 1397 2835 1463 ratione
2860 1397 3238 1462 humilitatis
3261 1397 3567 1478 abutenti,
3598 1397 3860 1462 occasio

2312 1503 2520 1567 ruinae
2546 1507 2610 1568 et
2635 1504 2875 1584 mortis,
2921 1506 3045 1568 hoc
3085 1505 3205 1568 fuit
3245 1503 3605 1569 humilibus
3637 1503 3861 1586 Mag-is

2312 1610 2476 1674 bene
2501 1610 2824 1675 utentibus
2851 1629 3039 1675 causa
3055 1611 3297 1676 salutis.
3323 1610 3855 1677 Dehocdicitur¹:

2322 1739 2354 1778 α
2380 1714 2519 1781 Erit
2542 1716 2721 1780 vobis
2745 1716 3049 1782 Dominus
3064 1717 3133 1780 in
3158 1717 3766 1799 sanctificationem3
3791 1720 3863 1784 in

2315 1824 2587 1909 lapidem
2608 1829 2820 1889 autem
2838 1825 3199 1890 offensionis
3211 1832 3278 1890 et
3289 1829 3534 1909 petram
3561 1828 3860 1893 scandali

2314 1932 2560 1997 duabus
2589 1931 2886 1998 domibus
2910 1932 3103 1998 Israel
3119 1981 3141 2012 ,
3174 1934 3243 1996 in
3268 1932 3572 2016 laqueum
3609 1938 3674 1998 et
3714 1935 3860 1998 rui-

2315 2057 2466 2103 nam
2491 2040 2924 2104 habitantibus
2948 2039 3361 2105 Hierusalem.
3391 2061 3421 2100 n
3455 2038 3601 2105 Fuit
3629 2042 3860 2105 Domi·

2315 2164 2441 2210 nus
2465 2145 2534 2210 in
2552 2148 3106 2212 sanctificationem
3130 2147 3485 2211 humilibus
3508 2146 3742 2230 Magia,
3781 2166 3862 2214 eo

2317 2253 2487 2337 quod
2512 2254 2770 2318 abstulit
2796 2254 2875 2318 ab
2896 2254 2987 2320 eis
3014 2273 3295 2319 errorem
3317 2253 3728 2336 insipientiae,
3759 2259 3866 2320 tu·

2318 2377 2564 2425 morem
2595 2362 2912 2444 superbiae
2930 2410 2950 2441 ,
2980 2365 3046 2426 et
3069 2361 3357 2426 foetorem
3397 2353 3858 2443 immunditiae,

2317 2468 2652 2534 tribuendo
2678 2469 3076 2553 splendorem
3102 2470 3384 2535 veritatis
3416 2469 3487 2532 in
3525 2468 3719 2534 corde
3737 2518 3758 2550 ,
3787 2474 3869 2535 ut

2320 2580 2772 2658 cognoscerent
2803 2577 3180 2659 mysterium
3215 2575 3708 2655 incarnationis3
3741 2578 3866 2641 flr-

2320 2682 2603 2748 mitatem
2650 2683 2963 2747 sermonis
3004 2684 3224 2748 inore
3242 2731 3263 2763 ,
3290 2688 3365 2747 ut
3402 2683 3868 2749 confiterentur

2319 2808 2534 2855 coram
2561 2788 2807 2855 Herode
2832 2808 2988 2873 rege
3014 2793 3437 2874 superiorem3
3470 2795 3532 2855 et
3556 2790 3867 2856 timorem

2321 2896 2528 2961 filialis
2563 2897 2934 2962 reverentiae
2950 2945 2971 2977 ,
3016 2901 3091 2961 ut
3127 2878 3463 2962 adorarent
3517 2897 3869 2963 Dominum

2323 3011 2688 3069 creatorem.
2721 3003 2799 3067 Et
2826 3003 2916 3068 sic
2942 3003 3322 3086 quamvisin
3347 3003 3748 3069 humanitate
3771 3007 3872 3070 vi-

2322 3112 2543 3177 derent
2583 3111 2917 3189 humilem,
2961 3111 3315 3176 adorabant
3353 3116 3566 3177 tamen
3586 3159 3603 3190 ‚
3635 3117 3702 3177 et
3726 3132 3874 3178 cre-

2322 3219 2617 3284 diderunt
2642 3219 2753 3283 Dei
2779 3218 3108 3298 virtutem,
3130 3223 3193 3283 et
3220 3218 3330 3284 Dei
3357 3220 3730 3302 sapientiam
3762 3239 3875 3286 co-

2325 3330 2740 3410 gnoverunt.¹
2772 3348 2804 3386 α
2833 3325 2908 3389 Et
2933 3325 3052 3389 erit
3078 3324 3247 3390 Deus
3276 3326 3345 3389 in
3370 3325 3645 3410 lapidem
3663 3328 3874 3392 offen-

2323 3434 2519 3498 sionis
2563 3437 2628 3498 et
2665 3437 2912 3516 petram
2959 3432 3238 3497 scandali
3278 3433 3531 3498 duabus
3564 3435 3876 3500 domibus

2325 3540 2540 3606 Israel.
2557 3561 2588 3600 υ
2617 3539 2638 3603 1
2642 3540 2803 3604 srael
2828 3540 3281 3621 interpretatur
3291 3539 3561 3608 directio
3574 3544 3870 3623 Domini,

2325 3647 2464 3713 sive
2509 3649 2614 3715 vir
2653 3647 2884 3714 videns
2923 3650 3122 3713 Deum
3140 3693 3157 3724 ‚
3188 3650 3253 3711 et
3278 3647 3603 3728 significat
3637 3649 3874 3714 homi-

2324 3774 2496 3836 nem,
2535 3755 2648 3839 qui
2674 3758 2859 3838 aptus
2894 3757 3081 3819 natus
3125 3757 3221 3818 est
3257 3754 3455 3836 dirigi
3481 3756 3548 3820 in
3575 3756 3874 3823 divinam

2324 3863 2637 3930 visionem
2655 3908 2677 3941 ,
2724 3861 2858 3925 sive
2892 3863 2960 3924 in
2984 3864 3307 3941 creatura,
3336 3861 3568 3926 sivein
3604 3863 3878 3947 propria

2326 3970 2616 4035 essentia.
2664 3968 2816 4032 Duae
2852 3966 3081 4032 domus
3115 3967 3331 4044 Israel,
3378 3968 3614 4034 scilicet
3643 3987 3754 4035 cor
3797 3975 3869 4036 et

2327 4096 2419 4142 os.
2465 4076 2626 4141 Nam
2654 4092 2760 4139 eor
2793 4078 2889 4139 est
2914 4073 3346 4139 habitaculum
3372 4075 3484 4141 Dei
3509 4077 3578 4140 in
3601 4078 3866 4143 creden-

2326 4186 2431 4265 do,
2450 4201 2522 4248 os
2537 4200 2689 4248 vero
2707 4185 2804 4246 est
2822 4180 3259 4263 expressivum
3283 4184 3597 4247 sermonis
3621 4183 3691 4247 in
3716 4203 3874 4251 con·

2327 4291 2592 4370 fitendo,
2624 4307 2700 4355 eo
2730 4288 2901 4371 quod
2923 4290 2948 4324 ²
2982 4311 3014 4348 (ι
3040 4288 3230 4353 corde
3266 4290 3544 4355 creditur
3567 4291 3649 4357 ad
3667 4293 3876 4374 justi-

2328 4399 2506 4477 tiam,
2536 4415 2646 4462 ore
2671 4398 2744 4461 fit
2768 4395 3073 4461 confessio
3107 4396 3185 4460 ad
3215 4396 3509 4461 salutem.
3539 4419 3572 4458 n
3606 4396 3732 4463 Sed
3758 4399 3874 4464 do-

2329 4506 2470 4572 mui
2516 4505 2720 4571 cordis
2745 4508 2841 4569 est
2865 4503 3031 4568 Deus
3068 4503 3138 4567 in
3176 4503 3452 4588 lapidem
3476 4504 3869 4587 offensionis,

2330 4617 2589 4698 propter
2644 4611 2990 4676 caecitatem
3046 4611 3479 4689 infidelitatis3
3526 4615 3591 4675 et
3642 4612 3873 4678 domui

2330 4721 2457 4786 oris
2492 4723 2587 4785 est
2621 4724 2797 4803 petra
2824 4717 3136 4796 scandali,
3174 4721 3432 4801 propter
3455 4717 3874 4799 negationem

2329 4826 2697 4892 divinitatis.
2740 4824 2951 4889 Tertio
2985 4827 3080 4889 est
3120 4823 3426 4889 Dominus
3466 4826 3534 4888 in
3561 4824 3874 4908 laqueum

2329 4941 2394 5001 et
2418 4936 2484 5000 in
2512 4935 2766 5000 ruinam
2794 4930 3227 4996 habitantibus
3244 4930 3666 5012 Hierusalem,
3691 4933 3755 4997 id
3774 4937 3873 4999 est

2331 5043 2563 5109 Herodi
2610 5047 2672 5104 et
2710 5038 3123 5121 complicibus
3163 5038 3328 5111 suis,
3361 5043 3618 5122 propter
3645 5041 3871 5105 mortis

2328 5154 2468 5234 ejus
2495 5148 2846 5229 malignam
2873 5145 3438 5227 conspirationem:
3468 5146 3869 5229 quiquidem

2331 5258 2607 5326 Herodes
2629 5262 2692 5320 et
2721 5253 2821 5318 sui
2850 5250 3238 5316 collaterales
3263 5268 3438 5315 nunc
3469 5253 3551 5317 ad
3583 5252 3867 5320 litteram

2395 5385 2462 5450 (a)
2493 5384 2615 5436 Goet.
2641 5381 2760 5435 edit.
2787 5378 2944 5433 enim.
2976 5403 3030 5417 --
3065 5375 3134 5443 (b)
3163 5376 3274 5443 [ις.
3304 5390 3416 5430 sue.
