4059 6317
924 434 1306 503 DOMINICA
1345 435 1426 503 lv
1466 433 1661 502 POST
1705 433 2233 501 ΕΡΙΡΗΑΝΙΑΜ.
2282 434 2541 502 SERMO
2582 436 2690 501 ΙΙΙ.

211 575 331 638 tata
354 577 476 652 est,
505 574 723 655 quoad
747 571 942 637 Jonas
970 573 1209 654 ejectus
1235 574 1351 635 est.
1380 569 1545 636 Vere
1574 570 1748 653 peri·

209 680 418 744 culosa
444 685 543 744 est
569 679 994 745 inobedientia
1025 703 1040 744 ε
1071 679 1352 760 legimus
1377 677 1552 744 enim
1565 677 1586 713 ¹
1614 677 1753 742 ino·

209 786 524 852 bedientia
544 789 823 869 eiectum
864 786 1069 851 Adam
1095 786 1173 852 de
1199 785 1513 869 paradiso.
1553 783 1746 849 Para-

207 895 380 959 disus
417 899 519 959 est
563 898 783 958 autem
820 892 1096 976 Spiritus
1122 893 1324 958 sancti
1366 892 1599 974 gratia,
1645 892 1750 959 vel

206 1006 418 1068 sancta
442 1002 582 1066 vita
611 1024 627 1066 ε
666 1023 700 1063 c
725 999 940 1066 Gratia
982 1001 1168 1084 quasi
1198 1001 1280 1082 (a)
1309 1000 1639 1083 paradisus
1679 1000 1748 1063 in

206 1109 746 1174 benedictionibus
772 1114 817 1169 ².
836 1128 870 1167 u
904 1107 1063 1172 Item
1095 1107 1324 1173 Jonam
1348 1108 1428 1172 de
1454 1107 1632 1184 navi,
1661 1107 1746 1170 si-

206 1221 305 1282 cut
328 1217 440 1281 hic
457 1217 715 1281 dicitur.
743 1214 904 1280 Item
937 1214 1091 1280 Saul
1113 1214 1194 1279 de
1219 1232 1446 1297 regn0‚
1476 1215 1639 1278 sicut
1662 1214 1750 1278 le·

207 1326 376 1406 gitur
414 1328 466 1386 ⁸.
506 1324 631 1389 Per
680 1341 964 1404 regnum
1001 1326 1216 1387 autem
1264 1322 1473 1404 gloria
1511 1325 1751 1386 aeterna

207 1433 604 1514 significatur
637 1432 660 1468 ⁸
689 1454 705 1495 ε
748 1454 781 1493 α
800 1431 953 1503 ,Ιᾱθο
994 1432 1300 1514 accipient
1329 1447 1608 1512 regnum
1636 1430 1744 1495 de·

208 1541 383 1618 coris,
398 1561 434 1598 »
457 1544 581 1604 etc.
607 1537 1369 1622 Propterinobedientiam
1394 1555 1554 1620 ergo
1580 1538 1750 1621 ejici-

207 1653 308 1713 tur
330 1647 533 1712 homo
558 1646 642 1712 de
671 1646 964 1729 paradiso
988 1645 1238 1727 gratiae,
1267 1644 1345 1709 de
1371 1645 1526 1710 navi
1546 1643 1751 1710 Eccle-

210 1757 335 1836 siae,
361 1754 444 1819 de
473 1771 692 1835 regno
718 1752 946 1834 gloriae
973 1751 1107 1817 Dei.
1143 1750 1243 1816 Ad
1267 1750 1438 1816 idem
1465 1767 1748 1832 regnum

210 1880 336 1927 non
359 1862 518 1925 sinit
533 1861 869 1928 hominem
893 1860 1250 1942 pervenire.
1287 1858 1503 1924 Prima
1526 1861 1751 1943 ejectio

212 1973 295 2033 est
317 1987 356 2033 a
385 1968 683 2033 fidelium
719 1967 991 2046 merito;
1039 1967 1316 2032 secunda
1329 2015 1351 2047 ,
1390 1986 1429 2031 a
1461 1968 1749 2032 fidelium

211 2095 515 2155 numero;
547 2076 760 2154 tertia,
791 2094 831 2140 a
858 2075 1144 2141 fidelium
1167 2075 1459 2159 praemio.
1492 2075 1751 2157 Augus-

211 2186 370 2250 tinus
407 2202 425 2247 :
464 2207 500 2245 α
520 2183 571 2250 Ο
597 2202 797 2267 quam
829 2183 1189 2248 detestabile
1212 2187 1311 2246 est
1339 2183 1568 2247 vitium
1597 2184 1748 2249 obe-

214 2292 452 2357 dicntiae
491 2292 893 2357 contrarium
911 2338 933 2370 ‚
966 2308 1081 2375 per
1121 2309 1320 2374 quam
1356 2292 1645 2373 Angelus
1669 2292 1750 2357 de

215 2399 380 2474 offilo,
399 2400 610 2464 homo
624 2399 707 2465 de
723 2398 1016 2482 paradiso
1032 2399 1277 2478 cecidit,
1300 2396 1453 2463 Saul
1469 2415 1751 2481 regnum

214 2506 411 2571 amisit
426 2555 444 2584 ,
475 2506 763 2590 populus
809 2506 994 2571 lsrael
1042 2504 1354 2590 populum
1390 2509 1455 2570 et
1490 2510 1751 2587 gentem

216 2614 444 2678 amisit!
476 2636 510 2673 ιι

654 2781 946 2852 SERMO
988 2782 1083 2849 111
1124 2783 1204 2874 (b)
1259 2789 1304 2851 ⁸.

282 2937 431 3003 Eece
461 2939 684 3003 mom
721 2937 937 3015 factus·
958 2940 1052 3004 est
1079 2938 1156 3003 in
1179 2938 1373 3015 mari,
1402 2938 1503 3004 ita
1528 2942 1602 3005 ut
1627 2955 1749 3006 na-

217 3046 306 3110 vis
320 3045 362 3125 ⁸,
384 3048 505 3109 etc.
529 3043 689 3107 Post
703 3042 1038 3125 praedictas
1061 3047 1191 3107 tres
1216 3059 1459 3124 causas,
1478 3047 1753 3126 quatuor

217 3154 406 3219 adhuc
439 3171 666 3218 causae
695 3154 954 3233 restant,
984 3168 1100 3234 per
1136 3152 1208 3234 (c)
1258 3167 1419 3235 quas
1458 3154 1753 3219 navicula

219 3260 491 3325 Ecclesiae
540 3258 1037 3324 tribulationum
1076 3259 1377 3324 fluctibus
1412 3261 1748 3342 premitur.

220 3366 485 3445 Quarum
503 3367 721 3449 prima
751 3369 848 3429 est
871 3364 1281 3448 praelatorum
1310 3367 1750 3450 negligentia3

218 3476 370 3541 unde
390 3475 497 3540 hic
517 3474 786 3552 dicitur,
814 3474 987 3557 quod
1011 3472 1163 3538 Jesu
1186 3474 1537 3541 dormiente
1556 3479 1625 3542 in
1643 3496 1753 3544 na·

218 3580 441 3662 vicula,
470 3583 699 3646 motus
739 3597 1023 3662 magnus
1059 3581 1264 3645 tactus
1309 3587 1425 3647 est.
1477 3584 1657 3649 Jesus
1685 3585 1754 3649 in

220 3688 358 3752 navi
391 3688 638 3753 dormit
652 3735 671 3767 ‚
705 3686 820 3751 ubi
837 3686 1042 3770 judex
1067 3691 1133 3751 et
1157 3690 1364 3753 rector
1389 3693 1664 3774 torpent,
1691 3698 1756 3756 et

219 3795 621 3878 negligenter
685 3799 916 3875 agunt.
988 3792 1149 3859 Vere
1215 3796 1609 3878 periculosus
1662 3803 1758 3864 est

220 3920 466 3966 somnus
492 3900 924 3984 negligentiae
941 3905 1263 3967 rectorum
1279 3907 1344 3968 et
1357 3904 1716 3989 principum
1731 3929 1749 3985 ;

218 4008 485 4090 legimus
509 4009 695 4074 enim
719 4014 742 4050 ⁷
768 4007 942 4090 quod
967 4005 1098 4073 Noe
1128 4010 1453 4076 dormiens
1481 4013 1757 4079 denuda-

220 4120 337 4181 tur.
361 4117 495 4181 Hoc
507 4120 738 4182 autem
762 4115 1172 4200 spiritualiter
1189 4119 1283 4199 fit,
1307 4120 1562 4202 quando
1584 4123 1757 4205 quod

219 4224 550 4306 negligens
580 4226 652 4287 et
688 4222 942 4304 tepidus
966 4227 1060 4288 est
1090 4226 1234 4308 quis
1264 4226 1354 4310 (d)
1374 4275 1392 4305 ,
1426 4229 1595 4293 bona
1624 4230 1757 4295 vita

219 4332 307 4396 vel
333 4332 503 4396 fama
524 4330 851 4414 privatur.
884 4329 1038 4394 Item
1063 4336 1086 4372 ⁸
1102 4379 1127 4412 ,
1152 4334 1324 4416 quod
1351 4333 1580 4400 Tobias
1604 4336 1750 4401 dor-

222 4440 408 4503 miens
429 4442 803 4504 excaecatur
842 4455 958 4520 per
998 4438 1198 4504 calida
1223 4445 1501 4506 stercora
1525 4443 1749 4509 hirun-

222 4544 463 4626 dinum,
495 4563 624 4629 per
657 4561 807 4627 quae
830 4544 1086 4611 fervens
1115 4546 1424 4630 cupiditas
1448 4552 1757 4633 tempora-

222 4650 366 4716 lium
384 4653 824 4735 significatur.
845 4651 868 4688 ’
906 4674 937 4713 α
964 4651 1192 4717 Omnia
1213 4655 1484 4721 arbitror
1509 4661 1585 4722 ut
1605 4662 1757 4724 ster-

225 4772 375 4820 cora.
398 4777 432 4816 n
461 4754 631 4833 Sed,
663 4754 833 4818 heul
876 4753 1067 4819 hodie
1100 4755 1244 4838 plus
1281 4757 1574 4840 diligitur
1600 4761 1756 4826 illud

225 4867 478 4943 stercus,
508 4879 716 4946 quam
741 4860 1046 4926 Christus.
1075 4861 1231 4928 Item
1259 4863 1303 4899 ¹⁰
1332 4864 1614 4931 lsboseth
1642 4870 1751 4950 ju-

283 4989 299 5021 ¹
323 4988 459 5044 Gen..
495 5000 592 5053 ιιι,
616 4990 702 5038 24.
734 5011 796 5024 -
821 4986 840 5016 ²
867 4986 1050 5048 Eecli„
1077 4999 1171 5049 η,
1203 4990 1281 5039 27.
1311 5015 1373 5025 -
1401 4990 1421 5020 ⁸
1456 4991 1472 5039 Ι
1504 4991 1638 5055 Rey„
1664 5004 1752 5056 xv,

226 5059 351 5110 23.-
379 5059 397 5094 ⁸
424 5059 570 5124 Sap..
604 5070 656 5122 V,
685 5060 828 5108 17.-
866 5058 885 5088 ⁸
909 5059 1209 5110 Sermonem
1242 5058 1393 5109 istum
1421 5063 1589 5125 potius
1618 5063 1756 5114 dixe-

229 5130 290 5181 ris
307 5135 506 5238 ¹partem
533 5131 756 5182 alteram
783 5130 1139 5250 preecgdgntis.
1165 5157 1229 5168 -
1253 5132 1277 5166 ⁸
1298 5133 1499 5236 Μαξτή.,
1521 5146 1643 5216 χιιι,
1673 5137 1753 5187 24.

232 5272 274 5320 8.
313 5202 734 5336 -θῗηιίχῖἰεῖζ
775 5282 848 5336 n,
889 5215 1052 5321 5.⁰-'-'
1081 5205 1356 5339 fff'iffiim„
1403 5204 1645 5337 ¹3:115)ss
1672 5219 1753 5315 ¹2

234 5341 270 5376 ¹²
305 5345 538 5407 ιιι-ερον..
575 5345 778 5394 Pastor.
823 5355 931 5393 cur.
967 5346 1097 5407 part.
1135 5345 1232 5408 ΙΙΙ,
1266 5358 1310 5397 c.
1351 5358 1420 5407 w,
1458 5346 1523 5396 al.
1562 5359 1751 5411 xxvm,

234 5413 358 5465 adm.
392 5419 438 5466 5.
481 5441 537 5452 -·
582 5414 628 5451 ¹⁸
651 5412 862 5477 naith„
896 5425 1004 5479 m,
1038 5417 1127 5479 23,
1159 5418 1236 5467 24.
1263 5443 1323 5455 -
1366 5417 1405 5452 ¹⁶
1431 5423 1664 5485 August„
1688 5419 1758 5470 ad

3279 439 3397 500 wa

1864 569 2127 650 gulatur
2159 570 2481 635 dormiens
2517 587 2558 633 a
2595 570 2845 635 duobus
2861 568 3275 660 'principibus
3299 568 3398 633 la-

1861 684 2143 742 tronum.
2176 677 2483 743 Latrones
2505 682 2656 743 sunt
2677 681 2932 761 peccata
2960 677 3002 713 ¹¹
3027 695 3047 741 ε
3080 697 3113 737 01
3134 675 3260 740 Vos
3285 694 3397 740 au-

1859 788 1989 848 tem
2015 785 2251 850 fecistis
2274 786 2450 851 illam
2467 787 2836 870 speluncam
2853 785 3198 861 latronum,
3212 804 3243 843 n
3269 785 3393 847 etc.

1860 891 1996 957 Duo
2023 893 2341 976 principes
2377 898 2527 959 sunt
2552 893 2991 977 praesumptio,
3020 894 3083 956 et
3108 890 3396 973 despera-

1857 998 1972 1064 tio,
2003 998 2338 1064 Dormiens
2372 1019 2529 1083 ergo
2556 1018 2670 1082 per
2695 999 3164 1081 negligentiam
3190 998 3392 1062 denu-

1859 1105 2046 1169 datur
2094 1124 2134 1170 a
2181 1107 2350 1171 bona
2392 1107 2866 1173 conversatione
2896 1153 2918 1186 ,
2961 1108 3320 1171 excaecatur
3354 1123 3396 1168 a

1858 1212 2027 1277 bona
2060 1215 2454 1296 cognitione,
2478 1216 2823 1297 jugulatur
2861 1217 3101 1279 aeterna
3124 1213 3392 1277 damna-

1856 1320 2054 1385 tione.
2086 1321 2163 1386 Et
2187 1340 2339 1387 vere
2365 1322 2564 1388 multa
2585 1322 2994 1405 jugulatione
3031 1322 3270 1403 dignus
3297 1326 3397 1387 est

1858 1427 2066 1492 malus
2091 1431 2296 1494 rector
2323 1431 2369 1471 ¹¹
2399 1452 2416 1494 :
2455 1451 2486 1490 α
2500 1429 2755 1495 Praelati
2780 1432 2880 1506 tot,
2898 1428 3210 1493 mortibus
3230 1429 3397 1492 mori

1858 1533 2042 1615 digni
2066 1540 2237 1613 sunt,
2265 1540 2421 1618 quot
2445 1537 2515 1600 in
2539 1536 2824 1601 subditos
2856 1553 3006 1601 suos
3028 1534 3396 1619 perditionis

1857 1642 2150 1725 exempla
2173 1642 2633 1708 transmittunt.
2659 1663 2690 1703 n

1938 1745 2227 1813 Secunda
2271 1754 2366 1814 est
2401 1749 2745 1833 spiritualis
2789 1747 3016 1813 Christi
3071 1749 3392 1829 absentia;

1857 1855 2033 1921 unde
2082 1857 2316 1922 dicitur
2360 1859 2430 1936 ¹⁸,
2461 1858 2633 1942 quod
2683 1857 2865 1924 Jesus
2916 1862 3053 1923 erat
3104 1859 3274 1924 solus
3328 1860 3397 1923 in

1858 1967 2075 2028 monte
2093 2012 2115 2043 ,
2142 1968 2208 2029 et
2230 1965 2529 2030 navicula
2567 1967 2634 2030 iu
2663 1966 2826 2030 mari
2847 1966 3205 2048 ⁴iactabatur
3230 1967 3392 2033 fluc-

1857 2069 2053 2135 tibus.
2101 2070 2196 2137 Ibi
2243 2076 2457 2138 autem
2497 2071 2783 2139 Christus
2823 2074 3050 2138 absens
3103 2078 3199 2139 est
3220 2123 3237 2146 ‚
3283 2075 3398 2139 ubi

1859 2178 2093 2243 Christi
2109 2197 2292 2244 amor
2316 2198 2452 2245 non
2477 2184 2606 2254 est;
2629 2181 2792 2245 sicut
2810 2198 2848 2244 e
2862 2182 3178 2246 contrario
3195 2181 3398 2247 Chris-

1857 2290 1963 2351 tus
1998 2292 2123 2364 est,
2173 2288 2286 2352 ubi
2334 2288 2588 2353 castitas
2615 2287 2688 2371 (e)
2719 2291 2836 2353 est.
2865 2288 3269 2371 Augustinus
3302 2289 3346 2327 ²⁸
3377 2311 3394 2355 :

1866 2415 1899 2454 a
1927 2392 2128 2459 Tanto
2181 2393 2384 2460 Deum
2439 2396 2817 2460 habebimus
2871 2397 3349 2479 praesentiorem
3378 2443 3396 2477 ,

1856 2506 2099 2584 quanto
2138 2519 2423 2567 amorem
2450 2520 2580 2586 quo
2607 2504 2677 2567 in
2702 2502 2906 2568 Deum
2932 2504 3253 2570 tendimus
3294 2518 3401 2588 po-·

1856 2609 2129 2675 terimus
2151 2609 2387 2675 habere
2409 2611 2757 2694 puriorem.
2789 2632 2821 2671 n
2855 2609 3020 2677 Vere
3043 2612 3400 2695 periculosa

1857 2721 1954 2782 est
1997 2717 2228 2783 Christi
2271 2717 2556 2782 absentia
2598 2738 2614 2781 t
2665 2718 2942 2800 legimus
2986 2718 3159 2784 enim
3198 2721 3394 2803 quod,

1858 2826 2106 2893 Christo
2130 2828 2407 2907 absente,
2437 2826 2714 2893 Lazarus
2738 2829 3112 2895 moritur¹⁸z
3147 2830 3400 2895 «Domi-

1857 2952 1940 2998 ne
1962 2983 1980 3010 ,
2017 2935 2073 2998 si
2117 2934 2344 2999 fuisses
2386 2935 2527 3014 hic,
2559 2934 2753 3000 frater
2794 2953 2978 3000 meus
3019 2953 3149 3001 non
3174 2936 3399 3003 fuisset

1857 3046 2173 3107 mortuus.
2202 3063 2234 3102 ι
2271 3040 2439 3107 Mors
2464 3040 2683 3107 Lazari
2709 3043 3104 3126 spiritualem
3122 3047 3398 3110 mortem

1858 3149 2196 3230 significat.
2226 3149 2406 3229 Item,
2446 3149 2692 3214 Christo
2728 3151 3008 3230 absente,
3038 3152 3220 3216 navis
3247 3154 3394 3234 agi-

1857 3259 2059 3337 tatur,
2091 3256 2255 3322 sicut
2296 3255 2404 3321 hic
2427 3256 2682 3336 dicitur,
2713 3258 3132 3339 perturbatur
3155 3260 3399 3342 pericli-

1856 3364 2115 3428 tatione.
2137 3362 2466 3428 Psalmista
2480 3365 2527 3401 1‘
2545 3385 2560 3427 ε
2586 3384 2619 3424 α
2632 3364 3047 3430 Avertentete
3063 3366 3287 3432 faciem
3317 3367 3396 3449 (Ῑ)

1857 3470 2305 3551 turbabuntur,
2336 3492 2367 3531 n
2385 3474 2506 3536 etc.
2528 3470 2686 3536 Item
2701 3471 2948 3537 Christo
2961 3473 3217 3538 absente
3233 3473 3400 3539 Tho·

1859 3595 1997 3640 mas
2020 3577 2344 3656 dubitat¹⁷‚
2365 3585 2483 3643 etc.
2510 3578 2771 3663 Propter
2787 3579 2911 3644 hoc
2930 3580 3092 3645 bene
3118 3580 3269 3645 dicit
3286 3580 3400 3646 Do-

1861 3685 2075 3749 minus
2098 3685 2143 3726 ¹⁸
2171 3706 2186 3748 ε
2218 3707 2249 3746 α
2282 3685 2420 3768 Ego
2441 3704 2591 3751 sum
2618 3687 2747 3765 via,
2783 3688 3043 3769 veritas,
3077 3692 3142 3754 et
3174 3690 3329 3756 vita.
3357 3712 3391 3751 n

1860 3791 2143 3857 Christus
2182 3796 2278 3857 est
2305 3795 2474 3873 vita3
2504 3798 2567 3859 et
2590 3795 2752 3874 ideo,
2786 3795 2926 3878 ipso
2950 3796 3232 3875 absente,
3261 3798 3401 3863 ani-

1858 3916 1968 3964 ma
1982 3898 2283 3963 moritur.
2308 3899 2445 3982 Ipse
2475 3906 2569 3965 est
2596 3901 2742 3967 via:
2763 3902 2928 3982 ideo,
2960 3903 3099 3986 ipso
3119 3905 3396 3983 absente,

1860 4004 2067 4071 viator
2111 4005 2525 4088 periclitatur.
2554 4008 2694 4091 lpse
2720 4013 2816 4074 est
2840 4010 3110 4090 veritas3
3144 4015 3210 4076 et
3231 4011 3396 4091 ideo,

1859 4113 1998 4198 ipso
2023 4113 2301 4195 absente,
2337 4114 2670 4180 dubitatur
2700 4118 2768 4180 in
2790 4117 2936 4181 fide.

1941 4219 2154 4286 Tertia
2188 4225 2284 4286 est
2331 4241 2507 4287 curae
2558 4224 2890 4307 pastoralis
2936 4224 3398 4306 excrescentia;

1858 4327 2030 4393 unde
2060 4328 2144 4393 ¹⁹:
2181 4351 2213 4390 α
2235 4327 2666 4412 Impleverunt
2690 4330 2911 4396 ambas
2939 4331 3286 4411 naviculas,
3311 4332 3402 4396 ita

1859 4438 1934 4499 ut
1962 4453 2122 4517 pene
2167 4440 2634 4517 mergerentur.
2680 4457 2712 4496 ι»
2762 4435 2883 4502 Per
2922 4438 3399 4505 multitudinem

1861 4542 2130 4624 piscium
2153 4542 2558 4623 significatur
2578 4544 2918 4610 multitudo
2943 4546 3346 4612 subditorum
3375 4568 3392 4613 ε

1860 4648 2116 4733 quando
2140 4650 2317 4715 enim
2332 4652 2583 4715 tantum
2608 4652 2917 4717 excrescit
2942 4670 3097 4718 cura
3122 4658 3398 4736 pastora-

1859 4755 1937 4819 lis
1971 4774 2084 4838 per
2109 4756 2298 4819 talem
2325 4756 2823 4840 multitudinem,
2869 4761 3039 4842 quod
3080 4759 3388 4843 periculo-

1860 4882 2006 4928 sum
2034 4868 2147 4928 est.
2182 4861 2541 4930 Notandum
2570 4871 2783 4931 autem
2793 4914 2818 4947 ,
2847 4868 3019 4949 quod
3045 4867 3275 4949 triplex
3302 4873 3396 4970 est
3479 4882 3632 4928 uuis-

1862 5035 2072 5095 Maced„
2102 5035 2249 5100 epist.
2283 5047 2386 5099 nn,
2414 5036 2478 5086 al.
2511 5047 2625 5100 etv,
2657 5050 2709 5086 n.
2740 5039 2818 5087 13.
2849 5062 2911 5076 -
2949 5035 2985 5073 ¹⁸
3015 5040 3175 5102 loon„
3211 5052 3285 5100 xi.
3311 5044 3393 5093 21.

1860 5134 1922 5145 —
1953 5109 1995 5143 ¹⁸
2027 5110 2163 5160 Ρειιί.
2199 5118 2322 5169 cm,
2355 5110 2432 5158 29.
2461 5133 2516 5143 -
2564 5110 2601 5143 ¹²
2633 5109 2804 5174 Joan„
2834 5121 2931 5175 xx,
2964 5112 3042 5162 25.
3078 5136 3140 5149 —
3177 5114 3210 5143 ¹⁸
3244 5112 3394 5178 ἰδίει,

1859 5192 1966 5243 xlv,
2005 5183 2052 5231 6.
2087 5205 2144 5218 -
2183 5181 2219 5214 ¹⁹
2244 5177 2378 5240 Luc„
2415 5189 2467 5243 v,
2500 5181 2547 5231 Ἰ.

1925 5280 1988 5342 (a)
2029 5278 2175 5342 ναις.
2207 5277 2354 5327 sicut.
2383 5304 2445 5315 -
2479 5276 2546 5340 (ω
2570 5277 2653 5327 Al.
2677 5279 2762 5331 lv.
2785 5261 2841 5316 -‘-
2863 5280 2921 5343 (c)
2949 5281 3067 5345 req.
3087 5287 3315 5345 propter.
3331 5309 3396 5323 -

1861 5349 1936 5415 (d)
1954 5351 2075 5400 Coet.
2087 5349 2210 5399 edit.
2225 5350 2363 5414 quod
2376 5349 2641 5414 negligens
2653 5355 2705 5400 et
2716 5350 2914 5414 tepidus
2929 5356 3007 5402 est
3017 5354 3151 5417 quis,
3168 5354 3392 5419 quaudo·

1857 5447 1919 5459 -
1943 5421 2008 5486 (e)
2033 5422 2145 5486 Leq.
2168 5420 2400 5474 charitas.
2428 5447 2482 5459 --
2504 5421 2572 5485 (s)
2603 5421 2725 5474 Goet.
2753 5422 2874 5473 edit.
2896 5428 3043 5476 omis.
3072 5428 3121 5478 te
3140 5425 3341 5479 taciem.
