4059 6317
711 532 832 595 356

707 663 1019 730 invenies.
1070 660 1220 728 Ideo
1262 661 1282 698 ¹
1330 680 1348 725 ε
1398 683 1431 722 α
1458 657 1531 723 In
1553 658 1731 725 omni
1764 659 1904 724 loco
1930 660 2242 724 sacrifiea-

707 775 841 849 tur‚
868 775 933 836 et
957 770 1227 835 offertur
1251 765 1496 832 nomini
1519 783 1663 832 meo
1675 766 1910 832 oblatio
1927 765 2188 831 munda.
2205 786 2237 826 n

706 878 759 942 E
803 877 1125 944 contrario
1164 874 1448 959 perversi
1497 874 1739 958 ubique
1784 875 2065 940 offerunt
2106 874 2242 940 dia-

706 984 855 1052 bolo
880 985 948 1050 in
990 982 1253 1049 mundo.
1283 984 1307 1019 ²
1336 1005 1367 1044 ι
1395 979 1647 1063 Ubique
1684 980 2124 1065 relinquamus
2162 978 2242 1063 (α)

706 1091 920 1173 signa,
946 1112 978 1152 ι
1015 1094 1134 1156 etc.

788 1198 948 1265 ltem
973 1197 1338 1283 quomodo?
1364 1196 1518 1279 quia
1557 1194 1834 1274 sincere,
1866 1194 1930 1260 id
1977 1197 2075 1258 est
2110 1192 2247 1257 siue

706 1325 996 1387 rancore,
1028 1307 1219 1371 etiam
1238 1304 1321 1388 (b)
1344 1302 1513 1367 mala
1529 1300 1882 1366 affectione.
1903 1301 2080 1366 Unde
2098 1300 2203 1364 hic
2226 1319 2243 1365 ε

719 1416 895 1483 Vade
956 1415 1146 1499 prius
1216 1411 1626 1479 reconciliari
1702 1409 1897 1489 fratri
1973 1415 2117 1488 tuo,
2186 1413 2249 1475 et

710 1527 861 1590 nmo
883 1572 901 1602 ‚
952 1526 1071 1588 etc.
1123 1520 1193 1586 Si
1248 1538 1380 1584 non
1426 1522 1523 1583 est
1566 1516 1960 1599 acceptabilis
2010 1514 2247 1580 oblatio

709 1634 818 1695 tua
838 1677 857 1708 ,
886 1628 942 1693 si
965 1628 1166 1693 habes
1210 1626 1428 1692 odium
1478 1625 1548 1688 in
1586 1624 1809 1702 corde,
1838 1627 2078 1707 quanto
2118 1620 2248 1685 mi-

708 1754 830 1801 nus
844 1784 867 1816 ,
927 1735 982 1799 si
1034 1751 1338 1801 exercens
1399 1731 1834 1797 crudelitatem
1885 1730 1956 1794 in
2009 1729 2246 1811 opere?

707 1840 885 1908 Unde
931 1845 955 1882 ⁸
1002 1863 1018 1907 :
1076 1864 1107 1903 ι
1161 1838 1253 1905 Ne
1306 1837 1583 1904 offeratis
1636 1837 1808 1901 ultra
1860 1834 2244 1901 sacrificium

703 1949 965 2014 frustra.
1020 1970 1053 2008 ιο
1097 1946 1180 2012 Et
1220 1963 1480 2011 causam
1525 1943 1933 2026 subjungens
1953 1991 1971 2022 ,
2017 1942 2112 2006 ait
2153 1941 2176 1976 ¹·
2221 1962 2238 2005 ι

712 2079 745 2118 α
767 2055 995 2121 Manus
1011 2055 1186 2121 enim
1202 2057 1428 2119 vestrae
1444 2052 1760 2133 sanguine
1779 2050 1984 2133 plenae
2001 2052 2176 2114 sunt.
2202 2070 2233 2108 n

704 2164 971 2241 Quidam
999 2165 1217 2228 autem
1245 2162 1442 2226 vitam
1462 2176 1646 2224 suam
1668 2175 1800 2223 non
1823 2158 2238 2240 corrigentes,

702 2271 770 2336 iu
795 2270 1223 2337 oblationibus
1248 2272 1312 2334 et
1335 2265 1754 2350 eleemosynis
1784 2265 1978 2329 nimis
2005 2283 2241 2348 praesu·

703 2383 912 2444 munt.
943 2378 1172 2444 Contra
1199 2394 1361 2461 quos
1387 2375 1620 2441 dicitur
1644 2374 1669 2410 ⁸
1718 2396 1735 2438 ς
1789 2396 1821 2434 α
1863 2372 1954 2438 Ne
1997 2372 2169 2437 dicas
2218 2391 2237 2437 ε

704 2485 777 2552 In
802 2486 1213 2552 multitudine
1260 2500 1607 2549 munerum
1645 2499 1940 2546 meorum
1984 2479 2240 2562 respicit

703 2595 890 2677 Deus,
913 2597 979 2660 et
994 2593 1300 2659 offerente
1323 2610 1428 2657 me
1447 2589 1794 2667 Altissimo‚
1812 2605 2080 2653 munera
2098 2605 2241 2651 mea

703 2702 988 2786 accipiet.
1032 2721 1065 2761 n
1101 2699 1279 2765 Certe
1316 2715 1539 2763 omnes
1579 2695 1926 2761 oblationes
1968 2699 2033 2760 et
2074 2694 2241 2760 elee-

704 2826 1015 2893 mosynae‚
1046 2825 1207 2890 quas
1232 2809 1402 2870 totus
1428 2802 1710 2868 mundus
1744 2802 1909 2882 facit,
1942 2819 2077 2867 non
2103 2803 2237 2867 suf·

705 2917 969 2981 ficerent
993 2932 1194 2979 unam
1222 2912 1507 2977 animam
1532 2908 1812 2989 salvare,
1844 2908 1946 2973 vel
1972 2908 2239 2974 unicum

705 3024 944 3089 animae
968 3024 1294 3106 peccatum
1319 3016 1585 3082 mortale
1605 3034 1910 3099 purgare,
1931 3017 2239 3098 quamdiu

705 3132 926 3197 eadem
976 3131 1301 3213 peccatum
1351 3123 1547 3189 nollet
1586 3122 1810 3189 vitare.
1862 3121 2030 3188 Vitet
2078 3142 2239 3206 ergo

702 3243 957 3324 mccata
973 3285 996 3318 ,
1038 3235 1152 3320 qui
1190 3234 1529 3300 Dominum
1572 3231 1714 3297 vult
1758 3231 2081 3315 suscipere
2120 3249 2240 3297 sua

700 3365 818 3431 pro
846 3344 1115 3429 peccatis
1142 3358 1431 3408 munera.
1478 3339 1755 3405 Isidorus
1780 3339 1803 3375 ⁸
1852 3359 1868 3403 ε
1923 3360 1955 3400 α
1993 3337 2238 3404 Verum

700 3458 816 3533 est,
845 3452 1016 3537 quod
1040 3454 1293 3536 peccata
1319 3449 1555 3515 divinae
1595 3446 2044 3512 misericordiae
2083 3465 2234 3529 ope-

699 3561 880 3627 ribus
897 3561 1363 3643 expurgantur,
1380 3556 1489 3621 sed
1502 3556 1552 3619 si
1557 3557 1695 3638 jam
1716 3557 1935 3619 caveat
1950 3571 2234 3637 peccare,

700 3666 807 3731 cui
835 3664 1264 3732 misericordia
1292 3661 1674 3747 impertitur.
1708 3681 1741 3721 n

1245 3841 1535 3915 SERMO
1577 3841 1693 3910 111.

777 3994 865 4061 St
890 3991 1081 4078 offers
1116 4003 1351 4056 munus
1397 3992 1579 4054 tuum
1621 3982 1712 4051 ad
1751 3981 1957 4050 altare
1997 3982 2021 4018 ²
2046 4029 2067 4062 ,
2112 3986 2231 4047 etc.

699 4098 983 4178 Quatuor
1005 4101 1190 4177 sunt,
1222 4112 1370 4179 quae
1415 4092 1655 4159 utiliter
1700 4092 1766 4156 in
1805 4089 2237 4156 recordatione

698 4212 852 4275 sunt
877 4206 1221 4280 offerenda,
1250 4202 1542 4270 videlicet
1564 4199 1996 4283 multiplicitas
2022 4217 2236 4283 pecca·

698 4320 939 4396 torum,
969 4313 1235 4396 largitas
1261 4311 1371 4377 Dei
1398 4307 1879 4387 beneficiorum,
1894 4308 2236 4372 necessitas

699 4423 1163 4507 proximorum,
1191 4417 1527 4485 diversitas
1564 4420 1956 4481 aeternorum
1995 4413 2235 4498 stipen-

696 4530 974 4597 diorum.
1009 4526 1369 4594 Recordatio
1398 4541 1557 4606 ergo
1593 4526 1997 4606 peccatorum
2044 4520 2238 4587 allicit

697 4638 779 4704 ad
830 4636 1304 4714 confitendum3
1359 4631 1803 4716 proximorum
1851 4629 2192 4694 necessitas
2208 4677 2231 4710 ‚

697 4745 779 4811 ad
803 4742 1342 4820 subveniendum
1363 4738 1819 4805 beneficiorum
1839 4736 2131 4818 largitas,
2153 4738 2234 4803 ad

698 4853 943 4935 gratias
966 4848 1326 4934 agendum;
1359 4845 1824 4930 stipendiorum
1859 4844 2192 4910 diversitas
2210 4892 2229 4923 ,

695 4962 776 5027 ad
801 4961 966 5026 bene
993 4956 1365 5024 vivendum.

777 5067 864 5133 De
893 5066 1101 5150 primo
1128 5065 1152 5102 ⁸
1184 5085 1200 5129 ε
1239 5085 1272 5124 α
1313 5060 1742 5143 Affligentur,
1788 5059 1989 5125 donec
2029 5059 2229 5122 confl-

695 5178 949 5241 teantur
971 5171 1341 5256 iniquitates
1368 5186 1538 5250 suas,
1569 5170 1634 5233 et
1659 5165 2074 5232 recordentur
2098 5183 2232 5229 ma-

759 5374 778 5410 ¹
807 5370 1009 5439 Malae„
1034 5383 1084 5437 1,
1105 5372 1190 5429 ss.
1214 5393 1277 5407 ——
1307 5369 1326 5400 ²
1351 5369 1497 5434 San,
1525 5380 1595 5431 11,
1623 5367 1670 5419 9.
1703 5392 1763 5406 —
1790 5366 1813 5402 ⁸
1836 5367 1954 5428 Isa„
1983 5377 2030 5428 ι,
2064 5368 2138 5417 13.
2171 5393 2227 5405 —

691 5444 717 5480 ὅ
743 5444 990 5510 lbid.,1⁸.
1018 5469 1082 5482 —
1112 5442 1134 5477 ⁸
1154 5440 1333 5504 Bccli„
1361 5452 1463 5504 vu,
1508 5443 1584 5490 tt.
1614 5465 1669 5476 -
1699 5439 1720 5468 ⁸
1743 5437 1862 5489 lsid.
1890 5463 1951 5475 —
1977 5437 2001 5473 ‘¹
2024 5437 2228 5505 naeth„

693 5528 744 5583 v,
772 5519 853 5569 23.
883 5541 946 5555 —
969 5514 993 5551 ⁸
1018 5514 1197 5574 levit„
1237 5523 1390 5574 xxvi,
1430 5513 1509 5562 39.
1536 5535 1598 5548 -
1637 5511 1658 5541 ⁰
1687 5509 1802 5560 lsid.
1850 5535 1906 5547 —
1945 5509 1986 5544 ¹⁶
2019 5508 2227 5572 Numa„

1797 521 2216 591 SERMONES
2258 521 2360 590 DE
2403 523 2800 593 TEMPORE.

2351 660 2561 726 lorum
2582 711 2600 743 ,
2643 663 2880 747 quibus
2931 662 3331 747 praevaricati
3374 665 3525 730 sunt
3567 661 3637 727 in
3676 680 3807 728 me.
3846 685 3878 722 ι

2350 768 2509 835 Eece
2535 789 2750 847 causa,
2779 789 2981 855 quare
3008 770 3177 836 Deus
3201 769 3460 853 flagello
3474 769 3883 848 infirmitatis,

2350 877 2453 942 vel
2477 876 2811 958 cuiuslibet
2824 877 3242 957 adversitatis,
3263 877 3646 961 quandoque
3656 877 3890 959 affligit

2348 983 2643 1048 homines
2667 1032 2686 1065 ,
2737 984 3004 1064 scilicet,
3039 990 3111 1050 ut
3138 985 3553 1051 recordentur
3600 989 3888 1068 peccato·

2350 1108 2532 1171 rum,
2576 1094 2640 1155 et
2681 1093 3121 1156 confiteantur.
3162 1091 3339 1158 Unde
3384 1111 3637 1175 semper
3679 1093 3891 1175 primo

2350 1197 2634 1262 medicus
2662 1198 2845 1263 debet
2870 1198 3131 1264 infirmo
3171 1200 3535 1280 consulere,
3568 1203 3642 1264 ut
3691 1200 3886 1264 confi·

2351 1307 2598 1384 teatur,
2645 1308 2721 1371 ut
2786 1310 3071 1371 cessante
3121 1324 3313 1372 causa
3372 1306 3607 1390 peccati
3621 1354 3645 1387 ,
3696 1309 3893 1372 cesset

2350 1410 2587 1493 flagelli
2613 1411 2895 1476 effectus.
2927 1410 3066 1476 Non
3090 1412 3301 1478 solum
3319 1416 3535 1478 autem
3558 1413 3891 1478 recordare

2350 1518 2890 1601 praevaricationis
2916 1537 3053 1585 suae
3082 1520 3154 1584 in
3182 1520 3381 1586 Deum
3401 1569 3420 1600 ,
3461 1520 3573 1586 sed
3600 1521 3799 1586 etiam
3824 1520 3894 1582 in

2350 1625 2720 1706 proximum
2729 1670 2745 1687 .
2772 1624 2900 1691 Deo
2912 1631 3129 1691 autem
3142 1627 3533 1692 reconciliari
3546 1628 3750 1709 dig-ne
3766 1645 3893 1691 non

2349 1735 2547 1814 potes,
2570 1733 2883 1815 quamdiu
2910 1733 3153 1800 offenso
3178 1734 3476 1817 proximo
3498 1733 3891 1800 reconciliari

2349 1841 2723 1906 contemnis.
2758 1841 2934 1907 Unde
2964 1843 3127 1908 bene
3151 1843 3383 1909 dicitur
3411 1842 3558 1908 hic:
3594 1841 3682 1910 Si
3707 1842 3892 1926 offers

2347 1964 2583 2015 munus
2610 1955 2813 2029 tuum,
2847 1954 2966 2016 etc.
2998 1950 3277 2018 Isidorus
3303 1952 3327 1989 ⁹
3359 1975 3376 2017 :
3415 1975 3447 2014 α
3477 1952 3599 2031 Qui
3625 1953 3752 2018 sibi
3769 1953 3892 2016 fra-

2349 2060 2512 2121 trem
2538 2057 2780 2122 tardius
2806 2059 3169 2124 reconciliat
3190 2109 3208 2141 ,
3239 2060 3440 2125 Deum
3490 2060 3729 2144 placari
3774 2060 3893 2124 sibi

2346 2162 2588 2228 tardius
2633 2166 2789 2228 sciat
2839 2186 2856 2228 ι
2901 2165 3140 2231 frustra
3178 2167 3352 2231 enim
3396 2167 3735 2251 propitiari
3776 2165 3891 2231 sibi

2347 2269 2548 2334 Deum
2574 2272 2849 2354 quaerit,
2878 2273 2993 2356 qui
3042 2274 3167 2338 cito
3212 2274 3447 2359 placari
3487 2274 3555 2338 in
3595 2274 3893 2357 proximo

2344 2377 2641 2460 negligit.
2668 2401 2700 2440 ι
2737 2378 3073 2446 Recordari
3113 2381 3305 2447 debes
3330 2380 3557 2446 saltem
3595 2385 3887 2464 peccato·

2346 2503 2519 2565 rum,
2544 2486 2802 2570 quando
2828 2487 3006 2553 audis
3033 2488 3279 2570 gallum
3302 2536 3321 2566 ‚
3351 2489 3416 2554 id
3444 2490 3540 2553 est
3580 2487 3890 2571 praedica-

2346 2595 2553 2656 torem
2582 2592 2628 2630 ¹⁹
2661 2614 2731 2658 :a
2758 2593 3072 2658 Continuo
3101 2592 3311 2676 gallus
3341 2593 3620 2658 cantavit
3651 2614 3669 2658 ε
3703 2598 3768 2658 et
3794 2610 3893 2657 re-

2347 2700 2641 2764 cordatus
2672 2699 2921 2780 Petrus,
2951 2722 2982 2761 n
3018 2704 3138 2765 etc.

2426 2805 2516 2871 De
2541 2808 2818 2874 oecundo
2844 2809 2889 2845 ¹¹
2918 2830 2934 2873 ε
2961 2831 2991 2869 e
3015 2806 3258 2873 Gratias
3282 2825 3410 2890 ago
3437 2805 3563 2872 Deo
3589 2824 3763 2886 meo,
3790 2805 3891 2870 cui

2347 2913 2560 2979 servio
2584 2932 2625 2978 a
2652 2915 3173 2998 progenitoribus
3198 2914 3361 2978 meis
3400 2913 3469 2978 in
3505 2913 3890 2979 conscientia

2345 3039 2541 3104 pura,
2570 3021 2740 3105 quod
2787 3021 2925 3086 sine
2964 3021 3430 3087 intermissione
3471 3021 3753 3086 habeam
3798 3020 3890 3086 tui

2348 3128 2727 3193 memoriam
2769 3128 2838 3192 in
2885 3128 3282 3194 orationibus
3306 3177 3325 3210 ,
3368 3150 3400 3190 n
3447 3132 3568 3194 etc.
3611 3147 3826 3213 usque
3866 3149 3884 3191 t

2355 3256 2388 3295 α
2414 3233 2916 3299 recordationem
2942 3238 3083 3318 ejus
3105 3236 3419 3319 accipiens
3438 3235 3610 3315 fidei,
3626 3254 3782 3319 quae
3799 3237 3891 3299 est

2346 3341 2415 3405 in
2453 3345 2518 3406 te
2558 3359 2691 3406 non
2735 3343 2903 3407 flctae
2947 3340 3048 3425 (c).
3096 3363 3128 3403 ι
3175 3340 3627 3408 Proximorum
3669 3345 3886 3407 autem

2347 3427 2664 3513 recordari
2689 3449 2895 3529 debet,
2925 3468 3057 3514 non
3085 3449 3295 3515 solum
3322 3450 3390 3514 in
3420 3450 3707 3514 oratione
3760 3449 3885 3532 spi-

2346 3555 2683 3636 ritualiter,
2708 3556 2819 3620 sed
2846 3556 3040 3621 etiam
3066 3557 3135 3621 in
3161 3556 3616 3641 eleemosynis:
3640 3555 3885 3621 sienim

2345 3680 2477 3727 non
2517 3663 2616 3728 vis
2655 3663 2974 3727 recordari
3024 3682 3385 3747 pauperum
3427 3663 3497 3728 in
3536 3667 3710 3728 terra
3749 3681 3882 3729 mo-

2345 3769 2677 3849 rientium,
2705 3772 2862 3834 tunc
2888 3770 3121 3853 peribit
3142 3770 3494 3836 recordatio
3511 3771 3607 3834 tui
3630 3769 3696 3834 in
3718 3775 3889 3836 terra

2354 3876 2735 3941 viventium.
2766 3876 3058 3942 Psalmus
3082 3878 3130 3914 ¹³
3161 3898 3178 3943 ε
3214 3899 3245 3938 α
3262 3876 3587 3961 Dispereat
3613 3877 3693 3943 de
3719 3882 3889 3944 terra

2346 3983 2678 4063 memoria,
2713 4001 2832 4067 pro
2875 4002 2954 4048 eo
2992 3983 3163 4066 quod
3206 4001 3339 4049 non
3382 3990 3477 4048 est
3521 3985 3888 4050 recordatus

2343 4090 2548 4156 facere
2574 4089 3095 4156 misericordiam.
3128 4112 3160 4150 n
3197 4088 3421 4155 Sinon
3444 4089 3543 4156 vis
3570 4090 3886 4156 recordari

2344 4216 2700 4282 pauperum
2730 4196 3067 4262 salubriter
3093 4197 3164 4262 in
3199 4196 3482 4278 mundo,
3511 4197 3884 4264 recordabe-

2344 4306 2433 4369 ris
2458 4323 2685 4370 eorum
2710 4304 3023 4370 inutiliter
3046 4303 3121 4369 in
3145 4304 3395 4370 inferno
3416 4306 3464 4347 ¹⁸
3496 4325 3569 4370 :a
3605 4303 3752 4386 Fili,
3786 4322 3882 4370 re-

2345 4411 2629 4492 cordare,
2662 4412 2818 4495 quia
2843 4411 3036 4492 bona,
3067 4433 3098 4472 n
3135 4415 3257 4477 etc.

2425 4519 2512 4585 De
2530 4521 2719 4585 tertio
2747 4519 2792 4556 ¹⁸
2822 4538 2886 4584 :a
2911 4518 3365 4585 Recordaberis
3389 4520 3603 4585 cuncti
3621 4519 3881 4598 itineris,

2343 4646 2460 4712 per
2486 4628 2656 4711 quod
2686 4627 2951 4693 adduxit
2977 4631 3042 4694 te
3061 4627 3372 4693 Dominus
3392 4625 3560 4692 Deus
3576 4633 3885 4710 tuusque·

2345 4737 2645 4817 draginta
2670 4735 2856 4799 anuis
2883 4754 2998 4818 per
3023 4735 3342 4801 desertum
3361 4782 3381 4816 ,
3411 4755 3444 4795 n
3491 4738 3640 4812 etc„
3667 4735 3784 4799 ubi
3806 4733 3883 4799 ad

2344 4844 2718 4909 memoriam
2733 4846 3114 4909 revocantur
3126 4841 3243 4906 filii
3262 4840 3576 4924 Israelper
3589 4841 3878 4924 quaedam

2341 4950 2648 5017 beneficia
2671 4951 2742 5015 in
2768 4950 3032 5016 desertis
3059 4950 3152 5016 eis
3178 4949 3484 5033 praestita.
3516 4947 3565 5014 Ο
3592 4948 3649 5013 si
3674 4968 3878 5016 recor·

2341 5058 2483 5123 dari
2510 5059 2725 5140 velles,
2756 5060 2995 5142 quanta
3024 5057 3094 5121 in
3133 5057 3381 5122 deserto
3421 5057 3617 5141 hujus
3658 5056 3877 5123 mundi

2341 5165 2802 5250 quadraginta,
2848 5164 2953 5229 vel
2995 5165 3332 5249 sexaginta
3376 5165 3564 5231 annis
3577 5213 3600 5246 ,
3648 5167 3877 5250 quibus

2340 5302 2485 5353 xxvr,
2512 5291 2676 5342 'lt-75.
2702 5316 2766 5329 -
2790 5290 2830 5328 ¹¹
2854 5291 2898 5342 11
2924 5290 3070 5355 Tim„
3100 5302 3141 5355 1,
3167 5292 3358 5342 3-⁸.—
3382 5291 3424 5328 ¹²
3449 5290 3589 5345 Paul.
3622 5303 3773 5356 cmi,
3801 5292 3871 5343 ¹6.

2339 5389 2403 5401 —
2430 5362 2473 5400 ¹⁸
2497 5363 2633 5426 Luc„
2660 5373 2770 5426 xv1,
2798 5364 2877 5414 25.
2906 5389 2970 5402 -—
3002 5364 3040 5398 ¹⁸
3070 5365 3237 5426 Dent„
3266 5376 3388 5425 viu,
3416 5367 3466 5416 2.

2403 5445 2466 5508 (α)
2510 5445 2632 5497 coet.
2669 5442 2794 5496 edit.
2821 5444 3188 5509 relinquemus.
3229 5471 3285 5481 —
3322 5444 3390 5508 (ὁ)
3423 5446 3539 5510 Iaey.
3569 5449 3623 5497 et
3657 5445 3788 5498 sine.
3815 5467 3865 5483 -

2341 5517 2405 5580 (c)
2440 5515 2587 5584 ναις.
2621 5515 2757 5568 fleta.
