4059 6317
1153 477 1532 560 semmei
1573 495 1595 559 1
1637 494 2081 562 Anszrus.
2137 491 2398 562 scano
2442 498 2490 563 1.
3377 477 3415 565 s

248 625 545 694 nationem
605 619 1013 695 diversarum
1069 630 1484 696 ffltionum
1531 631 1768 695 summi

1882 649 2013 712 gna
2052 631 2523 715 deceptibilium
2566 633 3023 698 miraculorum
3050 652 3091 697 a
3118 633 3267 699 fidei
3298 651 3411 699 ve-

253 735 451 817 Regis,
480 736 741 801 intrabit
778 737 851 800 in
882 737 1153 816 horrea;
1183 741 1247 801 et
1274 742 1539 801 ventosa
1564 738 1768 802 cauda
1878 737 2064 802 ritate
2089 739 2487 803 avertamini.
2519 740 2597 805 Et
2628 740 2707 805 de
2733 740 2856 805 hoc
2883 740 3117 806 dicitur
3143 740 3215 804 in
3238 739 3412 805 Psal-

250 843 518 906 draconis
560 843 767 907 trahet
794 844 1051 925 paleam
1099 844 1535 909 inconstantiae
1579 848 1642 908 et
1680 844 1766 909 ti-

251 949 538 1014 miditatis
583 952 648 1014 in
687 950 899 1016 iocum
927 951 1375 1017 damnationis,
1410 951 1490 1015 Et
1529 952 1608 1016 de
1646 952 1770 1015 hoc

252 1063 462 1125 dicitnr
484 1063 503 1097 ¹
554 1084 568 1126 :
606 1064 842 1146 Sui-aet
892 1080 1051 1146 qens
1087 1069 1308 1131 contra
1361 1070 1604 1148 centem
1633 1111 1654 1143 ‚
1711 1069 1771 1129 el

250 1186 497 1252 requam
543 1170 848 1238 adversus
890 1187 1160 1254 reanum
1176 1220 1194 1248 ‚
1242 1177 1300 1238 et
1342 1177 1524 1238 terroe
1566 1177 1771 1238 molus

251 1283 423 1343 elwa
436 1281 779 1362 maqniper
794 1279 957 1357 ῑοοα,
980 1286 1045 1347 et
1062 1281 1443 1361 pestilentia?
1459 1284 1518 1345 et
1540 1281 1771 1359 sames.-

254 1392 621 1468 terroresque
636 1386 715 1452 de
735 1387 910 1464 ciclo,
925 1392 986 1454 et
1001 1388 1195 1469 siqua
1211 1403 1449 1469 maana
1474 1393 1677 1454 erant.
1696 1385 1774 1451 Et

252 1493 316 1556 in
333 1492 623 1558 hodierno
641 1494 985 1575 evangelio
999 1494 1257 1560 dicitnr¹
1274 1514 1291 1558 z
1318 1495 1463 1561 Erit
1468 1510 1772 1575 pressura

252 1604 517 1680 peritiam
534 1649 553 1679 ‚
596 1617 734 1684 proe
777 1602 1155 1682 confusione
1195 1604 1445 1670 sonitus
1481 1604 1685 1668 maris
1711 1609 1774 1668 et

252 1707 564 1787 naaman,
594 1709 1027 1775 arescentibus
1053 1709 1415 1777 hominibus
1438 1726 1571 1790 proe
1589 1712 1774 1776 timo-

254 1832 340 1880 re.
367 1816 506 1881 Erit
522 1832 827 1898 pressura
854 1818 1174 1898 gemunt,
1206 1818 1357 1898 quia
1377 1821 1531 1881 tunc
1561 1824 1773 1900 sumet

253 1939 399 2003 qens
414 1929 628 1990 contra
652 1930 894 2006 flentem
912 1943 937 1987 .·
960 1927 1026 1988 et
1044 1927 1221 2006 pater
1240 1924 1451 1988 fllium
1467 1973 1486 2002 ‚
1515 1928 1577 1988 et
1602 1924 1773 1988 filius

258 2035 482 2111 patrem
510 2031 721 2096 trahet
746 2032 817 2096 in
840 2035 1116 2096 mortem
1146 2053 1161 2093 t
1194 2036 1256 2096 et
1281 2032 1424 2095 odio
1449 2031 1774 2095 habebun-

252 2140 354 2201 tur
376 2154 591 2201 omnes
612 2138 937 2202 Christum
963 2139 1355 2202 confitentes.
1387 2138 1529 2203 Proe
1554 2138 1773 2217 contu-

246 2244 418 2310 siem
442 2247 693 2312 ceratus
718 2246 924 2312 maris
957 2263 980 2307 .·
1006 2247 1160 2309 tunc
1185 2245 1356 2309 enim
1375 2293 1396 2325 ‚
1424 2245 1769 2310 secundum

248 2350 732 2435 Hieronymum,
761 2352 1088 2417 doctorem
1122 2351 1628 2431 veracissimum,
1659 2352 1770 2433 qui

244 2459 385 2523 dicit
424 2479 490 2524 se
532 2458 765 2541 legisse
810 2460 879 2523 in
923 2459 1259 2525 annalibus
1306 2459 1723 2525 Hebraeorum
1746 2507 1769 2537 ,

242 2583 411 2630 mare
451 2565 837 2631 exaltabitur
893 2566 1261 2649 quindecim
1301 2566 1532 2630 cubitis
1578 2585 1771 2648 super

242 2674 511 2738 excelsos
546 2678 797 2742 montes
816 2723 840 2753 ‚
883 2678 948 2737 et
988 2677 1202 2756 postea
1236 2677 1674 2755 prosternetur
1700 2675 1770 2738 in

239 2780 434 2844 imum
460 2780 767 2863 profundi
795 2804 813 2859 ;
865 2783 929 2845 et
958 2780 1172 2845 omnia
1191 2830 1207 2861 ‚
1252 2799 1401 2864 quae
1428 2786 1771 2846 moventur

236 2887 302 2951 in
335 2888 555 2970 aquia,
584 2887 978 2952 levabantur
1003 2906 1195 2971 super
1221 2907 1456 2972 aquas3
1490 2888 1771 2953 volatilia

235 3012 382 3059 vero
410 2995 477 3058 in
507 2995 786 3059 invicem
814 2996 1105 3076 garrient
1122 3042 1138 3072 ,
1168 2999 1231 3060 et
1256 3013 1388 3059 non
1416 2995 1772 3077 gustabunt

234 3119 343 3166 nec
364 3102 604 3166 bibent.
637 3102 961 3167 Animalia
974 3102 1263 3166 similiter
1283 3102 1771 3183 congregabun-

236 3214 333 3272 tur
342 3210 419 3274 de
434 3209 614 3274 silvis
640 3210 722 3274 ad
746 3228 1004 3293 campos
1018 3211 1291 3274 invicem
1299 3212 1644 3292 jungentia
1660 3211 1767 3292 (a),

232 3321 293 3379 et
316 3334 447 3380 non
475 3317 809 3397 gustantia
849 3334 968 3379 nec
1005 3317 1284 3382 bibentia
1317 3341 1331 3380 :
1366 3324 1430 3382 et
1469 3318 1561 3381 sic
1594 3323 1770 3381 tanta

230 3423 348 3487 erit
374 3424 663 3489 confusio
691 3424 940 3488 sonitus
958 3424 1156 3488 maris
1170 3470 1191 3502 ,
1217 3425 1497 3505 garritus
1513 3426 1732 3490 avium
1748 3475 1765 3502 ‚

228 3536 291 3596 et
303 3533 599 3613 mugitus
625 3532 1037 3607 animalium,
1058 3536 1131 3595 ut
1147 3532 1386 3597 nesciat
1401 3532 1596 3597 homo
1615 3533 1769 3615 quid

222 3636 411 3701 faciet
450 3655 587 3721 prae
640 3638 870 3704 timore
897 3638 1237 3719 signorum
1284 3642 1351 3703 et
1391 3642 1580 3702 terrae
1627 3657 1765 3704 mo-

225 3749 412 3810 tuum
432 3794 457 3826 ,
484 3747 922 3820 arescentibus
959 3748 1328 3814 hominibus
1354 3767 1488 3831 prae
1539 3751 1768 3815 timore

219 3859 283 3916 et
310 3853 698 3935 pestilentia.

303 3959 600 4025 Secundo
626 3965 887 4030 notatur
912 3962 1204 4028 excitatio
1246 3961 1529 4046 providae
1564 3958 1766 4027 consi-

219 4067 567 4132 derationis
612 4117 630 4145 ‚
686 4087 769 4133 ne
813 4069 1167 4134 educamur
1193 4119 1215 4150 ,
1262 4089 1410 4135 cum
1471 4071 1687 4135 subdit
1745 4094 1761 4135 ε

220 4177 548 4259 Respicite
600 4180 659 4244 et
710 4175 909 4243 levate
967 4178 1192 4258 capita
1238 4183 1473 4244 vestra.
1535 4177 1766 4242 Levate

222 4298 383 4364 ergo
400 4285 690 4348 mentem
719 4287 997 4348 vestram
1026 4301 1144 4366 per
1196 4284 1528 4366 providam
1556 4285 1767 4352 consi-

224 4388 617 4454 derationem
637 4436 658 4468 ‚
703 4389 917 4472 primo
955 4389 1038 4455 ad
1063 4388 1207 4455 Filii
1234 4391 1606 4473 sapientiam
1629 4439 1650 4471 ‚
1682 4410 1766 4457 ne

224 4513 341 4577 per
361 4497 557 4578 signa
579 4496 1053 4579 deceptibilium
1078 4497 1537 4564 miraculorum
1559 4518 1598 4564 a
1619 4499 1765 4564 fidei

228 4603 491 4668 veritate
536 4602 919 4668 avertamini
945 4626 959 4680 ;
1030 4604 1305 4669 mcundo
1352 4604 1431 4668 ad
1490 4603 1767 4687 Spiritus

228 4710 425 4774 sancti
451 4709 861 4775 clementiam
883 4757 901 4790 ,
929 4727 1015 4774 ne
1042 4728 1154 4792 per
1178 4709 1503 4776 lasciviam
1538 4731 1762 4777 carna-

230 4814 385 4882 lium
410 4817 909 4882 delectationum
937 4834 979 4879 a
1003 4815 1227 4881 Christi
1254 4818 1559 4884 charitate
1589 4838 1764 4903 sepa-

234 4924 486 5003 remini3
517 4924 710 4990 tertio
748 4922 836 4988 ad
880 4921 1081 4987 Patris
1108 4926 1449 5008 potentiam
1470 4975 1490 5006 ‚
1531 4947 1614 4993 ne
1651 4945 1764 5010 per

236 5031 528 5096 saevitiam
572 5029 1158 5097 innumerabilium
1194 5033 1680 5099 tribulationum
1725 5053 1765 5097 a

227 5139 347 5222 spei
370 5140 678 5206 firmitate
700 5134 1103 5203 evellamini.
1125 5136 1340 5204 Primo
1359 5139 1565 5206 levate
1588 5160 1764 5207 men—

222 5251 334 5313 tem
358 5256 644 5317 vestram
675 5242 773 5310 ad
802 5239 961 5305 Filii
989 5243 1349 5326 sapientiam
1367 5295 1388 5326 ,
1427 5266 1510 5313 ne
1534 5267 1647 5332 per
1677 5250 1764 5313 si-

253 5419 422 5482 ¹Lne.‚
445 5429 569 5481 xxi,
599 5418 693 5471 10,
722 5412 821 5460 11.
840 5431 906 5443 --
932 5406 951 5434 ²
978 5405 1111 5470 ibid„
1136 5413 1215 5474 25,
1237 5416 1315 5465 26.
1334 5440 1398 5452 —
1418 5414 1437 5444 ⁸
1460 5413 1593 5463 Peal.
1618 5423 1762 5474 xxiv,

179 5494 225 5560 2,
253 5499 296 5545 3.
317 5519 383 5530 —
410 5494 431 5525 ⁴
454 5490 623 5549 ibid„
655 5488 715 5534 4·
743 5502 819 5516 ·····
852 5478 876 5506 ⁵
908 5475 1095 5541 Thra,
1118 5494 1196 5544 111,
1219 5487 1301 5535 28.
1319 5510 1382 5523 --
1406 5486 1426 5516 ⁶
1448 5485 1655 5549 Coloss„
1682 5495 1762 5547 111,

1883 862 1988 909 mo
2013 844 2034 880 ⁸
2088 867 2103 905 ε
2155 844 2262 911 Ad
2305 853 2362 912 te
2395 846 2606 912 levavi
2637 847 2923 913 animam
2958 863 3161 913 meam
3185 866 3209 913 .·
3250 847 3416 913 Deus

1881 967 2083 1030 meus,
2136 954 2212 1017 in
2240 959 2297 1018 te
2336 952 2612 1032 confido,
2641 969 2772 1019 non
2798 954 3189 1034 erubescam
3217 969 3416 1035 neque

1883 1059 2206 1126 irrideant
2240 1076 2334 1125 me
2360 1063 2621 1128 inimici
2664 1063 2808 1128 mei.
2853 1060 2956 1126 Ad
2983 1070 3041 1127 te
3060 1109 3077 1141 ‚
3115 1061 3411 1140 Domine,

1881 1164 2094 1234 levavi
2141 1170 2428 1234 animam
2467 1186 2671 1235 meam
2695 1218 2714 1249 ‚
2771 1187 2886 1252 per
2931 1168 3124 1233 fldem
3170 1167 3413 1248 cordis,

1883 1274 2194 1339 credendo
2221 1280 2284 1339 te
2309 1276 2510 1342 Deum
2537 1281 2600 1342 et
2633 1276 2962 1341 hominem
2978 1324 2997 1355 ,
3050 1279 3113 1339 et
3137 1275 3219 1342 ad
3244 1275 3419 1359 quod

1882 1398 2011 1443 non
2041 1385 2324 1462 poteram
2352 1402 2467 1465 per
2512 1385 2824 1449 rationem
2864 1383 3204 1464 attingere.
3253 1381 3418 1448 Deus

1881 1503 2089 1566 meus,
2119 1491 2278 1556 inte
2311 1491 2561 1572 confido
2575 1540 2595 1570 ‚
2628 1507 2759 1559 non
2785 1490 3142 1558 erubescam
3162 1539 3182 1570 ,
3211 1491 3418 1555 confi-

1880 1595 2070 1660 tendo
2088 1615 2196 1661 ore
2213 1598 2694 1682 improperium.
2724 1600 2936 1681 Neque
2955 1598 3280 1666 irrideant
3323 1616 3419 1666 me

1883 1705 2144 1771 inimici
2158 1707 2285 1771 mei
2301 1754 2320 1785 ‚
2350 1724 2461 1788 per
2483 1724 2601 1771 sua
2626 1706 2955 1771 maleficia.
2989 1706 3245 1773 Etenim
3273 1710 3417 1773 uni-

1883 1814 2055 1877 versi
2088 1816 2204 1893 qai
2246 1816 2566 1882 sustinent
2611 1821 2667 1880 te
2686 1862 2707 1893 ,
2749 1828 2879 1881 nen
2922 1813 3412 1894 confundentia,

1882 1920 2333 2001 acquiescendo
2358 1923 2592 1988 scilicet
2618 1923 2791 1987 falsis
2814 1923 3092 1987 consiliis
3119 1924 3417 1989 inducen-

1881 2026 2053 2090 tibus
2071 2028 2151 2093 ad
2182 2029 2487 2094 malitiam
2513 2031 2802 2094 falsitatis
2827 2036 2891 2095 et
2921 2031 3259 2095 mendacii.
3291 2031 3415 2096 Sed

1879 2136 1975 2211 tu,
2009 2132 2294 2215 Domine,
2324 2139 2530 2219 quies
2557 2139 2792 2202 veritas
2818 2143 2883 2203 et
2910 2139 3238 2222 sapientia,
3269 2140 3416 2204 vias

1880 2247 2025 2307 tuas
2070 2241 2432 2311 tlenwnstra
2457 2245 2655 2322 mihi,
2687 2252 2747 2312 et
2772 2248 3035 2313 semitas
3059 2250 3206 2312 tuas
3232 2244 3413 2312 edoce

1880 2363 1975 2412 me
1999 2353 2023 2389 ⁴
2062 2349 2132 2413 in
2174 2351 2469 2415 consiliis.
2519 2351 2839 2433 SecundO,
2872 2354 3086 2436 {levale
3132 2357 3411 2417 mentem

1882 2460 2158 2520 vestram
2193 2457 2274 2521 ad
2314 2458 2586 2540 Spiritus
2623 2460 2825 2524 sancti
2851 2459 3250 2524 clementiam
3270 2506 3293 2537 ‚
3327 2475 3412 2523 ne

1879 2581 1993 2644 per
2046 2564 2369 2630 lasciviam
2425 2567 2774 2632 carnalium
2830 2568 3317 2632 delectationum
3373 2585 3413 2631 a

1879 2670 2109 2769 Christi
2135 2672 2438 2738 charitate
2465 2674 2865 2758 separemini.
2898 2673 2975 2738 Et
2999 2674 3078 2739 de
3107 2674 3230 2739 hoc
3255 2674 3413 2739 dici·

1878 2782 1985 2842 tur
2009 2784 2031 2819 ⁸
2061 2802 2075 2840 :
2113 2779 2361 2848 Sedebit
2382 2782 2752 2861 solitarius,
2781 2789 2842 2848 et
2871 2780 3123 2859 tacebit,
3156 2785 3218 2848 et
3244 2780 3409 2848 leva-

1879 2886 1974 2954 bit
1999 2902 2065 2953 se
2096 2902 2295 2970 supra
2321 2903 2410 2955 se.
2457 2887 2633 2952 Tunc
2661 2906 2853 2954 verus
2895 2886 3293 2952 Christianus
3318 2903 3442 2954 se·-

1878 2994 2050 3061 debit
2077 2996 2414 3064 solitarius
2453 3015 2569 3080 per
2598 2996 3030 3061 exclusionem
3057 2994 3409 3060 carnalium

1878 3102 2368 3169 delectationum
2381 3153 2402 3185 ‚
2436 3105 2916 3169 immundarum
2957 3103 3365 3169 affectionum
3385 3152 3406 3183 ,

1876 3215 1940 3272 et
1964 3228 2314 3292 pravarum
2336 3211 2820 3293 cogitationum.
2847 3214 2918 3275 Et
2946 3210 3194 3291 tacebit,
3215 3230 3412 3294 quan-

1878 3316 1959 3381 do
1986 3336 2102 3401 per
2128 3319 2591 3402 repressionem
2637 3318 2882 3383 sonitus
2907 3319 2976 3382 in
3002 3336 3225 3397 carne,
3268 3337 3409 3384 eam

1878 3425 2239 3490 voluntarie
2280 3431 2343 3490 et
2373 3427 2512 3491 sine
2539 3443 2871 3491 murmure
2897 3428 3089 3506 coget
3127 3441 3243 3507 per
3275 3441 3412 3488 om-

1876 3534 1986 3597 nia
2010 3535 2269 3600 obedire
2308 3535 2581 3617 spiritui.
2631 3534 2923 3602 Elevabil
2964 3550 3031 3601 se
3065 3548 3264 3615 supra
3299 3548 3365 3599 se
3387 3581 3406 3612 ,

1875 3642 2134 3724 quando
2170 3644 2508 3725 postposita
2546 3643 2723 3707 omni
2766 3645 3060 3707 creatura
3080 3689 3097 3721 ‚
3149 3638 3410 3704 mentali

1875 3748 2114 3812 intuitu
2146 3749 2437 3814 ascendet
2461 3751 2543 3815 ad
2567 3750 2800 3815 coelum
2830 3746 3182 3828 Trinitatis,
3212 3745 3273 3811 ei
3301 3764 3413 3829 per

1877 3857 2378 3921 conformitatem
2449 3857 2795 3923 voluntatis
2861 3854 3232 3921 inhaerendo
3249 3902 3270 3933 ,
3338 3862 3410 3918 ut

1873 3965 2005 4044 iam
2035 3970 2081 4046 ⁶,
2113 3981 2255 4046 quoe
2287 3979 2545 4031 sursum
2568 3971 2723 4032 sunt
2744 4011 2761 4041 ‚
2805 3965 3055 4046 sapiat,
3096 3978 3228 4031 mm
3271 3977 3414 4044 quoe

1877 4088 2068 4154 super
2107 4082 2368 4140 terram.
2406 4073 2494 4137 De
2537 4073 2661 4137 hoc
2686 4071 2974 4137 similiter
2999 4072 3068 4137 in
3093 4071 3311 4153 figura
3336 4075 3359 4111 ⁷
3389 4086 3408 4132 ε

1874 4179 2170 4247 Elevavit
2210 4182 2439 4261 faciem
2462 4197 2649 4247 suam
2689 4179 2780 4245 ad
2804 4178 3153 4247 Jerusalem
3181 4196 3204 4243 .·
3231 4177 3409 4245 bene-

1877 4286 2060 4356 dia'it
2084 4304 2286 4370 reqem
2311 4287 2606 4355 coeloram
2625 4336 2646 4367 ‚
2677 4291 2737 4354 et
2758 4286 2946 4355 dixit
2971 4303 2995 4350 .·
3022 4285 3150 4353 Abs
3181 4290 3239 4352 te
3264 4286 3407 4353 vic·

1875 4399 2043 4462 toria
2068 4442 2089 4474 ,
2116 4401 2232 4461 etc.
2265 4394 2386 4460 Per
2410 4398 2644 4476 faciem
2672 4396 2899 4461 notitia
2923 4393 3070 4459 fidei
3105 4392 3413 4474 intelligi-

1872 4508 1981 4568 tur
2005 4523 2023 4568 :
2049 4505 2159 4569 sed
2185 4506 2538 4571 Jerusalem
2563 4506 2724 4570 visio
2739 4504 2912 4589 pacis
2935 4503 3407 4586 interpretatur.

1876 4609 2054 4676 Unde
2079 4617 2237 4677 tunc
2264 4612 2387 4676 hoc
2415 4613 2635 4678 faciem
2663 4613 2855 4693 levat,
2887 4609 3139 4694 quando
3164 4626 3278 4706 per
3303 4624 3412 4672 no-

1874 4714 2083 4779 titiam
2110 4716 2259 4780 fidei
2285 4715 2579 4781 elevatur
2616 4716 2697 4782 ad
2722 4713 3068 4784 videndum
3094 4710 3409 4794 tranquil-

1870 4821 2112 4886 litatem
2128 4826 2191 4886 et
2213 4823 2618 4887 concordiam
2643 4822 2816 4905 pacis
2831 4822 2900 4886 in
2925 4837 3133 4902 regno
3150 4817 3406 4897 animae,

1872 4928 2231 4993 carnalibus
2258 4929 2592 4995 desideriis
2619 4927 3047 5012 suppeditatis.
3087 4925 3212 4990 Ista
3235 4924 3408 4989 enim

1872 5037 2206 5102 concordia
2228 5042 2323 5103 est
2350 5037 2527 5102 aDeo
2553 5059 2568 5101 ε
2596 5055 2747 5101 nam
2773 5041 2797 5078 ⁸
2817 5034 3034 5101 nullus
3056 5037 3259 5116 potest
3276 5046 3405 5099 esse

1869 5147 2222 5224 continens,
2235 5146 2375 5211 nisi
2398 5146 2563 5210 Deus
2581 5143 2705 5211 det.
2726 5143 2854 5209 Deo
2869 5147 3078 5207 totum
3093 5139 3401 5219 attribuit,

1871 5319 1919 5366 2.
1946 5342 2010 5353 -
2049 5317 2064 5345 ⁷
2092 5316 2159 5366 ΙΙΙ
2187 5316 2360 5380 Esdr„
2398 5328 2470 5381 w,
2501 5318 2663 5380 58-59,
2701 5315 2832 5366 inter
2863 5313 3155 5380 apocrypha
3183 5312 3312 5364 Bibl.
3342 5337 3403 5350 -

1869 5387 1891 5422 ⁸
1921 5387 2059 5452 Sap„
2085 5400 2203 5452 vm,
2228 5392 2306 5441 21.
3450 5385 3461 5400 ⁶

1935 5485 2007 5550 (a)
2038 5485 2188 5536 Forte
2215 5487 2468 5552 leyendam
2495 5486 2791 5551 mugientia.
