4059 6317
623 455 748 530 m

624 615 811 662 000181
794 592 1415 675 eranttngintasex
1432 590 1747 669 hommes
1769 591 1984 655 tacuit.
2002 589 2163 653 ltem

623 704 803 769 nuda
828 705 897 741 ¹·
881 725 966 768 .«
996 701 1118 778 Qui
1139 702 1468 768 abscondit
1487 700 1723 765 scelera
1749 718 1888 779 sua,
1917 716 2049 763 non
2076 697 2166 761 di-

624 814 912 895 rigetur;
945 813 1057 896 qui
1094 816 1307 878 autem
1343 812 1667 877 confessus
1692 810 1883 875 fuerit
1916 812 1981 873 et
2012 809 2163 873 reli·

627 921 838 1005 querit
853 940 952 1001 ea,
975 920 1469 986 misericordiam
1497 922 1941 1002 consequetur.
1963 938 1994 976 n
2022 915 2165 981 Non

625 1028 813 1093 debet
839 1046 1000 1110 ergo
1027 1027 1410 1091 abscondere
1436 1029 1709 1109 peccata,
1739 1042 1948 1107 neque
1974 1041 2165 1086 excu-

626 1152 798 1215 sare;
832 1135 941 1199 sed
982 1134 1156 1199 nude
1190 1133 1502 1213 confiteri,
1532 1136 1597 1196 et
1621 1133 1892 1210 factum,
1938 1134 2001 1194 et
2040 1130 2161 1194 cir·

626 1241 1040 1307 cumstantias
1058 1243 1516 1323 aggravantes,
1537 1244 1752 1304 tamen
1775 1238 2015 1320 absque
2029 1240 2166 1300 tur·

626 1349 817 1432 pibus
841 1348 1058 1413 verbis
1080 1352 1144 1412 et
1169 1347 1631 1412 indecentibus,
1653 1346 1831 1412 Unde
1848 1343 2165 1426 Augusti·

624 1474 750 1521 nus
770 1464 829 1521 ¹:
861 1478 893 1517 α
910 1454 993 1522 08
1012 1459 1220 1533 tuum,
1250 1454 1302 1517 si
1321 1454 1555 1519 ostium
1584 1456 1701 1531 est,
1722 1457 1788 1517 01
1816 1451 2159 1535 aperiatur,

626 1566 690 1628 et
704 1562 1074 1627 claudatur:
1105 1560 1428 1644 aperiatur
1444 1559 1525 1625 ad
1553 1558 1788 1643 peccati
1815 1557 2165 1623 accusatio-

625 1687 776 1734 nem
804 1667 1082 1748 nudam;
1132 1666 1465 1732 claudatur
1497 1666 1577 1730 ad
1616 1666 1853 1749 peccati
1895 1683 2160 1729 excusa-

624 1776 890 1841 tionem.
919 1798 950 1836 »
986 1774 1137 1854 Noli,
1161 1792 1324 1856 ergo
1351 1774 1554 1838 facere
1590 1772 1855 1855 pallium
1892 1771 2163 1854 peccatis

621 1883 777 1948 tuis.
827 1882 969 1948 Noli
1013 1882 1301 1948 confiteri
1351 1881 1513 1946 sicut
1567 1879 1721 1947 Saul
1770 1902 1787 1943 ε
1834 1881 2163 1944 incusatus

622 1990 797 2055 enim
824 2010 863 2055 a
891 1990 1188 2056 Samuele
1214 1990 1294 2055 de
1332 1987 1841 2069 transgressione
1881 1986 2162 2051 mandati

623 2097 897 2177 Domini,
929 2116 1059 2182 quo
1086 2096 1166 2181 (a)
1188 2100 1580 2180 praeceptum
1607 2094 1731 2159 fuit
1754 2113 1882 2160 non
1900 2111 2163 2177 parcere

621 2204 1027 2269 Amalechitis
1054 2207 1122 2270 et
1154 2203 1616 2287 peccatoribus,
1647 2201 1903 2285 quando
1940 2199 2162 2265 debuit

621 2312 979 2390 avaritiam,
1002 2311 1105 2377 vel
1121 2309 1610 2376 inobedientiam
1638 2325 1824 2373 suam
1849 2308 2184 2392 confiteri„

621 2417 875 2502 culpam
904 2418 1193 2502 palliavit
1215 2417 1432 2482 dicens
1451 2421 1476 2457 ⁸
1505 2433 1524 2479 ε
1565 2437 1596 2475 n
1634 2413 1918 2497 Pepercit
1954 2432 2158 2496 popu-

620 2524 725 2590 lus
750 2525 1122 2591 melioribus
1148 2524 1377 2590 ovibus
1394 2527 1458 2589 et
1479 2522 1805 2601 armentis,
1838 2523 1911 2586 ut
1937 2520 2164 2585 immo-

620 2631 828 2698 larent
854 2633 1122 2700 Domino
1151 2633 1279 2698 Deo
1305 2637 1442 2697 tuo.
1470 2653 1502 2692 »
1531 2629 1686 2695 Item
1726 2629 1867 2712 pia,
1897 2632 1972 2693 ut
2009 2647 2161 2694 cum

622 2759 733 2824 spe
760 2743 968 2809 veniae
1014 2742 1392 2808 confitearis.
1437 2739 1754 2806 Confessio
1783 2738 1956 2803 enim
1986 2737 2161 2801 mul-

619 2853 703 2918 tis
754 2851 1193 2916 remissionem
1232 2847 1513 2915 obtinuit
1567 2851 1997 2929 peccatorum;
2037 2863 2161 2910 un-

621 2964 701 3030 de
752 2963 776 2999 *
828 2984 846 3027 2
904 2983 935 3021 n
989 2959 1059 3024 Si
1116 2957 1537 3021 confiteamur
1591 2956 1847 3036 peccata
1905 2955 2121 3016 nostra
2140 2999 2158 3030 ,

621 3069 827 3136 fidelis
865 3071 929 3132 et
955 3068 1172 3149 justus
1209 3066 1324 3139 est,
1366 3065 1437 3127 ut
1463 3061 1742 3125 remittat
1786 3059 1969 3124 nobis
2014 3076 2161 3141 pec-

621 3182 762 3244 cata
796 3179 1037 3240 nostra.
1075 3193 1108 3232 1>
1143 3169 1285 3235 Noli
1304 3215 1321 3247 ,
1365 3169 1578 3245 miser,
1627 3166 1950 3245 confiteri,
1995 3166 2162 3230 sicut

620 3285 837 3360 Iudas,
868 3281 1002 3364 qui,
1033 3279 1198 3343 sicut
1224 3276 1454 3342 dicitur
1475 3281 1521 3356 ⁸,
1560 3298 1589 3334 «
1615 3273 1980 3357 poenitentia
2003 3272 2160 3337 duc-

621 3397 727 3458 tus
750 3389 971 3456 retulit
996 3385 1261 3467 triginta
1280 3386 1616 3463 argenteos
1644 3379 2039 3463 principibus
2065 3397 2162 3443 sa-

550 3501 564 3520 '
623 3498 976 3574 cerdotum,
1005 3493 1266 3559 dicens:
1312 3487 1572 3554 Peccavi
1613 3486 1867 3550 tradens
1892 3485 2162 3565 sangui-

622 3623 771 3672 nem
801 3606 1074 3687 justum.
1103 3621 1135 3660 »
1167 3596 1336 3664 Vera
1365 3595 1485 3660 fuit
1509 3595 1650 3659 haec
1679 3591 2017 3670 confessi0‚
2049 3591 2160 3657 sed

622 3714 823 3797 impia
847 3711 1104 3795 propter
1128 3703 1655 3786 desperationem,
1684 3703 1943 3784 propter
1961 3718 2158 3783 quam

621 3824 687 3888 e't
709 3822 940 3903 laqueo
966 3833 1035 3881 se
1052 3811 1401 3896 suspendit.

1164 3990 1453 4064 SERMO
1494 3992 1612 4061 111.

708 4141 930 4222 Petite,
960 4147 1022 4208 et
1051 4137 1318 4207 dabitur
1341 4134 1519 4204 vobis
1543 4136 1588 4198 ⁸.
1619 4132 1668 4200 Ο
1695 4150 1893 4218 quam
1920 4149 2161 4214 magna

627 4250 985 4337 promissio,
1034 4262 1276 4328 magna
1313 4244 1420 4309 hic
1464 4242 1696 4307 fiducia
1734 4238 1986 4306 orandi!
2037 4238 2161 4305 Sed

627 4366 792 4431 circa
817 4359 1150 4446 petitiones
1177 4356 1541 4430 orationum
1568 4355 1933 4417 nostrarum
1961 4353 2165 4415 01100-

624 4474 774 4540 dere
801 4468 1107 4534 debemus
1150 4466 1433 4528 nostram
1478 4458 1909 4524 necessitatem
1930 4504 1951 4537 ,
1997 4456 2158 4540 peti-

625 4580 817 4646 tionis
843 4573 1242 4657 dignitatem,
1272 4566 1555 4634 divinam
1584 4563 1975 4646 largitatem.

706 4686 881 4753 Circa
906 4680 1191 4767 primum
1236 4674 1591 4741 notandum
1619 4676 1734 4751 est,
1762 4671 1933 4754 quod
1957 4670 2162 4736 homi·

624 4813 741 4861 nes
767 4809 952 4858 orare
978 4785 1290 4863 nesciunt,
1319 4781 1475 4866 quia
1498 4778 1789 4863 proprias
1817 4777 2156 4843 necessita-

623 4907 717 4968 tes
756 4897 1083 4982 ignorant.
1130 4887 1592 4956 Consideranda
1631 4891 1727 4951 est
1766 4884 2000 4968 triplex
2041 4902 2157 4949 ne-

623 5010 902 5078 cessitas.
933 5002 1150 5070 Prima
1173 5003 1268 5065 est
1294 4996 1492 5063 hostis
1517 4994 1920 5061 severissima
1944 4993 2156 5076 impu-

683 5175 702 5211 1
731 5174 896 5229 Prov„
926 5178 1115 5230 xxvln,
1144 5165 1217 5217 13.
1248 5187 1311 5200 -
1341 5155 1835 5225 1Αο3.,11“.001·1·.1’0
1866 5152 2006 5207 Psal.
2038 5165 2159 5221 ch,

622 5240 1184 5298 nme—MReq..
1232 5229 2159 5298 xv‚15.—⁴lJo‹m.„19—

623 5314 874 5372 11101111..
903 5323 1067 5374 xxvu,
1095 5311 1150 5360 3-
1156 5313 1202 5360 4.
1235 5331 1297 5344 -
1325 5305 1514 5362 ‘Luc-0
1541 5314 1616 5366 31,
1645 5304 1693 5353 9.
1720 5327 1785 5339 -
1815 5298 2056 5360 ludu
2085 5309 2157 5362 vt,

622 5391 705 5441 2¹.
742 5384 856 5426 -⁸
887 5382 1021 5434 Psal.
1054 5391 1207 5442 xxvi,
1243 5380 1292 5429 4.
1319 5401 1383 5414 -
1412 5373 1597 5427 ’PeaL
1636 5384 1737 5434 33,
1807 5370 1993 5420 .—¹⁰
2020 5369 2158 5431 Luc„

623 5469 701 5524 31,
729 5460 890 5509 11.-
915 5455 956 5490 11
978 5453 1109 5508 Δεῖ..
1139 5462 1219 5517 111,
1237 5451 1370 5499 2.-
1403 5448 1443 5483 11
1468 5444 1606 5498 psal.
1638 5455 1727 5508 33,
1749 5373 1821 5495 55.
1820 5467 1884 5480 -
1915 5440 2156 5506 1.,(11-03

1680 499 1689 510 -
1722 445 2141 522 sltnuonsss
2181 447 2284 518 DE
2321 447 2718 517 TEMPORE.

2279 588 2526 670 gnatio.
2563 586 2714 653 Haec
2753 588 3036 671 figurata
3061 594 3157 658 est
3197 592 3269 659 in
3294 592 3628 662 Holoferne
3652 595 3812 662 obsi-

2275 697 2462 762 dente
2484 697 2650 761 11Ιί00
2670 697 2883 779 Israel,
2907 700 3072 766 sicut
3087 702 3322 768 dicitur
3338 710 3397 768 ⁷:
3430 728 3462 766 α
3480 704 3600 770 Per
3617 709 3809 770 totam

2274 809 2527 869 noctem
2583 805 2831 870 intrans
2894 807 3224 874 eeclesiam
3286 811 3534 891 oravit,
3597 816 3811 894 petens

2275 911 2589 975 auxilium
2630 931 2673 976 a
2715 911 2982 980 Domino
3019 913 3232 982 Israel.
3278 940 3310 978 ι)
3364 917 3538 983 Sicut
3577 919 3811 984 obsessi

2274 1036 2433 1102 ergo
2460 1038 2497 1082 a
2527 1018 2808 1085 Tartaris
2843 1021 2948 1087 vel
2990 1041 3032 1087 a
3064 1023 3469 1089 ferocissimis
3509 1025 3808 1106 inimicis,

2275 1127 2367 1191 sic
2392 1126 2849 1193 instantissime
2890 1147 3183 1210 oremus,
3230 1132 3387 1215 quia
3430 1132 3669 1197 obsessi
3711 1151 3813 1197 su-

2275 1252 2422 1298 mus
2448 1253 2487 1299 a
2527 1235 2929 1301 daemonibns
2955 1238 3025 1301 in
3049 1237 3166 1303 vili
3210 1238 3464 1305 castello
3508 1240 3809 1323 eorporis.

2275 1341 2566 1407 Secunda
2605 1346 2702 1407 est
2740 1341 3026 1408 hominis
3066 1345 3378 1410 vilissima
3418 1346 3684 1412 defectio
3705 1396 3724 1428 ,
3753 1353 3816 1413 et

2274 1452 2616 1531 paupertas
2637 1497 2656 1530 ,
2726 1451 2881 1533 quia
2947 1469 3157 1534 neque
3209 1452 3562 1536 hospitium
3624 1454 3817 1519 habet

2273 1554 2492 1633 homo,
2523 1556 2647 1619 nisi
2674 1561 2874 1639 petat;
2921 1556 3253 1623 psalmista
3272 1561 3297 1596 ⁸
3326 1578 3344 1624 t
3384 1559 3636 1626 «Unam
3669 1562 3815 1645 petii

2272 1679 2313 1725 a
2353 1660 2622 1727 Domino
2650 1662 2817 1727 hanc
2858 1664 3205 1747 requiram,
3234 1670 3309 1731 ut
3347 1667 3705 1732 inhabitem
3747 1668 3817 1732 in

2271 1768 2464 1834 domo
2493 1769 2762 1834 Domini.
2805 1791 2837 1830 n
2878 1770 3034 1836 ltem
3073 1790 3282 1856 neque
3307 1792 3538 1857 panem
3575 1775 3730 1839 vilae
3756 1779 3818 1841 et

2273 1877 2502 1957 gratiae
2528 1876 2723 1942 habet
2744 1877 2966 1959 hom0,
2998 1879 3119 1945 nisi
3148 1884 3351 1963 petat;
3386 1881 3724 1947 Psalmista
3742 1888 3765 1924 ⁸
3795 1901 3812 1947 t

2281 2006 2312 2044 α
2328 1979 2532 2050 Vitam
2553 1983 2784 2068 petiita
2799 1990 2884 2051 10.
2904 2007 2937 2046 n
2961 1988 3008 2028 ¹·
3035 1986 3238 2064 «Quis
3263 2006 3348 2053 ex
3364 1989 3551 2054 vobis
3570 1993 3815 2072 patrem

2271 2090 2427 2173 petit
2453 2109 2721 2174 panem,
2751 2114 2784 2152 n
2816 2098 2937 2160 etc.
2973 2093 3192 2177 Neque
3231 2095 3388 2160 alias
3413 2097 3817 2162 necessitates

2270 2197 2506 2263 animae
2533 2198 2724 2265 habet
2745 2249 2762 2280 ,
2804 2201 2928 2265 nisi
2956 2205 3128 2284 petat
3172 2220 3305 2270 non
3345 2203 3556 2267 solum
3583 2221 3624 2267 a
3650 2203 3812 2283 Dec,

2269 2310 2379 2374 sed
2407 2310 2603 2375 etiam
2629 2311 2711 2375 ab
2735 2311 3104 2377 hominibus
3123 2313 3635 2396 ingredientibus
3653 2319 3817 2381 tem-

2268 2416 2450 2499 plum
2482 2417 2708 2499 gloriae
2735 2418 3036 2499 coelestis,
3064 2419 3132 2485 id
3168 2425 3285 2500 est,
3327 2439 3371 2485 a
3407 2421 3643 2486 sanctis
3675 2445 3692 2487 ε
3723 2423 3813 2486 si-

2269 2526 2379 2588 cut
2395 2524 2829 2606 significatum
2850 2530 2948 2592 est
2972 2527 3040 2592 in
3069 2527 3295 2594 claudo
3319 2529 3448 2612 illo,
3473 2530 3552 2595 de
3576 2549 3708 2614 quo
3722 2533 3768 2574 ¹¹
3794 2553 3811 2598 ε

2271 2654 2304 2693 α
2336 2629 2542 2709 Quem
2576 2634 2897 2716 ponebant
2935 2636 3217 2719 quotidie
3252 2636 3333 2701 ad
3361 2641 3609 2720 portam
3655 2643 3819 2704 tem·

2269 2736 2381 2820 pli,
2414 2757 2562 2822 quae
2585 2740 2819 2806 dicitur
2844 2742 3148 2825 speciosa,
3176 2747 3253 2808 ut
3279 2747 3519 2826 peteret
3544 2745 3815 2812 eleemo-

2268 2864 2496 2929 synam
2551 2850 2632 2914 ab
2674 2850 3142 2916 introeuntibus
3192 2852 3502 2935 templum
3524 2899 3547 2931 ,
3605 2875 3639 2913 n
3686 2859 3811 2920 etc.

2270 2951 2449 3018 Sicut
2473 2971 2633 3037 ergo
2671 2956 2785 3041 qui
2823 2957 3187 3023 mendicant
3226 2963 3373 3024 ante
3405 2960 3571 3024 fores
3610 2960 3812 3025 eccle·

2269 3059 2509 3126 siarum
2526 3109 2545 3143 ,
2591 3080 2850 3128 omnem
2889 3064 3173 3130 dolorem
3216 3069 3279 3131 et
3313 3065 3777 3132 deformitatem
3793 3116 3811 3148 ,

2268 3184 2466 3249 quam
2492 3168 2732 3234 habent
2759 3171 2830 3234 in
2856 3189 3158 3256 corpore,
3205 3175 3585 3254 ostendunt,
3630 3175 3722 3239 sic
3752 3181 3816 3241 et

2268 3279 2343 3341 tu
2386 3275 2685 3359 Domino,
2732 3284 2797 3345 et
2841 3281 3093 3362 angelis
3137 3284 3318 3365 ejus,
3368 3283 3814 3349 infirmitatem

2267 3383 2500 3450 animae
2524 3389 2657 3450 tuae
2684 3387 2977 3453 ostendas
2997 3388 3067 3452 in
3089 3390 3395 3469 oratione,
3425 3390 3719 3455 ostendas
3743 3392 3814 3456 in

2266 3492 2680 3558 confessione.
2731 3492 2943 3560 Tertia
2990 3499 3089 3560 est
3132 3497 3367 3579 judicis
3426 3498 3814 3579 gravissima

2263 3598 2557 3665 offensio.
2588 3599 2765 3667 Unde
2803 3601 2968 3666 sicut
3008 3602 3240 3685 aliquis
3289 3605 3773 3687 suspendendus
3789 3654 3808 3688 ,

2265 3711 2442 3772 stans
2487 3723 2703 3773 coram
2746 3708 2964 3790 judice
2981 3756 3000 3788 ‚
3055 3709 3510 3776 instantissime
3570 3716 3813 3795 peteret

2266 3814 2467 3878 vitam
2495 3814 2812 3897 corporis,
2855 3815 2948 3880 ita
2973 3820 3047 3881 tu
3075 3833 3225 3881 cum
3251 3816 3539 3882 maxima
3564 3818 3806 3883 instan-

2265 3919 2357 3984 tia
2379 3920 2583 3985 vitam
2626 3920 2862 3986 animae
2901 3925 3114 4004 petere
3139 3923 3352 3989 debes.
3394 3923 3692 3990 Psalmus
3715 3927 3803 3992 ¹¹:

2272 4048 2307 4088 α
2357 4025 2570 4093 Vitam
2614 4028 2794 4110 petiit
2837 4048 2877 4094 a
2915 4033 2978 4094 te
3007 4047 3026 4095 t
3064 4051 3097 4090 1>
3127 4033 3330 4098 vitam
3368 4033 3593 4117 utique
3616 4035 3802 4118 spiri-

2264 4132 2502 4199 tualem
2526 4182 2544 4214 ,
2602 4138 2668 4198 et
2716 4135 3110 4203 aeternalem.
3165 4137 3292 4204 Sed
3334 4140 3589 4206 attende
3634 4142 3803 4226 quod

2266 4237 2614 4326 Gregorius
2635 4240 2681 4276 ¹⁸
2722 4260 2739 4305 t
2790 4262 2822 4302 ι
2846 4240 3171 4308 AEternam
3209 4245 3411 4311 vitam
3454 4247 3510 4311 si
3553 4266 3666 4313 ore
3690 4266 3800 4332 pe—

2263 4346 2498 4426 timus,
2545 4365 2664 4412 nec
2707 4348 2896 4414 corde
2937 4349 3371 4420 desideramus
3388 4401 3411 4434 ,
3461 4356 3803 4421 clamantes

2265 4456 2549 4519 tacemus
2573 4453 2676 4536 (b).
2703 4475 2735 4514 n

2346 4560 2526 4626 Circa
2548 4562 2902 4628 secundum
2920 4568 3092 4646 nota,
3118 4565 3288 4648 quod
3313 4567 3638 4650 petitionis
3662 4587 3804 4635 eon·

2266 4669 2517 4751 gruitas
2543 4673 2643 4734 est
2667 4668 2985 4751 intribus,
3018 4671 3342 4753 videlicet,
3372 4678 3449 4739 ut
3478 4693 3804 4759 congruus

2265 4793 2557 4859 congrua
2585 4793 2901 4858 congrue,
2944 4777 3183 4861 dignus
3225 4780 3428 4862 digna
3465 4782 3662 4866 digne
3691 4802 3801 4867 pe-

2265 4888 2379 4949 tat.
2411 4884 2629 4950 Primo
2659 4902 2819 4968 ergo
2842 4886 3078 4969 dignus
3102 4887 3287 4953 debet
3312 4906 3449 4954 esse
3474 4894 3696 4972 petens
3721 4892 3796 4954 ¹⁸:

2266 4992 2660 5072 charissimi,
2688 4992 2745 5057 si
2779 5011 2891 5059 cor
2917 4999 3210 5061 nostrum
3233 5013 3366 5062 non
3400 4997 3803 5080 reprehendit

2265 5117 2408 5181 1108,
2437 5099 2740 5166 fiduciam
2765 5099 3082 5168 habemus
3119 5102 3200 5167 ad
3240 5101 3469 5184 Deum,
3511 5107 3587 5170 ut
3621 5123 3799 5189 quae·

2266 5268 2470 5393 Μαι-ἕξ,
2496 5269 2586 5323 lib.
2610 5271 2767 5335 xxii,
2791 5285 2841 5322 0.
2868 5283 2986 5337 xm,
3013 5271 3081 5324 al.
3109 5284 3238 5338 xvu,
3262 5286 3317 5325 n.
3337 5275 3565 5329 stt—¹⁸
3590 5276 3798 5341 lloan„

2267 5353 2348 5405 111,

2325 5438 2397 5504 (a)
2422 5438 2545 5490 Coet.
2569 5438 2693 5492 edin
2719 5379 2878 5507 quod.
2905 5465 2968 5480 --
2997 5440 3066 5506 (b)
3101 5442 3232 5493 Item
3253 5446 3532 5498 taceamus.
