4059 6317
1155 458 1240 525 ΙΝ
1280 451 1565 525 DlEBUS
1605 441 2151 524 ROGATioNnM.
2192 451 2457 524 SERMO
2489 457 2602 526 IV.

275 621 554 691 cumque
578 601 878 689 petimus,
915 596 1299 680 accipiamus
1328 613 1369 658 a
1391 592 1541 658 Deo.
1572 612 1605 653 n
1637 590 1819 657 Unde

276 731 469 799 quem
496 707 907 796 reprehendit
940 721 1052 770 cor
1080 703 1159 769 de
1183 700 1436 768 omissis
1474 699 1684 780 honis,
1713 699 1819 764 vel

276 817 632 886 commissis
674 807 872 892 vitm,
915 831 1064 897 quae
1098 828 1228 875 non
1250 808 1393 873 vult
1419 806 1814 890 relinquere,

273 944 405 991 non
431 928 530 991 est
551 924 795 1005 dignus
816 918 1131 986 exaudiri.
1172 915 1503 982 Psalmista
1519 915 1541 950 1
1573 931 1593 977 :
1629 935 1659 974 ι
1688 913 1819 977 Ini-

274 1033 585 1117 quitatem
604 1030 659 1093 si
686 1027 930 1111 aspexi,
954 1050 986 1085 »
1009 1028 1128 1091 etc.
1148 1022 1567 1105 Gregorius⁸t
1603 1043 1635 1082 α
1658 1020 1818 1085 Cum

274 1140 327 1203 is
353 1137 472 1222 qui
499 1136 818 1220 displicet,
862 1133 942 1200 ad
980 1130 1501 1197 intercedendum
1541 1128 1818 1193 mittitur

273 1250 490 1329 petere
520 1244 628 1326 (α),
661 1241 918 1308 animus
940 1239 1088 1304 irati
1117 1237 1199 1303 ad
1232 1238 1491 1303 duriora
1516 1253 1818 1319 provoca·

274 1357 407 1432 tur,
448 1355 514 1418 et
556 1349 835 1415 maxime
876 1348 990 1431 qui
1031 1349 1129 1411 est
1161 1345 1232 1410 in
1265 1344 1435 1409 odio.
1468 1366 1501 1405 n
1537 1344 1562 1380 ⁸
1592 1365 1625 1408 α
1676 1341 1816 1426 Ipse

274 1480 425 1525 cum
458 1476 607 1526 caro
634 1457 753 1534 sit,
802 1456 1018 1521 servat
1048 1454 1213 1517 iram
1230 1500 1251 1533 ,
1301 1455 1365 1517 et
1406 1469 1445 1516 a
1491 1450 1618 1516 Deo
1660 1450 1818 1532 petit

272 1566 821 1653 propitiationem!
842 1584 874 1624 n
902 1559 1201 1627 Secundo
1227 1560 1429 1640 digna
1445 1561 1509 1622 et
1525 1575 1816 1640 congrua

273 1676 462 1742 debet
509 1677 724 1758 petere
771 1676 795 1712 ⁸
834 1687 854 1736 t
893 1693 924 1732 α
966 1668 1405 1749 Quaecumque
1444 1665 1815 1748 petierimus

272 1783 632 1849 secundum
675 1780 1076 1845 voluntatem
1119 1778 1286 1858 ejus,
1327 1773 1543 1838 audiet
1584 1789 1725 1838 nos.
1773 1792 1805 1832 n

271 1891 558 1958 Salutem
596 1888 830 1953 animae
858 1889 1010 1965 tuae,
1041 1888 1106 1949 et
1146 1900 1223 1948 ea
1257 1899 1405 1965 quae
1431 1880 1512 1946 ad
1534 1880 1813 1946 salutem

269 2001 436 2065 flunt
466 1996 569 2080 (b),
597 1999 810 2079 petere
834 1992 1066 2058 debes:
1091 1989 1243 2056 talia
1269 1988 1440 2054 enim
1460 1987 1813 2053 secundum

268 2105 669 2171 voluntatem
707 2100 821 2166 Dei
855 2102 1027 2165 sunt.
1079 2096 1201 2175 Qui
1242 2100 1461 2161 autem
1504 2095 1661 2178 petit
1702 2094 1813 2160 alii

269 2212 544 2292 malum,
574 2214 639 2276 et
653 2207 1049 2292 hujusmodi,
1083 2205 1446 2292 incongrua
1468 2204 1645 2286 petit.
1674 2203 1814 2269 Au-

129 2367 136 2374 ·
273 2321 575 2404 gustinus
600 2318 666 2383 ⁸:
707 2339 739 2378 α
769 2314 889 2394 Qui
916 2315 997 2381 de
1022 2312 1284 2392 divitiis,
1322 2314 1436 2375 aut
1457 2310 1813 2376 honoribus

264 2427 513 2505 saeculi,
545 2429 657 2492 aut
683 2428 853 2490 certe
878 2422 959 2488 de
993 2420 1239 2485 inimici
1275 2419 1480 2483 morte
1508 2418 1812 2484 sollicitus

271 2537 581 2615 obsecrat,
610 2532 841 2617 ipsein
862 2528 1104 2595 infimis
1137 2529 1356 2610 jacens
1394 2525 1554 2592 viles
1579 2525 1661 2591 ad
1687 2544 1811 2591 coe-

270 2643 408 2708 lum
432 2659 652 2726 preces
679 2624 944 2704 mittitis
968 2635 1149 2702 Unde
1176 2634 1485 2701 Dominus
1511 2634 1603 2698 ait
1627 2634 1805 2700 Salo-

267 2751 448 2816 moni
489 2749 514 2785 ·
553 2766 572 2814 ε
610 2771 643 2810 α
687 2746 848 2825 Quia
887 2743 1221 2828 postulasti
1253 2741 1524 2808 verbum
1550 2741 1699 2820 hoc,
1745 2743 1809 2805 et

268 2875 402 2923 non
428 2856 640 2940 petisti
661 2855 776 2920 tibi
800 2854 935 2919 dies
960 2843 1222 2931 multos,
1253 2854 1366 2916 aut
1390 2848 1670 2927 divitias,
1696 2852 1808 2914 aut

269 2965 518 3029 animas
552 2962 955 3028 inimicorum
997 2966 1254 3025 tuorum
1268 3005 1291 3037 ,
1332 2978 1365 3018 a
1403 2960 1523 3023 etc.
1569 2955 1803 3037 TertiO‚

268 3089 559 3155 congrue
593 3074 659 3137 et
695 3070 893 3153 digne
943 3067 1286 3152 petendum
1326 3069 1446 3146 est,
1473 3065 1539 3130 id
1582 3069 1677 3130 est
1716 3069 1805 3130 at-

268 3183 478 3261 tente;
508 3177 798 3243 Psalmus
823 3183 889 3241 ἐ
919 3200 950 3238 α
978 3173 1160 3240 Dabit
1186 3173 1300 3238 tibi
1325 3173 1657 3257 petitiones
1673 3190 1807 3238 cor-

270 3287 367 3351 dis
394 3285 513 3351 tui.
552 3306 584 3346 n
632 3283 803 3350 Bene
837 3283 993 3349 dicit
1035 3281 1376 3365 petitiones
1414 3278 1631 3346 cordis
1676 3281 1800 3360 tui,

266 3412 399 3459 non
423 3395 676 3458 tantum
702 3393 855 3458 oriS.
888 3389 1164 3455 Isidorus
1189 3388 1213 3426 ⁸
1239 3411 1256 3452 z
1291 3410 1323 3450 α
1347 3385 1555 3452 Verba
1588 3387 1806 3470 depre-

267 3502 468 3566 cantis
508 3500 676 3567 Deus
718 3516 850 3564 non
893 3496 1199 3574 intendit,
1244 3496 1357 3561 scd
1407 3495 1650 3561 orantis
1696 3513 1807 3560 cor

267 3607 549 3691 despicit.
576 3629 609 3668 n

346 3713 434 3779 De
463 3714 653 3779 tertio
677 3714 746 3777 ἐ
786 3734 818 3774 α
844 3711 1071 3777 Omnia
1101 3727 1525 3794 quaecumque
1559 3708 1806 3793 petieri-

268 3821 350 3887 tis
369 3822 438 3885 in
465 3821 752 3886 oratione
775 3820 1122 3899 credentes,
1146 3818 1488 3902 accipietis.
1516 3838 1547 3877 ι
1566 3816 1807 3898 Magna

266 3930 536 4012 largitas
569 3950 585 3993 ε
622 3929 858 3995 Omnia
882 3923 1056 4005 dicit,
1084 3926 1455 4011 spiritualia,
1480 3929 1803 4008 tempora·

268 4038 355 4103 lia
374 4084 398 4118 ,
455 4035 803 4102 aeternalia.
855 4034 1101 4100 Revera
1148 4032 1561 4115 temporalia3
1620 4031 1802 4097 Psal-

268 4146 459 4210 mista
483 4146 530 4186 1·
563 4164 580 4210 t
631 4166 660 4204 α
685 4142 1026 4222 Petierunt,
1067 4144 1131 4207 et
1165 4141 1343 4206 venit
1375 4139 1694 4219 coturnix,
1742 4141 1823 4240 ct·

266 4272 430 4337 pane
457 4251 601 4318 coeli
626 4251 940 4317 saturavit
965 4268 1094 4315 eos.
1118 4270 1150 4311 s
1185 4249 1377 4315 Panis
1402 4248 1565 4330 coeli,
1596 4249 1806 4314 victus

264 4362 375 4445 qui
398 4363 609 4444 Juste3
639 4358 821 4442 panis
848 4357 1116 4436 inferni,
1167 4356 1283 4439 qui
1324 4357 1562 4439 injuste
1596 4356 1805 4438 acqui-

258 4467 448 4533 ritur.
483 4468 525 4504 ¹¹
551 4489 583 4528 α
606 4465 799 4531 Panis
824 4464 998 4528 illius
1021 4465 1090 4528 in
1116 4467 1300 4528 utero
1316 4462 1490 4528 illius
1515 4466 1804 4527 vertetur

263 4576 329 4640 in
347 4575 430 4640 fel
443 4574 679 4657 aspidis
703 4571 1146 4636 intrinsecus.»
1169 4568 1327 4635 Item
1352 4569 1704 4653 spiritualia
1717 4570 1794 4635 ²³:

272 4704 304 4742 a
332 4681 400 4745 si
423 4697 586 4762 ergo
613 4698 730 4745 vos
758 4697 905 4743 cum
935 4678 1073 4742 sitis
1098 4678 1274 4757 mali,
1300 4699 1332 4738 n
1365 4681 1510 4758 etc„
1541 4695 1747 4760 usque
1780 4699 1796 4741 ε

271 4810 303 4850 ι
331 4788 508 4853 dabit
532 4773 829 4870 spiritum
851 4784 1095 4849 bonum
1114 4784 1474 4867 petentibus
1490 4786 1594 4848 set
1617 4808 1648 4845 n
1681 4783 1801 4848 Mi-

263 4894 531 4960 serabile
569 4893 697 4958 esti
743 4890 812 4957 Si
839 4891 1084 4956 siccitas
1110 4890 1306 4955 unius
1331 4890 1484 4955 anni
1524 4891 1707 4955 fleret
1730 4892 1801 4957 in

258 5003 466 5083 terris,
498 4999 939 5066 ardentissime
976 4998 1263 5083 pluviam
1292 5002 1568 5082 peteres3
1607 5000 1802 5067 modo

326 5166 346 5200 ί
371 5162 508 5215 Psal.
545 5174 668 5226 va,
702 5164 781 5214 28.
807 5188 869 5200 -
902 5163 927 5198 ⁸
954 5162 1129 5228 Greg.,
1165 5162 1383 5224 Pastor„
1410 5164 1542 5227 part.
1578 5163 1631 5227 l,
1664 5177 1712 5215 c.
1741 5175 1796 5215 x.

265 5260 319 5286 .—
349 5234 372 5270 ⁸
397 5234 578 5298 Recta,
606 5244 797 5298 xxvm,
827 5235 876 5285 5.
897 5257 962 5271 -
985 5233 1009 5269 ⁸
1037 5234 1056 5283 l
1082 5235 1245 5292 loom,
1276 5244 1326 5296 v,
1355 5237 1431 5286 14.
1456 5258 1510 5268 —
1538 5234 1562 5270 ⁸
1582 5236 1712 5301 Aug.
1740 5262 1796 5272 —

263 5306 548 5370 ⁸111Re9.,
587 5317 675 5370 111,
724 5309 801 5355 ll.
839 5329 901 5343 —
930 5308 947 5336 ⁷
974 5302 1109 5355 Psal.
1134 5315 1324 5370 xxxvx,
1361 5303 1409 5355 l.
1447 5329 1511 5344 —
1535 5305 1560 5341 ⁸
1588 5306 1709 5358 isid.
1736 5332 1800 5370 -‚·

264 5378 285 5409 ’
306 5376 513 5441 unuh„
535 5387 647 5441 ιιι,
668 5378 750 5427 22.
773 5401 836 5414 -
861 5376 907 5412 ¹⁰
923 5375 1066 5427 ΡεαΙ.
1091 5388 1194 5440 ew,
1218 5378 1297 5428 4⁰.
1323 5402 1380 5414 —
1408 5377 1443 5411 ¹¹
1463 5376 1576 5441 lob,
1604 5389 1694 5442 xx,
1717 5380 1795 5429 u.

265 5472 327 5488 —
348 5448 391 5485 ¹²
418 5449 556 5513 Luc„
581 5459 655 5511 11,
683 5447 885 5499 13.—¹³
910 5446 1083 5511 Zach„
1110 5460 1165 5514 x,
1197 5451 1309 5499 l.—
1339 5447 1378 5483 ¹⁴
1406 5447 1575 5516 Eme„
1594 5460 1644 5514 v,
1676 5455 1796 5503 3.—

3353 473 3468 537 271

1926 590 2179 656 siccitas
2211 592 2440 673 gratiae
2467 593 2588 659 mit
2619 594 2735 660 tibi
2774 596 3034 681 viginti,
3063 600 3171 667 vel
3207 603 3475 687 triginta

1926 700 2135 778 annis,
2161 704 2225 764 et
2250 699 2543 782 pluviam
2568 704 2926 783 gratiarum
2946 706 3223 790 Spiritus
3244 713 3470 793 sancti,

1924 805 2031 870 vel
2064 805 2493 889 lacrymarum
2536 826 2670 873 non
2710 813 2921 893 petis?
2947 815 2994 855 ¹⁸
3032 836 3064 876 ι
3084 814 3281 881 Petite
3323 818 3474 901 plu·

1922 912 2103 978 viam
2132 932 2172 977 a
2198 912 2493 978 Domino.
2541 936 2574 974 »
2628 915 2784 982 ltem
2813 921 3160 1002 aeternalia,
3191 925 3358 989 sicut
3383 926 3470 990 si·

1924 1020 2302 1102 gnificatum
2353 1026 2485 1101 est,
2536 1023 2651 1089 ubi
2703 1026 3024 1093 Assucrus
3048 1077 3069 1108 ,
3130 1035 3469 1116 postquam

1923 1127 2274 1193 incaluerat
2300 1128 2477 1210 vine,
2521 1130 2687 1195 dixit
2709 1133 2792 1199 ad
2837 1131 3068 1200 Esther
3093 1139 3188 1202 ¹⁸:
3227 1139 3343 1205 «Si
3370 1140 3468 1205 di-

1924 1235 2191 1301 midiam
2219 1240 2465 1320 partem
2493 1238 2620 1303 mei
2637 1241 2838 1322 ‚regni
2865 1243 3141 1326 petieris,
3172 1247 3472 1330 impetra-

1923 1344 2044 1409 bis.
2075 1366 2108 1404 »
2139 1343 2245 1410 Sic
2271 1347 2489 1410 anima
2508 1346 2740 1412 devota
2765 1354 3105 1432 postquam
3141 1352 3470 1422 Christum

1922 1452 2079 1516 vino
2112 1453 2641 1536 compunctionis,
2683 1454 3076 1543 dilectionis,
3112 1457 3471 1529 devotionis

1921 1563 1987 1624 et
2027 1559 2461 1644 lacrymarum
2509 1562 2870 1644 inebriavit,
2917 1583 3196 1647 regnum
3239 1569 3468 1651 gloriae

1920 1664 2001 1730 de
2017 1666 2185 1731 facili
2214 1666 2609 1749 impetrabit.
2634 1668 2895 1753 Alioqui
2926 1672 3172 1739 dicetur
3189 1694 3467 1759 regnum

1919 1773 2281 1854 petentibus
2306 1774 2353 1810 ¹⁸
2385 1795 2401 1840 z
2434 1799 2467 1838 α
2494 1772 2763 1842 Nescitis
2789 1777 2944 1861 quid
2969 1781 3217 1863 petatis.
3258 1804 3289 1843 ι

2466 1953 2757 2030 SERMO
2802 1961 2922 2032 lv.

1999 2098 2233 2179 Petite,
2275 2100 2626 2182 sudabitur
2660 2104 2839 2173 vobis
2866 2112 2935 2171 ¹⁰.
2969 2105 3132 2185 Quid
3157 2107 3466 2176 dabitur?

1908 2201 2277 2288 Respondet
2299 2204 2619 2290 Propheta
2636 2210 2681 2248 ¹⁷
2704 2232 2722 2276 ε
2756 2232 2788 2272 ι
2806 2210 3085 2277 Gratiam
3110 2215 3175 2278 et
3191 2214 3465 2296 gloriam

1917 2312 2093 2378 dabit
2148 2311 2475 2380 Dominus.
2531 2338 2563 2376 s
2610 2317 2826 2396 Dabit,
2877 2320 3143 2404 inquam
3165 2370 3184 2404 ,
3241 2324 3467 2390 certis·-

1917 2420 2102 2500 sime,
2135 2422 2585 2505 copiosissime,
2614 2425 3134 2507 prudentissime,
3163 2430 3463 2514 frequen<-

1916 2527 2188 2595 tissime.
2238 2528 2421 2595 Dabit
2462 2529 2919 2615 indubitanter,
2957 2536 3327 2618 prudenter,
3362 2537 3463 2602 in-

1916 2639 2256 2700 cessanter.

1994 2740 2086 2807 De
2129 2742 2339 2825 primo
2383 2743 2616 2809 dicitur
2654 2746 2700 2782 ¹⁸
2732 2768 2748 2813 ε
2787 2770 2819 2809 α
2848 2747 2917 2814 Si
2941 2750 3099 2832 quid
3153 2751 3462 2834 petieritis

1916 2847 2173 2915 Patrem
2199 2849 2268 2914 in
2296 2851 2558 2918 nomine
2584 2870 2750 2934 meo,
2773 2855 2948 2946 dabit
2976 2857 3181 2923 vobis.
3202 2880 3234 2919 n
3259 2858 3340 2924 Et
3359 2860 3464 2926 hic

1912 2955 2189 3022 dicitur:
2218 2958 2440 3037 Petite,
2481 2964 2541 3026 et
2577 2959 2838 3030 dabitur
2869 2964 3069 3032 vobis.
3119 2965 3276 3031 Ecce
3314 2967 3463 3050 quis

1912 3067 2121 3147 potest
2142 3065 2458 3146 dubitare,
2474 3067 2632 3151 quin
2647 3067 2834 3133 detur
2858 3072 3031 3153 quod
3051 3073 3290 3138 verItas
3308 3074 3464 3138 dan·

1912 3172 2070 3239 dum
2097 3175 2429 3258 promisit?
2457 3173 2614 3253 Quis
2631 3193 2793 3258 ergo
2817 3194 2949 3242 non
2967 3181 3253 3262 peteret?
3269 3179 3460 3246 Joan·

1914 3298 2031 3345 nes
2060 3280 2548 3366 chrysostomus
2574 3284 2620 3320 ¹⁹
2649 3305 2667 3347 ε
2706 3306 2737 3344 α
2757 3281 3038 3349 Petentis
3061 3286 3462 3369 negligentia

1911 3390 2400 3471 reprehenditur
2417 3439 2439 3470 ,
2479 3391 2536 3455 si
2568 3389 2648 3456 de
2681 3390 2889 3456 dantis
2922 3392 3352 3459 misericordia
3383 3396 3461 3477 (c)

1912 3496 2240 3563 dubitatur
2261 3519 2277 3560 ε
2307 3519 2338 3558 ι
2364 3498 2647 3564 maxime
2673 3516 2824 3564 cum
2845 3517 2978 3566 non
2996 3500 3206 3566 solum
3224 3503 3461 3585 promi-

1913 3604 1998 3668 sit
2042 3603 2221 3685 dare,
2255 3605 2366 3670 sed
2407 3606 2599 3669 etiam
2637 3607 2883 3689 juravit
2910 3609 2957 3649 ¹⁰
2988 3626 3007 3672 ι
3044 3631 3079 3671 α
3100 3608 3352 3675 iuravit
3378 3612 3461 3677 ad

1914 3710 2240 3776 Abraham
2281 3716 2530 3795 patrem
2568 3716 2864 3778 nostrum
2912 3714 3217 3780 daturum
3242 3734 3314 3781 se
3341 3735 3459 3783 no-

1913 3819 2039 3884 bis.
2076 3825 2115 3878 ι’
2142 3817 2213 3884 Si
2252 3823 2468 3885 tamen
2500 3821 2625 3886 hoc
2669 3840 2802 3887 non
2843 3822 3034 3888 datur
3073 3825 3246 3908 quod
3267 3828 3455 3910 petis,

1912 3943 2046 3991 non
2072 3929 2374 4010 tepescas.
2399 3925 2764 3994 Bernardus
2789 3929 2879 3994 ait
2899 3932 2946 3968 11
2983 3951 2999 3992 2
3039 3930 3282 3999 «Nemo
3306 3952 3455 4017 par-

1912 4034 2215 4118 vipendat
2239 4036 2589 4102 orationem
2616 4057 2823 4103 suam.
2860 4039 3011 4105 Dico
3036 4041 3210 4105 enim
3248 4042 3455 4122 vobis,

1913 4146 2260 4226 antequam
2296 4148 2483 4209 exeat
2506 4145 2585 4210 de
2611 4164 2723 4212 ore
2747 4152 2985 4229 vestro,
3019 4148 3125 4213 ille
3146 4149 3458 4214 conscribi

1913 4248 2061 4316 facit
2084 4252 2154 4315 in
2178 4252 2342 4318 libro
2375 4271 2517 4332 su0,
2546 4258 2610 4318 et
2637 4272 2848 4320 unum
2874 4273 2959 4320 ex
2990 4255 3239 4321 duobus
3265 4256 3454 4321 indu-

1862 4381 1868 4387 ·
1912 4358 2189 4424 bitanter
2236 4379 2490 4443 sperare
2540 4363 2883 4443 debemuS‚
2932 4364 3086 4448 quia
3129 4368 3241 4430 aut
3283 4364 3458 4430 dabit

1909 4469 2086 4639 qlnuod
2112 4469 2410 4552 petimus,
2454 4474 2566 4536 aut
2608 4472 2778 4555 quod
2815 4474 3000 4538 nobis
3023 4473 3141 4538 scit
3166 4491 3304 4539 esse
3327 4472 3458 4537 uti·

2004 4591 2058 4639 s.
2085 4596 2116 4635 n

1992 4679 2079 4746 De
2106 4682 2381 4747 secundo
2397 4684 2444 4722 11
2472 4704 2487 4750 t
2528 4706 2561 4745 α
2578 4684 2647 4749 Si
2674 4686 2817 4768 quis
2846 4684 3098 4767 indiget
3123 4685 3451 4771 sapientia,

1908 4787 2186 4870 postulet
2220 4806 2261 4853 a
2295 4788 2452 4870 Deo,
2482 4792 2596 4875 qui
2629 4792 2738 4857 dat
2772 4793 3073 4859 omnibus
3096 4794 3453 4876 affluenter,

1908 4897 1975 4959 et
1997 4912 2130 4959 non
2154 4896 2566 4980 improperat,
2601 4902 2666 4965 et
2688 4899 2944 4964 dabitur
2968 4900 3050 4965 ei.
3071 4923 3104 4962 n
3131 4901 3181 4966 E
3209 4908 3454 4969 contla·-

1906 5001 2006 5067 rio
2041 5018 2197 5066 vero
2234 5002 2524 5070 diabolus
2567 5005 2816 5071 modica
2842 5006 2982 5086 dat,
3011 5012 3075 5073 et
3100 5008 3304 5074 multa
3327 5010 3449 5074 im-

1910 5145 1953 5181 ¹⁸
1980 5143 2183 5208 Manli„
2201 5155 2290 5206 xx,
2311 5145 2390 5194 22.
2409 5171 2463 5181 -
2489 5145 2531 5181 ¹⁸
2554 5147 2693 5207 Luc..
2726 5159 2779 5198 ιι
2796 5184 2811 5207 ,
2839 5149 2952 5199 9.—
2981 5147 3018 5181 ¹²
3044 5148 3183 5201 Psal.
3217 5161 3449 5217 unm,

1910 5220 2068 5268 12.-
2098 5217 2138 5252 ¹·
2161 5218 2326 5278 Joan„
2354 5227 2462 5279 ιη,
2482 5220 2562 5267 23.
2583 5243 2639 5255 -—
2659 5220 2703 5255 ¹⁹
2722 5219 2989 5285 chrysost.
3007 5246 3071 5259 —
3088 5221 3130 5259 ²⁹
3145 5223 3283 5282 Luc..
3302 5236 3345 5288 1,
3369 5227 3450 5276 73.

1909 5313 1971 5327 —
1991 5289 2029 5324 ²¹
2050 5290 2228 5352 Bam„
2255 5289 2310 5338 in
2329 5288 2608 5353 Quodn-aq„
2633 5304 2791 5341 serm.
2819 5303 2870 5354 v,
2892 5306 2948 5342 n.
2979 5296 3097 5344 15.—
3116 5294 3308 5359 ¹⁸5oe„
3333 5308 3374 5362 1,
3399 5300 3449 5350 5.

1970 5378 2040 5444 (α)
2075 5377 2183 5428 Del.
2210 5381 2407 5441 petere.
2430 5402 2492 5416 -
2513 5377 2579 5445 (ὁ)
2607 5380 2724 5446 Lea.
2756 5380 2968 5433 faciunt.
2994 5409 3059 5422 —
3083 5383 3146 5450 (c)
3175 5384 3302 5438 eat.
3325 5385 3448 5442 edit.

1904 5449 2149 5516 praemilt.
2176 5462 2304 5502 non.
