4059 6317
662 417 780 481 568

661 548 922 609 wcundo
933 550 1174 609 ¹loannis
1190 551 1540 624 sublimitas,
1568 569 1707 613 cum
1732 552 2005 613 additur:
2031 554 2100 609 ln
2123 553 2206 610 tu-

661 658 790 700 cem.
818 645 1059 702 Notatur
1081 644 1251 703 tertio
1279 645 1487 722 populi
1515 646 1753 721 utilitas,
1772 664 1910 706 cum
1927 648 2203 710 infertur:

664 736 934 794 Gentium.
960 739 1296 797 Notandum
1324 743 1411 798 est
1437 755 1581 815 ergo
1618 741 1699 800 ad
1725 759 2002 818 praesens,
2040 744 2208 819 quod

660 832 914 889 loannes
945 830 1052 889 lux
1076 831 1218 904 fuit,
1250 837 1307 891 et
1344 833 1487 907 quia
1514 850 1714 893 veram
1749 835 1943 895 lucem
1980 854 2207 912 praeve-

661 922 768 996 nit,
797 926 855 981 et
880 924 1025 999 quia
1063 942 1267 984 veram
1299 927 1497 985 lucem
1538 930 1928 1001 annuntiavit,
1963 937 2020 989 et
2066 932 2209 1008 quia

660 1016 1065 1092 proedicando,
1113 1019 1496 1094 baptizando,
1545 1023 1820 1082 docendo
1842 1067 1859 1094 ,
1912 1025 2209 1084 mundum

662 1110 1035 1170 llluminavit.
1094 1115 1216 1171 Lux
1268 1114 1460 1186 enim,
1512 1119 1579 1173 ut
1632 1132 1705 1175 ex
1753 1118 1956 1176 multis
2013 1135 2210 1194 pauca

666 1204 882 1279 dicam,
923 1211 1009 1266 est
1040 1211 1252 1268 natura
1285 1209 1628 1285 impassiva,
1657 1216 1744 1271 est
1779 1218 1990 1273 natura
2013 1215 2206 1274 direc-

664 1300 806 1373 tiva,
854 1305 941 1359 cst
976 1305 1188 1361 natura
1219 1304 1624 1378 confortativa,
1655 1310 1743 1365 est
1780 1311 1993 1367 natura
2016 1309 2211 1382 argui·

664 1392 787 1451 tiva
806 1436 825 1465 ,
875 1397 934 1452 et
972 1398 1058 1453 est
1100 1401 1309 1455 natura
1347 1397 1794 1458 inflammativa.
1851 1404 1946 1459 Est
1998 1402 2217 1477 impas-

666 1487 814 1560 siva,
843 1504 952 1562 per
979 1492 1319 1548 extraneam
1338 1491 1666 1563 actionem3
1689 1498 1776 1551 est
1796 1495 2210 1568 confortativa,

664 1597 774 1657 per
800 1582 1010 1640 virium
1044 1584 1624 1657 corroborationem,
1666 1592 1724 1645 et
1756 1588 1918 1645 visus
1963 1588 2214 1647 delecta-

666 1675 913 1748 tionem3
956 1681 1042 1733 est
1081 1676 1382 1749 directiva,
1409 1695 1518 1753 per
1552 1680 1861 1740 radiorum
1900 1683 2216 1757 expansio-

666 1787 842 1844 nem3
874 1774 960 1828 est
975 1770 1294 1844 arguitiva,
1322 1788 1430 1847 per
1455 1790 1657 1832 rerum
1693 1775 2058 1835 occultarum
2088 1793 2215 1835 ma-

669 1864 1138 1937 nifestationem3
1178 1869 1266 1924 est
1291 1866 1737 1941 inflammativa,
1765 1884 1873 1944 per
1907 1869 2215 1930 radiorum

669 1959 1177 2033 repercussionem
1204 1963 1263 2018 et
1286 1960 1859 2037 multiplicationem.

745 2054 919 2125 Dico,
957 2055 1126 2129 quod
1153 2054 1259 2112 lux
1289 2054 1463 2112 estin
1506 2056 1702 2132 seipsa
1752 2062 1964 2116 natura
1997 2060 2219 2134 impas-

675 2148 827 2221 siva,
849 2147 998 2206 nulli
1023 2149 1285 2223 passioni
1314 2150 1638 2224 supposita.
1659 2152 1873 2211 Probat
1901 2153 2061 2211 enim
2090 2154 2218 2213 Phi·

673 2241 982 2316 Iosophus,
1012 2241 1177 2317 quod
1205 2242 1311 2300 illa
1339 2244 1595 2302 coelestia
1626 2261 1900 2320 corpora,
1923 2263 2058 2322 quae
2084 2253 2221 2307 sunt

676 2351 749 2393 ex
786 2335 917 2394 luce
959 2336 1241 2408 formata,
1291 2336 1514 2394 nullius
1554 2339 2044 2412 peregrinationis
2083 2344 2223 2399 sunt

676 2431 1022 2505 susceptiva.
1055 2430 1164 2488 Ubi
1188 2433 1386 2488 autem
1415 2432 1566 2490 actio
1593 2448 1717 2491 non
1745 2438 1851 2506 est,
1875 2434 2073 2509 passio
2097 2451 2220 2493 non

675 2528 866 2599 potest
903 2540 1058 2594 esse,
1099 2524 1243 2599 quia
1282 2524 1476 2582 omnis
1513 2526 1710 2600 passio
1738 2527 1816 2585 ab
1849 2527 2080 2586 actione
2110 2532 2217 2586 est.
2278 2512 2283 2517 ¹

678 2621 830 2691 Ergo
859 2616 1235 2677 manifestum
1281 2623 1394 2690 est,
1435 2619 1603 2694 quod
1643 2619 1749 2678 illa
1793 2636 2050 2694 corpora
2084 2626 2223 2679 sunt

677 2711 1103 2786 impassibilia,
1156 2716 1213 2770 et
1261 2712 1749 2788 incorruptibilia.
1808 2717 2015 2773 Beatus
2074 2731 2219 2788 ergo

678 2807 932 2864 ¹loannes
965 2804 1074 2864 fuit
1099 2805 1203 2864 lux
1229 2806 1550 2881 impassiva
1573 2824 1683 2884 per
1705 2809 1917 2867 mentis
1944 2813 2002 2868 et
2026 2808 2221 2867 carnis

680 2898 1109 2972 integritatem,
1137 2902 1195 2957 et
1236 2916 1399 2973 eam,
1437 2917 1622 2975 quam
1659 2918 1894 2976 semper
1934 2903 2222 2976 servavit,

681 2993 1097 3066 virginitatem,
1125 2998 1248 3052 tam
1272 2996 1489 3067 mente,
1518 3010 1701 3070 quam
1735 3012 1930 3054 carne.
1962 2999 2082 3055 Hoc
2115 3013 2223 3055 au-

682 3090 802 3145 tem
836 3104 909 3144 ex
930 3087 1047 3145 hoc
1074 3093 1349 3162 apparet,
1396 3089 1562 3163 quod
1599 3089 1882 3163 parvulus
1922 3090 2223 3149 desertum

682 3180 919 3238 intravit
964 3184 1020 3237 et
1062 3196 1298 3254 semper
1340 3181 1417 3239 ab
1447 3181 1725 3239 omnibus
1759 3182 1929 3240 vanis
1959 3186 2227 3241 remotus

682 3274 848 3331 vixit.
877 3272 1042 3331 Unde
1078 3273 1289 3332 dicitur
1311 3274 1328 3308 ¹
1363 3293 1381 3331 ε
1416 3296 1444 3328 «
1469 3277 1618 3333 Puer
1645 3278 1840 3333 autem
1870 3281 1995 3334 erat
2027 3277 2092 3334 in
2126 3277 2229 3335 de-

684 3365 849 3424 sertis
869 3367 1143 3442 usquein
1172 3367 1330 3425 diem
1358 3369 1709 3427 ostensionis
1732 3385 1851 3428 suae
1879 3369 1958 3428 ad
1979 3371 2217 3429 lsrael.»

683 3461 847 3519 Unde
877 3461 952 3518 de
982 3478 1054 3520 eo
1082 3465 1275 3520 cantat
1298 3463 1555 3521 Ecclesia
1578 3464 1602 3497 ¹
1633 3482 1648 3521 ε

903 3591 1063 3640 Antra
1090 3589 1277 3639 deserti
1303 3589 1494 3639 teneris
1522 3589 1616 3640 sub
1645 3589 1793 3641 annis

903 3660 1102 3711 Civium
1131 3664 1325 3710 turmas
1351 3659 1547 3725 fugiens
1574 3661 1763 3725 petisti,

903 3732 978 3782 Ne
1009 3730 1109 3781 levi
1136 3730 1316 3781 saltem
1345 3731 1599 3782 maculare
1629 3731 1786 3784 vitam

909 3802 1119 3853 Famine
1145 3816 1383 3866 possea...
1407 3836 1416 3846 -

758 3932 908 4003 Quia
966 3931 1144 4006 igitur
1203 3931 1432 3989 donum
1486 3932 1942 4008 incorruptionis
1999 3951 2247 4010 semper·

688 4028 876 4087 tenuit
907 4032 965 4085 et
1004 4025 1283 4094 servavit,
1328 4024 1431 4083 lux
1471 4026 1811 4101 incorrupta
1855 4032 1914 4086 et
1957 4028 2230 4104 impassi-

689 4121 828 4179 bilis
852 4119 980 4179 fuit.
1025 4122 1150 4177 Lux
1193 4119 1353 4177 enim
1398 4120 1606 4178 solaris
1651 4136 1961 4196 nunquam
2000 4120 2230 4196 deficit,

692 4215 800 4275 sed
836 4229 1067 4289 semper
1109 4214 1172 4271 in
1212 4212 1338 4271 sole
1374 4213 1580 4272 lumen
1619 4214 1827 4272 existit.
1873 4215 2036 4273 Unde
2083 4216 2231 4275 dici-

692 4311 810 4380 tur,
838 4305 1143 4382 loquendo
1170 4304 1244 4364 de
1271 4306 1556 4381 sapientia
1577 4306 1839 4366 increata
1862 4310 1883 4345 ⁸
1919 4326 1934 4366 z
1967 4329 1995 4363 α
2012 4310 2235 4385 Propo-

694 4404 876 4475 sui,»
904 4399 1125 4477 inquit,
1161 4418 1190 4454 α
1223 4416 1333 4474 pro
1376 4400 1508 4459 luce
1551 4400 1773 4459 habere
1817 4401 1982 4459 illam
2033 4422 2047 4460 :
2099 4424 2129 4459 ιο
2161 4400 2234 4463 eo

695 4495 864 4572 quod
888 4496 1036 4553 sicut
1068 4494 1274 4552 lumen
1299 4493 1447 4552 lucis
1470 4499 1554 4552 est
1574 4495 2054 4569 inextinguibile,
2086 4498 2236 4556 sicut

694 4595 940 4667 apparet
977 4590 1041 4647 in
1084 4588 1249 4661 sole,
1291 4589 1376 4646 sic
1416 4594 1473 4647 et
1507 4589 1712 4646 lumen
1749 4589 2070 4663 sapientiae.
2120 4593 2236 4651 Sed

695 4683 830 4760 quis
855 4687 940 4742 est
972 4683 1154 4741 hodie
1192 4682 1300 4740 lux
1339 4682 1712 4756 incorrupta,
1757 4682 1861 4742 lux
1896 4700 2083 4758 pura,
2130 4685 2236 4744 lux

694 4778 1110 4836 immaculata?
1155 4780 1278 4835 Lux
1328 4778 1514 4846 enim,
1559 4777 1735 4835 etiam
1780 4778 1829 4835 si
1876 4794 1986 4853 per
2029 4780 2236 4837 sordes

693 4876 985 4944 transeat,
1029 4871 1226 4929 nullas
1263 4872 1552 4929 contrahit
1592 4872 1854 4930 maculas
1895 4891 1909 4931 ε
1961 4888 2104 4946 ergo
2148 4873 2235 4932 illi

694 4987 820 5029 non
857 4972 995 5028 sunt
1035 4968 1142 5026 lux
1186 4966 1447 5039 munda,
1485 4966 1591 5025 sed
1619 4968 1899 5039 tenebra,
1925 4968 2028 5042 qui
2062 4970 2137 5043 (a)
2162 4986 2235 5029 ex

694 5064 923 5136 verbis,
965 5069 1023 5122 et
1062 5063 1264 5135 factiS,
1309 5068 1367 5122 et
1412 5078 1485 5120 ex
1526 5063 1707 5136 signis
1735 5064 2093 5123 contrahunt
2117 5066 2234 5124 im-

696 5157 1067 5218 munditiam.
1111 5158 1252 5218 Miro
1292 5156 1477 5215 modo
1506 5155 1946 5217 detestabantur
1973 5159 2231 5235 antiqui,

758 5289 774 5323 ¹
805 5288 941 5350 Luc„
972 5299 1010 5352 1,
1042 5289 1121 5338 80.
1145 5311 1207 5324 -
1239 5286 1257 5315 ²
1285 5286 1472 5351 Hymn.
1508 5298 1572 5335 ex
1602 5286 1746 5336 Paul.
1779 5286 1920 5338 Diae.
1955 5311 2005 5323 -·
2044 5287 2065 5321 ⁸
2091 5288 2233 5353 Sap„

645 5390 650 5394 ·
697 5372 799 5424 vu,
829 5362 904 5410 ιο.
936 5385 990 5396 -
1029 5360 1052 5395 ⁸
1089 5357 1213 5421 Cic„
1249 5355 1300 5407 in
1337 5357 1552 5422 δαίων,
1586 5357 1881 5423 Plutarch„
1916 5358 1970 5409 in
2005 5357 2233 5424 Pyrr-1103

1649 415 2073 485 SERMONES
2109 413 2213 481 DE
2253 414 2605 481 SANCTIS.
2649 414 2860 483 XXXI.

2315 554 2371 609 et
2409 550 2737 625 puniebant
2784 551 3130 626 gravissime
3174 550 3449 629 corporis
3497 551 3859 628 voluptates,

2315 660 2451 701 cum
2488 644 2602 702 sint
2629 643 2842 702 animae
2874 643 3192 713 infectivae,
3223 644 3497 721 corporis
3522 660 3669 704 vero
3696 646 3858 707 debi-

2314 736 2582 809 litativae,
2612 741 2669 795 et
2694 738 2825 796 vitae
2854 739 3241 814 diminutivae,
3267 742 3326 797 et
3351 739 3561 797 mortis
3578 739 3858 799 accelera·

2319 830 2468 888 tivae.
2503 830 2667 888 Unde
2694 831 2716 867 ⁸
2743 831 3070 906 Fabricius,
3109 837 3526 903 Romanorum
3568 832 3860 893 nobilissi-

2317 941 2487 995 mus,
2511 940 2648 983 cum
2675 925 2840 999 apud
2866 926 3157 1001 Pyrrhum
3183 942 3394 1000 regem
3425 942 3541 1001 pro
3582 928 3857 985 Romanis

2320 1021 2470 1075 esset
2517 1016 2748 1091 legatus
2762 1061 2783 1091 ,
2839 1019 3066 1077 audivit
3115 1020 3445 1094 quemdam
3487 1019 3859 1092 referentem,

2319 1110 2489 1187 quod
2532 1110 2923 1186 philosophus
2958 1111 3206 1187 quidam
3240 1112 3617 1173 Atheniensis
3658 1113 3863 1173 diceret

2322 1203 2524 1262 omnia
2552 1220 2677 1262 esse
2702 1203 2977 1263 facienda
3001 1210 3245 1281 propter
3286 1207 3562 1283 corporis
3600 1206 3863 1283 volupta-

2320 1300 2462 1357 tem.
2504 1298 2678 1368 Quod
2713 1315 2852 1356 cum
2888 1298 3178 1373 audisset,
3207 1300 3360 1358 adeo
3394 1300 3724 1359 detestatus
3750 1306 3864 1374 est,

2321 1396 2388 1450 ut
2403 1408 2516 1467 pro
2541 1397 2805 1452 monstro
2833 1392 2999 1452 illam
3026 1394 3375 1452 sententiam
3399 1395 3678 1453 haberet.
3710 1395 3865 1453 Dixit-

2323 1501 2440 1561 que
2467 1486 2595 1559 regi
2626 1504 2641 1542 :
2681 1492 2711 1540 (i
2737 1486 3017 1557 Quamvis
3051 1488 3433 1546 Athenienses
3470 1488 3550 1546 de
3591 1506 3706 1547 sua
3741 1489 3866 1547 doc·

2324 1580 2477 1637 trina
2504 1579 2866 1654 glorientur,
2896 1579 3074 1640 valde
3113 1586 3313 1640 tamen
3347 1583 3412 1640 in
3448 1582 3565 1640 hac
3588 1584 3866 1641 sententia

2323 1673 2626 1731 falluntur.
2657 1693 2686 1728 n
2713 1674 2887 1745 Quod
2931 1676 3174 1733 eventus
3213 1676 3340 1751 ipse
3377 1677 3692 1751 probavit.
3737 1682 3867 1736 Nam

2326 1767 2471 1825 urbs
2497 1768 2658 1841 ipsa,
2687 1772 3009 1843 postquam
3041 1768 3329 1844 voluptati
3356 1786 3421 1828 se
3453 1770 3659 1843 dedit,
3695 1772 3869 1846 impe-

2323 1860 2483 1919 rium
2509 1861 2863 1933 maximum,
2891 1863 3059 1936 quod
3085 1864 3341 1935 tenebat,
3372 1864 3573 1922 amisit
3607 1884 3624 1923 :
3652 1871 3710 1923 et
3734 1866 3866 1923 urbs

2322 1953 2451 2027 illa,
2469 1954 2689 2013 scilicet
2713 1959 2923 2028 Roma,
2948 1972 3083 2031 quse
3101 1973 3163 2014 se
3191 1956 3508 2016 laboribus
3536 1959 3863 2034 occupavit,

2327 2050 2645 2124 imperium
2671 2051 2797 2124 ejus
2819 2052 3095 2110 obtinuit.
3122 2052 3225 2111 llla
3251 2069 3358 2127 per
3382 2053 3696 2112 luxuriam
3730 2056 3871 2114 tueri

2329 2159 2452 2201 non
2472 2143 2684 2219 potuit,
2713 2145 2881 2220 quod
2901 2144 3012 2203 ista
3036 2162 3144 2220 per
3169 2146 3600 2205 continentiam
3629 2164 3871 2224 occupa·

2330 2238 2433 2296 vit.
2463 2238 2553 2296 Ad
2577 2239 3151 2311 sensum'videmuS,
3196 2239 3362 2314 quod
3397 2241 3514 2297 viri
3551 2240 3867 2314 luxuriosi,

2331 2336 2389 2390 et
2427 2331 2655 2391 deliciis
2699 2332 2902 2406 dediti,
2922 2332 3073 2391 fiunt
3108 2333 3361 2393 totaliter
3388 2332 3741 2392 efloeminati
3755 2377 3775 2406 ‚
3801 2334 3871 2393 ad

2328 2426 2489 2485 bella
2516 2427 2762 2485 omnino
2789 2426 3001 2502 inepti,
3031 2427 3174 2502 quia
3201 2442 3550 2485 mucronem
3575 2427 3748 2501 prius
3788 2428 3872 2485 fu·

2332 2520 2519 2594 giunt,
2551 2536 2733 2596 quam
2756 2519 2834 2578 ab
2851 2520 3192 2578 adversario
3216 2521 3578 2578 extrahatur.
3600 2521 3778 2580 Nulla
3796 2528 3875 2582 est

2333 2614 2452 2672 alia
2485 2629 2692 2684 causa,
2731 2629 2914 2687 quare
2956 2613 3138 2672 Italici
3182 2614 3365 2671 nostri
3403 2613 3876 2675 ultramontanos

2331 2707 2591 2781 fugiunt,
2621 2711 2679 2766 et
2699 2707 3106 2766 defensionem
3134 2723 3258 2767 non
3290 2708 3550 2780 faciunt,
3594 2725 3735 2767 cum
3769 2710 3875 2768 sint

2333 2801 2536 2878 plures
2562 2801 2708 2874 illis,
2748 2817 2997 2875 corpore
3032 2801 3439 2877 pulchriores,
3478 2802 3731 2861 artubus
3763 2802 3875 2862 for-

2335 2900 2533 2969 tiores,
2575 2897 2689 2955 nisi
2736 2896 2880 2972 quia
2926 2895 3154 2955 deliciis
3193 2895 3413 2969 dediti,
3460 2896 3676 2956 timent
3718 2899 3872 2974 capi,

2336 2997 2539 3055 timent
2564 2994 2895 3067 vulnerari,
2922 2994 3129 3052 timent
3150 2994 3360 3053 occidi.

2407 3090 2676 3149 Secundo
2701 3089 2808 3148 lux
2833 3091 2921 3147 est
2948 3088 3236 3146 debilium
3263 3089 3679 3164 confortativa,
3712 3096 3769 3151 et
3793 3093 3874 3149 vi-

2337 3202 2436 3243 sus
2485 3183 2800 3255 directiva;
2856 3182 3017 3239 unde
3062 3182 3452 3258 Philosophus
3509 3184 3685 3255 dicit,
3720 3186 3877 3259 quod

2338 3279 2400 3336 in
2428 3294 2675 3335 ascensu
2699 3277 2908 3335 solaris
2932 3276 3082 3334 lucis
3109 3293 3299 3351 usque
3326 3276 3405 3335 ad
3432 3278 3700 3337 mediam
3726 3278 3877 3337 diem

2338 3371 2742 3430 confortantur
2785 3374 2841 3429 et
2881 3372 3150 3428 crescunt
3205 3370 3360 3428 vires
3417 3370 3481 3428 in
3533 3374 3879 3447 corporibus

2340 3466 2716 3537 animalium,
2749 3482 2882 3540 quae
2907 3465 2973 3523 in
2999 3465 3287 3524 descensu
3313 3467 3441 3540 ejus
3479 3467 3561 3525 ad
3605 3484 3877 3526 occasum

2341 3561 2716 3632 decrescunt,
2753 3565 2809 3618 et
2840 3561 3219 3619 resolvuntur
3259 3561 3323 3618 in
3361 3576 3667 3620 somnum.
3712 3563 3877 3620 Vide-

2340 3672 2474 3713 mus
2514 3654 2693 3711 etiam
2731 3653 2897 3729 quod
2940 3654 3018 3713 ad
3054 3654 3426 3729 proesentiam
3459 3654 3612 3713 lucis
3650 3655 3878 3713 eonfor-

2341 3752 2536 3808 tantur
2571 3748 2939 3820 itinerantes,
2988 3747 3390 3806 confortantur
3433 3750 3786 3821 navigantes
3826 3753 3881 3807 et

2340 3844 2708 3916 aegrotantes.
2741 3844 2865 3900 Lux
2903 3841 3080 3900 etiam
3120 3840 3273 3898 miro
3315 3841 3500 3899 modo
3542 3842 3742 3900 visum
3789 3843 3879 3901 de·

2341 3936 2548 4009 lectat,
2577 3934 2820 4011 quando
2849 3951 2912 3993 se
2937 3933 3025 3992 illi
3054 3937 3476 4019 contemperat:
3503 3934 3671 3993 Unde
3698 3936 3880 3994 Eccle-

2345 4030 2547 4088 siastes
2571 4030 2593 4065 ⁸
2625 4049 2640 4087 ε
2666 4048 2697 4083 α
2726 4027 2901 4087 Dulce
2928 4027 3152 4098 lumen,
3177 4033 3234 4086 et
3255 4028 3606 4086 delectabile
3637 4035 3725 4089 est
3751 4046 3879 4088 ocu-

2343 4125 2445 4199 lis,
2475 4124 2676 4182 videre
2699 4122 2906 4181 solem.
2937 4142 2965 4177 n
2991 4124 3246 4181 «loannes
3273 4138 3416 4196 ergo
3452 4122 3565 4181 fuit
3601 4123 3708 4182 lux
3743 4140 3879 4183 eon-

2345 4219 2639 4290 fortativa,
2669 4217 2816 4275 dum
2851 4215 2931 4275 ad
2958 4215 3363 4291 poenitentiam
3396 4216 3663 4291 populos
3696 4234 3882 4276 exem·

2346 4315 2461 4390 plis
2489 4315 2546 4370 et
2570 4311 2852 4388 operibus
2881 4310 3203 4369 animavit:
3246 4327 3387 4369 nam
3424 4314 3483 4368 et
3518 4313 3882 4386 praedicatio-

2346 4424 2486 4466 nem
2512 4422 2682 4464 suam
2710 4420 2747 4462 a
2785 4404 3126 4479 poenitentia
3159 4404 3484 4478 inchoavit,
3522 4407 3678 4464 sicut
3707 4406 3885 4465 habe-

2347 4507 2442 4561 tur
2486 4503 2549 4560 in
2590 4501 2846 4559 Matthoeo
2891 4501 2950 4558 et
2987 4499 3050 4556 in
3085 4501 3235 4557 Luca
3259 4500 3304 4570 ⁸,
3343 4498 3448 4557 ubi
3480 4498 3701 4558 dicitur
3728 4498 3887 4575 quod

2355 4619 2383 4649 c<
2409 4596 2658 4654 venitin
2702 4609 2943 4652 omnem
2982 4592 3291 4664 regionem
3326 4592 3632 4665 iordanis,
3672 4592 3885 4669 praedi-

2351 4704 2490 4747 cans
2547 4689 2909 4762 baptismum
2963 4686 3318 4761 poenitentioe
3365 4686 3428 4742 in
3481 4686 3887 4745 remissionem

2351 4784 2619 4842 omnium
2652 4785 3048 4856 peccatorum.
3087 4782 3321 4852 Parate,
3354 4800 3383 4833 »
3414 4778 3637 4854 inquit,
3675 4800 3708 4834 α
3735 4781 3889 4839 viam

2352 4876 2612 4947 Domini,
2637 4879 2824 4933 rectas
2857 4873 3030 4932 facite
3057 4874 3291 4931 semitas
3320 4873 3418 4931 Dei
3445 4874 3652 4932 nostri.
3687 4894 3716 4929 n
3748 4878 3887 4933 Ecce

2330 4970 2659 5049 'quomodo
2684 4968 3054 5027 confortabat
3077 4984 3285 5026 omnes
3318 4968 3383 5025 in
3422 4968 3723 5042 generali,
3752 4986 3888 5028 con·

2348 5065 2604 5126 fortabat
2627 5064 2691 5121 in
2715 5062 2958 5138 speciali
2979 5063 3181 5121 turbas
3208 5061 3287 5121 ad
3316 5062 3751 5140 eleemosynaS,
3776 5081 3883 5140 pu-

2352 5203 2517 5255 Valer.
2549 5202 2710 5264 Max„
2747 5200 2835 5251 lib.
2875 5200 2959 5263 tv,
2990 5212 3038 5250 c.
3067 5210 3160 5263 111,
3191 5212 3244 5251 n.
3270 5203 3322 5251 6.
3350 5225 3409 5239 -—
3437 5202 3460 5237 ⁸
3487 5199 3677 5264 Eccle„
3718 5211 3798 5265 11,
3834 5201 3878 5249 7.

2351 5300 2411 5313 —
2439 5276 2458 5304 ⁶
2490 5271 2691 5335 Mami„
2723 5283 2809 5335 ιιι,
2838 5274 2895 5332 2;
2926 5270 3062 5335 ινα,
3092 5281 3179 5332 ιιι,
3206 5271 3307 5321 3-4.

2415 5357 2482 5423 (a)
2513 5357 2637 5410 Coet.
2662 5355 2785 5407 edil.
2815 5368 2933 5421 qua.
