4059 6317
690 619 1043 688 orationem
1059 665 1084 697 ,
1145 616 1202 681 si
1244 632 1378 681 non
1418 611 1655 698 quaeris
1691 629 1878 677 suam
1914 610 2222 694 ‚iustifica-

692 728 952 795 tionem.
979 725 1251 792 Ioannes
1278 724 1765 808 chrysostomus
1781 722 1802 757 1
1833 738 1852 784 2
1880 742 1914 782 α
1941 719 2065 798 Qui
2088 721 2229 784 orat

695 836 919 916 Deum,
946 837 1013 899 et
1040 835 1272 918 peccat,
1308 848 1438 898 non
1465 834 1609 896 orat
1647 829 1870 909 Deum,
1904 826 2014 893 sed
2049 825 2228 892 delu-

691 944 786 1010 dit
805 961 978 1008 eum.
1008 962 1042 1001 s

772 1056 834 1117 6.
866 1050 1025 1116 Item
1050 1049 1131 1115 ad
1155 1046 1588 1130 diligendum3
1618 1045 1709 1109 sic
1730 1043 1857 1125 hic,
1887 1046 1952 1107 et
1976 1042 1999 1078 1
2031 1059 2050 1106 2
2080 1063 2111 1102 α
2127 1039 2230 1105 Di·-

691 1160 855 1244 liges
886 1158 1228 1224 Dominum
1268 1155 1472 1220 Deum
1513 1158 1702 1218 tuum
1742 1170 1827 1216 ex
1867 1153 2001 1215 toto
2041 1147 2230 1213 corde

692 1272 831 1334 tuo.
878 1288 909 1328 o
939 1265 1035 1332 Ex
1081 1268 1216 1330 toto
1251 1263 1441 1329 corde
1470 1279 1605 1328 non
1634 1258 1863 1342 diligit,
1904 1257 2017 1341 qui
2057 1256 2136 1321 de
2163 1273 2231 1321 se

694 1374 936 1459 aliquid
974 1372 1295 1456 relinquit.
1339 1369 1742 1452 Augustinus
1770 1370 1794 1407 ⁸
1840 1385 1858 1431 ε
1900 1389 1931 1428 ι
1968 1365 2227 1444 Totum,

696 1483 928 1567 inquit,
951 1499 1061 1546 cor
1087 1498 1304 1545 meum
1325 1479 1588 1544 flamma
1612 1476 1710 1541 tui
1738 1475 1976 1540 amoris
2000 1489 2230 1538 accen-

694 1591 824 1657 dat.
850 1589 950 1655 Nil
970 1590 1043 1668 in,
1064 1607 1167 1654 me
1181 1588 1582 1670 relinquatur
1599 1583 1760 1649 mihi
1776 1605 1793 1662 ;
1824 1582 1934 1647 sed
1964 1585 2133 1646 totus
2160 1579 2229 1644 in

694 1703 758 1765 te
781 1703 1068 1777 aestuem,
1096 1696 1165 1761 in
1190 1701 1254 1761 te
1279 1695 1560 1771 ardeam,
1581 1697 1749 1758 totus
1774 1696 1838 1756 te
1866 1690 2155 1772 diligam.
2188 1713 2222 1754 ι

697 1808 855 1873 Item
884 1810 1019 1872 toto
1039 1804 1229 1870 corde
1263 1821 1394 1868 non
1421 1800 1653 1883 diligit,
1688 1799 1802 1884 qui
1834 1798 2230 1865 dilectionem

696 1918 766 1981 in
796 1915 1028 1981 effectu
1070 1930 1202 1978 non
1239 1909 1559 1975 ostendit·
1601 1929 1617 1972 ε
1654 1930 1687 1970 α
1721 1905 1788 1973 Si
1833 1906 1979 1990 quis
2022 1907 2233 1990 diligit

694 2041 823 2104 me,
851 2037 1178 2088 sermones
1203 2033 1380 2083 meos
1404 2015 1704 2082 servabit.
1735 2036 1766 2076 ι
1792 2013 2141 2096 Gregorius
2159 2021 2181 2056 ⁸
2209 2033 2228 2080 z

704 2156 735 2195 ι
777 2131 1121 2214 Nunquam
1165 2131 1265 2193 est
1307 2142 1488 2191 amor
1537 2124 1648 2189 Dei
1707 2124 1950 2189 otiosus
1966 2171 1984 2204 ,
2028 2144 2062 2183 ι
2109 2127 2227 2189 etc.

697 2239 873 2307 Unde
898 2241 962 2304 et
989 2255 1134 2301 arca
1159 2233 1519 2301 testamenti
1545 2233 1721 2298 intus
1755 2237 1818 2297 et
1861 2234 2045 2296 extra
2073 2249 2233 2297 auro

696 2345 1104 2414 vestiebatur.
1136 2342 1474 2408 Charitatis
1496 2340 1702 2423 igitur
1727 2339 1921 2406 vestis
1955 2340 2039 2403 sit
2064 2339 2230 2405 inte-

698 2454 837 2519 rius
857 2469 973 2537 per
997 2451 1296 2517 affectum
1311 2497 1334 2530 ,
1360 2449 1646 2515 exterius
1671 2465 1784 2531 per
1810 2447 2128 2512 effectum.

778 2567 841 2626 ’1.
860 2561 1019 2626 Item
1038 2560 1119 2624 ad
1141 2557 1678 2624 reminiscendum
1701 2559 1901 2621 Deum
1920 2562 1944 2597 ⁸
1973 2577 1988 2620 ε
2021 2578 2054 2617 α
2072 2555 2235 2634 Quo-

697 2670 872 2736 niam
901 2684 1149 2733 memor
1172 2666 1292 2731 fuit
1321 2666 1431 2732 Dei
1467 2666 1567 2731 sui
1601 2664 1670 2730 in
1701 2668 1834 2729 toto
1874 2664 2061 2730 corde
2089 2682 2232 2746 suo,

697 2778 871 2845 dedit
895 2778 957 2845 ei
982 2776 1291 2842 Dominus
1318 2775 1596 2858 gratiam
1625 2774 1695 2838 in
1717 2777 2054 2856 conspectu
2088 2770 2234 2839 Sal-

698 2904 996 2953 manasar
1021 2887 1215 2968 regis.
1239 2907 1270 2946 »
1301 2884 1460 2949 Item
1486 2885 1653 2949 inter
1669 2888 1898 2950 caetera
1914 2883 2023 2948 Dei
2050 2884 2238 2950 bene·

699 2994 875 3074 ficia,
930 3011 1078 3077 quae
1125 2993 1195 3056 in
1252 2991 1563 3056 memoria
1613 2991 1850 3056 habere
1896 2991 2232 3073 debemus,

699 3102 1017 3187 praecipue
1041 3100 1247 3184 passio
1282 3100 1352 3164 in
1387 3101 1574 3165 corde
1604 3100 1787 3165 debet
1820 3118 1957 3165 esse
1987 3118 2231 3166 memo-

639 3269 653 3280 .
701 3210 857 3274 riter
895 3209 919 3247 '¹
963 3231 980 3274 ε
1034 3230 1067 3270 α
1112 3208 1462 3274 Recordare
1511 3208 1899 3291 paupertatis
1937 3225 2130 3289 mese,
2175 3212 2239 3272 et

700 3317 1247 3401 transgressionis,
1270 3317 1591 3395 absinthii,
1620 3320 1684 3381 et
1709 3316 1893 3382 fellis.
1923 3338 1954 3377 n
1976 3316 2237 3401 Expone

698 3425 970 3511 qualiter
1002 3426 1144 3490 haec
1180 3425 1416 3490 habere
1457 3424 1763 3490 debemus
1800 3424 1869 3489 in
1901 3425 2233 3506 memoria,

695 3539 770 3601 ut
796 3554 872 3600 ea
897 3534 1241 3599 imitemur.

780 3648 843 3709 8.
876 3643 1033 3708 Item
1062 3642 1143 3706 ad
1181 3642 1421 3724 gratias
1445 3641 1805 3723 agendum,
1848 3641 2136 3708 Psalmus
2161 3643 2185 3679 ⁸
2216 3665 2232 3707 ε

706 3775 740 3817 ι
780 3751 1139 3817 confitebor
1182 3749 1326 3830 tibi,
1377 3749 1673 3830 Domine,
1718 3750 1790 3814 in
1836 3754 1968 3816 toto
2014 3751 2234 3828 corde,

700 3864 820 3925 etc.
853 3880 887 3921 ι
915 3858 1066 3923 Haec
1089 3861 1187 3922 est
1210 3856 1517 3922 consessio
1540 3857 1770 3922 laudis.
1799 3857 1968 3923 Bene
1994 3858 2124 3923 ait:
2155 3860 2238 3924 In

700 3973 1004 4036 oetemum
1039 3986 1063 4032 .·
1099 3983 1351 4048 semper
1387 3965 1559 4029 enim
1601 3965 1798 4030 homo
1845 3966 2124 4046 invenit,
2169 3967 2237 4031 in

702 4093 832 4159 quo
878 4075 1078 4140 Deum
1118 4072 1377 4138 laudare
1420 4071 1634 4154 possit.
1683 4072 2094 4154 Augustinus
2140 4079 2166 4115 ⁸
2214 4096 2230 4138 ε

708 4205 741 4245 α
765 4181 1198 4262 Quaecumque
1223 4179 1418 4243 homo
1448 4177 1686 4259 fecerit,
1718 4179 1968 4244 invenit
1997 4181 2067 4245 in
2105 4181 2238 4247 suis

698 4290 875 4354 factis
901 4288 1126 4354 Deum.
1149 4286 1219 4351 Si
1244 4289 1415 4351 recte
1440 4303 1571 4352 non
1597 4287 1827 4368 egerit,
1852 4288 2234 4354 laudabilem

697 4397 943 4463 invenit
968 4414 1081 4480 per
1110 4394 1426 4478 justitiam
1461 4395 1956 4477 suppliciorum;
1997 4396 2052 4460 si
2085 4417 2231 4481 pec-

696 4508 872 4571 cator
898 4521 1242 4570 conversus
1268 4502 1350 4568 ad
1376 4505 1545 4567 recte
1571 4502 1920 4569 vivendum
1945 4506 2230 4588 redierit,

695 4613 1075 4680 laudabilem
1101 4612 1347 4679 invenit
1362 4628 1476 4695 per
1500 4610 1996 4677 misericordiam
2016 4612 2233 4678 indul-

695 4722 1082 4807 gentiarum.
1113 4742 1146 4781 ι

1233 4897 1524 4969 SERMO
1568 4898 1685 4968 111.

767 5047 1009 5130 Ditiqes
1045 5045 1387 5113 Dominum
1427 5046 1623 5111 Deum
1657 5047 1861 5123 tuum,
1904 5046 2024 5108 etc.
2070 5042 2223 5109 Gre-

749 5210 766 5246 1
799 5208 1081 5275 Chrysozt„
1111 5205 1253 5270 Quod
1275 5219 1371 5257 non
1396 5208 1622 5272 oporteat
1656 5208 1853 5273 peccata
1881 5207 2009 5271 put.
2037 5205 2224 5272 evulq„

687 5295 739 5331 n.
771 5282 859 5344 10,
887 5279 1058 5345 quoad
1083 5291 1307 5330 sensum.
1334 5301 1400 5317 —
1427 5279 1449 5309 ⁸
1483 5279 1652 5342 Deua,
1680 5289 1761 5340 vt,
1786 5280 1834 5329 5.
1868 5303 1923 5315 —
1952 5276 1976 5313 ⁸
2002 5279 2130 5343 Aug.
2161 5303 2226 5316 —

684 5352 709 5388 ⁸
732 5351 899 5414 loon..
934 5362 1046 5413 xw,
1083 5353 1165 5400 23.
1195 5375 1259 5388 —
1295 5351 1317 5386 ⁸
1350 5352 1524 5415 Greg.,
1563 5352 1619 5400 in
1659 5351 1876 5416 sauny„
1914 5349 2060 5400 hom.
2096 5361 2222 5412 xxx,

684 5437 739 5474 n.
765 5425 814 5476 2.
846 5448 910 5461 —
934 5423 958 5458 ⁸
986 5421 1121 5484 Tob„
1157 5434 1205 5487 1,
1230 5424 1308 5474 13.
1340 5448 1395 5461 -
1429 5423 1452 5459 ⁷
1487 5421 1682 5485 Thr-en„
1712 5434 1806 5487 ιιι,
1835 5424 1916 5473 19.
1940 5447 2007 5460 -
2039 5421 2059 5451 ⁸
2086 5420 2220 5471 Ptol.

684 5506 759 5560 ιι,
791 5496 840 5552 2.
867 5518 932 5534 -
961 5494 982 5526 ⁸
1008 5496 1159 5559 Aug„
1188 5493 1241 5546 in
1269 5492 1403 5545 Psal.
1430 5504 1602 5557 mvi,
1628 5505 1682 5546 n.
1712 5495 1761 5559 2,
1790 5492 1961 5564 quoad
1988 5504 2218 5548 sensum.

1780 471 2199 542 SERMONES
2236 473 2339 541 DE
2376 472 2773 542 TEMPORE.

2336 610 2560 693 gorius
2586 612 2635 655 ¹·
2654 634 2712 678 :s
2744 611 3040 680 Probatio
3068 613 3419 680 dilectionis
3440 614 3744 683 exhibitio
3767 621 3857 683 est

2331 718 2564 802 operis.
2591 741 2623 781 ι
2657 720 2916 786 Dilectio
2941 739 3102 804 ergo
3135 721 3247 787 Dei
3286 723 3591 806 probatur
3629 742 3715 790 ex
3750 744 3856 791 sex
3897 749 4029 795 um

2333 826 2538 909 signis
2567 809 2584 891 ὲ
2619 846 2702 894 ex
2727 829 3135 896 detestatione
3166 835 3595 915 peccatorum
3640 852 3725 899 ex
3759 853 3853 899 re-
3876 813 4027 929 Ἥ

2335 933 2628 1017 pulsione
2654 934 3092 1017 inimicorum;
3123 956 3208 1004 ex
3222 939 3587 1022 operatione
3611 942 3859 1006 manda-
3877 940 4026 995 ΡΝ·

2334 1045 2580 1124 torum3
2621 1061 2706 1109 ex
2744 1045 3111 1128 provisione
3151 1047 3585 1127 subditorum3
3636 1067 3720 1113 ex
3762 1068 3856 1114 re-

2335 1151 2735 1218 nuntiatione
2759 1157 3194 1236 terrenorum3
3224 1173 3309 1221 ex
3346 1145 3718 1222 toleratione
3749 1157 3860 1222 ad-

2336 1276 2690 1325 versorum.

2415 1366 2504 1432 De
2529 1368 2758 1451 prime,
2787 1367 3079 1435 Psalmus
3100 1373 3145 1409 11
3177 1393 3194 1437 :
3228 1393 3261 1433 α
3286 1371 3407 1450 Qui
3430 1371 3704 1456 diligitis
3745 1373 3860 1440 Do-

2337 1474 2613 1555 minum,
2653 1476 2823 1542 odite
2864 1478 3130 1544 malum.
3182 1501 3216 1540 s
3262 1479 3515 1545 Certum
3558 1487 3661 1546 est
3702 1482 3861 1546 enim

2337 1582 2510 1666 quod
2543 1588 2859 1667 quantum
2892 1585 3088 1652 homo
3118 1588 3329 1670 diligit
3365 1588 3592 1669 Deum,
3624 1593 3898 1655 tantum·

2337 1691 2471 1756 odit
2496 1696 2845 1774 peccatum.
2888 1692 2956 1760 Si
2991 1695 3269 1761 multum
3311 1695 3549 1779 diligit,
3596 1698 3863 1763 multum

2338 1799 2491 1878 odit,
2519 1806 2583 1866 et
2606 1804 2763 1866 tunc
2789 1802 3069 1869 multum
3101 1803 3164 1869 ei
3197 1803 3537 1869 dimittitur
3562 1806 3613 1843 ¹⁸
3648 1825 3669 1869 ι
3707 1831 3738 1870 ι
3756 1806 3861 1873 Re-

2338 1910 2683 1975 mittuntur
2736 1910 2797 1976 ei
2840 1917 3095 1995 peccata
3143 1913 3377 1992 multa,
3419 1915 3733 1998 quoniam
3773 1916 3865 1979 di-

2337 2018 2495 2083 lexit
2524 2017 2609 2102 (a)
2637 2018 2930 2085 multum.
2959 2041 2992 2080 ι
3024 2020 3147 2099 Qui
3188 2039 3349 2104 ergo
3392 2022 3598 2087 Deum
3639 2023 3859 2106 diligit,

2338 2131 2670 2211 peccatum
2717 2127 2873 2193 odit.
2921 2126 3271 2212 Gregorius
3307 2134 3355 2171 ¹⁸
3398 2151 3414 2194 ε
3457 2153 3489 2192 α
3514 2131 3645 2209 Qui
3673 2132 3867 2198 adhuc

2339 2252 2456 2318 per
2483 2234 2700 2300 illicita
2725 2235 3034 2302 desideria
3072 2237 3326 2317 diffluit,
3364 2239 3650 2322 profecto
3676 2240 3864 2306 Deum

2340 2359 2470 2406 non
2497 2346 2691 2424 amat,
2721 2343 2875 2427 quia
2903 2344 2965 2409 ei
2997 2345 3068 2409 in
3101 2364 3220 2411 sua
3255 2346 3585 2412 voluntate
3628 2354 3865 2414 contra-

2340 2449 2510 2514 dicit.
2553 2472 2584 2510 1>
2619 2449 2757 2516 Imo
2795 2451 2908 2535 qui
2948 2456 3275 2536 peccatum
3301 2453 3545 2537 diligit,
3593 2456 3869 2539 seipsum

2340 2558 2502 2640 odit3
2541 2557 2830 2625 Psalmus
2855 2559 2900 2597 ¹⁸
2931 2581 2948 2625 ε
2983 2583 3016 2623 α
3049 2561 3168 2640 Qui
3194 2562 3408 2645 diligit
3435 2563 3864 2648 iniquitatem,

2340 2666 2474 2732 odit
2494 2667 2775 2732 animam
2801 2687 3007 2734 suam.
3039 2691 3072 2730 ι

2421 2773 2510 2839 De
2548 2776 2848 2855 secunde,
2890 2777 3124 2843 scilicet
3148 2777 3226 2843 de
3262 2777 3630 2862 repulsione
3665 2780 3867 2845 inimi-

2342 2900 2603 2963 corum,
2654 2882 2984 2950 Psalmista
3015 2887 3060 2922 ¹⁸
3110 2904 3129 2951 ε
3185 2908 3218 2948 α
3247 2885 3529 2953 Custodit
3574 2888 3871 2954 Dominus

2341 3010 2565 3059 omnes
2590 2993 2921 3076 diligentes
2946 3011 3036 3074 se,
3065 2997 3128 3058 et
3152 2994 3290 3061 vias
3311 2999 3727 3078 peccatorum
3751 2997 3871 3063 dis-

2340 3101 2579 3185 perdet,
2608 3124 2639 3161 »
2673 3102 2737 3166 id
2765 3107 2880 3182 est,
2910 3103 3234 3168 daemones
3257 3102 3596 3187 disperdet.
3631 3104 3757 3171 Per
3778 3105 3867 3169 di-

2338 3208 2673 3275 lectionem
2699 3209 2895 3275 homo
2912 3210 3282 3292 custoditur,
3308 3212 3600 3277 diabolus
3622 3215 3871 3279 confun-

2343 3316 2534 3382 ditur.
2593 3315 2849 3382 Certum
2903 3318 3076 3382 enim
3132 3322 3229 3382 est
3276 3319 3488 3402 quod,
3554 3326 3866 3403 quantum

2339 3424 2586 3490 fortiter
2612 3424 2811 3491 Deum
2839 3426 3195 3508 diligimus,
3224 3430 3400 3490 tanto
3424 3430 3650 3493 contra
3676 3431 3871 3493 tenta-

2345 3534 2546 3597 tiones
2572 3532 2802 3598 diaboli
2828 3533 3120 3597 fortiores
3145 3550 3391 3598 sumus.
3426 3531 3766 3623 Psalmista
3784 3534 3827 3573 ¹⁸
3853 3553 3869 3598 :

2353 3661 2385 3700 α
2407 3637 2678 3722 Diligam
2714 3644 2807 3721 te,
2856 3639 3150 3720 Domine,
3195 3640 3501 3707 fortitudo
3542 3659 3717 3708 mea.
3747 3665 3776 3702 n
3810 3642 3873 3707 Si

2344 3767 2504 3831 ergo
2528 3749 2708 3814 fortis
2734 3768 2803 3814 es
2824 3749 2891 3813 in
2918 3748 3027 3814 Dei
3053 3749 3405 3829 dilectione,
3432 3749 3599 3816 Deus
3624 3756 3723 3817 est
3748 3753 3871 3817 for-

2346 3857 2546 3923 titudo
2583 3862 2698 3922 tua
2731 3857 2801 3921 in
2844 3857 3211 3923 tentatione.
3255 3857 3554 3924 Diabolus
3598 3862 3873 3927 maxime

2344 3966 2744 4049 persequitur
2768 3964 3167 4043 charitatem3
3188 3966 3599 4047 Augustinus
3620 3969 3668 4011 ¹⁷
3696 3991 3759 4035 :a
3783 3968 3875 4034 Ni-

2345 4076 2438 4141 hil
2473 4076 2818 4160 speciosius
2855 4075 2983 4141 Deo
3028 4075 3266 4140 virtute
3290 4075 3679 4159 dilectionis3
3720 4078 3873 4143 nihil

2345 4184 2818 4250 desiderabilius
2852 4191 2947 4249 est
2988 4183 3237 4248 dlabolo
3265 4183 3647 4251 extinctione
3677 4186 3874 4252 chari·

2344 4291 2513 4354 tatis.
2549 4312 2580 4352 ι
2610 4290 2817 4355 Habes
2841 4291 3056 4374 itaque
3084 4290 3350 4373 signum
3390 4309 3564 4357 verse
3591 4293 3871 4359 dilectio-

2343 4398 2467 4477 niS,
2499 4397 2552 4461 si
2576 4415 2707 4462 non
2728 4398 3044 4481 superaris
3070 4398 3316 4481 impetu
3330 4400 3717 4467 tentationis.
3736 4400 3872 4467 Gre-

2341 4506 2564 4589 gorius
2591 4505 2635 4542 ¹⁸
2665 4528 2680 4570 z
2717 4527 2748 4564 α
2778 4503 2890 4570 Ille
2929 4522 3082 4571 vere
3126 4508 3320 4584 amat,
3365 4507 3551 4589 cujus
3590 4508 3872 4575 videlicet

2341 4616 2623 4676 mentem
2647 4611 2974 4677 delectatio
3004 4630 3204 4695 prava
3241 4630 3549 4678 consensu
3590 4633 3725 4681 non
3763 4635 3870 4681 su-

2340 4725 2540 4804 perat.
2579 4742 2610 4782 o
2645 4719 2970 4798 Quantum
3006 4719 3179 4784 enim
3226 4719 3526 4790 Dominus
3557 4721 3864 4805 diligitur,

2338 4831 2590 4893 tantum
2609 4825 2818 4892 malus
2830 4825 3278 4908 contemnitur,
3308 4826 3540 4893 scilicet
3556 4828 3861 4912 diabolus,

2340 5051 2400 5063 -
2427 5026 2465 5060 ¹⁸
2479 5028 2654 5092 Greg„
2677 5026 2731 5076 tn
2749 5023 3122 5090 Evanq.,bom.
3147 5034 3272 5088 xxx,
3294 5038 3347 5076 n.
3376 5027 3490 5075 1.-
3514 5028 3551 5064 ¹¹
3570 5028 3712 5078 Psoi.
3732 5040 3863 5091 xcvi,

2339 5101 2416 5151 10.
2444 5126 2497 5135 -
2526 5100 2568 5134 11
2595 5098 2732 5160 Luc„
2758 5109 2851 5162 vu,
2879 5100 2958 5147 47.
2987 5123 3042 5133 -—
3071 5097 3116 5132 ¹⁸
3137 5097 3311 5163 Greg.,
3339 5097 3541 5161 Not-al„
3570 5098 3658 5151 lib.
3688 5101 3862 5163 xvttt,

2336 5183 2385 5222 e.
2414 5181 2491 5235 lx,
2519 5169 2585 5220 al.
2614 5181 2734 5233 vm,
2760 5182 2815 5220 n.
2838 5170 2917 5220 16.
2941 5193 3003 5205 —
3023 5168 3057 5199 ¹⁴
3083 5167 3226 5220 Paul.
3249 5180 3302 5231 x,
3322 5170 3369 5220 6.
3391 5195 3453 5207 —
3477 5170 3520 5206 ¹⁸
3537 5170 3671 5222 Paul.
3693 5182 3861 5234 αιων,

2335 5245 2417 5294 2⁰.
2444 5269 2506 5281 —
2545 5242 2589 5280 ¹⁸
2625 5240 2764 5293 Psal.
2805 5251 2949 5304 xvir,
2981 5243 3031 5291 2.
3068 5266 3130 5278 —
3168 5239 3208 5272 ¹²
3250 5243 3359 5292 tmo
3388 5242 3621 5309 Gregor„
3648 5244 3858 5304 Parem,

2332 5318 2463 5379 part.
2491 5325 2577 5377 ιιι,
2597 5313 2736 5366 adm.
2764 5315 2844 5364 ιι.
2879 5337 2939 5351 -
2966 5311 3011 5348 ¹⁸
3036 5313 3211 5378 Geeg„
3243 5313 3299 5366 in
3323 5311 3539 5379 Evam„
3564 5315 3708 5367 hom.
3738 5325 3858 5380 xxx,

2332 5398 2388 5436 n.
2415 5388 2463 5437 2.

2394 5493 2464 5562 (a)
2501 5492 2623 5546 cat.
2649 5490 2780 5544 edit.
2808 5489 2954 5560 quui
2979 5487 3135 5542 dieu.
