4059 6317
647 393 769 464 392

641 532 965 598 occultum
989 547 1121 597 non
1145 532 1249 596 sit.
1272 549 1305 592 ι
1326 531 1448 597 Sed
1467 532 1617 597 dicit
1636 533 1898 598 forsitan
1914 532 2179 615 aliquis:

644 639 864 706 Timeo
899 655 1004 706 me
1041 640 1371 705 humiliari
1416 641 1559 724 plus
1584 658 1782 724 quam
1810 640 2042 706 veritas
2067 639 2186 704 ha-

643 747 812 827 heat,
839 765 924 813 ne
939 748 1105 813 torte
1121 749 1368 814 ratione
1386 748 1846 814 humiliationis
1861 748 2185 812 incurram

644 852 1046 916 mendacium
1061 852 1507 934 simulationis,
1529 859 1650 919 etc.
1683 852 2022 937 Respondit
2044 853 2190 916 bea·

643 961 752 1024 tus
789 957 1168 1040 Bernartius,
1204 977 1397 1044 super
1442 962 1712 1030 Cantica
1748 961 1768 997 ¹
1808 983 1832 1028 :
1877 985 1907 1025 α
1943 961 2189 1026 Iustius

639 1068 974 1151 tutiusque
998 1072 1093 1132 est
1116 1070 1394 1152 profecto
1423 1071 1530 1152 (a),
1567 1073 1753 1154 juxta
1778 1069 1978 1153 ipsius
2003 1067 2186 1133 Veri-

642 1176 791 1242 tatis
823 1177 1185 1259 consilium,
1214 1179 1638 1244 novissimum
1672 1179 1888 1243 locum
1919 1177 2183 1258 eligere,

643 1285 726 1350 de
773 1303 906 1369 quo
953 1286 1357 1368 postmodum
1405 1304 1558 1351 cum
1604 1288 1848 1351 honore
1891 1286 2187 1368 superius

643 1392 1019 1473 educamur,
1049 1411 1245 1476 quam
1268 1409 1657 1477 praesumere
1682 1393 1992 1474 altiorem,
2016 1393 2188 1458 unde

643 1517 804 1564 mox
820 1499 1112 1565 recedere
1130 1504 1419 1583 oporteat
1436 1519 1581 1565 cum
1600 1501 1837 1566 rubore
1850 1504 1882 1564 ⁴?
1895 1502 1917 1536 ’
1930 1500 2070 1566 Non
2093 1504 2190 1565 est

644 1607 1022 1690 periculum,
1049 1613 1642 1692 quantumcumque
1665 1607 1742 1692 (b)
1773 1613 1836 1673 te
1860 1608 2185 1687 humilies,

526 1785 536 1792 ‚
645 1717 1242 1797 quantumcumque
1284 1714 1362 1798 (b)
1395 1719 1459 1779 te
1493 1721 1746 1799 reputes
1781 1713 2075 1780 viliorem
2114 1715 2184 1798 (c)

641 1835 845 1904 quam
870 1821 981 1886 sis.
1013 1821 1121 1886 Est
1146 1826 1363 1887 autem
1392 1823 1635 1906 grande
1663 1821 1905 1889 malum
1923 1824 2192 1889 horren·

645 1927 933 2010 dumque
958 1930 1337 2014 periculum,
1365 1930 1419 1994 si
1450 1929 1550 1996 vel
1578 1931 1899 1995 modicum
1933 1930 2019 2014 (d)
2048 1929 2190 2013 plus

646 2051 803 2101 vero
820 2035 902 2119 (e)
914 2038 974 2100 te
1000 2035 1289 2115 extollas,
1304 2036 1359 2101 si
1385 2034 1490 2101 vel
1511 2038 1625 2101 nni
1644 2037 1789 2119 (Diu
1815 2040 1928 2101 tua
1953 2037 2192 2118 eogita-

639 2140 822 2205 tione
847 2144 912 2206 te
944 2143 1245 2225 praeferas
1258 2192 1275 2224 ,
1307 2161 1502 2226 quem
1530 2145 1613 2228 (q)
1640 2145 1803 2209 sorte
1828 2162 2050 2226 parem
2074 2144 2191 2208 tibi

649 2246 895 2314 Veritas
927 2249 1193 2332 judicat,
1241 2254 1354 2315 aut
1386 2252 1577 2315 etiam
1617 2251 2012 2334 superiorem
2053 2249 2138 2333 (Ιι)
2168 2269 2190 2315 .·

645 2357 1191 2438 quemadmodum
1217 2358 1275 2421 si
1298 2359 1532 2422 ostium
1558 2362 1866 2440 transeas,
1904 2361 2090 2442 cujus
2119 2360 2187 2441 (i)

647 2464 1137 2547 superliminare
1181 2466 1263 2529 sit
1311 2466 1588 2531 nimium
1629 2467 1703 2550 (ᾔ
1744 2466 2026 2546 bassum,
2062 2485 2194 2532 non

643 2579 833 2637 nocet
876 2579 1466 2659 quantumcumque
1507 2579 1570 2641 te
1604 2575 2041 2656 inclinaveriS,
2083 2576 2194 2641 sed

639 2686 854 2763 nocet,
885 2683 939 2746 si
961 2687 1024 2747 te
1050 2684 1350 2749 erexeris.
1382 2705 1417 2746 ιο

734 2790 1026 2856 Secundo
1049 2791 1120 2854 in
1151 2792 1343 2858 verbo
1369 2793 1693 2876 proposito
1719 2798 1974 2859 notatur
1999 2796 2195 2862 subli-

655 2899 847 2961 mitas
892 2898 1142 2979 praemii
1183 2900 1304 2964 sub
1346 2901 1590 2964 ratione
1629 2899 1960 2966 allicientis
1975 2951 1997 2983 ,
2046 2921 2195 2968 cum

449 3039 594 3079 vom·
656 3005 871 3070 subdit
894 3026 908 3068 :
931 3004 1379 3072 Exauabitur.
1409 3005 1665 3088 Triplici
1683 3007 2063 3074 exaltatione
2086 3029 2193 3076 su-

415 3097 627 3208 ωξῗωζὶ,
655 3111 1028 3177 blimabitur
1057 3131 1251 3178 verus
1274 3114 1611 3196 poenitens,
1639 3117 2057 3198 respondente
2078 3120 2193 3183 tri-

441 3224 604 3334 ga·
655 3221 804 3305 plici
847 3220 1299 3286 humiliationi.
1328 3219 1491 3287 Nam
1534 3224 1764 3306 primo,
1794 3228 1943 3307 quia
1970 3226 2199 3294 hahuit

416 3353 537 3397 sone
553 3363 628 3394 ιι-
657 3329 1083 3393 humilitatem
1129 3329 1524 3393 contritionis
1573 3334 1635 3395 et
1688 3334 2081 3415 poenitentiae
2129 3337 2201 3402 in

417 3413 628 3524 ff*
657 3436 846 3500 corde
872 3453 958 3500 ex
980 3435 1413 3500 recordatione
1440 3439 1794 3503 commissae
1821 3439 2194 3526 iniquitatis,

658 3541 1042 3607 exaltabitur
1083 3542 1309 3608 decore
1359 3543 1628 3608 coelestis
1670 3548 1896 3627 gratiae
1935 3548 2197 3616 delentis

1741 387 2159 464 SERMONES
2198 387 2295 462 DE
2337 389 2733 464 TEMPORE.

2299 532 2380 596 tis
2432 532 2663 615 gratiae
2719 529 2984 598 delentis
3029 530 3348 598 maantam
3400 533 3829 614 ,emm

2299 638 2476 705 Unde
2503 640 2526 678 ⁸
2553 658 2570 704 :
2611 663 2642 702 α
2673 640 2978 705 Dominus
3002 639 3294 705 exaltans
3320 638 3635 718 animam,
3658 642 3725 703 et
3750 637 3832 702 il-

2295 746 2624 811 luminans
2654 746 2892 827 oculos,
2921 747 3084 813 dans
3121 745 3487 823 animun,
3514 750 3581 809 et
3604 744 3830 824 vitam,

2295 857 2360 918 et
2383 853 2908 919 benedictionem.
2946 875 2978 914 ι
3028 853 3195 919 Deus
3233 852 3480 920 exaltat
3518 853 3833 931 mimoet,

2297 977 2446 1026 cum
2482 963 2624 1044 ejus
2665 959 2964 1024 affectum
3002 959 3282 1043 expoliat
3310 959 3395 1023 ab
3430 958 3837 1041 ignobilitate

2296 1067 2631 1136 vetustatis
2668 1068 2907 1151 culpae,
2937 1071 3005 1132 et
3026 1067 3239 1132 induit
3274 1066 3622 1132 novitatem
3648 1065 3834 1131 deco-

2296 1176 2498 1241 rantis
2522 1175 2783 1257 gratiae.
2816 1174 2893 1239 Et
2915 1174 3301 1242 mundanus
3324 1174 3535 1242 oculos
3560 1173 3838 1239 ‘uitellus-

2296 1288 2421 1364 tus,
2454 1301 2493 1346 a
2518 1281 2964 1348 tenebrositate
3002 1282 3300 1347 caecitatIs
3323 1285 3390 1347 et
3425 1282 3835 1365 ignorantiae,

2297 1391 2630 1475 splendore
2655 1391 2937 1457 veritatis
2957 1395 3022 1456 et
3048 1390 3512 1472 intelligentias.
3540 1392 3839 1457 Danssa-

2296 1501 2563 1565 nitatem
2584 1499 2641 1580 ej
2648 1515 2725 1562 us
2750 1496 2926 1561 carni
2951 1513 3067 1579 per
3091 1495 3551 1579 repressionem
3570 1497 3839 1562 carnalis

2298 1604 2848 1688 concupiscentiae,
2873 1609 2931 1671 et
2953 1605 3157 1669 vitam
3183 1606 3447 1668 aeternae
3472 1603 3840 1668 immortali-

2298 1714 2468 1794 tatis,
2492 1719 2554 1780 et
2580 1710 3072 1779 bendictionem
3096 1716 3392 1793 snpernae
3426 1710 3835 1792 han-edituis,

2298 1825 2376 1885 ut
2401 1822 2598 1904 possit
2621 1819 2828 1885 dicere
2856 1818 3013 1885 illud
3063 1818 3300 1884 Psalmi
3326 1823 3349 1859 ⁸
3380 1839 3398 1882 ε
3432 1842 3466 1879 α
3502 1818 3627 1898 Qui
3664 1820 3837 1884 exal-

2298 1932 2397 1994 tas
2421 1945 2528 1994 me
2546 1928 2624 1993 de
2648 1928 2846 2011 portis
2864 1928 3114 2008 mortis,
3131 1932 3207 1992 ut
3224 1927 3603 1992 annuntiem
3619 1945 3841 2000 omnes

2296 2035 2691 2102 laudationes
2718 2037 2859 2100 tuas
2888 2034 2966 2120 (k)
2992 2036 3059 2099 in
3088 2036 3284 2119 portis
3305 2034 3459 2099 flliae
3483 2032 3664 2101 Sion.
3700 2058 3734 2096 ι

2380 2142 2696 2220 Secundo,
2714 2147 2970 2225 propter
2987 2142 3410 2206 humilitatem
3426 2141 3840 2224 subjectionis

2299 2255 2363 2317 et
2388 2252 2765 2317 reverentiae
2785 2252 2854 2315 in
2869 2268 3059 2335 opere
3077 2269 3159 2315 ex
3176 2250 3675 2318 consideratione
3702 2270 3838 2316 ma-

2292 2360 2540 2444 jestatis
2566 2358 2893 2424 altissimae
2906 2407 2924 2439 ‚
2957 2359 3339 2424 exaltabitur
3363 2359 3607 2425 viruite
3632 2360 3837 2425 abun-

2301 2467 2510 2531 dantis
2542 2466 2807 2550 jastifiae
2846 2465 3308 2531 accumulantis
3350 2483 3546 2549 opera
3576 2468 3840 2533 merito·-

2300 2592 2473 2639 rum.
2528 2573 2707 2639 Unde
2749 2574 2818 2637 in
2867 2572 3134 2638 Psalmis
3164 2574 3187 2610 ⁸
3224 2594 3240 2636 ι
3292 2594 3323 2633 α
3369 2573 3621 2639 Custodi
3672 2576 3842 2641 viam

2227 2735 2233 2742 .
2300 2684 2474 2767 ejus,
2522 2686 2587 2747 et
2632 2681 2934 2747 exaltabit
2966 2685 3056 2761 te,
3104 2685 3180 2747 ut
3222 2682 3596 2747 haeneditate
3635 2683 3843 2767 capias

2301 2796 2561 2856 terram.
2589 2811 2621 2850 n
2659 2790 2929 2857 Custodi
2964 2792 3141 2856 viam
3182 2789 3323 2871 dus
3362 2807 3478 2873 per
3512 2793 3839 2857 executio-

2302 2914 2451 2963 nem
2482 2901 2968 2980 praeceptorum,
3000 2903 3063 2965 et
3085 2896 3398 2966 erauabit
3426 2902 3485 2964 te
3512 2913 3628 2981 per
3651 2916 3837 2963 accu-

2302 3003 2718 3069 mulationem
2758 3005 3160 3085 meritorum,
3202 3013 3278 3074 ut
3314 3005 3693 3074 haereditate
3731 3022 3840 3072 ca-

2297 3116 2451 3197 pias
2469 3119 2728 3191 terram,
2749 3129 2865 3194 per
2880 3113 3367 3178 retributionem
3388 3115 3837 3197 praemiorum.

2303 3221 2382 3289 Et
2407 3226 2664 3306 propter
2690 3221 2814 3287 hoc
2841 3221 3110 3287 dicitur-⁶
3133 3244 3149 3288 ε
3180 3246 3214 3285 α
3234 3221 3356 3301 Qui
3376 3227 3679 3306 opu-atur
3696 3226 3840 3307 jus-

2302 3331 2508 3396 titiam
2540 3352 2574 3390 ι
2627 3329 3104 3413 multiplicando
3147 3331 3380 3396 merita
3393 3378 3414 3411 ‚
3463 3353 3497 3393 u
3532 3321 3842 3397 eialtabi-

2302 3447 2414 3505 1ur
2434 3462 2466 3500 n
2505 3440 2587 3504 ad
2614 3455 2858 3520 magna
2895 3437 3185 3521 praemia.
3218 3437 3296 3503 Et
3318 3439 3471 3522 quia
3506 3440 3633 3505 hoc
3657 3439 3846 3505 hebet

2307 3549 2447 3612 fleri
2474 3547 2791 3612 mediante
2808 3545 3037 3610 timore
3063 3544 3338 3626 Domini,
3358 3546 3502 3611 ideo
3529 3547 3760 3613 dicitur
3778 3555 3841 3613 ἐ

647 3649 975 3714 maculam
1016 3650 1384 3733 peccatoris.
1426 3649 1738 3735 Secundo,
1779 3655 1933 3738 quia
1972 3658 2200 3725 habuit

659 3758 1083 3824 humilitatem
1135 3759 1546 3843 subjectionis
1598 3766 1663 3826 et
1720 3767 2091 3832 reverentiae
2130 3768 2200 3833 in

2312 3679 2348 3717 <1
2372 3654 2728 3721 Facultates
2753 3656 2819 3717 et
2857 3652 3130 3718 virtutes
3166 3655 3585 3720 exaltantem·
3598 3703 3621 3736 ‚
3646 3661 3711 3722 et
3736 3671 3843 3722 su·

2308 3782 2424 3847 per
2450 3764 2572 3828 hoc
2594 3761 2788 3826 timor
2816 3759 3091 3826 Domini.
3122 3780 3154 3820 ι

2384 3872 2621 3950 Tertio,
2653 3872 2910 3955 propter
2944 3869 3371 3935 humilitatem
3396 3870 3849 3953 recognitionis
3889 3879 4029 3957 ‚mu

2310 3982 2515 4065 culpae
2540 3982 2611 4045 in
2637 3997 2749 4046 ore
2772 3997 2856 4043 ex
2886 3979 3119 4043 timore
3160 3981 3419 4043 aeternae
3453 3977 3845 4057 calamitatis,
3870 3951 3925 4053 ζ’
3944 3939 4032 4047 ¹:ss

2310 4089 2693 4154 exaltabitur
2722 4087 2965 4152 honore
3004 4085 3333 4149 deiformis
3360 4085 3622 4165 gloriae,
3654 4084 3847 4150 subli-
3896 4072 4020 4128 μ’*

2310 4198 2544 4263 mantis
2598 4194 2680 4262 ad
2735 4193 2972 4277 gaudia
3026 4194 3472 4276 praemiorum.
3532 4192 3711 4259 Unde
3753 4195 3779 4229 ⁸
3831 4214 3847 4257 z

2320 4331 2351 4368 α
2378 4303 2826 4371 Humiliamini
2851 4301 2972 4365 sub
2999 4301 3241 4385 potenti
3267 4317 3463 4366 manu
3485 4302 3617 4381 Dei,
3641 4307 3712 4367 ut
3738 4317 3852 4367 vos

662 3883 852 3949 opere
868 3881 952 3930 ex
968 3866 1470 3932 consideratione
1488 3869 1809 3936 altissimae
1827 3876 2196 3958 majestatis,

653 3972 1046 4038 exaltabitur
1098 3973 1337 4038 virtute
1386 3976 1869 4044 abundantioris
1911 3983 2199 4065 justitiae‚

664 4082 1122 4147 accumulantis
1149 4083 1318 4149 bona
1356 4086 1755 4153 meritorum.
1788 4089 2021 4171 Tertio,
2052 4094 2204 4175 quia

664 4189 890 4255 hahuit
931 4190 1357 4257 humilitatem
1404 4195 1857 4277 recognitionis
1893 4198 2099 4282 culpae
2133 4201 2205 4265 in

665 4315 775 4362 ore
797 4315 880 4362 ex
898 4299 1127 4363 timore
1148 4299 1380 4365 futurae
1403 4300 1800 4381 calamitatiS,
1822 4304 2206 4371 exaltabitur

664 4407 907 4473 honore
925 4408 1250 4473 deiformis
1264 4409 1513 4491 gloria»,
1533 4413 1932 4477 sublimantis
1950 4416 2028 4481 ad
2050 4434 2208 4498 gau-

466 4534 641 4608 sum·
666 4516 772 4580 dia
796 4515 1201 4598 angelorum,
1232 4516 1366 4582 sive
1402 4523 1815 4586 aeternorum.
1847 4522 2000 4589 Duae
2027 4530 2203 4594 exal·

452 4599 618 4704 {¹522}
668 4623 937 4687 tationes
967 4624 1210 4689 suntin
1251 4629 1420 4690 statu
1451 4626 1600 4706 viee,
1645 4632 1708 4693 et
1742 4628 2088 4713 disponunt
2126 4639 2206 4704 ad

427 4725 546 4768 ’Μ’
561 4721 642 4768 '¹⁸
665 4729 945 4810 tertiam,
976 4748 1122 4814 quae
1146 4732 1334 4796 estin
1362 4737 1530 4798 statu
1558 4735 1803 4817 patriae.
2146 4729 2155 4739 ’

750 4835 996 4919 Primo,
1044 4842 1298 4922 propter
1338 4841 1761 4908 humilitatem
1813 4849 2210 4917 contritionis

670 4949 734 5011 et
761 4945 1147 5028 poenitentiae
1168 4945 1234 5010 in
1255 4948 1444 5013 corde
1471 4967 1553 5013 ex
1580 4950 2012 5020 recordatione
2038 4975 2210 5024 com-

669 5052 884 5117 missae
911 5051 1286 5137 iniquitatis,
1316 5053 1702 5122 exaltabitur
1726 5058 1950 5126 decore
1977 5063 2205 5130 coeles·

736 5180 749 5209 ¹
781 5179 955 5245 Bern.,
994 5179 1048 5228 in
1084 5177 1254 5242 Cant„
1293 5193 1449 5231 serm.
1487 5193 1692 5248 xxxvu,
1729 5197 1782 5236 n.
1817 5188 1864 5237 6.
1903 5213 1966 5225 -
1991 5191 2017 5225 ¹
2058 5191 2211 5258 lbid„

671 5264 727 5301 n.
768 5251 817 5301 Ἰ.
859 5278 914 5288 -
957 5251 978 5283 ⁸
1023 5249 1204 5312 sceti„
1242 5261 1421 5315 xxxw,
1463 5256 1541 5305 20.
1582 5282 1645 5294 —
1683 5256 1702 5288 ⁴
1732 5255 1866 5308 Psal.
1906 5269 1987 5324 rx,
2027 5266 2107 5314 15.
2146 5292 2211 5304 -

673 5321 697 5356 ⁸
720 5320 857 5371 Ptol.
891 5331 1072 5386 xxxvi,
1105 5321 1183 5374 34.
1215 5350 1277 5362 —
1306 5326 1327 5356 ⁰
1359 5325 1535 5392 sceti„
1565 5338 1653 5391 xx,
1693 5327 1772 5380 30.
1801 5356 1861 5368 -
1894 5332 1912 5362 ”
1941 5331 2089 5399 thid„
2121 5348 2207 5403 ει,

673 5395 755 5445 26.
782 5418 844 5432 —
869 5395 890 5425 ⁸
917 5395 935 5445 l
964 5394 1123 5460 Patr„
1152 5407 1201 5462 v,
1227 5395 1278 5447 6.
1337 5418 1342 5424 ·

2312 4415 2547 4480 exaltet
2572 4413 2641 4478 in
2679 4416 2964 4494 tempore
3006 4409 3406 4474 visitationis.
3433 4431 3463 4470 n
3501 4409 3639 4476 Non
3676 4411 3850 4475 enim

2310 4538 2654 4609 possumus
2671 4519 2856 4584 aliter
2874 4517 3235 4585 sublimiter
3252 4516 3518 4581 exaltari
3542 4517 3606 4581 in
3624 4519 3848 4601 patria,

2313 4631 2439 4695 nisi
2490 4626 2908 4694 humiliemus
2963 4641 3084 4689 nos
3125 4623 3400 4687 totaliter
3451 4624 3572 4688 suh
3614 4624 3848 4707 potenti

2313 4755 2514 4803 manu
2541 4735 2650 4800 Dei
2678 4734 2749 4797 in
2788 4734 2920 4798 via.
2950 4729 3112 4797 Nam
3138 4732 3194 4794 si
3224 4729 3407 4795 aliter
3444 4732 3712 4796 m‘tlmur
3744 4749 3843 4796 as·

2315 4841 2600 4921 candere,
2651 4857 2782 4905 non
2826 4840 2899 4903 flt
2940 4837 3129 4902 nobis
3166 4854 3309 4920 spes
3353 4833 3432 4901 de
3472 4837 3846 4904 exaltatione

2379 5047 2448 5109 (a)
2477 5046 2601 5098 eat.
2629 5041 2749 5093 edit.
2783 5037 3049 5105 perfectio.
3089 5062 3145 5073 —
3185 5034 3254 5101 (ὁ)
3294 5035 3417 5086 Item
3450 5049 3760 5102 quanquam.
3787 5061 3844 5075 —

2319 5119 2375 5184 (c)
2402 5118 2487 5168 Al.
2513 5116 2785 5167 minorem.
2821 5138 2883 5151 —
2913 5108 2991 5173 (d)
3031 5107 3117 5158 Al.
3146 5106 3364 5158 modice.
3391 5133 3452 5146 -
3480 5109 3542 5175 (e)
3569 5108 3693 5161 Goet.
3723 5108 3840 5159 edit.

2314 5185 2448 5241 deest
2479 5201 2626 5239 vero.
2664 5212 2723 5224 —
2761 5182 2838 5248 (f)
2879 5183 3002 5231 Coet.
3034 5178 3156 5229 edit.
3189 5178 3271 5229 vel
3298 5177 3341 5230 si
3367 5178 3497 5230 aliis.
3528 5205 3590 5218 -
3620 5182 3690 5245 (9)
3720 5182 3844 5232 Item

2317 5274 2487 5328 quam.
2515 5286 2580 5298 -
2603 5256 2678 5322 (h)
2710 5256 2830 5305 Item
2857 5251 3045 5304 veritas
3068 5254 3165 5308 est,
3192 5249 3276 5301 vel
3308 5263 3486 5315 panem
3514 5251 3629 5310 sihi,
3653 5252 3738 5303 vel
3766 5264 3845 5302 su-

2313 5333 2571 5398 periorem
2593 5327 2811 5393 iudices.
2836 5350 2898 5364 —
2928 5325 2985 5386 (ι’)
3013 5323 3136 5374 Item
3163 5335 3299 5372 cum.
3318 5349 3376 5361 -
3406 5323 3477 5390 (j)
3509 5324 3631 5376 Item
3658 5323 3841 5376 minus.

2316 5432 2379 5444 —
2408 5400 2480 5470 (k)
2509 5403 2631 5453 Item
2658 5411 2816 5469 opera
2838 5393 3142 5449 laudationis
3167 5397 3287 5446 tue.
3610 5419 3619 5428 ⁴
