<?xml version="1.0" encoding="UTF-8"?>
<!DOCTYPE html PUBLIC "-//W3C//DTD XHTML 1.0 Transitional//EN"
    "http://www.w3.org/TR/xhtml1/DTD/xhtml1-transitional.dtd">
<html xmlns="http://www.w3.org/1999/xhtml" xml:lang="en" lang="en">
 <head>
  <title>
</title>
<meta http-equiv="Content-Type" content="text/html;charset=utf-8" />
  <meta name='ocr-system' content='tesseract 3.04.00' />
  <meta name='ocr-capabilities' content='ocr_page ocr_carea ocr_par ocr_line ocrx_word'/>
</head>
<body>
  <div class='ocr_page' id='page_1' title='image "./srecardinalissb02peltgoog/srecardinalissb02peltgoog_0042.png"; bbox 0 0 4059 6317; ppageno 0'>
   <div class='ocr_carea' id='block_1_1' title="bbox 588 4944 758 4991">
    <p class='ocr_par' dir='ltr' id='par_1_1' title="bbox 588 4944 758 4991">
     <span class='ocr_line' id='line_1_1' title="bbox 588 4944 758 4991; baseline 0.018 -3"><span class='ocrx_word' id='word_1_1' title='bbox 588 4944 758 4991; x_wconf 70' lang='lat' dir='ltr'><strong>Adven-</strong></span> 
     </span>
    </p>
   </div>
   <div class='ocr_carea' id='block_1_2' title="bbox 758 476 843 546">
    <p class='ocr_par' dir='ltr' id='par_1_2' title="bbox 758 476 843 546">
     <span class='ocr_line' id='line_1_2' title="bbox 758 476 843 546; baseline 0 0"><span class='ocrx_word' id='word_1_2' title='bbox 758 476 843 546; x_wconf 61' lang='grc'><strong>10</strong></span> 
     </span>
    </p>
   </div>
   <div class='ocr_carea' id='block_1_3' title="bbox 756 611 2312 3376">
    <p class='ocr_par' dir='ltr' id='par_1_3' title="bbox 756 611 2291 1019">
     <span class='ocr_line' id='line_1_3' title="bbox 756 611 2291 696; baseline -0.002 -15"><span class='ocrx_word' id='word_1_3' title='bbox 756 616 896 695; x_wconf 84' lang='lat' dir='ltr'><strong>riae,</strong></span> <span class='ocrx_word' id='word_1_4' title='bbox 922 619 1077 681; x_wconf 86' lang='lat' dir='ltr'><strong>tunc</strong></span> <span class='ocrx_word' id='word_1_5' title='bbox 1102 615 1279 682; x_wconf 80' lang='lat' dir='ltr'><strong>venit</strong></span> <span class='ocrx_word' id='word_1_6' title='bbox 1306 616 1473 679; x_wconf 89' lang='lat' dir='ltr'><strong>recte</strong></span> <span class='ocrx_word' id='word_1_7' title='bbox 1499 612 1623 678; x_wconf 88' lang='lat' dir='ltr'><strong>sibi</strong></span> <span class='ocrx_word' id='word_1_8' title='bbox 1653 611 1970 696; x_wconf 63' lang='lat' dir='ltr'><strong>gaudium</strong></span> <span class='ocrx_word' id='word_1_9' title='bbox 1995 630 2039 679; x_wconf 89' lang='lat' dir='ltr'><strong>a</strong></span> <span class='ocrx_word' id='word_1_10' title='bbox 2064 613 2291 679; x_wconf 80' lang='lat' dir='ltr'><strong>Sancto</strong></span> 
     </span>
     <span class='ocr_line' id='line_1_4' title="bbox 758 719 2289 805; baseline -0.004 -17"><span class='ocrx_word' id='word_1_11' title='bbox 758 724 1124 788; x_wconf 88' lang='lat' dir='ltr'><strong>sanctorum</strong></span> <span class='ocrx_word' id='word_1_12' title='bbox 1161 736 1350 805; x_wconf 84' lang='lat' dir='ltr'><strong>super</strong></span> <span class='ocrx_word' id='word_1_13' title='bbox 1389 719 1835 788; x_wconf 77' lang='lat' dir='ltr'><strong><em>misericordia</em></strong></span> <span class='ocrx_word' id='word_1_14' title='bbox 1850 766 1866 798; x_wconf 91' lang='lat'><strong>,</strong></span> <span class='ocrx_word' id='word_1_15' title='bbox 1906 737 1983 784; x_wconf 92' lang='grc' dir='ltr'>οο</span> <span class='ocrx_word' id='word_1_16' title='bbox 2014 719 2184 802; x_wconf 87' lang='lat' dir='ltr'><strong>quod</strong></span> <span class='ocrx_word' id='word_1_17' title='bbox 2212 719 2289 782; x_wconf 89' lang='lat' dir='ltr'><strong>li-</strong></span> 
     </span>
     <span class='ocr_line' id='line_1_5' title="bbox 756 827 2290 914; baseline -0.003 -18"><span class='ocrx_word' id='word_1_18' title='bbox 756 831 959 896; x_wconf 86' lang='lat' dir='ltr'><strong>berati</strong></span> <span class='ocrx_word' id='word_1_19' title='bbox 974 831 1246 910; x_wconf 64' lang='lat' dir='ltr'><strong>‚fuerunt</strong></span> <span class='ocrx_word' id='word_1_20' title='bbox 1272 847 1387 914; x_wconf 89' lang='lat' dir='ltr'><strong>per</strong></span> <span class='ocrx_word' id='word_1_21' title='bbox 1430 828 1807 894; x_wconf 79' lang='lat' dir='ltr'><strong>effusionem</strong></span> <span class='ocrx_word' id='word_1_22' title='bbox 1847 827 2088 912; x_wconf 87' lang='lat' dir='ltr'><strong>proprii</strong></span> <span class='ocrx_word' id='word_1_23' title='bbox 2132 845 2290 892; x_wconf 90' lang='lat' dir='ltr'><strong>san-</strong></span> 
     </span>
     <span class='ocr_line' id='line_1_6' title="bbox 759 937 1259 1019; baseline 0 -17"><span class='ocrx_word' id='word_1_24' title='bbox 759 937 977 1019; x_wconf 79' lang='lat' dir='ltr'><strong>guinis</strong></span> <span class='ocrx_word' id='word_1_25' title='bbox 1003 937 1259 1004; x_wconf 75' lang='lat' dir='ltr'><strong>Christi.</strong></span> 
     </span>
    </p>

    <p class='ocr_par' dir='ltr' id='par_1_4' title="bbox 757 1042 2312 3376">
     <span class='ocr_line' id='line_1_7' title="bbox 837 1042 2293 1124; baseline 0 -16"><span class='ocrx_word' id='word_1_26' title='bbox 837 1042 1077 1124; x_wconf 87' lang='lat' dir='ltr'><strong>Tertio,</strong></span> <span class='ocrx_word' id='word_1_27' title='bbox 1114 1046 1481 1112; x_wconf 82' lang='lat' dir='ltr'><strong>renuntiate</strong></span> <span class='ocrx_word' id='word_1_28' title='bbox 1517 1044 1853 1109; x_wconf 82' lang='lat' dir='ltr'><strong>animabus</strong></span> <span class='ocrx_word' id='word_1_29' title='bbox 1878 1044 2293 1108; x_wconf 76' lang='lat' dir='ltr'><strong>existentibus</strong></span> 
     </span>
     <span class='ocr_line' id='line_1_8' title="bbox 757 1150 2296 1235; baseline -0.001 -20"><span class='ocrx_word' id='word_1_30' title='bbox 757 1151 827 1215; x_wconf 89' lang='lat' dir='ltr'><strong>in</strong></span> <span class='ocrx_word' id='word_1_31' title='bbox 857 1151 1165 1235; x_wconf 87' lang='lat' dir='ltr'><strong>corporali</strong></span> <span class='ocrx_word' id='word_1_32' title='bbox 1190 1152 1467 1231; x_wconf 86' lang='lat' dir='ltr'><strong>miseria,</strong></span> <span class='ocrx_word' id='word_1_33' title='bbox 1497 1152 1652 1235; x_wconf 82' lang='lat' dir='ltr'><strong>quia</strong></span> <span class='ocrx_word' id='word_1_34' title='bbox 1676 1169 1804 1232; x_wconf 84' lang='lat' dir='ltr'><strong>ego</strong></span> <span class='ocrx_word' id='word_1_35' title='bbox 1831 1169 1975 1215; x_wconf 89' lang='lat' dir='ltr'><strong>sum</strong></span> <span class='ocrx_word' id='word_1_36' title='bbox 2005 1150 2116 1234; x_wconf 89' lang='lat' dir='ltr'><strong>qui</strong></span> <span class='ocrx_word' id='word_1_37' title='bbox 2140 1169 2296 1216; x_wconf 86' lang='lat' dir='ltr'><strong>ven-</strong></span> 
     </span>
     <span class='ocr_line' id='line_1_9' title="bbox 758 1257 2295 1342; baseline -0.001 -19"><span class='ocrx_word' id='word_1_38' title='bbox 758 1262 945 1323; x_wconf 86' lang='lat' dir='ltr'><strong>turus</strong></span> <span class='ocrx_word' id='word_1_39' title='bbox 971 1278 1119 1324; x_wconf 88' lang='lat' dir='ltr'><strong>sum</strong></span> <span class='ocrx_word' id='word_1_40' title='bbox 1145 1259 1223 1324; x_wconf 88' lang='lat' dir='ltr'><strong>ad</strong></span> <span class='ocrx_word' id='word_1_41' title='bbox 1249 1259 1596 1342; x_wconf 79' lang='lat' dir='ltr'><strong>iudicium,</strong></span> <span class='ocrx_word' id='word_1_42' title='bbox 1627 1259 1708 1324; x_wconf 89' lang='lat' dir='ltr'><strong>ad</strong></span> <span class='ocrx_word' id='word_1_43' title='bbox 1737 1257 2295 1324; x_wconf 87' lang='lat' dir='ltr'><strong>exterminandum</strong></span> 
     </span>
     <span class='ocr_line' id='line_1_10' title="bbox 759 1364 2298 1454; baseline 0.001 -25"><span class='ocrx_word' id='word_1_44' title='bbox 759 1364 1010 1430; x_wconf 82' lang='lat' dir='ltr'><strong>vincula</strong></span> <span class='ocrx_word' id='word_1_45' title='bbox 1063 1365 1404 1454; x_wconf 82' lang='lat' dir='ltr'><strong>corporalis</strong></span> <span class='ocrx_word' id='word_1_46' title='bbox 1460 1366 1735 1430; x_wconf 85' lang='lat' dir='ltr'><strong>miseriae</strong></span> <span class='ocrx_word' id='word_1_47' title='bbox 1799 1383 1913 1449; x_wconf 88' lang='lat' dir='ltr'><strong>per</strong></span> <span class='ocrx_word' id='word_1_48' title='bbox 1962 1364 2298 1447; x_wconf 86' lang='lat' dir='ltr'><strong>utriusque</strong></span> 
     </span>
     <span class='ocr_line' id='line_1_11' title="bbox 760 1470 2300 1555; baseline -0.001 -20"><span class='ocrx_word' id='word_1_49' title='bbox 760 1470 1039 1537; x_wconf 87' lang='lat' dir='ltr'><strong>hominis</strong></span> <span class='ocrx_word' id='word_1_50' title='bbox 1080 1472 1628 1555; x_wconf 81' lang='lat' dir='ltr'><strong>glorificationem.</strong></span> <span class='ocrx_word' id='word_1_51' title='bbox 1675 1472 1754 1536; x_wconf 86' lang='lat' dir='ltr'><strong>Et</strong></span> <span class='ocrx_word' id='word_1_52' title='bbox 1795 1472 1917 1536; x_wconf 91' lang='lat' dir='ltr'><strong>hoc</strong></span> <span class='ocrx_word' id='word_1_53' title='bbox 1953 1471 2075 1536; x_wconf 89' lang='lat' dir='ltr'><strong>erit</strong></span> <span class='ocrx_word' id='word_1_54' title='bbox 2114 1471 2300 1538; x_wconf 82' lang='lat' dir='ltr'><strong>vobis</strong></span> 
     </span>
     <span class='ocr_line' id='line_1_12' title="bbox 760 1579 2298 1664; baseline 0.001 -21"><span class='ocrx_word' id='word_1_55' title='bbox 760 1579 1031 1661; x_wconf 84' lang='lat' dir='ltr'><strong>signum</strong></span> <span class='ocrx_word' id='word_1_56' title='bbox 1049 1628 1067 1659; x_wconf 87' lang='lat'>‚</span> <span class='ocrx_word' id='word_1_57' title='bbox 1106 1581 1258 1664; x_wconf 86' lang='lat' dir='ltr'><strong>quia</strong></span> <span class='ocrx_word' id='word_1_58' title='bbox 1287 1583 1524 1649; x_wconf 83' lang='lat' dir='ltr'><strong>mortui</strong></span> <span class='ocrx_word' id='word_1_59' title='bbox 1548 1586 1892 1664; x_wconf 70' lang='lat' dir='ltr'><strong>resumunt</strong></span> <span class='ocrx_word' id='word_1_60' title='bbox 1916 1628 1937 1659; x_wconf 89' lang='lat'>‚</span> <span class='ocrx_word' id='word_1_61' title='bbox 1988 1594 2298 1662; x_wconf 76' lang='lat' dir='ltr'><strong><em>pauperes</em></strong></span> 
     </span>
     <span class='ocr_line' id='line_1_13' title="bbox 764 1687 2303 1772; baseline -0.002 -19"><span class='ocrx_word' id='word_1_62' title='bbox 764 1687 1318 1772; x_wconf 74' lang='lat' dir='ltr'><strong>evanqelizantur.</strong></span> <span class='ocrx_word' id='word_1_63' title='bbox 1349 1688 1425 1753; x_wconf 90' lang='lat' dir='ltr'><strong>In</strong></span> <span class='ocrx_word' id='word_1_64' title='bbox 1460 1690 1833 1772; x_wconf 87' lang='lat' dir='ltr'><strong>paupertate</strong></span> <span class='ocrx_word' id='word_1_65' title='bbox 1865 1693 1929 1752; x_wconf 87' lang='lat' dir='ltr'><strong>et</strong></span> <span class='ocrx_word' id='word_1_66' title='bbox 1954 1691 2157 1752; x_wconf 85' lang='lat' dir='ltr'><strong>morte</strong></span> <span class='ocrx_word' id='word_1_67' title='bbox 2185 1705 2303 1751; x_wconf 92' lang='lat' dir='ltr'><strong>no·</strong></span> 
     </span>
     <span class='ocr_line' id='line_1_14' title="bbox 764 1796 2304 1880; baseline 0 -21"><span class='ocrx_word' id='word_1_68' title='bbox 764 1798 935 1860; x_wconf 89' lang='lat' dir='ltr'><strong>tatur</strong></span> <span class='ocrx_word' id='word_1_69' title='bbox 956 1796 1191 1879; x_wconf 82' lang='lat' dir='ltr'>duplex</span> <span class='ocrx_word' id='word_1_70' title='bbox 1215 1798 1497 1873; x_wconf 85' lang='lat' dir='ltr'><strong>miseria,</strong></span> <span class='ocrx_word' id='word_1_71' title='bbox 1525 1815 1654 1880; x_wconf 79' lang='lat' dir='ltr'><strong>qua</strong></span> <span class='ocrx_word' id='word_1_72' title='bbox 1677 1796 2068 1879; x_wconf 82' lang='lat' dir='ltr'><strong>opprimitur</strong></span> <span class='ocrx_word' id='word_1_73' title='bbox 2096 1814 2304 1877; x_wconf 83' lang='lat' dir='ltr'><strong>genus</strong></span> 
     </span>
     <span class='ocr_line' id='line_1_15' title="bbox 766 1900 2305 1987; baseline -0.001 -22"><span class='ocrx_word' id='word_1_74' title='bbox 766 1900 1126 1968; x_wconf 87' lang='lat' dir='ltr'><strong>humanum</strong></span> <span class='ocrx_word' id='word_1_75' title='bbox 1147 1922 1347 1987; x_wconf 86' lang='lat' dir='ltr'><strong>usque</strong></span> <span class='ocrx_word' id='word_1_76' title='bbox 1364 1904 1445 1968; x_wconf 90' lang='lat' dir='ltr'><strong>ad</strong></span> <span class='ocrx_word' id='word_1_77' title='bbox 1466 1904 1636 1969; x_wconf 90' lang='lat' dir='ltr'><strong>diem</strong></span> <span class='ocrx_word' id='word_1_78' title='bbox 1656 1904 1977 1986; x_wconf 82' lang='lat' dir='ltr'><strong>generalis</strong></span> <span class='ocrx_word' id='word_1_79' title='bbox 1991 1920 2305 1967; x_wconf 89' lang='lat' dir='ltr'><strong>resurrec-</strong></span> 
     </span>
     <span class='ocr_line' id='line_1_16' title="bbox 766 2008 2306 2094; baseline 0.001 -22"><span class='ocrx_word' id='word_1_80' title='bbox 766 2008 991 2088; x_wconf 91' lang='lat' dir='ltr'><strong>tionis,</strong></span> <span class='ocrx_word' id='word_1_81' title='bbox 1012 2010 1093 2075; x_wconf 84' lang='lat' dir='ltr'><strong>ad</strong></span> <span class='ocrx_word' id='word_1_82' title='bbox 1117 2028 1313 2093; x_wconf 85' lang='lat' dir='ltr'><strong>quam</strong></span> <span class='ocrx_word' id='word_1_83' title='bbox 1341 2012 1553 2077; x_wconf 87' lang='lat' dir='ltr'><strong>omnis</strong></span> <span class='ocrx_word' id='word_1_84' title='bbox 1595 2009 1722 2076; x_wconf 86' lang='lat' dir='ltr'><strong>alia</strong></span> <span class='ocrx_word' id='word_1_85' title='bbox 1745 2012 2012 2094; x_wconf 86' lang='lat' dir='ltr'><strong>poenalis</strong></span> <span class='ocrx_word' id='word_1_86' title='bbox 2050 2011 2306 2074; x_wconf 89' lang='lat' dir='ltr'><strong>miseria</strong></span> 
     </span>
     <span class='ocr_line' id='line_1_17' title="bbox 766 2115 2301 2201; baseline 0 -21"><span class='ocrx_word' id='word_1_87' title='bbox 766 2120 972 2198; x_wconf 84' lang='lat' dir='ltr'><strong>potest</strong></span> <span class='ocrx_word' id='word_1_88' title='bbox 1002 2118 1242 2182; x_wconf 77' lang='lat' dir='ltr'><strong>reduci.</strong></span> <span class='ocrx_word' id='word_1_89' title='bbox 1276 2115 1439 2183; x_wconf 88' lang='lat' dir='ltr'><strong>Nam</strong></span> <span class='ocrx_word' id='word_1_90' title='bbox 1478 2119 1548 2182; x_wconf 89' lang='lat' dir='ltr'><strong>in</strong></span> <span class='ocrx_word' id='word_1_91' title='bbox 1579 2123 1950 2201; x_wconf 87' lang='lat' dir='ltr'><strong>paupertate</strong></span> <span class='ocrx_word' id='word_1_92' title='bbox 1990 2118 2301 2199; x_wconf 79' lang='lat' dir='ltr'><strong>intelligi-</strong></span> 
     </span>
     <span class='ocr_line' id='line_1_18' title="bbox 768 2223 2303 2306; baseline 0.002 -20"><span class='ocrx_word' id='word_1_93' title='bbox 768 2225 879 2287; x_wconf 88' lang='lat' dir='ltr'><strong>tur</strong></span> <span class='ocrx_word' id='word_1_94' title='bbox 905 2223 1259 2306; x_wconf 79' lang='lat' dir='ltr'><strong>indigentia</strong></span> <span class='ocrx_word' id='word_1_95' title='bbox 1285 2225 1643 2290; x_wconf 81' lang='lat' dir='ltr'><strong>activorum</strong></span> <span class='ocrx_word' id='word_1_96' title='bbox 1669 2247 1686 2303; x_wconf 88' lang='lat'>;</span> <span class='ocrx_word' id='word_1_97' title='bbox 1737 2225 1847 2289; x_wconf 86' lang='lat' dir='ltr'><strong>sed</strong></span> <span class='ocrx_word' id='word_1_98' title='bbox 1875 2224 1944 2288; x_wconf 92' lang='lat' dir='ltr'><strong>in</strong></span> <span class='ocrx_word' id='word_1_99' title='bbox 1974 2229 2177 2289; x_wconf 88' lang='lat' dir='ltr'><strong>morte</strong></span> <span class='ocrx_word' id='word_1_100' title='bbox 2208 2230 2303 2289; x_wconf 90' lang='lat' dir='ltr'><strong>to-</strong></span> 
     </span>
     <span class='ocr_line' id='line_1_19' title="bbox 769 2330 2305 2397; baseline 0 -2"><span class='ocrx_word' id='word_1_101' title='bbox 769 2330 1047 2395; x_wconf 87' lang='lat' dir='ltr'><strong>lerantia</strong></span> <span class='ocrx_word' id='word_1_102' title='bbox 1071 2331 1484 2397; x_wconf 84' lang='lat' dir='ltr'><strong>afflictionum</strong></span> <span class='ocrx_word' id='word_1_103' title='bbox 1514 2332 1766 2397; x_wconf 74' lang='grc'>11010110.</span> <span class='ocrx_word' id='word_1_104' title='bbox 1814 2331 1892 2396; x_wconf 89' lang='lat' dir='ltr'><strong>Et</strong></span> <span class='ocrx_word' id='word_1_105' title='bbox 1917 2332 1996 2396; x_wconf 91' lang='lat' dir='ltr'><strong>de</strong></span> <span class='ocrx_word' id='word_1_106' title='bbox 2031 2333 2153 2396; x_wconf 89' lang='lat' dir='ltr'><strong>isto</strong></span> <span class='ocrx_word' id='word_1_107' title='bbox 2187 2332 2305 2395; x_wconf 89' lang='lat' dir='ltr'><strong>ad-</strong></span> 
     </span>
     <span class='ocr_line' id='line_1_20' title="bbox 772 2437 2309 2517; baseline 0.003 -17"><span class='ocrx_word' id='word_1_108' title='bbox 772 2439 973 2501; x_wconf 88' lang='lat' dir='ltr'><strong>ventu</strong></span> <span class='ocrx_word' id='word_1_109' title='bbox 997 2437 1228 2502; x_wconf 90' lang='lat' dir='ltr'><strong>dicitur</strong></span> <span class='ocrx_word' id='word_1_110' title='bbox 1254 2440 1275 2475; x_wconf 89' lang='lat'>¹</span> <span class='ocrx_word' id='word_1_111' title='bbox 1309 2457 1327 2502; x_wconf 72' lang='grc' dir='ltr'>ε</span> <span class='ocrx_word' id='word_1_112' title='bbox 1359 2438 1586 2505; x_wconf 77' lang='lat' dir='ltr'><strong>Adhuc</strong></span> <span class='ocrx_word' id='word_1_113' title='bbox 1615 2455 1816 2506; x_wconf 79' lang='lat' dir='ltr'><strong>unum</strong></span> <span class='ocrx_word' id='word_1_114' title='bbox 1855 2438 2173 2506; x_wconf 84' lang='lat' dir='ltr'><strong>modicum</strong></span> <span class='ocrx_word' id='word_1_115' title='bbox 2196 2487 2212 2517; x_wconf 91' lang='lat'>‚</span> <span class='ocrx_word' id='word_1_116' title='bbox 2246 2446 2309 2505; x_wconf 81' lang='lat' dir='ltr'><strong>et</strong></span> 
     </span>
     <span class='ocr_line' id='line_1_21' title="bbox 785 2544 2311 2628; baseline 0.001 -18"><span class='ocrx_word' id='word_1_117' title='bbox 785 2559 895 2627; x_wconf 73' lang='lat' dir='ltr'><strong>eqo</strong></span> <span class='ocrx_word' id='word_1_118' title='bbox 921 2544 1167 2612; x_wconf 77' lang='lat' dir='ltr'><strong>movebo</strong></span> <span class='ocrx_word' id='word_1_119' title='bbox 1198 2545 1279 2628; x_wconf 88' lang='lat' dir='ltr'><strong>(a)</strong></span> <span class='ocrx_word' id='word_1_120' title='bbox 1308 2546 1528 2613; x_wconf 85' lang='lat' dir='ltr'><strong>coelum</strong></span> <span class='ocrx_word' id='word_1_121' title='bbox 1568 2550 1630 2612; x_wconf 84' lang='lat' dir='ltr'><strong>et</strong></span> <span class='ocrx_word' id='word_1_122' title='bbox 1658 2549 1892 2611; x_wconf 82' lang='lat' dir='ltr'><strong>terram</strong></span> <span class='ocrx_word' id='word_1_123' title='bbox 1910 2592 1927 2622; x_wconf 87' lang='lat'><strong>,</strong></span> <span class='ocrx_word' id='word_1_124' title='bbox 1958 2551 2017 2611; x_wconf 83' lang='lat' dir='ltr'><strong>et</strong></span> <span class='ocrx_word' id='word_1_125' title='bbox 2043 2561 2214 2611; x_wconf 85' lang='lat' dir='ltr'><strong>mare</strong></span> <span class='ocrx_word' id='word_1_126' title='bbox 2251 2552 2311 2612; x_wconf 83' lang='lat' dir='ltr'><strong>et</strong></span> 
     </span>
     <span class='ocr_line' id='line_1_22' title="bbox 775 2649 2312 2735; baseline 0.001 -18"><span class='ocrx_word' id='word_1_127' title='bbox 775 2649 1033 2718; x_wconf 82' lang='lat' dir='ltr'><strong>aridam</strong></span> <span class='ocrx_word' id='word_1_128' title='bbox 1052 2700 1070 2730; x_wconf 90' lang='lat'><strong>,</strong></span> <span class='ocrx_word' id='word_1_129' title='bbox 1100 2657 1160 2719; x_wconf 85' lang='lat' dir='ltr'><strong>et</strong></span> <span class='ocrx_word' id='word_1_130' title='bbox 1195 2653 1446 2720; x_wconf 80' lang='lat' dir='ltr'><strong>movebo</strong></span> <span class='ocrx_word' id='word_1_131' title='bbox 1475 2668 1683 2721; x_wconf 84' lang='lat' dir='ltr'><strong>omnes</strong></span> <span class='ocrx_word' id='word_1_132' title='bbox 1711 2657 1945 2735; x_wconf 68' lang='lat' dir='ltr'><strong>pentes.</strong></span> <span class='ocrx_word' id='word_1_133' title='bbox 1988 2652 2073 2719; x_wconf 84' lang='lat' dir='ltr'><strong>Et</strong></span> <span class='ocrx_word' id='word_1_134' title='bbox 2100 2653 2312 2719; x_wconf 78' lang='lat' dir='ltr'><strong>veniet</strong></span> 
     </span>
     <span class='ocr_line' id='line_1_23' title="bbox 777 2757 2309 2843; baseline 0.001 -18"><span class='ocrx_word' id='word_1_135' title='bbox 777 2757 1182 2827; x_wconf 77' lang='lat' dir='ltr'><strong>desideratus</strong></span> <span class='ocrx_word' id='word_1_136' title='bbox 1231 2762 1477 2827; x_wconf 79' lang='lat' dir='ltr'><strong>cunctis</strong></span> <span class='ocrx_word' id='word_1_137' title='bbox 1537 2759 1867 2843; x_wconf 67' lang='lat' dir='ltr'><strong>amitibus,</strong></span> <span class='ocrx_word' id='word_1_138' title='bbox 1925 2764 1986 2824; x_wconf 84' lang='lat' dir='ltr'><strong>et</strong></span> <span class='ocrx_word' id='word_1_139' title='bbox 2043 2760 2309 2842; x_wconf 77' lang='lat' dir='ltr'><strong>implebo</strong></span> 
     </span>
     <span class='ocr_line' id='line_1_24' title="bbox 774 2864 2310 2950; baseline 0 -18"><span class='ocrx_word' id='word_1_140' title='bbox 774 2864 1032 2932; x_wconf 84' lang='lat' dir='ltr'><strong>domum</strong></span> <span class='ocrx_word' id='word_1_141' title='bbox 1058 2866 1252 2933; x_wconf 83' lang='lat' dir='ltr'><strong>istam</strong></span> <span class='ocrx_word' id='word_1_142' title='bbox 1269 2883 1411 2932; x_wconf 87' lang='lat' dir='ltr'><strong>cum</strong></span> <span class='ocrx_word' id='word_1_143' title='bbox 1437 2867 1646 2950; x_wconf 77' lang='lat' dir='ltr'><strong>qloria</strong></span> <span class='ocrx_word' id='word_1_144' title='bbox 1669 2865 1781 2947; x_wconf 85' lang='lat' dir='ltr'><strong>(b);</strong></span> <span class='ocrx_word' id='word_1_145' title='bbox 1809 2866 1977 2948; x_wconf 85' lang='lat' dir='ltr'><strong>quod</strong></span> <span class='ocrx_word' id='word_1_146' title='bbox 2003 2866 2310 2948; x_wconf 88' lang='lat' dir='ltr'><strong>adimple-</strong></span> 
     </span>
     <span class='ocr_line' id='line_1_25' title="bbox 773 2970 2307 3054; baseline 0.003 -20"><span class='ocrx_word' id='word_1_147' title='bbox 773 2970 947 3035; x_wconf 82' lang='lat' dir='ltr'><strong>bitur</strong></span> <span class='ocrx_word' id='word_1_148' title='bbox 995 2971 1250 3054; x_wconf 79' lang='lat' dir='ltr'><strong>quando</strong></span> <span class='ocrx_word' id='word_1_149' title='bbox 1294 2988 1522 3054; x_wconf 77' lang='lat' dir='ltr'><strong>corpus</strong></span> <span class='ocrx_word' id='word_1_150' title='bbox 1564 2971 1955 3039; x_wconf 80' lang='lat' dir='ltr'><strong>humilitatis</strong></span> <span class='ocrx_word' id='word_1_151' title='bbox 1999 2979 2236 3038; x_wconf 76' lang='lat' dir='ltr'><strong>nostroe</strong></span> <span class='ocrx_word' id='word_1_152' title='bbox 2260 2974 2307 3052; x_wconf 81' lang='lat'><strong>²,</strong></span> 
     </span>
     <span class='ocr_line' id='line_1_26' title="bbox 774 3070 2308 3161; baseline -0.001 -17"><span class='ocrx_word' id='word_1_153' title='bbox 774 3079 943 3161; x_wconf 84' lang='lat' dir='ltr'><strong>quod</strong></span> <span class='ocrx_word' id='word_1_154' title='bbox 988 3083 1084 3144; x_wconf 89' lang='lat' dir='ltr'><strong>est</strong></span> <span class='ocrx_word' id='word_1_155' title='bbox 1118 3079 1347 3144; x_wconf 88' lang='lat' dir='ltr'><strong>domus</strong></span> <span class='ocrx_word' id='word_1_156' title='bbox 1373 3078 1518 3158; x_wconf 91' lang='lat' dir='ltr'><strong>Dei,</strong></span> <span class='ocrx_word' id='word_1_157' title='bbox 1548 3070 1997 3159; x_wconf 76' lang='lat' dir='ltr'><strong>reformabitur</strong></span> <span class='ocrx_word' id='word_1_158' title='bbox 2024 3080 2104 3143; x_wconf 88' lang='lat' dir='ltr'><strong>ab</strong></span> <span class='ocrx_word' id='word_1_159' title='bbox 2134 3081 2308 3144; x_wconf 88' lang='lat' dir='ltr'><strong>omni</strong></span> 
     </span>
     <span class='ocr_line' id='line_1_27' title="bbox 776 3185 2312 3270; baseline 0.004 -22"><span class='ocrx_word' id='word_1_160' title='bbox 776 3185 1029 3250; x_wconf 87' lang='lat' dir='ltr'><strong>miseria</strong></span> <span class='ocrx_word' id='word_1_161' title='bbox 1054 3204 1169 3269; x_wconf 91' lang='lat' dir='ltr'><strong>per</strong></span> <span class='ocrx_word' id='word_1_162' title='bbox 1216 3185 1789 3267; x_wconf 83' lang='lat' dir='ltr'><strong>configurationem</strong></span> <span class='ocrx_word' id='word_1_163' title='bbox 1832 3186 2152 3253; x_wconf 73' lang='lat' dir='ltr'><strong>claritatis</strong></span> <span class='ocrx_word' id='word_1_164' title='bbox 2186 3187 2312 3270; x_wconf 75' lang='lat' dir='ltr'><strong>qlo-</strong></span> 
     </span>
     <span class='ocr_line' id='line_1_28' title="bbox 774 3291 2237 3376; baseline -0.001 -16"><span class='ocrx_word' id='word_1_165' title='bbox 774 3294 1196 3376; x_wconf 76' lang='lat' dir='ltr'><strong>rioecorporis</strong></span> <span class='ocrx_word' id='word_1_166' title='bbox 1223 3292 1490 3374; x_wconf 80' lang='lat' dir='ltr'><strong>Christi,</strong></span> <span class='ocrx_word' id='word_1_167' title='bbox 1521 3296 1641 3357; x_wconf 87' lang='lat' dir='ltr'><strong>etc.</strong></span> <span class='ocrx_word' id='word_1_168' title='bbox 1675 3291 1853 3369; x_wconf 90' lang='lat' dir='ltr'><strong>Quod</strong></span> <span class='ocrx_word' id='word_1_169' title='bbox 1887 3310 2040 3374; x_wconf 90' lang='lat' dir='ltr'><strong>nos,</strong></span> <span class='ocrx_word' id='word_1_170' title='bbox 2070 3297 2186 3358; x_wconf 87' lang='lat' dir='ltr'><strong>etc.</strong></span> <span class='ocrx_word' id='word_1_171' title='bbox 2214 3294 2237 3329; x_wconf 84' lang='lat'>⁸</span> 
     </span>
    </p>
   </div>
   <div class='ocr_carea' id='block_1_4' title="bbox 1308 3469 1778 3539">
    <p class='ocr_par' dir='ltr' id='par_1_5' title="bbox 1308 3469 1778 3539">
     <span class='ocr_line' id='line_1_29' title="bbox 1308 3469 1778 3539; baseline -0.002 0"><span class='ocrx_word' id='word_1_172' title='bbox 1308 3469 1596 3539; x_wconf 87' lang='lat' dir='ltr'>SERMO</span> <span class='ocrx_word' id='word_1_173' title='bbox 1639 3470 1699 3538; x_wconf 92' lang='grc' dir='ltr'><strong><em>Π</em></strong></span> <span class='ocrx_word' id='word_1_174' title='bbox 1732 3469 1778 3539; x_wconf 76' lang='lat'><strong>⁸.</strong></span> 
     </span>
    </p>
   </div>
   <div class='ocr_carea' id='block_1_5' title="bbox 780 3614 2318 5378">
    <p class='ocr_par' dir='ltr' id='par_1_6' title="bbox 780 3614 2317 5089">
     <span class='ocr_line' id='line_1_30' title="bbox 859 3614 2314 3697; baseline 0 -17"><span class='ocrx_word' id='word_1_175' title='bbox 859 3615 1106 3681; x_wconf 71' lang='lat' dir='ltr'><strong>Excita</strong></span> <span class='ocrx_word' id='word_1_176' title='bbox 1126 3614 1478 3697; x_wconf 81' lang='lat' dir='ltr'><strong>potentiam</strong></span> <span class='ocrx_word' id='word_1_177' title='bbox 1507 3620 1681 3679; x_wconf 85' lang='lat' dir='ltr'><strong>tuam</strong></span> <span class='ocrx_word' id='word_1_178' title='bbox 1700 3660 1718 3693; x_wconf 89' lang='lat'>‚</span> <span class='ocrx_word' id='word_1_179' title='bbox 1745 3620 1806 3676; x_wconf 84' lang='lat' dir='ltr'><strong>et</strong></span> <span class='ocrx_word' id='word_1_180' title='bbox 1830 3614 1981 3680; x_wconf 82' lang='lat' dir='ltr'><strong>veni</strong></span> <span class='ocrx_word' id='word_1_181' title='bbox 1999 3615 2047 3678; x_wconf 83' lang='lat'><strong>⁶.</strong></span> <span class='ocrx_word' id='word_1_182' title='bbox 2072 3614 2314 3680; x_wconf 86' lang='lat' dir='ltr'><strong>Deside-</strong></span> 
     </span>
     <span class='ocr_line' id='line_1_31' title="bbox 780 3719 2316 3805; baseline -0.001 -19"><span class='ocrx_word' id='word_1_183' title='bbox 780 3721 952 3786; x_wconf 91' lang='lat' dir='ltr'><strong>rium</strong></span> <span class='ocrx_word' id='word_1_184' title='bbox 981 3721 1394 3805; x_wconf 88' lang='lat' dir='ltr'><strong>antiquorum</strong></span> <span class='ocrx_word' id='word_1_185' title='bbox 1417 3721 1496 3786; x_wconf 91' lang='lat' dir='ltr'><strong>de</strong></span> <span class='ocrx_word' id='word_1_186' title='bbox 1523 3720 1804 3787; x_wconf 89' lang='lat' dir='ltr'><strong>adventu</strong></span> <span class='ocrx_word' id='word_1_187' title='bbox 1831 3719 2054 3784; x_wconf 85' lang='lat' dir='ltr'><strong>Christi</strong></span> <span class='ocrx_word' id='word_1_188' title='bbox 2082 3721 2189 3784; x_wconf 90' lang='lat' dir='ltr'><strong>hic</strong></span> <span class='ocrx_word' id='word_1_189' title='bbox 2208 3740 2316 3785; x_wconf 90' lang='lat' dir='ltr'><strong>ex-</strong></span> 
     </span>
     <span class='ocr_line' id='line_1_32' title="bbox 783 3827 2314 3910; baseline 0 -18"><span class='ocrx_word' id='word_1_190' title='bbox 783 3828 1100 3910; x_wconf 82' lang='lat' dir='ltr'><strong>primitur.</strong></span> <span class='ocrx_word' id='word_1_191' title='bbox 1163 3828 1355 3906; x_wconf 87' lang='lat' dir='ltr'><strong>Quasi</strong></span> <span class='ocrx_word' id='word_1_192' title='bbox 1406 3829 1580 3893; x_wconf 88' lang='lat' dir='ltr'><strong>enim</strong></span> <span class='ocrx_word' id='word_1_193' title='bbox 1632 3827 2053 3893; x_wconf 83' lang='lat' dir='ltr'><strong>obdormisset</strong></span> <span class='ocrx_word' id='word_1_194' title='bbox 2097 3828 2314 3893; x_wconf 89' lang='lat' dir='ltr'><strong>divina</strong></span> 
     </span>
     <span class='ocr_line' id='line_1_33' title="bbox 782 3932 2314 4017; baseline 0.001 -19"><span class='ocrx_word' id='word_1_195' title='bbox 782 3935 1061 4017; x_wconf 83' lang='lat' dir='ltr'><strong>potentia</strong></span> <span class='ocrx_word' id='word_1_196' title='bbox 1122 3933 1578 4000; x_wconf 87' lang='lat' dir='ltr'><strong>dissimulando</strong></span> <span class='ocrx_word' id='word_1_197' title='bbox 1635 3933 1880 3999; x_wconf 87' lang='lat' dir='ltr'><strong>tamdiu</strong></span> <span class='ocrx_word' id='word_1_198' title='bbox 1941 3932 2314 3999; x_wconf 77' lang='lat' dir='ltr'><strong>diabolicam</strong></span> 
     </span>
     <span class='ocr_line' id='line_1_34' title="bbox 783 4040 2313 4119; baseline -0.001 -13"><span class='ocrx_word' id='word_1_199' title='bbox 783 4040 1153 4106; x_wconf 82' lang='lat' dir='ltr'><strong>violentiam</strong></span> <span class='ocrx_word' id='word_1_200' title='bbox 1200 4046 1263 4106; x_wconf 91' lang='lat' dir='ltr'><strong>et</strong></span> <span class='ocrx_word' id='word_1_201' title='bbox 1302 4042 1657 4107; x_wconf 76' lang='lat' dir='ltr'><strong>humanam</strong></span> <span class='ocrx_word' id='word_1_202' title='bbox 1692 4040 2018 4104; x_wconf 87' lang='lat' dir='ltr'><strong>miseriam</strong></span> <span class='ocrx_word' id='word_1_203' title='bbox 2033 4089 2054 4119; x_wconf 92' lang='lat'>‚</span> <span class='ocrx_word' id='word_1_204' title='bbox 2107 4040 2313 4104; x_wconf 86' lang='lat' dir='ltr'><strong>excla-</strong></span> 
     </span>
     <span class='ocr_line' id='line_1_35' title="bbox 784 4146 2309 4230; baseline 0 -18"><span class='ocrx_word' id='word_1_205' title='bbox 784 4165 969 4212; x_wconf 86' lang='lat' dir='ltr'><strong>mans</strong></span> <span class='ocrx_word' id='word_1_206' title='bbox 995 4146 1192 4213; x_wconf 85' lang='lat' dir='ltr'><strong>David</strong></span> <span class='ocrx_word' id='word_1_207' title='bbox 1211 4197 1230 4229; x_wconf 90' lang='lat'><strong>,</strong></span> <span class='ocrx_word' id='word_1_208' title='bbox 1269 4149 1359 4212; x_wconf 81' lang='lat' dir='ltr'><strong>ait</strong></span> <span class='ocrx_word' id='word_1_209' title='bbox 1390 4172 1405 4210; x_wconf 69' lang='grc' dir='ltr'><strong>ι</strong></span> <span class='ocrx_word' id='word_1_210' title='bbox 1449 4150 1689 4215; x_wconf 74' lang='lat' dir='ltr'><strong>Excita</strong></span> <span class='ocrx_word' id='word_1_211' title='bbox 1709 4149 2063 4230; x_wconf 79' lang='lat' dir='ltr'><strong>potentiam</strong></span> <span class='ocrx_word' id='word_1_212' title='bbox 2089 4154 2270 4215; x_wconf 84' lang='lat' dir='ltr'><strong>tuam</strong></span> <span class='ocrx_word' id='word_1_213' title='bbox 2291 4195 2309 4225; x_wconf 90' lang='lat'><strong>,</strong></span> 
     </span>
     <span class='ocr_line' id='line_1_36' title="bbox 785 4255 2315 4339; baseline -0.004 -15"><span class='ocrx_word' id='word_1_214' title='bbox 785 4262 843 4324; x_wconf 82' lang='lat' dir='ltr'><strong>et</strong></span> <span class='ocrx_word' id='word_1_215' title='bbox 863 4258 1061 4337; x_wconf 79' lang='lat' dir='ltr'><strong>veni,·</strong></span> <span class='ocrx_word' id='word_1_216' title='bbox 1087 4257 1267 4339; x_wconf 80' lang='lat' dir='ltr'><strong>quasi</strong></span> <span class='ocrx_word' id='word_1_217' title='bbox 1290 4258 1496 4322; x_wconf 87' lang='lat' dir='ltr'><strong>dicat:</strong></span> <span class='ocrx_word' id='word_1_218' title='bbox 1526 4255 1844 4320; x_wconf 86' lang='lat' dir='ltr'><strong>Diabolica</strong></span> <span class='ocrx_word' id='word_1_219' title='bbox 1868 4256 2146 4339; x_wconf 89' lang='lat' dir='ltr'><strong>potentia</strong></span> <span class='ocrx_word' id='word_1_220' title='bbox 2171 4272 2315 4319; x_wconf 91' lang='lat' dir='ltr'><strong>ma-</strong></span> 
     </span>
     <span class='ocr_line' id='line_1_37' title="bbox 782 4363 2315 4446; baseline -0.002 -18"><span class='ocrx_word' id='word_1_221' title='bbox 782 4381 915 4446; x_wconf 78' lang='lat' dir='ltr'><strong>gna</strong></span> <span class='ocrx_word' id='word_1_222' title='bbox 944 4367 1042 4428; x_wconf 88' lang='lat' dir='ltr'><strong>est</strong></span> <span class='ocrx_word' id='word_1_223' title='bbox 1065 4368 1285 4428; x_wconf 89' lang='lat' dir='ltr'><strong>contra</strong></span> <span class='ocrx_word' id='word_1_224' title='bbox 1306 4364 1632 4429; x_wconf 90' lang='lat' dir='ltr'><strong>hominem</strong></span> <span class='ocrx_word' id='word_1_225' title='bbox 1647 4411 1665 4440; x_wconf 88' lang='lat'>‚</span> <span class='ocrx_word' id='word_1_226' title='bbox 1699 4367 1763 4427; x_wconf 91' lang='lat' dir='ltr'><strong>et</strong></span> <span class='ocrx_word' id='word_1_227' title='bbox 1787 4363 2076 4426; x_wconf 89' lang='lat' dir='ltr'><strong>humana</strong></span> <span class='ocrx_word' id='word_1_228' title='bbox 2101 4365 2315 4444; x_wconf 89' lang='lat' dir='ltr'><strong>poten-</strong></span> 
     </span>
     <span class='ocr_line' id='line_1_38' title="bbox 780 4469 2316 4536; baseline 0.001 -2"><span class='ocrx_word' id='word_1_229' title='bbox 780 4471 869 4534; x_wconf 83' lang='lat' dir='ltr'><strong>tia</strong></span> <span class='ocrx_word' id='word_1_230' title='bbox 895 4474 1114 4534; x_wconf 85' lang='lat' dir='ltr'><strong>contra</strong></span> <span class='ocrx_word' id='word_1_231' title='bbox 1139 4469 1460 4534; x_wconf 87' lang='lat' dir='ltr'><strong>diabolum</strong></span> <span class='ocrx_word' id='word_1_232' title='bbox 1488 4470 1757 4534; x_wconf 89' lang='lat' dir='ltr'><strong>minima</strong></span> <span class='ocrx_word' id='word_1_233' title='bbox 1789 4473 1883 4533; x_wconf 88' lang='lat' dir='ltr'><strong>est</strong></span> <span class='ocrx_word' id='word_1_234' title='bbox 1907 4490 1921 4532; x_wconf 92' lang='lat'>:</span> <span class='ocrx_word' id='word_1_235' title='bbox 1948 4469 2197 4536; x_wconf 73' lang='lat' dir='ltr'><strong>Excita</strong></span> <span class='ocrx_word' id='word_1_236' title='bbox 2221 4485 2316 4536; x_wconf 87' lang='lat' dir='ltr'><strong>er-</strong></span> 
     </span>
     <span class='ocr_line' id='line_1_39' title="bbox 780 4575 2316 4666; baseline -0.002 -24"><span class='ocrx_word' id='word_1_237' title='bbox 780 4590 858 4657; x_wconf 73' lang='lat' dir='ltr'><strong>qo</strong></span> <span class='ocrx_word' id='word_1_238' title='bbox 880 4578 1233 4658; x_wconf 80' lang='lat' dir='ltr'><strong>potentiam</strong></span> <span class='ocrx_word' id='word_1_239' title='bbox 1260 4582 1437 4643; x_wconf 85' lang='lat' dir='ltr'><strong>tuam</strong></span> <span class='ocrx_word' id='word_1_240' title='bbox 1456 4625 1477 4655; x_wconf 89' lang='lat'><strong>,</strong></span> <span class='ocrx_word' id='word_1_241' title='bbox 1522 4581 1642 4641; x_wconf 88' lang='lat' dir='ltr'><strong>etc.</strong></span> <span class='ocrx_word' id='word_1_242' title='bbox 1672 4575 1814 4641; x_wconf 90' lang='lat' dir='ltr'><strong>Non</strong></span> <span class='ocrx_word' id='word_1_243' title='bbox 1857 4576 2047 4666; x_wconf 80' lang='lat' dir='ltr'><strong>dicit:</strong></span> <span class='ocrx_word' id='word_1_244' title='bbox 2095 4575 2316 4641; x_wconf 87' lang='lat' dir='ltr'><strong>Excita</strong></span> 
     </span>
     <span class='ocr_line' id='line_1_40' title="bbox 782 4684 2317 4767; baseline 0.001 -19"><span class='ocrx_word' id='word_1_245' title='bbox 782 4684 1158 4767; x_wconf 77' lang='lat' dir='ltr'><strong>sapientiam</strong></span> <span class='ocrx_word' id='word_1_246' title='bbox 1183 4690 1384 4765; x_wconf 87' lang='lat' dir='ltr'><strong>tuam,</strong></span> <span class='ocrx_word' id='word_1_247' title='bbox 1406 4684 1511 4752; x_wconf 80' lang='lat' dir='ltr'><strong>vel</strong></span> <span class='ocrx_word' id='word_1_248' title='bbox 1526 4685 2053 4764; x_wconf 85' lang='lat' dir='ltr'><strong>misericordiam,</strong></span> <span class='ocrx_word' id='word_1_249' title='bbox 2072 4685 2317 4767; x_wconf 87' lang='lat' dir='ltr'><strong>veljus-</strong></span> 
     </span>
     <span class='ocr_line' id='line_1_41' title="bbox 782 4791 2312 4872; baseline 0.001 -16"><span class='ocrx_word' id='word_1_250' title='bbox 782 4792 988 4856; x_wconf 84' lang='lat' dir='ltr'><strong>titiam</strong></span> <span class='ocrx_word' id='word_1_251' title='bbox 1011 4798 1221 4871; x_wconf 92' lang='lat' dir='ltr'><strong>tuam;</strong></span> <span class='ocrx_word' id='word_1_252' title='bbox 1250 4793 1356 4856; x_wconf 89' lang='lat' dir='ltr'><strong>sed</strong></span> <span class='ocrx_word' id='word_1_253' title='bbox 1384 4795 1601 4856; x_wconf 90' lang='lat' dir='ltr'><strong>tamen</strong></span> <span class='ocrx_word' id='word_1_254' title='bbox 1626 4791 2099 4856; x_wconf 83' lang='lat' dir='ltr'><strong>liberalissimus</strong></span> <span class='ocrx_word' id='word_1_255' title='bbox 2124 4791 2312 4872; x_wconf 90' lang='lat' dir='ltr'><strong>Deus,</strong></span> 
     </span>
     <span class='ocr_line' id='line_1_42' title="bbox 783 4896 2315 4983; baseline 0.003 -22"><span class='ocrx_word' id='word_1_256' title='bbox 783 4896 928 4980; x_wconf 89' lang='lat' dir='ltr'><strong>plus</strong></span> <span class='ocrx_word' id='word_1_257' title='bbox 963 4900 1114 4964; x_wconf 88' lang='lat' dir='ltr'><strong>dare</strong></span> <span class='ocrx_word' id='word_1_258' title='bbox 1157 4899 1379 4964; x_wconf 88' lang='lat' dir='ltr'><strong>solitus</strong></span> <span class='ocrx_word' id='word_1_259' title='bbox 1415 4917 1609 4983; x_wconf 88' lang='lat' dir='ltr'><strong>quam</strong></span> <span class='ocrx_word' id='word_1_260' title='bbox 1647 4903 1928 4982; x_wconf 86' lang='lat' dir='ltr'><strong>petatur,</strong></span> <span class='ocrx_word' id='word_1_261' title='bbox 1956 4899 2132 4965; x_wconf 86' lang='lat' dir='ltr'><strong>venit</strong></span> <span class='ocrx_word' id='word_1_262' title='bbox 2168 4919 2315 4965; x_wconf 88' lang='lat' dir='ltr'><strong>cum</strong></span> 
     </span>
     <span class='ocr_line' id='line_1_43' title="bbox 785 5006 2317 5089; baseline 0.001 -17"><span class='ocrx_word' id='word_1_263' title='bbox 785 5008 1082 5073; x_wconf 90' lang='lat' dir='ltr'><strong>omnibus</strong></span> <span class='ocrx_word' id='word_1_264' title='bbox 1097 5007 1256 5072; x_wconf 87' lang='lat' dir='ltr'><strong>istis.</strong></span> <span class='ocrx_word' id='word_1_265' title='bbox 1282 5006 1469 5072; x_wconf 86' lang='lat' dir='ltr'><strong>Venit</strong></span> <span class='ocrx_word' id='word_1_266' title='bbox 1509 5006 1683 5070; x_wconf 91' lang='lat' dir='ltr'><strong>enim</strong></span> <span class='ocrx_word' id='word_1_267' title='bbox 1728 5024 1876 5071; x_wconf 86' lang='lat' dir='ltr'><strong>cum</strong></span> <span class='ocrx_word' id='word_1_268' title='bbox 1919 5007 2226 5089; x_wconf 85' lang='lat' dir='ltr'><strong>potentia,</strong></span> <span class='ocrx_word' id='word_1_269' title='bbox 2255 5013 2317 5073; x_wconf 88' lang='lat' dir='ltr'><strong>et</strong></span> 
     </span>
    </p>

    <p class='ocr_par' dir='ltr' id='par_1_7' title="bbox 781 5166 2318 5378">
     <span class='ocr_line' id='line_1_44' title="bbox 846 5166 2317 5233; baseline 0 -14"><span class='ocrx_word' id='word_1_270' title='bbox 846 5168 865 5204; x_wconf 90' lang='lat'><strong>¹</strong></span> <span class='ocrx_word' id='word_1_271' title='bbox 900 5170 1050 5233; x_wconf 75' lang='grc' dir='ltr'><strong>Δ99.,</strong></span> <span class='ocrx_word' id='word_1_272' title='bbox 1085 5180 1154 5233; x_wconf 84' lang='grc'><strong>11,</strong></span> <span class='ocrx_word' id='word_1_273' title='bbox 1180 5170 1238 5230; x_wconf 85' lang='grc'><strong>7,</strong></span> <span class='ocrx_word' id='word_1_274' title='bbox 1277 5170 1324 5219; x_wconf 90' lang='grc'><strong>8.</strong></span> <span class='ocrx_word' id='word_1_275' title='bbox 1350 5183 1422 5206; x_wconf 83' lang='lat'><strong>·—</strong></span> <span class='ocrx_word' id='word_1_276' title='bbox 1448 5168 1472 5202; x_wconf 84' lang='lat'>²</span> <span class='ocrx_word' id='word_1_277' title='bbox 1497 5166 1708 5231; x_wconf 66' lang='lat' dir='ltr'><strong>Philip„</strong></span> <span class='ocrx_word' id='word_1_278' title='bbox 1739 5178 1830 5231; x_wconf 87' lang='grc'>111,</span> <span class='ocrx_word' id='word_1_279' title='bbox 1862 5171 1942 5218; x_wconf 81' lang='lat'><strong>21.</strong></span> <span class='ocrx_word' id='word_1_280' title='bbox 1969 5194 2033 5206; x_wconf 93' lang='lat'><em>-</em></span> <span class='ocrx_word' id='word_1_281' title='bbox 2068 5168 2087 5199; x_wconf 79' lang='lat'>⁸</span> <span class='ocrx_word' id='word_1_282' title='bbox 2118 5169 2231 5219; x_wconf 84' lang='lat' dir='ltr'><strong>vid.</strong></span> <span class='ocrx_word' id='word_1_283' title='bbox 2263 5170 2317 5219; x_wconf 92' lang='lat' dir='ltr'><strong>in</strong></span> 
     </span>
     <span class='ocr_line' id='line_1_45' title="bbox 782 5238 2317 5304; baseline 0.001 -15"><span class='ocrx_word' id='word_1_284' title='bbox 782 5238 919 5290; x_wconf 88' lang='lat' dir='ltr'><strong>idem</strong></span> <span class='ocrx_word' id='word_1_285' title='bbox 959 5242 1152 5303; x_wconf 80' lang='lat' dir='ltr'><strong>Evang.</strong></span> <span class='ocrx_word' id='word_1_286' title='bbox 1188 5252 1344 5293; x_wconf 84' lang='lat' dir='ltr'><strong>serm.</strong></span> <span class='ocrx_word' id='word_1_287' title='bbox 1381 5250 1477 5299; x_wconf 86' lang='grc'>111,</span> <span class='ocrx_word' id='word_1_288' title='bbox 1506 5238 1571 5289; x_wconf 88' lang='lat' dir='ltr'><strong>de</strong></span> <span class='ocrx_word' id='word_1_289' title='bbox 1611 5238 1879 5290; x_wconf 89' lang='lat' dir='ltr'><strong>Dominica</strong></span> <span class='ocrx_word' id='word_1_290' title='bbox 1917 5239 2001 5288; x_wconf 83' lang='grc'>111.</span> <span class='ocrx_word' id='word_1_291' title='bbox 2037 5239 2317 5304; x_wconf 79' lang='lat' dir='ltr'><strong>Adventus,</strong></span> 
     </span>
     <span class='ocr_line' id='line_1_46' title="bbox 781 5311 2318 5378; baseline 0.001 -17"><span class='ocrx_word' id='word_1_292' title='bbox 781 5311 1005 5378; x_wconf 86' lang='lat' dir='ltr'><strong>itemque</strong></span> <span class='ocrx_word' id='word_1_293' title='bbox 1042 5325 1197 5363; x_wconf 88' lang='lat' dir='ltr'><strong>serm.</strong></span> <span class='ocrx_word' id='word_1_294' title='bbox 1238 5324 1337 5377; x_wconf 87' lang='lat'><strong>111,</strong></span> <span class='ocrx_word' id='word_1_295' title='bbox 1367 5312 1431 5362; x_wconf 87' lang='lat' dir='ltr'><strong>de</strong></span> <span class='ocrx_word' id='word_1_296' title='bbox 1469 5311 1674 5362; x_wconf 89' lang='lat' dir='ltr'><strong>Domin.</strong></span> <span class='ocrx_word' id='word_1_297' title='bbox 1719 5312 1806 5364; x_wconf 76' lang='grc' dir='ltr'><strong>Ν.</strong></span> <span class='ocrx_word' id='word_1_298' title='bbox 1831 5338 1895 5349; x_wconf 91' lang='grc'><strong>-</strong></span> <span class='ocrx_word' id='word_1_299' title='bbox 1920 5311 1944 5348; x_wconf 74' lang='lat'>⁸</span> <span class='ocrx_word' id='word_1_300' title='bbox 1977 5313 2125 5364; x_wconf 86' lang='lat' dir='ltr'><strong>Hunc</strong></span> <span class='ocrx_word' id='word_1_301' title='bbox 2162 5317 2213 5363; x_wconf 90' lang='lat' dir='ltr'><strong>et</strong></span> <span class='ocrx_word' id='word_1_302' title='bbox 2244 5326 2318 5363; x_wconf 87' lang='lat' dir='ltr'><strong>se-</strong></span> 
     </span>
    </p>
   </div>
   <div class='ocr_carea' id='block_1_6' title="bbox 781 5382 2318 5521">
    <p class='ocr_par' dir='ltr' id='par_1_8' title="bbox 781 5382 2318 5521">
     <span class='ocr_line' id='line_1_47' title="bbox 781 5382 2318 5448; baseline 0.001 -15"><span class='ocrx_word' id='word_1_303' title='bbox 781 5387 1021 5446; x_wconf 84' lang='lat' dir='ltr'><strong>quentes,</strong></span> <span class='ocrx_word' id='word_1_304' title='bbox 1046 5395 1139 5444; x_wconf 86' lang='lat'><strong>111,</strong></span> <span class='ocrx_word' id='word_1_305' title='bbox 1167 5394 1218 5435; x_wconf 88' lang='lat' dir='ltr'><strong>1v</strong></span> <span class='ocrx_word' id='word_1_306' title='bbox 1256 5387 1307 5434; x_wconf 85' lang='lat' dir='ltr'><strong>et</strong></span> <span class='ocrx_word' id='word_1_307' title='bbox 1340 5396 1391 5448; x_wconf 85' lang='lat' dir='ltr'><strong>v,</strong></span> <span class='ocrx_word' id='word_1_308' title='bbox 1427 5382 1583 5433; x_wconf 86' lang='lat' dir='ltr'><strong>habet</strong></span> <span class='ocrx_word' id='word_1_309' title='bbox 1610 5383 1731 5435; x_wconf 86' lang='lat' dir='ltr'><strong>edit.</strong></span> <span class='ocrx_word' id='word_1_310' title='bbox 1760 5382 1927 5444; x_wconf 82' lang='lat' dir='ltr'><strong>Paris,</strong></span> <span class='ocrx_word' id='word_1_311' title='bbox 1964 5398 2050 5436; x_wconf 88' lang='lat' dir='ltr'><strong>an.</strong></span> <span class='ocrx_word' id='word_1_312' title='bbox 2092 5387 2234 5436; x_wconf 79' lang='lat'><strong>1521.</strong></span> <span class='ocrx_word' id='word_1_313' title='bbox 2257 5411 2318 5424; x_wconf 88' lang='lat'>—</span> 
     </span>
     <span class='ocr_line' id='line_1_48' title="bbox 782 5452 2318 5521; baseline -0.003 -11"><span class='ocrx_word' id='word_1_314' title='bbox 782 5452 801 5484; x_wconf 84' lang='lat'>⁸</span> <span class='ocrx_word' id='word_1_315' title='bbox 831 5454 971 5510; x_wconf 75' lang='lat' dir='ltr'><strong>Psat.</strong></span> <span class='ocrx_word' id='word_1_316' title='bbox 999 5466 1188 5517; x_wconf 72' lang='lat' dir='ltr'><strong>unx,</strong></span> <span class='ocrx_word' id='word_1_317' title='bbox 1224 5459 1273 5505; x_wconf 83' lang='grc'><strong>3.</strong></span> <span class='ocrx_word' id='word_1_318' title='bbox 1300 5479 1365 5493; x_wconf 92' lang='lat'><strong>--</strong></span> <span class='ocrx_word' id='word_1_319' title='bbox 1399 5457 1418 5487; x_wconf 82' lang='lat'>⁶</span> <span class='ocrx_word' id='word_1_320' title='bbox 1457 5454 1662 5516; x_wconf 67' lang='lat' dir='ltr'><strong>unuh„</strong></span> <span class='ocrx_word' id='word_1_321' title='bbox 1693 5466 1816 5518; x_wconf 83' lang='lat' dir='ltr'><strong>vm,</strong></span> <span class='ocrx_word' id='word_1_322' title='bbox 1843 5459 1921 5507; x_wconf 80' lang='lat'><strong>29.</strong></span> <span class='ocrx_word' id='word_1_323' title='bbox 1962 5482 2025 5493; x_wconf 92' lang='lat'><strong>-—</strong></span> <span class='ocrx_word' id='word_1_324' title='bbox 2069 5457 2086 5488; x_wconf 79' lang='lat'>⁷</span> <span class='ocrx_word' id='word_1_325' title='bbox 2122 5458 2141 5506; x_wconf 88' lang='lat' dir='ltr'><strong>l</strong></span> <span class='ocrx_word' id='word_1_326' title='bbox 2182 5458 2318 5521; x_wconf 61' lang='lat' dir='ltr'><strong>Req„</strong></span> 
     </span>
    </p>
   </div>
   <div class='ocr_carea' id='block_1_7' title="bbox 1850 471 2842 546">
    <p class='ocr_par' dir='ltr' id='par_1_9' title="bbox 1850 471 2842 546">
     <span class='ocr_line' id='line_1_49' title="bbox 1850 471 2842 546; baseline 0.002 -2"><span class='ocrx_word' id='word_1_327' title='bbox 1850 471 2265 544; x_wconf 81' lang='lat' dir='ltr'><strong>SERMONES</strong></span> <span class='ocrx_word' id='word_1_328' title='bbox 2306 474 2408 543; x_wconf 82' lang='lat' dir='ltr'><strong>DE</strong></span> <span class='ocrx_word' id='word_1_329' title='bbox 2449 475 2842 546; x_wconf 84' lang='lat' dir='ltr'><strong>TEMPORE.</strong></span> 
     </span>
    </p>
   </div>
   <div class='ocr_carea' id='block_1_8' title="bbox 2397 613 3963 4986">
    <p class='ocr_par' dir='ltr' id='par_1_10' title="bbox 2397 613 3906 1016">
     <span class='ocr_line' id='line_1_50' title="bbox 2403 613 3902 699; baseline 0.001 -22"><span class='ocrx_word' id='word_1_330' title='bbox 2403 614 2747 697; x_wconf 88' lang='lat' dir='ltr'><strong>sapientia,</strong></span> <span class='ocrx_word' id='word_1_331' title='bbox 2776 620 2840 681; x_wconf 90' lang='lat' dir='ltr'><strong>et</strong></span> <span class='ocrx_word' id='word_1_332' title='bbox 2867 614 3330 695; x_wconf 87' lang='lat' dir='ltr'><strong>misericordia,</strong></span> <span class='ocrx_word' id='word_1_333' title='bbox 3363 616 3426 680; x_wconf 88' lang='lat' dir='ltr'><strong>et</strong></span> <span class='ocrx_word' id='word_1_334' title='bbox 3444 613 3705 699; x_wconf 88' lang='lat' dir='ltr'><strong>justitia.</strong></span> <span class='ocrx_word' id='word_1_335' title='bbox 3735 613 3902 682; x_wconf 77' lang='lat' dir='ltr'><strong>Venit</strong></span> 
     </span>
     <span class='ocr_line' id='line_1_51' title="bbox 2404 722 3906 805; baseline 0.001 -21"><span class='ocrx_word' id='word_1_336' title='bbox 2404 738 2552 786; x_wconf 92' lang='lat' dir='ltr'><strong>cum</strong></span> <span class='ocrx_word' id='word_1_337' title='bbox 2602 724 2882 805; x_wconf 87' lang='lat' dir='ltr'><strong>potentia</strong></span> <span class='ocrx_word' id='word_1_338' title='bbox 2919 722 3212 788; x_wconf 81' lang='lat' dir='ltr'><strong>vincendi</strong></span> <span class='ocrx_word' id='word_1_339' title='bbox 3227 771 3249 802; x_wconf 88' lang='lat'><strong>,</strong></span> <span class='ocrx_word' id='word_1_340' title='bbox 3291 740 3439 787; x_wconf 91' lang='lat' dir='ltr'><strong>cum</strong></span> <span class='ocrx_word' id='word_1_341' title='bbox 3479 722 3777 805; x_wconf 88' lang='lat' dir='ltr'><strong>sapientia</strong></span> <span class='ocrx_word' id='word_1_342' title='bbox 3812 724 3906 788; x_wconf 93' lang='lat' dir='ltr'><strong>do-</strong></span> 
     </span>
     <span class='ocr_line' id='line_1_52' title="bbox 2404 827 3906 910; baseline 0.001 -19"><span class='ocrx_word' id='word_1_343' title='bbox 2404 827 2584 891; x_wconf 87' lang='lat' dir='ltr'><strong>cendi</strong></span> <span class='ocrx_word' id='word_1_344' title='bbox 2599 876 2619 908; x_wconf 92' lang='lat'><strong>,</strong></span> <span class='ocrx_word' id='word_1_345' title='bbox 2665 848 2813 893; x_wconf 92' lang='lat' dir='ltr'><strong>cum</strong></span> <span class='ocrx_word' id='word_1_346' title='bbox 2851 828 3283 895; x_wconf 85' lang='lat' dir='ltr'><strong>misericordia</strong></span> <span class='ocrx_word' id='word_1_347' title='bbox 3327 829 3727 910; x_wconf 83' lang='lat' dir='ltr'><strong>ignoscendi,</strong></span> <span class='ocrx_word' id='word_1_348' title='bbox 3773 848 3906 894; x_wconf 90' lang='lat' dir='ltr'><strong>cum</strong></span> 
     </span>
     <span class='ocr_line' id='line_1_53' title="bbox 2397 935 3113 1016; baseline 0.006 -20"><span class='ocrx_word' id='word_1_349' title='bbox 2397 935 2647 1016; x_wconf 85' lang='lat' dir='ltr'><strong>justitia</strong></span> <span class='ocrx_word' id='word_1_350' title='bbox 2672 936 3113 1001; x_wconf 84' lang='lat' dir='ltr'><strong>satisfaciendi.</strong></span> 
     </span>
    </p>

    <p class='ocr_par' dir='ltr' id='par_1_11' title="bbox 2405 1041 3946 3482">
     <span class='ocr_line' id='line_1_54' title="bbox 2487 1041 3913 1125; baseline 0.001 -19"><span class='ocrx_word' id='word_1_351' title='bbox 2487 1041 2572 1106; x_wconf 89' lang='lat' dir='ltr'><strong>De</strong></span> <span class='ocrx_word' id='word_1_352' title='bbox 2618 1043 2827 1125; x_wconf 92' lang='lat' dir='ltr'><strong>primo</strong></span> <span class='ocrx_word' id='word_1_353' title='bbox 2867 1044 3095 1108; x_wconf 87' lang='lat' dir='ltr'><strong>dicitur</strong></span> <span class='ocrx_word' id='word_1_354' title='bbox 3123 1043 3231 1108; x_wconf 89' lang='lat' dir='ltr'><strong>hic</strong></span> <span class='ocrx_word' id='word_1_355' title='bbox 3258 1066 3273 1108; x_wconf 90' lang='lat'>:</span> <span class='ocrx_word' id='word_1_356' title='bbox 3309 1045 3558 1111; x_wconf 78' lang='lat' dir='ltr'><strong>Eoecita</strong></span> <span class='ocrx_word' id='word_1_357' title='bbox 3591 1044 3913 1125; x_wconf 76' lang='lat' dir='ltr'><strong>potentiam</strong></span> 
     </span>
     <span class='ocr_line' id='line_1_55' title="bbox 2406 1149 3912 1234; baseline -0.003 -17"><span class='ocrx_word' id='word_1_358' title='bbox 2406 1155 2586 1217; x_wconf 81' lang='lat' dir='ltr'><strong>tuam</strong></span> <span class='ocrx_word' id='word_1_359' title='bbox 2606 1170 2630 1212; x_wconf 92' lang='lat'><strong>.·</strong></span> <span class='ocrx_word' id='word_1_360' title='bbox 2649 1151 2994 1233; x_wconf 89' lang='lat' dir='ltr'><strong>potentiam</strong></span> <span class='ocrx_word' id='word_1_361' title='bbox 3020 1152 3242 1234; x_wconf 86' lang='lat' dir='ltr'><strong>utique</strong></span> <span class='ocrx_word' id='word_1_362' title='bbox 3267 1150 3562 1215; x_wconf 85' lang='lat' dir='ltr'><strong>vincendi</strong></span> <span class='ocrx_word' id='word_1_363' title='bbox 3588 1149 3912 1228; x_wconf 79' lang='lat' dir='ltr'><strong>daemoneS,</strong></span> 
     </span>
     <span class='ocr_line' id='line_1_56' title="bbox 2406 1255 3916 1341; baseline 0.001 -21"><span class='ocrx_word' id='word_1_364' title='bbox 2406 1274 2603 1341; x_wconf 85' lang='lat' dir='ltr'><strong>quam</strong></span> <span class='ocrx_word' id='word_1_365' title='bbox 2630 1261 2693 1321; x_wconf 89' lang='lat' dir='ltr'><strong>et</strong></span> <span class='ocrx_word' id='word_1_366' title='bbox 2720 1258 2839 1339; x_wconf 90' lang='lat' dir='ltr'><strong>ipsi</strong></span> <span class='ocrx_word' id='word_1_367' title='bbox 2869 1257 3201 1323; x_wconf 88' lang='lat' dir='ltr'><strong>timebant.</strong></span> <span class='ocrx_word' id='word_1_368' title='bbox 3230 1259 3253 1294; x_wconf 81' lang='lat'>⁸</span> <span class='ocrx_word' id='word_1_369' title='bbox 3284 1257 3450 1332; x_wconf 83' lang='lat' dir='ltr'><strong>Quid</strong></span> <span class='ocrx_word' id='word_1_370' title='bbox 3473 1255 3655 1323; x_wconf 79' lang='lat' dir='ltr'><strong>nobis</strong></span> <span class='ocrx_word' id='word_1_371' title='bbox 3686 1262 3744 1324; x_wconf 83' lang='lat' dir='ltr'><strong>et</strong></span> <span class='ocrx_word' id='word_1_372' title='bbox 3770 1256 3916 1334; x_wconf 85' lang='lat' dir='ltr'><strong>tibi,</strong></span> 
     </span>
     <span class='ocr_line' id='line_1_57' title="bbox 2405 1365 3919 1447; baseline -0.001 -17"><span class='ocrx_word' id='word_1_373' title='bbox 2405 1369 2560 1432; x_wconf 84' lang='lat' dir='ltr'><strong>Jesu</strong></span> <span class='ocrx_word' id='word_1_374' title='bbox 2587 1365 2691 1445; x_wconf 76' lang='lat' dir='ltr'><strong>fili</strong></span> <span class='ocrx_word' id='word_1_375' title='bbox 2725 1366 2841 1431; x_wconf 87' lang='lat' dir='ltr'><strong>Dei</strong></span> <span class='ocrx_word' id='word_1_376' title='bbox 2862 1366 2896 1430; x_wconf 74' lang='lat' dir='ltr'>P</span> <span class='ocrx_word' id='word_1_377' title='bbox 2921 1365 3162 1431; x_wconf 81' lang='lat' dir='ltr'><strong>venisti</strong></span> <span class='ocrx_word' id='word_1_378' title='bbox 3196 1365 3315 1431; x_wconf 83' lang='lat' dir='ltr'><strong>huc</strong></span> <span class='ocrx_word' id='word_1_379' title='bbox 3358 1370 3504 1432; x_wconf 78' lang='lat' dir='ltr'><strong>ante</strong></span> <span class='ocrx_word' id='word_1_380' title='bbox 3534 1370 3773 1447; x_wconf 81' lang='lat' dir='ltr'><strong>tempus</strong></span> <span class='ocrx_word' id='word_1_381' title='bbox 3798 1369 3919 1429; x_wconf 79' lang='lat' dir='ltr'><strong>tor·</strong></span> 
     </span>
     <span class='ocr_line' id='line_1_58' title="bbox 2407 1471 3922 1555; baseline -0.004 -16"><span class='ocrx_word' id='word_1_382' title='bbox 2407 1489 2591 1555; x_wconf 82' lang='lat' dir='ltr'><strong>quere</strong></span> <span class='ocrx_word' id='word_1_383' title='bbox 2616 1489 2755 1539; x_wconf 83' lang='lat' dir='ltr'><strong>nos.</strong></span> <span class='ocrx_word' id='word_1_384' title='bbox 2787 1471 2984 1554; x_wconf 83' lang='lat' dir='ltr'><strong>Legio</strong></span> <span class='ocrx_word' id='word_1_385' title='bbox 3009 1472 3187 1538; x_wconf 90' lang='lat' dir='ltr'><strong>enim</strong></span> <span class='ocrx_word' id='word_1_386' title='bbox 3221 1473 3380 1553; x_wconf 84' lang='lat' dir='ltr'><strong>fuit,</strong></span> <span class='ocrx_word' id='word_1_387' title='bbox 3412 1472 3574 1536; x_wconf 90' lang='lat' dir='ltr'><strong>sicut</strong></span> <span class='ocrx_word' id='word_1_388' title='bbox 3600 1471 3708 1535; x_wconf 88' lang='lat' dir='ltr'><strong>alii</strong></span> <span class='ocrx_word' id='word_1_389' title='bbox 3736 1488 3922 1536; x_wconf 87' lang='lat' dir='ltr'><strong>evan·</strong></span> 
     </span>
     <span class='ocr_line' id='line_1_59' title="bbox 2407 1577 3922 1663; baseline -0.003 -18"><span class='ocrx_word' id='word_1_390' title='bbox 2407 1581 2651 1663; x_wconf 82' lang='lat' dir='ltr'><strong>gelistae</strong></span> <span class='ocrx_word' id='word_1_391' title='bbox 2678 1581 2932 1660; x_wconf 86' lang='lat' dir='ltr'><strong>dicunt,</strong></span> <span class='ocrx_word' id='word_1_392' title='bbox 2983 1598 3131 1663; x_wconf 83' lang='lat' dir='ltr'><strong>quae</strong></span> <span class='ocrx_word' id='word_1_393' title='bbox 3168 1579 3336 1644; x_wconf 87' lang='lat' dir='ltr'><strong>istud</strong></span> <span class='ocrx_word' id='word_1_394' title='bbox 3363 1578 3799 1662; x_wconf 89' lang='lat' dir='ltr'><strong>conquerendo</strong></span> <span class='ocrx_word' id='word_1_395' title='bbox 3835 1577 3922 1641; x_wconf 89' lang='lat' dir='ltr'><strong>di·</strong></span> 
     </span>
     <span class='ocr_line' id='line_1_60' title="bbox 2408 1682 3925 1766; baseline -0.003 -13"><span class='ocrx_word' id='word_1_396' title='bbox 2408 1689 2510 1754; x_wconf 91' lang='lat' dir='ltr'><strong>cit.</strong></span> <span class='ocrx_word' id='word_1_397' title='bbox 2542 1687 2710 1755; x_wconf 90' lang='lat' dir='ltr'><strong>Bene</strong></span> <span class='ocrx_word' id='word_1_398' title='bbox 2737 1694 2950 1754; x_wconf 88' lang='lat' dir='ltr'><strong>autem</strong></span> <span class='ocrx_word' id='word_1_399' title='bbox 2978 1688 3128 1753; x_wconf 89' lang='lat' dir='ltr'><strong>dicit</strong></span> <span class='ocrx_word' id='word_1_400' title='bbox 3159 1708 3174 1750; x_wconf 88' lang='lat'><strong>:</strong></span> <span class='ocrx_word' id='word_1_401' title='bbox 3216 1688 3469 1754; x_wconf 78' lang='lat' dir='ltr'><strong>Venisti</strong></span> <span class='ocrx_word' id='word_1_402' title='bbox 3496 1687 3652 1766; x_wconf 81' lang='lat' dir='ltr'><strong>huc,</strong></span> <span class='ocrx_word' id='word_1_403' title='bbox 3678 1690 3796 1750; x_wconf 74' lang='lat' dir='ltr'><strong>etc.</strong></span> <span class='ocrx_word' id='word_1_404' title='bbox 3819 1682 3925 1750; x_wconf 77' lang='lat' dir='ltr'><strong>Ve-</strong></span> 
     </span>
     <span class='ocr_line' id='line_1_61' title="bbox 2410 1791 3923 1879; baseline -0.003 -19"><span class='ocrx_word' id='word_1_405' title='bbox 2410 1797 2503 1860; x_wconf 85' lang='lat' dir='ltr'><strong>nit</strong></span> <span class='ocrx_word' id='word_1_406' title='bbox 2520 1797 2689 1861; x_wconf 92' lang='lat' dir='ltr'><strong>enim</strong></span> <span class='ocrx_word' id='word_1_407' title='bbox 2718 1800 3014 1879; x_wconf 84' lang='lat' dir='ltr'><strong>torquere</strong></span> <span class='ocrx_word' id='word_1_408' title='bbox 3035 1812 3144 1859; x_wconf 90' lang='lat' dir='ltr'><strong>eos</strong></span> <span class='ocrx_word' id='word_1_409' title='bbox 3164 1794 3232 1858; x_wconf 93' lang='lat' dir='ltr'><strong>in</strong></span> <span class='ocrx_word' id='word_1_410' title='bbox 3249 1793 3490 1858; x_wconf 89' lang='lat' dir='ltr'><strong>mundo</strong></span> <span class='ocrx_word' id='word_1_411' title='bbox 3507 1791 3923 1876; x_wconf 83' lang='lat' dir='ltr'><strong>corporaliter,</strong></span> 
     </span>
     <span class='ocr_line' id='line_1_62' title="bbox 2412 1900 3930 1986; baseline -0.005 -18"><span class='ocrx_word' id='word_1_412' title='bbox 2412 1908 2474 1968; x_wconf 91' lang='lat' dir='ltr'><strong>et</strong></span> <span class='ocrx_word' id='word_1_413' title='bbox 2489 1902 2797 1986; x_wconf 88' lang='lat' dir='ltr'><strong>ejiciendo</strong></span> <span class='ocrx_word' id='word_1_414' title='bbox 2810 1902 3220 1984; x_wconf 86' lang='lat' dir='ltr'><strong>spiritualiter</strong></span> <span class='ocrx_word' id='word_1_415' title='bbox 3234 1922 3251 1978; x_wconf 89' lang='lat'>;</span> <span class='ocrx_word' id='word_1_416' title='bbox 3275 1900 3346 1963; x_wconf 91' lang='lat' dir='ltr'><strong>in</strong></span> <span class='ocrx_word' id='word_1_417' title='bbox 3365 1901 3636 1978; x_wconf 86' lang='lat' dir='ltr'><strong>infern0,</strong></span> <span class='ocrx_word' id='word_1_418' title='bbox 3661 1900 3930 1981; x_wconf 86' lang='lat' dir='ltr'><strong>captivos</strong></span> 
     </span>
     <span class='ocr_line' id='line_1_63' title="bbox 2413 2004 3921 2090; baseline -0.005 -16"><span class='ocrx_word' id='word_1_419' title='bbox 2413 2009 2785 2088; x_wconf 74' lang='lat' dir='ltr'><strong>auferendo;</strong></span> <span class='ocrx_word' id='word_1_420' title='bbox 2833 2009 2901 2072; x_wconf 91' lang='lat' dir='ltr'><strong>in</strong></span> <span class='ocrx_word' id='word_1_421' title='bbox 2940 2007 3177 2090; x_wconf 87' lang='lat' dir='ltr'><strong>judicio</strong></span> <span class='ocrx_word' id='word_1_422' title='bbox 3192 2056 3213 2086; x_wconf 90' lang='lat'><strong>,</strong></span> <span class='ocrx_word' id='word_1_423' title='bbox 3265 2007 3518 2090; x_wconf 79' lang='lat' dir='ltr'><strong>plenius</strong></span> <span class='ocrx_word' id='word_1_424' title='bbox 3553 2004 3921 2072; x_wconf 89' lang='lat' dir='ltr'><strong>damnando.</strong></span> 
     </span>
     <span class='ocr_line' id='line_1_64' title="bbox 2414 2113 3930 2182; baseline -0.005 0"><span class='ocrx_word' id='word_1_425' title='bbox 2414 2116 2485 2182; x_wconf 89' lang='lat' dir='ltr'><strong>Si</strong></span> <span class='ocrx_word' id='word_1_426' title='bbox 2500 2122 2591 2182; x_wconf 88' lang='lat' dir='ltr'><strong>tot</strong></span> <span class='ocrx_word' id='word_1_427' title='bbox 2613 2116 2812 2181; x_wconf 88' lang='lat' dir='ltr'><strong>millia</strong></span> <span class='ocrx_word' id='word_1_428' title='bbox 2835 2120 3261 2181; x_wconf 82' lang='lat' dir='ltr'><strong>convenerant</strong></span> <span class='ocrx_word' id='word_1_429' title='bbox 3282 2116 3363 2179; x_wconf 89' lang='lat' dir='ltr'><strong>ad</strong></span> <span class='ocrx_word' id='word_1_430' title='bbox 3384 2113 3790 2180; x_wconf 82' lang='lat' dir='ltr'><strong>vexationem</strong></span> <span class='ocrx_word' id='word_1_431' title='bbox 3807 2129 3930 2176; x_wconf 85' lang='lat' dir='ltr'><strong>cor-</strong></span> 
     </span>
     <span class='ocr_line' id='line_1_65' title="bbox 2413 2220 3927 2307; baseline -0.003 -19"><span class='ocrx_word' id='word_1_432' title='bbox 2413 2226 2586 2307; x_wconf 90' lang='lat' dir='ltr'><strong>poris</strong></span> <span class='ocrx_word' id='word_1_433' title='bbox 2606 2272 2625 2303; x_wconf 94' lang='lat'><strong>,</strong></span> <span class='ocrx_word' id='word_1_434' title='bbox 2657 2227 2816 2306; x_wconf 87' lang='lat' dir='ltr'><strong>quot</strong></span> <span class='ocrx_word' id='word_1_435' title='bbox 2841 2223 3042 2287; x_wconf 89' lang='lat' dir='ltr'><strong>millia</strong></span> <span class='ocrx_word' id='word_1_436' title='bbox 3068 2224 3265 2288; x_wconf 87' lang='lat' dir='ltr'><strong>credis</strong></span> <span class='ocrx_word' id='word_1_437' title='bbox 3304 2222 3521 2286; x_wconf 85' lang='lat' dir='ltr'><strong>venire</strong></span> <span class='ocrx_word' id='word_1_438' title='bbox 3548 2220 3627 2285; x_wconf 86' lang='lat' dir='ltr'><strong>ad</strong></span> <span class='ocrx_word' id='word_1_439' title='bbox 3655 2221 3927 2286; x_wconf 86' lang='lat' dir='ltr'><strong>vexatio·</strong></span> 
     </span>
     <span class='ocr_line' id='line_1_66' title="bbox 2413 2324 3934 2409; baseline -0.004 -14"><span class='ocrx_word' id='word_1_440' title='bbox 2413 2349 2562 2395; x_wconf 85' lang='lat' dir='ltr'><strong>nem</strong></span> <span class='ocrx_word' id='word_1_441' title='bbox 2605 2330 2836 2394; x_wconf 87' lang='lat' dir='ltr'><strong>animae</strong></span> <span class='ocrx_word' id='word_1_442' title='bbox 2881 2330 3198 2409; x_wconf 87' lang='lat' dir='ltr'><strong>usurarii,</strong></span> <span class='ocrx_word' id='word_1_443' title='bbox 3240 2326 3594 2407; x_wconf 88' lang='lat' dir='ltr'><strong>luxuriosi,</strong></span> <span class='ocrx_word' id='word_1_444' title='bbox 3646 2334 3712 2391; x_wconf 88' lang='lat' dir='ltr'><strong>et</strong></span> <span class='ocrx_word' id='word_1_445' title='bbox 3746 2324 3934 2391; x_wconf 85' lang='lat' dir='ltr'><strong>invidi</strong></span> 
     </span>
     <span class='ocr_line' id='line_1_67' title="bbox 2414 2433 3931 2503; baseline -0.003 -3"><span class='ocrx_word' id='word_1_446' title='bbox 2414 2438 2484 2500; x_wconf 90' lang='grc'><strong>111</strong></span> <span class='ocrx_word' id='word_1_447' title='bbox 2513 2443 2713 2503; x_wconf 89' lang='lat' dir='ltr'><strong>morte</strong></span> <span class='ocrx_word' id='word_1_448' title='bbox 2731 2439 2764 2500; x_wconf 72' lang='grc' dir='ltr'><strong>’ἲ</strong></span> <span class='ocrx_word' id='word_1_449' title='bbox 2794 2437 2951 2502; x_wconf 86' lang='lat' dir='ltr'><strong>Item</strong></span> <span class='ocrx_word' id='word_1_450' title='bbox 2977 2438 3031 2502; x_wconf 90' lang='lat' dir='ltr'><strong>si</strong></span> <span class='ocrx_word' id='word_1_451' title='bbox 3056 2441 3148 2501; x_wconf 89' lang='lat' dir='ltr'><strong>tot</strong></span> <span class='ocrx_word' id='word_1_452' title='bbox 3176 2436 3374 2501; x_wconf 89' lang='lat' dir='ltr'><strong>millia</strong></span> <span class='ocrx_word' id='word_1_453' title='bbox 3397 2454 3632 2500; x_wconf 86' lang='lat' dir='ltr'><strong>canum</strong></span> <span class='ocrx_word' id='word_1_454' title='bbox 3659 2433 3931 2498; x_wconf 81' lang='lat' dir='ltr'><strong>inferna·</strong></span> 
     </span>
     <span class='ocr_line' id='line_1_68' title="bbox 2414 2538 3937 2624; baseline -0.002 -18"><span class='ocrx_word' id='word_1_455' title='bbox 2414 2544 2573 2608; x_wconf 92' lang='lat' dir='ltr'><strong>lium</strong></span> <span class='ocrx_word' id='word_1_456' title='bbox 2591 2593 2607 2624; x_wconf 90' lang='lat'><strong>,</strong></span> <span class='ocrx_word' id='word_1_457' title='bbox 2650 2544 2715 2610; x_wconf 89' lang='lat' dir='ltr'><strong>id</strong></span> <span class='ocrx_word' id='word_1_458' title='bbox 2759 2547 2854 2608; x_wconf 88' lang='lat' dir='ltr'><strong>est</strong></span> <span class='ocrx_word' id='word_1_459' title='bbox 2897 2544 3262 2609; x_wconf 62' lang='lat' dir='ltr'><strong>daemonum</strong></span> <span class='ocrx_word' id='word_1_460' title='bbox 3279 2592 3299 2623; x_wconf 89' lang='lat'>‚</span> <span class='ocrx_word' id='word_1_461' title='bbox 3352 2543 3636 2608; x_wconf 88' lang='lat' dir='ltr'><strong>Christus</strong></span> <span class='ocrx_word' id='word_1_462' title='bbox 3692 2538 3937 2621; x_wconf 83' lang='lat' dir='ltr'><strong>fugavit</strong></span> 
     </span>
     <span class='ocr_line' id='line_1_69' title="bbox 2414 2645 3940 2734; baseline -0.001 -20"><span class='ocrx_word' id='word_1_463' title='bbox 2414 2650 2635 2731; x_wconf 87' lang='lat' dir='ltr'><strong>verbo,</strong></span> <span class='ocrx_word' id='word_1_464' title='bbox 2664 2652 2818 2734; x_wconf 90' lang='lat' dir='ltr'><strong>quid</strong></span> <span class='ocrx_word' id='word_1_465' title='bbox 2838 2651 3017 2717; x_wconf 79' lang='lat' dir='ltr'><strong>faciet</strong></span> <span class='ocrx_word' id='word_1_466' title='bbox 3033 2652 3259 2716; x_wconf 84' lang='lat' dir='ltr'><strong>baculo</strong></span> <span class='ocrx_word' id='word_1_467' title='bbox 3277 2669 3350 2715; x_wconf 92' lang='lat' dir='ltr'><strong>ac</strong></span> <span class='ocrx_word' id='word_1_468' title='bbox 3368 2669 3525 2714; x_wconf 88' lang='lat' dir='ltr'><strong>saxo</strong></span> <span class='ocrx_word' id='word_1_469' title='bbox 3537 2655 3564 2713; x_wconf 79' lang='lat' dir='ltr'><strong>‘l</strong></span> <span class='ocrx_word' id='word_1_470' title='bbox 3578 2656 3602 2692; x_wconf 81' lang='lat'>⁷</span> <span class='ocrx_word' id='word_1_471' title='bbox 3617 2645 3940 2730; x_wconf 80' lang='lat' dir='ltr'><strong>Numquid</strong></span> 
     </span>
     <span class='ocr_line' id='line_1_70' title="bbox 2416 2752 3940 2840; baseline -0.003 -18"><span class='ocrx_word' id='word_1_472' title='bbox 2416 2756 2601 2822; x_wconf 85' lang='lat' dir='ltr'><strong>canis</strong></span> <span class='ocrx_word' id='word_1_473' title='bbox 2626 2773 2733 2840; x_wconf 76' lang='lat' dir='ltr'><strong>eqo</strong></span> <span class='ocrx_word' id='word_1_474' title='bbox 2760 2773 2905 2823; x_wconf 85' lang='lat' dir='ltr'><strong>sum</strong></span> <span class='ocrx_word' id='word_1_475' title='bbox 2925 2807 2941 2838; x_wconf 90' lang='lat'>‚</span> <span class='ocrx_word' id='word_1_476' title='bbox 2966 2761 3123 2840; x_wconf 85' lang='lat' dir='ltr'><strong>quia</strong></span> <span class='ocrx_word' id='word_1_477' title='bbox 3151 2763 3222 2823; x_wconf 82' lang='lat' dir='ltr'><strong>tu</strong></span> <span class='ocrx_word' id='word_1_478' title='bbox 3243 2759 3422 2824; x_wconf 81' lang='lat' dir='ltr'><strong>venis</strong></span> <span class='ocrx_word' id='word_1_479' title='bbox 3442 2755 3532 2823; x_wconf 83' lang='lat' dir='ltr'><strong>ad</strong></span> <span class='ocrx_word' id='word_1_480' title='bbox 3555 2772 3651 2821; x_wconf 89' lang='lat' dir='ltr'><strong>me</strong></span> <span class='ocrx_word' id='word_1_481' title='bbox 3677 2770 3822 2821; x_wconf 89' lang='lat' dir='ltr'><strong>cum</strong></span> <span class='ocrx_word' id='word_1_482' title='bbox 3847 2752 3940 2817; x_wconf 87' lang='lat' dir='ltr'><strong>ba-</strong></span> 
     </span>
     <span class='ocr_line' id='line_1_71' title="bbox 2417 2860 3944 2942; baseline -0.004 -15"><span class='ocrx_word' id='word_1_483' title='bbox 2417 2864 2555 2929; x_wconf 87' lang='lat' dir='ltr'><strong>culo</strong></span> <span class='ocrx_word' id='word_1_484' title='bbox 2577 2864 2611 2928; x_wconf 77' lang='lat' dir='ltr'>P</span> <span class='ocrx_word' id='word_1_485' title='bbox 2642 2862 2884 2929; x_wconf 89' lang='lat' dir='ltr'><strong>Goliam</strong></span> <span class='ocrx_word' id='word_1_486' title='bbox 2912 2866 3110 2942; x_wconf 85' lang='lat' dir='ltr'><strong>enim,</strong></span> <span class='ocrx_word' id='word_1_487' title='bbox 3138 2864 3204 2929; x_wconf 89' lang='lat' dir='ltr'><strong>id</strong></span> <span class='ocrx_word' id='word_1_488' title='bbox 3229 2868 3324 2928; x_wconf 88' lang='lat' dir='ltr'><strong>est</strong></span> <span class='ocrx_word' id='word_1_489' title='bbox 3347 2863 3694 2940; x_wconf 88' lang='lat' dir='ltr'><strong>diabolum,</strong></span> <span class='ocrx_word' id='word_1_490' title='bbox 3729 2860 3944 2926; x_wconf 88' lang='lat' dir='ltr'><strong>baculo</strong></span> 
     </span>
     <span class='ocr_line' id='line_1_72' title="bbox 2419 2968 3945 3055; baseline -0.003 -22"><span class='ocrx_word' id='word_1_491' title='bbox 2419 2972 2625 3035; x_wconf 88' lang='lat' dir='ltr'><strong>crucis</strong></span> <span class='ocrx_word' id='word_1_492' title='bbox 2651 2976 2714 3035; x_wconf 86' lang='lat' dir='ltr'><strong>et</strong></span> <span class='ocrx_word' id='word_1_493' title='bbox 2740 2973 3025 3054; x_wconf 87' lang='lat' dir='ltr'><strong>quinque</strong></span> <span class='ocrx_word' id='word_1_494' title='bbox 3054 2971 3369 3055; x_wconf 88' lang='lat' dir='ltr'><strong>lapidibus</strong></span> <span class='ocrx_word' id='word_1_495' title='bbox 3390 3020 3408 3048; x_wconf 85' lang='lat'><strong>‚</strong></span> <span class='ocrx_word' id='word_1_496' title='bbox 3441 2969 3508 3034; x_wconf 92' lang='lat' dir='ltr'><strong>id</strong></span> <span class='ocrx_word' id='word_1_497' title='bbox 3533 2972 3628 3033; x_wconf 89' lang='lat' dir='ltr'><strong>est</strong></span> <span class='ocrx_word' id='word_1_498' title='bbox 3664 2968 3945 3052; x_wconf 87' lang='lat' dir='ltr'><strong>quinque</strong></span> 
     </span>
     <span class='ocr_line' id='line_1_73' title="bbox 2419 3074 3946 3160; baseline -0.003 -19"><span class='ocrx_word' id='word_1_499' title='bbox 2419 3078 2625 3160; x_wconf 84' lang='lat' dir='ltr'><strong>plagis</strong></span> <span class='ocrx_word' id='word_1_500' title='bbox 2653 3078 2898 3144; x_wconf 88' lang='lat' dir='ltr'><strong>stravit.</strong></span> <span class='ocrx_word' id='word_1_501' title='bbox 2932 3076 3145 3142; x_wconf 82' lang='lat' dir='ltr'><strong>Victus</strong></span> <span class='ocrx_word' id='word_1_502' title='bbox 3172 3097 3241 3143; x_wconf 91' lang='lat' dir='ltr'><strong>es</strong></span> <span class='ocrx_word' id='word_1_503' title='bbox 3270 3095 3431 3159; x_wconf 76' lang='lat' dir='ltr'><strong>ergo</strong></span> <span class='ocrx_word' id='word_1_504' title='bbox 3452 3126 3470 3156; x_wconf 88' lang='lat'><strong>,</strong></span> <span class='ocrx_word' id='word_1_505' title='bbox 3510 3094 3550 3141; x_wconf 95' lang='grc'>0</span> <span class='ocrx_word' id='word_1_506' title='bbox 3580 3075 3777 3140; x_wconf 86' lang='lat' dir='ltr'><strong>Satan</strong></span> <span class='ocrx_word' id='word_1_507' title='bbox 3797 3122 3818 3154; x_wconf 93' lang='lat'><strong>,</strong></span> <span class='ocrx_word' id='word_1_508' title='bbox 3850 3074 3946 3137; x_wconf 87' lang='lat' dir='ltr'><strong>ba-</strong></span> 
     </span>
     <span class='ocr_line' id='line_1_74' title="bbox 2420 3181 3944 3250; baseline -0.002 -3"><span class='ocrx_word' id='word_1_509' title='bbox 2420 3185 2562 3249; x_wconf 90' lang='lat' dir='ltr'><strong>culo</strong></span> <span class='ocrx_word' id='word_1_510' title='bbox 2595 3184 2820 3249; x_wconf 89' lang='lat' dir='ltr'><strong>crucis.</strong></span> <span class='ocrx_word' id='word_1_511' title='bbox 2852 3184 3029 3250; x_wconf 90' lang='lat' dir='ltr'><strong>Unde</strong></span> <span class='ocrx_word' id='word_1_512' title='bbox 3056 3183 3535 3250; x_wconf 82' lang='lat' dir='ltr'><strong>Cassiodorus⁸:</strong></span> <span class='ocrx_word' id='word_1_513' title='bbox 3576 3207 3606 3244; x_wconf 85' lang='lat'>«</span> <span class='ocrx_word' id='word_1_514' title='bbox 3625 3182 3804 3249; x_wconf 88' lang='lat' dir='ltr'><strong>Crux</strong></span> <span class='ocrx_word' id='word_1_515' title='bbox 3827 3181 3944 3245; x_wconf 88' lang='lat' dir='ltr'><strong>hu·</strong></span> 
     </span>
     <span class='ocr_line' id='line_1_75' title="bbox 2420 3292 3945 3378; baseline 0 -24"><span class='ocrx_word' id='word_1_516' title='bbox 2420 3292 2672 3356; x_wconf 89' lang='lat' dir='ltr'><strong>milium</strong></span> <span class='ocrx_word' id='word_1_517' title='bbox 2707 3293 2944 3360; x_wconf 83' lang='lat' dir='ltr'><strong>invicta</strong></span> <span class='ocrx_word' id='word_1_518' title='bbox 2992 3294 3179 3359; x_wconf 89' lang='lat' dir='ltr'><strong>tuitio</strong></span> <span class='ocrx_word' id='word_1_519' title='bbox 3199 3342 3220 3372; x_wconf 90' lang='lat'><strong>,</strong></span> <span class='ocrx_word' id='word_1_520' title='bbox 3267 3293 3696 3378; x_wconf 82' lang='lat' dir='ltr'><strong>superborum</strong></span> <span class='ocrx_word' id='word_1_521' title='bbox 3742 3292 3945 3373; x_wconf 89' lang='lat' dir='ltr'><strong>abjec-</strong></span> 
     </span>
     <span class='ocr_line' id='line_1_76' title="bbox 2422 3398 3881 3482; baseline -0.003 -20"><span class='ocrx_word' id='word_1_522' title='bbox 2422 3400 2510 3463; x_wconf 92' lang='lat' dir='ltr'><strong>tio</strong></span> <span class='ocrx_word' id='word_1_523' title='bbox 2543 3400 2613 3481; x_wconf 86' lang='grc'><strong>(0)</strong></span> <span class='ocrx_word' id='word_1_524' title='bbox 2631 3448 2647 3480; x_wconf 83' lang='grc'><em>,</em></span> <span class='ocrx_word' id='word_1_525' title='bbox 2679 3400 2944 3464; x_wconf 86' lang='lat' dir='ltr'><strong>victoria</strong></span> <span class='ocrx_word' id='word_1_526' title='bbox 2971 3399 3198 3465; x_wconf 89' lang='lat' dir='ltr'><strong>Christi</strong></span> <span class='ocrx_word' id='word_1_527' title='bbox 3221 3449 3241 3480; x_wconf 87' lang='lat'>‚</span> <span class='ocrx_word' id='word_1_528' title='bbox 3272 3399 3539 3482; x_wconf 88' lang='lat' dir='ltr'><strong>perditio</strong></span> <span class='ocrx_word' id='word_1_529' title='bbox 3564 3398 3821 3464; x_wconf 88' lang='lat' dir='ltr'><strong>diaboli.</strong></span> <span class='ocrx_word' id='word_1_530' title='bbox 3851 3420 3881 3457; x_wconf 79' lang='lat'><strong>1&gt;</strong></span> 
     </span>
    </p>

    <p class='ocr_par' dir='ltr' id='par_1_12' title="bbox 2419 3505 3963 4986">
     <span class='ocr_line' id='line_1_77' title="bbox 2500 3505 3941 3590; baseline 0.001 -21"><span class='ocrx_word' id='word_1_531' title='bbox 2500 3505 2587 3569; x_wconf 88' lang='lat' dir='ltr'><strong>De</strong></span> <span class='ocrx_word' id='word_1_532' title='bbox 2625 3507 2898 3570; x_wconf 89' lang='lat' dir='ltr'><strong>secundo</strong></span> <span class='ocrx_word' id='word_1_533' title='bbox 2926 3513 2948 3547; x_wconf 82' lang='lat'><strong>⁹</strong></span> <span class='ocrx_word' id='word_1_534' title='bbox 2979 3528 2995 3571; x_wconf 90' lang='lat'>:</span> <span class='ocrx_word' id='word_1_535' title='bbox 3032 3508 3185 3573; x_wconf 88' lang='lat' dir='ltr'><strong>Scio</strong></span> <span class='ocrx_word' id='word_1_536' title='bbox 3227 3506 3397 3590; x_wconf 81' lang='lat' dir='ltr'><strong>quod</strong></span> <span class='ocrx_word' id='word_1_537' title='bbox 3429 3507 3704 3572; x_wconf 75' lang='lat' dir='ltr'><strong>Messias</strong></span> <span class='ocrx_word' id='word_1_538' title='bbox 3742 3507 3941 3580; x_wconf 83' lang='lat' dir='ltr'><strong>venit,</strong></span> 
     </span>
     <span class='ocr_line' id='line_1_78' title="bbox 2420 3613 3947 3698; baseline 0.001 -20"><span class='ocrx_word' id='word_1_539' title='bbox 2420 3616 2538 3695; x_wconf 87' lang='lat' dir='ltr'><strong>qui</strong></span> <span class='ocrx_word' id='word_1_540' title='bbox 2570 3613 2814 3681; x_wconf 83' lang='lat' dir='ltr'><strong>dicitur</strong></span> <span class='ocrx_word' id='word_1_541' title='bbox 2859 3615 3176 3684; x_wconf 82' lang='lat' dir='ltr'><strong>Christus.</strong></span> <span class='ocrx_word' id='word_1_542' title='bbox 3226 3617 3381 3682; x_wconf 84' lang='lat' dir='ltr'><strong>Cum</strong></span> <span class='ocrx_word' id='word_1_543' title='bbox 3415 3614 3499 3698; x_wconf 80' lang='lat' dir='ltr'><strong>(d)</strong></span> <span class='ocrx_word' id='word_1_544' title='bbox 3528 3630 3672 3698; x_wconf 76' lang='lat' dir='ltr'><strong>erqo</strong></span> <span class='ocrx_word' id='word_1_545' title='bbox 3711 3615 3947 3682; x_wconf 83' lang='lat' dir='ltr'><strong>venerit</strong></span> 
     </span>
     <span class='ocr_line' id='line_1_79' title="bbox 2419 3721 3952 3806; baseline -0.002 -18"><span class='ocrx_word' id='word_1_546' title='bbox 2419 3721 2550 3800; x_wconf 81' lang='lat' dir='ltr'><strong>itte,</strong></span> <span class='ocrx_word' id='word_1_547' title='bbox 2568 3723 2986 3790; x_wconf 80' lang='lat' dir='ltr'><strong>annuntiabit</strong></span> <span class='ocrx_word' id='word_1_548' title='bbox 2999 3723 3177 3790; x_wconf 83' lang='lat' dir='ltr'><strong>nobis</strong></span> <span class='ocrx_word' id='word_1_549' title='bbox 3202 3725 3273 3806; x_wconf 88' lang='lat' dir='ltr'><strong>(e)</strong></span> <span class='ocrx_word' id='word_1_550' title='bbox 3292 3725 3533 3791; x_wconf 82' lang='lat' dir='ltr'><strong>omnia.</strong></span> <span class='ocrx_word' id='word_1_551' title='bbox 3554 3722 3721 3800; x_wconf 86' lang='lat' dir='ltr'><strong>Quid</strong></span> <span class='ocrx_word' id='word_1_552' title='bbox 3741 3727 3952 3788; x_wconf 90' lang='lat' dir='ltr'><strong>autem</strong></span> 
     </span>
     <span class='ocr_line' id='line_1_80' title="bbox 2422 3829 3954 3914; baseline 0 -22"><span class='ocrx_word' id='word_1_553' title='bbox 2422 3830 2823 3893; x_wconf 89' lang='lat' dir='ltr'><strong>annuntiavit</strong></span> <span class='ocrx_word' id='word_1_554' title='bbox 2847 3831 3236 3914; x_wconf 89' lang='lat' dir='ltr'><strong>pauperibus</strong></span> <span class='ocrx_word' id='word_1_555' title='bbox 3249 3879 3269 3911; x_wconf 90' lang='lat'><strong>,</strong></span> <span class='ocrx_word' id='word_1_556' title='bbox 3298 3830 3453 3914; x_wconf 87' lang='lat' dir='ltr'><strong>quid</strong></span> <span class='ocrx_word' id='word_1_557' title='bbox 3477 3830 3785 3910; x_wconf 76' lang='lat' dir='ltr'><strong>mitibuS,</strong></span> <span class='ocrx_word' id='word_1_558' title='bbox 3808 3829 3954 3913; x_wconf 87' lang='lat' dir='ltr'><strong>quid</strong></span> 
     </span>
     <span class='ocr_line' id='line_1_81' title="bbox 2420 3935 3958 4022; baseline 0.003 -24"><span class='ocrx_word' id='word_1_559' title='bbox 2420 3935 2812 4017; x_wconf 83' lang='lat' dir='ltr'><strong>lugentibus,</strong></span> <span class='ocrx_word' id='word_1_560' title='bbox 2830 3938 2981 4020; x_wconf 86' lang='lat' dir='ltr'><strong>quid</strong></span> <span class='ocrx_word' id='word_1_561' title='bbox 3000 3938 3317 4020; x_wconf 88' lang='lat' dir='ltr'><strong>justitiam</strong></span> <span class='ocrx_word' id='word_1_562' title='bbox 3334 3939 3786 4020; x_wconf 84' lang='lat' dir='ltr'><strong>esurientibus,</strong></span> <span class='ocrx_word' id='word_1_563' title='bbox 3807 3936 3958 4022; x_wconf 84' lang='lat' dir='ltr'><strong>quid</strong></span> 
     </span>
     <span class='ocr_line' id='line_1_82' title="bbox 2422 4042 3956 4128; baseline 0 -22"><span class='ocrx_word' id='word_1_564' title='bbox 2422 4042 2938 4108; x_wconf 85' lang='lat' dir='ltr'><strong>misericordibus</strong></span> <span class='ocrx_word' id='word_1_565' title='bbox 2953 4093 2972 4126; x_wconf 85' lang='lat'><strong>,</strong></span> <span class='ocrx_word' id='word_1_566' title='bbox 3028 4045 3180 4128; x_wconf 89' lang='lat' dir='ltr'><strong>quid</strong></span> <span class='ocrx_word' id='word_1_567' title='bbox 3217 4046 3473 4110; x_wconf 90' lang='lat' dir='ltr'><strong>mundis</strong></span> <span class='ocrx_word' id='word_1_568' title='bbox 3519 4046 3709 4111; x_wconf 90' lang='lat' dir='ltr'><strong>corde</strong></span> <span class='ocrx_word' id='word_1_569' title='bbox 3733 4094 3757 4125; x_wconf 87' lang='lat'><strong>,</strong></span> <span class='ocrx_word' id='word_1_570' title='bbox 3808 4043 3956 4128; x_wconf 85' lang='lat' dir='ltr'><strong>quid</strong></span> 
     </span>
     <span class='ocr_line' id='line_1_83' title="bbox 2422 4150 3957 4236; baseline 0.003 -24"><span class='ocrx_word' id='word_1_571' title='bbox 2422 4150 2728 4233; x_wconf 85' lang='lat' dir='ltr'><strong>pacificis,</strong></span> <span class='ocrx_word' id='word_1_572' title='bbox 2771 4152 2927 4235; x_wconf 88' lang='lat' dir='ltr'><strong>quid</strong></span> <span class='ocrx_word' id='word_1_573' title='bbox 2982 4153 3483 4236; x_wconf 86' lang='lat' dir='ltr'><strong>persecutionem</strong></span> <span class='ocrx_word' id='word_1_574' title='bbox 3536 4154 3957 4236; x_wconf 78' lang='lat' dir='ltr'><strong>patientibuS‚</strong></span> 
     </span>
     <span class='ocr_line' id='line_1_84' title="bbox 2421 4258 3961 4340; baseline 0.004 -20"><span class='ocrx_word' id='word_1_575' title='bbox 2421 4258 2676 4340; x_wconf 87' lang='lat' dir='ltr'><strong>require</strong></span> <span class='ocrx_word' id='word_1_576' title='bbox 2690 4259 2757 4322; x_wconf 89' lang='lat'><strong>¹⁰.</strong></span> <span class='ocrx_word' id='word_1_577' title='bbox 2778 4259 2938 4336; x_wconf 86' lang='lat' dir='ltr'><strong>Quid</strong></span> <span class='ocrx_word' id='word_1_578' title='bbox 2953 4261 3352 4327; x_wconf 87' lang='lat' dir='ltr'><strong>aununtiavit</strong></span> <span class='ocrx_word' id='word_1_579' title='bbox 3363 4259 3669 4327; x_wconf 85' lang='lat' dir='ltr'><strong>divitibus</strong></span> <span class='ocrx_word' id='word_1_580' title='bbox 3684 4262 3717 4324; x_wconf 77' lang='lat' dir='ltr'><strong>&#39;I</strong></span> <span class='ocrx_word' id='word_1_581' title='bbox 3737 4262 3782 4296; x_wconf 73' lang='lat'><strong>¹²</strong></span> <span class='ocrx_word' id='word_1_582' title='bbox 3800 4262 3961 4326; x_wconf 86' lang='lat' dir='ltr'><strong>Mor-</strong></span> 
     </span>
     <span class='ocr_line' id='line_1_85' title="bbox 2422 4355 3956 4450; baseline -0.001 -19"><span class='ocrx_word' id='word_1_583' title='bbox 2422 4373 2571 4432; x_wconf 85' lang='lat' dir='ltr'><strong>tuus</strong></span> <span class='ocrx_word' id='word_1_584' title='bbox 2602 4373 2698 4432; x_wconf 80' lang='lat' dir='ltr'><strong>est</strong></span> <span class='ocrx_word' id='word_1_585' title='bbox 2741 4355 2954 4448; x_wconf 82' lang='lat' dir='ltr'><strong>dives,</strong></span> <span class='ocrx_word' id='word_1_586' title='bbox 2993 4374 3052 4434; x_wconf 86' lang='lat' dir='ltr'><strong>et</strong></span> <span class='ocrx_word' id='word_1_587' title='bbox 3100 4368 3385 4450; x_wconf 82' lang='lat' dir='ltr'><strong>sepultus</strong></span> <span class='ocrx_word' id='word_1_588' title='bbox 3430 4373 3523 4435; x_wconf 84' lang='lat' dir='ltr'><strong>est</strong></span> <span class='ocrx_word' id='word_1_589' title='bbox 3555 4369 3632 4434; x_wconf 83' lang='lat' dir='ltr'><strong>in</strong></span> <span class='ocrx_word' id='word_1_590' title='bbox 3674 4369 3956 4448; x_wconf 72' lang='lat' dir='ltr'><strong>infame.</strong></span> 
     </span>
     <span class='ocr_line' id='line_1_86' title="bbox 2423 4473 3955 4557; baseline -0.001 -19"><span class='ocrx_word' id='word_1_591' title='bbox 2423 4473 2584 4551; x_wconf 87' lang='lat' dir='ltr'><strong>Quid</strong></span> <span class='ocrx_word' id='word_1_592' title='bbox 2605 4474 3000 4539; x_wconf 78' lang='lat' dir='ltr'><strong>immitibus?</strong></span> <span class='ocrx_word' id='word_1_593' title='bbox 3020 4477 3067 4517; x_wconf 81' lang='lat'><strong>²²</strong></span> <span class='ocrx_word' id='word_1_594' title='bbox 3089 4475 3308 4543; x_wconf 82' lang='lat' dir='ltr'><strong>Omnis</strong></span> <span class='ocrx_word' id='word_1_595' title='bbox 3330 4478 3443 4557; x_wconf 77' lang='lat' dir='ltr'><strong>qui</strong></span> <span class='ocrx_word' id='word_1_596' title='bbox 3469 4476 3808 4556; x_wconf 80' lang='lat' dir='ltr'><strong>irascitur,</strong></span> <span class='ocrx_word' id='word_1_597' title='bbox 3839 4479 3955 4539; x_wconf 86' lang='lat' dir='ltr'><strong>etc.</strong></span> 
     </span>
     <span class='ocr_line' id='line_1_87' title="bbox 2423 4580 3962 4665; baseline 0.003 -20"><span class='ocrx_word' id='word_1_598' title='bbox 2423 4580 2580 4646; x_wconf 85' lang='lat' dir='ltr'><strong>Item</strong></span> <span class='ocrx_word' id='word_1_599' title='bbox 2610 4582 2763 4665; x_wconf 86' lang='lat' dir='ltr'><strong>quid</strong></span> <span class='ocrx_word' id='word_1_600' title='bbox 2788 4582 3141 4648; x_wconf 84' lang='lat' dir='ltr'><strong>ridentibus</strong></span> <span class='ocrx_word' id='word_1_601' title='bbox 3161 4588 3224 4649; x_wconf 90' lang='lat' dir='ltr'><strong>et</strong></span> <span class='ocrx_word' id='word_1_602' title='bbox 3239 4585 3717 4650; x_wconf 83' lang='lat' dir='ltr'><strong>lascivientibus</strong></span> <span class='ocrx_word' id='word_1_603' title='bbox 3735 4590 3764 4648; x_wconf 69' lang='lat' dir='ltr'><strong>i</strong></span> <span class='ocrx_word' id='word_1_604' title='bbox 3789 4585 3835 4622; x_wconf 77' lang='lat'><strong>¹⁸</strong></span> <span class='ocrx_word' id='word_1_605' title='bbox 3857 4584 3962 4650; x_wconf 83' lang='lat' dir='ltr'><strong>Voe</strong></span> 
     </span>
     <span class='ocr_line' id='line_1_88' title="bbox 2421 4689 3961 4773; baseline 0.001 -17"><span class='ocrx_word' id='word_1_606' title='bbox 2421 4689 2601 4757; x_wconf 82' lang='lat' dir='ltr'><strong>vobis</strong></span> <span class='ocrx_word' id='word_1_607' title='bbox 2627 4691 2743 4773; x_wconf 82' lang='lat' dir='ltr'><strong>qui</strong></span> <span class='ocrx_word' id='word_1_608' title='bbox 2766 4706 2940 4756; x_wconf 78' lang='lat' dir='ltr'><strong>nunc</strong></span> <span class='ocrx_word' id='word_1_609' title='bbox 2966 4690 3199 4758; x_wconf 84' lang='lat' dir='ltr'><strong>ridetis</strong></span> <span class='ocrx_word' id='word_1_610' title='bbox 3219 4740 3235 4772; x_wconf 92' lang='lat'><strong>,</strong></span> <span class='ocrx_word' id='word_1_611' title='bbox 3269 4696 3332 4756; x_wconf 88' lang='lat' dir='ltr'><strong>et</strong></span> <span class='ocrx_word' id='word_1_612' title='bbox 3356 4692 3444 4756; x_wconf 90' lang='lat' dir='ltr'><strong>sic</strong></span> <span class='ocrx_word' id='word_1_613' title='bbox 3470 4693 3547 4756; x_wconf 90' lang='lat' dir='ltr'><strong>de</strong></span> <span class='ocrx_word' id='word_1_614' title='bbox 3573 4692 3746 4757; x_wconf 79' lang='lat' dir='ltr'><strong>aliis,</strong></span> <span class='ocrx_word' id='word_1_615' title='bbox 3776 4692 3961 4757; x_wconf 89' lang='lat' dir='ltr'><strong>Chri-</strong></span> 
     </span>
     <span class='ocr_line' id='line_1_89' title="bbox 2421 4797 3962 4882; baseline 0.001 -22"><span class='ocrx_word' id='word_1_616' title='bbox 2421 4799 2559 4861; x_wconf 85' lang='lat' dir='ltr'><strong>stus</strong></span> <span class='ocrx_word' id='word_1_617' title='bbox 2586 4814 2743 4878; x_wconf 84' lang='lat' dir='ltr'><strong>ergo</strong></span> <span class='ocrx_word' id='word_1_618' title='bbox 2783 4798 3188 4862; x_wconf 84' lang='lat' dir='ltr'><strong>annuntiavit</strong></span> <span class='ocrx_word' id='word_1_619' title='bbox 3222 4799 3438 4862; x_wconf 91' lang='lat' dir='ltr'><strong>omnia</strong></span> <span class='ocrx_word' id='word_1_620' title='bbox 3469 4817 3614 4882; x_wconf 81' lang='lat' dir='ltr'><strong>quae</strong></span> <span class='ocrx_word' id='word_1_621' title='bbox 3660 4800 3747 4863; x_wconf 88' lang='lat' dir='ltr'><strong>ad</strong></span> <span class='ocrx_word' id='word_1_622' title='bbox 3793 4797 3962 4863; x_wconf 83' lang='lat' dir='ltr'><strong>divi·</strong></span> 
     </span>
     <span class='ocr_line' id='line_1_90' title="bbox 2420 4905 3963 4986; baseline 0.001 -18"><span class='ocrx_word' id='word_1_623' title='bbox 2420 4922 2574 4969; x_wconf 92' lang='lat' dir='ltr'><strong>nam</strong></span> <span class='ocrx_word' id='word_1_624' title='bbox 2597 4905 3189 4986; x_wconf 84' lang='lat' dir='ltr'><strong>reconciliationem,</strong></span> <span class='ocrx_word' id='word_1_625' title='bbox 3209 4907 3403 4970; x_wconf 89' lang='lat' dir='ltr'><strong>nostri</strong></span> <span class='ocrx_word' id='word_1_626' title='bbox 3423 4907 3963 4982; x_wconf 85' lang='lat' dir='ltr'><strong>meliorationem,</strong></span> 
     </span>
    </p>
   </div>
   <div class='ocr_carea' id='block_1_9' title="bbox 2422 5074 3972 5283">
    <p class='ocr_par' dir='ltr' id='par_1_13' title="bbox 2422 5074 3972 5283">
     <span class='ocr_line' id='line_1_91' title="bbox 2423 5074 3971 5143; baseline 0.003 -19"><span class='ocrx_word' id='word_1_627' title='bbox 2423 5086 2551 5138; x_wconf 81' lang='lat' dir='ltr'><strong>xvn,</strong></span> <span class='ocrx_word' id='word_1_628' title='bbox 2596 5076 2674 5126; x_wconf 77' lang='lat'><strong>43.</strong></span> <span class='ocrx_word' id='word_1_629' title='bbox 2713 5100 2776 5112; x_wconf 90' lang='lat'>—</span> <span class='ocrx_word' id='word_1_630' title='bbox 2823 5077 2843 5105; x_wconf 86' lang='lat'>⁸</span> <span class='ocrx_word' id='word_1_631' title='bbox 2887 5075 3137 5139; x_wconf 69' lang='lat' dir='ltr'><strong>Cassiod„</strong></span> <span class='ocrx_word' id='word_1_632' title='bbox 3181 5078 3370 5141; x_wconf 78' lang='lat' dir='ltr'><strong>Expos.</strong></span> <span class='ocrx_word' id='word_1_633' title='bbox 3413 5077 3466 5125; x_wconf 79' lang='lat' dir='ltr'><strong>in</strong></span> <span class='ocrx_word' id='word_1_634' title='bbox 3505 5074 3642 5126; x_wconf 71' lang='lat' dir='ltr'><strong>Psal.</strong></span> <span class='ocrx_word' id='word_1_635' title='bbox 3687 5087 3772 5143; x_wconf 73' lang='lat' dir='ltr'><strong>nr,</strong></span> <span class='ocrx_word' id='word_1_636' title='bbox 3822 5079 3872 5129; x_wconf 85' lang='grc'><strong>6.</strong></span> <span class='ocrx_word' id='word_1_637' title='bbox 3909 5101 3971 5114; x_wconf 93' lang='grc'>-</span> 
     </span>
     <span class='ocr_line' id='line_1_92' title="bbox 2422 5145 3972 5212; baseline 0.003 -18"><span class='ocrx_word' id='word_1_638' title='bbox 2422 5145 2445 5180; x_wconf 79' lang='lat'><strong>⁹</strong></span> <span class='ocrx_word' id='word_1_639' title='bbox 2474 5145 2636 5209; x_wconf 71' lang='lat' dir='ltr'><strong>loon„</strong></span> <span class='ocrx_word' id='word_1_640' title='bbox 2666 5157 2737 5209; x_wconf 79' lang='lat' dir='ltr'><strong>w,</strong></span> <span class='ocrx_word' id='word_1_641' title='bbox 2765 5149 2846 5195; x_wconf 84' lang='lat'><strong>25.</strong></span> <span class='ocrx_word' id='word_1_642' title='bbox 2874 5173 2936 5185; x_wconf 93' lang='lat'><em>-</em></span> <span class='ocrx_word' id='word_1_643' title='bbox 2963 5148 3006 5182; x_wconf 84' lang='lat'><strong>¹⁰</strong></span> <span class='ocrx_word' id='word_1_644' title='bbox 3036 5145 3237 5207; x_wconf 73' lang='lat' dir='ltr'><strong>Matth„</strong></span> <span class='ocrx_word' id='word_1_645' title='bbox 3268 5159 3317 5209; x_wconf 88' lang='lat' dir='ltr'><strong>v,</strong></span> <span class='ocrx_word' id='word_1_646' title='bbox 3347 5149 3485 5199; x_wconf 80' lang='lat'><strong>3-11.</strong></span> <span class='ocrx_word' id='word_1_647' title='bbox 3515 5172 3575 5185; x_wconf 91' lang='lat'>-</span> <span class='ocrx_word' id='word_1_648' title='bbox 3613 5149 3648 5181; x_wconf 86' lang='lat'><strong>¹¹</strong></span> <span class='ocrx_word' id='word_1_649' title='bbox 3682 5147 3832 5212; x_wconf 69' lang='lat' dir='ltr'><strong>Luc„</strong></span> <span class='ocrx_word' id='word_1_650' title='bbox 3863 5161 3972 5210; x_wconf 76' lang='lat' dir='ltr'><strong>xvx,</strong></span> 
     </span>
     <span class='ocr_line' id='line_1_93' title="bbox 2425 5218 3627 5283; baseline 0.006 -17"><span class='ocrx_word' id='word_1_651' title='bbox 2425 5219 2506 5269; x_wconf 79' lang='lat'><strong>22.</strong></span> <span class='ocrx_word' id='word_1_652' title='bbox 2537 5244 2593 5254; x_wconf 95' lang='lat'>-</span> <span class='ocrx_word' id='word_1_653' title='bbox 2624 5218 2666 5253; x_wconf 79' lang='lat'><strong>¹²</strong></span> <span class='ocrx_word' id='word_1_654' title='bbox 2698 5219 2904 5283; x_wconf 64' lang='lat' dir='ltr'><strong>Maus„</strong></span> <span class='ocrx_word' id='word_1_655' title='bbox 2934 5233 2985 5283; x_wconf 79' lang='lat' dir='ltr'><strong>v,</strong></span> <span class='ocrx_word' id='word_1_656' title='bbox 3016 5223 3095 5270; x_wconf 75' lang='lat'><strong>22.</strong></span> <span class='ocrx_word' id='word_1_657' title='bbox 3124 5246 3187 5258; x_wconf 88' lang='lat'>-</span> <span class='ocrx_word' id='word_1_658' title='bbox 3220 5220 3255 5251; x_wconf 81' lang='lat'><strong>¹³</strong></span> <span class='ocrx_word' id='word_1_659' title='bbox 3281 5220 3415 5283; x_wconf 69' lang='lat' dir='ltr'><strong>Luc„</strong></span> <span class='ocrx_word' id='word_1_660' title='bbox 3449 5231 3522 5282; x_wconf 79' lang='lat' dir='ltr'><strong>v1,</strong></span> <span class='ocrx_word' id='word_1_661' title='bbox 3549 5223 3627 5273; x_wconf 81' lang='lat'><strong>25.</strong></span> 
     </span>
    </p>
   </div>
   <div class='ocr_carea' id='block_1_10' title="bbox 2427 5315 3976 5523">
    <p class='ocr_par' dir='ltr' id='par_1_14' title="bbox 2427 5315 3976 5523">
     <span class='ocr_line' id='line_1_94' title="bbox 2488 5315 3971 5386; baseline 0.003 -22"><span class='ocrx_word' id='word_1_662' title='bbox 2488 5315 2551 5379; x_wconf 85' lang='grc' dir='ltr'><strong>(α)</strong></span> <span class='ocrx_word' id='word_1_663' title='bbox 2587 5315 2736 5380; x_wconf 80' lang='lat' dir='ltr'><strong>vulg.</strong></span> <span class='ocrx_word' id='word_1_664' title='bbox 2778 5317 2828 5365; x_wconf 80' lang='lat' dir='ltr'><strong>et</strong></span> <span class='ocrx_word' id='word_1_665' title='bbox 2862 5316 3181 5368; x_wconf 82' lang='lat' dir='ltr'><strong>commovebo.</strong></span> <span class='ocrx_word' id='word_1_666' title='bbox 3210 5345 3271 5356; x_wconf 94' lang='lat'>—</span> <span class='ocrx_word' id='word_1_667' title='bbox 3310 5317 3372 5380; x_wconf 83' lang='grc' dir='ltr'><strong>(ὁ)</strong></span> <span class='ocrx_word' id='word_1_668' title='bbox 3415 5317 3561 5383; x_wconf 76' lang='lat' dir='ltr'><strong>Vulq.</strong></span> <span class='ocrx_word' id='word_1_669' title='bbox 3589 5317 3750 5370; x_wconf 85' lang='lat' dir='ltr'><strong>istam</strong></span> <span class='ocrx_word' id='word_1_670' title='bbox 3789 5319 3971 5386; x_wconf 81' lang='lat' dir='ltr'><strong>gloria.</strong></span> 
     </span>
     <span class='ocr_line' id='line_1_95' title="bbox 2427 5386 3976 5457; baseline 0.006 -22"><span class='ocrx_word' id='word_1_671' title='bbox 2427 5412 2483 5422; x_wconf 91' lang='lat'>-</span> <span class='ocrx_word' id='word_1_672' title='bbox 2520 5386 2585 5452; x_wconf 80' lang='grc'><strong>(0)</strong></span> <span class='ocrx_word' id='word_1_673' title='bbox 2625 5388 2714 5438; x_wconf 77' lang='lat' dir='ltr'><strong>Ac.</strong></span> <span class='ocrx_word' id='word_1_674' title='bbox 2758 5387 2994 5453; x_wconf 86' lang='lat' dir='ltr'><strong>dejectio.</strong></span> <span class='ocrx_word' id='word_1_675' title='bbox 3037 5415 3091 5427; x_wconf 89' lang='lat'>-</span> <span class='ocrx_word' id='word_1_676' title='bbox 3144 5389 3220 5455; x_wconf 81' lang='lat' dir='ltr'><strong>(d)</strong></span> <span class='ocrx_word' id='word_1_677' title='bbox 3266 5392 3385 5443; x_wconf 78' lang='lat' dir='ltr'><strong>caet.</strong></span> <span class='ocrx_word' id='word_1_678' title='bbox 3427 5390 3549 5442; x_wconf 86' lang='lat' dir='ltr'><strong>edit.</strong></span> <span class='ocrx_word' id='word_1_679' title='bbox 3590 5391 3714 5444; x_wconf 86' lang='lat' dir='ltr'><strong>add.</strong></span> <span class='ocrx_word' id='word_1_680' title='bbox 3765 5407 3885 5457; x_wconf 79' lang='lat' dir='ltr'><strong>que.</strong></span> <span class='ocrx_word' id='word_1_681' title='bbox 3914 5417 3976 5430; x_wconf 94' lang='lat'>—</span> 
     </span>
     <span class='ocr_line' id='line_1_96' title="bbox 2429 5459 2995 5523; baseline 0.011 -16"><span class='ocrx_word' id='word_1_682' title='bbox 2429 5459 2490 5523; x_wconf 82' lang='lat' dir='ltr'><strong>(e)</strong></span> <span class='ocrx_word' id='word_1_683' title='bbox 2521 5459 2643 5511; x_wconf 78' lang='lat' dir='ltr'><strong>Caet.</strong></span> <span class='ocrx_word' id='word_1_684' title='bbox 2673 5460 2796 5510; x_wconf 89' lang='lat' dir='ltr'><strong>edit.</strong></span> <span class='ocrx_word' id='word_1_685' title='bbox 2834 5460 2995 5514; x_wconf 76' lang='lat' dir='ltr'><strong>Vobis.</strong></span> 
     </span>
    </p>
   </div>
  </div>
 </body>
</html>
