4059 6317
784 468 906 533 100

777 727 911 776 non
935 706 1215 792 reliquit.

857 816 1014 881 Item
1054 832 1171 899 per
1222 811 1508 880 acediam
1532 810 1553 847 ¹
1585 830 1602 874 ε
1643 832 1675 872 α
1700 807 1857 874 Cum
1903 810 2105 890 ejecta
2146 809 2311 871 esset

774 924 999 1002 turba,
1019 944 1052 983 n
1082 925 1202 987 etc.
1232 919 1450 987 Turba
1472 917 1615 983 haec
1639 916 1953 1001 plangens
1981 916 2310 979 mortuum

773 1030 1094 1096 acediosos
1123 1029 1474 1113 significat,
1516 1025 1630 1109 qui
1655 1024 1971 1107 lugubres
2010 1029 2075 1088 et
2100 1021 2309 1086 tristes

770 1137 1096 1218 incedunt,
1125 1137 1239 1220 qui
1255 1136 1534 1202 demisso
1561 1132 1764 1215 capite
1789 1133 1853 1196 et
1878 1129 2181 1194 manibus
2197 1145 2308 1194 va-

770 1244 932 1309 dunt
957 1292 977 1325 ,
1024 1242 1208 1326 quasi
1259 1258 1510 1325 semper
1562 1238 1876 1324 plangant
1929 1239 2255 1301 mortuum
2280 1282 2302 1314 ,

768 1353 1002 1436 quibus
1051 1369 1244 1417 omne
1290 1350 1536 1415 bonum
1582 1347 1653 1411 in
1691 1345 1960 1410 taedium
2007 1343 2301 1411 vertitur.

768 1460 879 1525 Isti
905 1464 1055 1526 sunt
1081 1507 1102 1540 ,
1148 1460 1228 1526 de
1255 1459 1488 1543 quibus
1512 1463 1536 1497 9
1567 1473 1586 1520 2
1624 1477 1656 1516 α
1681 1453 1838 1519 Ecce
1870 1452 1962 1517 ibi
2002 1451 2307 1516 mulieres

767 1567 1139 1650 plangentes
1167 1565 1541 1632 Adonidem.
1571 1585 1603 1624 ι)

847 1673 1003 1739 ltem
1036 1676 1293 1757 propter
1319 1669 1577 1755 gulam⁸
1609 1688 1628 1734 ε
1658 1691 1690 1731 α
1715 1666 2045 1750 Ejecitque
2069 1663 2298 1741 Adam,

762 1784 828 1845 et
872 1780 1206 1846 collocavit
1250 1783 1398 1844 ante
1440 1776 1810 1861 paradisum
1848 1771 2197 1838 Cherubim
2241 1774 2305 1835 et

761 1889 1138 1953 flammeum
1172 1886 1482 1970 gladium.
1522 1906 1553 1945 n
1592 1883 1716 1950 Sed
1770 1883 1964 1946 istum
2009 1878 2301 1961 gladium

762 2015 912 2062 cum
944 1997 1014 2061 in
1040 1997 1332 2081 passione
1358 2013 1478 2060 sua
1504 1991 1815 2060 Dominus
1841 1988 2063 2055 tollere
2084 1986 2297 2067 vellet,

759 2104 1148 2188 praemonuit
1172 2102 1511 2186 discipulos
1534 2148 1552 2179 ‚
1581 2100 1796 2165 dicens
1823 2097 1845 2133 ⁸
1876 2118 1947 2161 :c
1977 2094 2301 2160 Attendite

759 2210 942 2277 vobis
961 2259 983 2292 ‚
1013 2229 1097 2276 ne
1121 2210 1282 2274 forte
1310 2211 1663 2291 graventur
1702 2221 1968 2287 corpora
1993 2204 2206 2268 vestra
2230 2201 2300 2265 in

759 2317 1019 2401 crapula
1042 2320 1106 2382 et
1132 2315 1432 2382 ebrietate
1451 2365 1470 2395 ,
1490 2335 1522 2374 s
1554 2317 1673 2379 etc.
1717 2311 1995 2377 Isidorus
2025 2315 2085 2371 ⁸:
2125 2330 2157 2370 α
2184 2307 2298 2373 Cui

697 2461 702 2466 ·
759 2423 1143 2490 abstinentia
1183 2441 1317 2488 non
1341 2425 1440 2487 est
1466 2420 1803 2505 epularum
1826 2464 1844 2497 ,
1888 2416 2171 2483 ardentis
2200 2415 2298 2480 di-

759 2533 912 2597 vitis
926 2530 1208 2597 attendat
1232 2527 1615 2613 supplicium
1640 2549 1657 2592 :
1690 2527 1792 2608 cuj
1805 2542 1881 2590 us
1905 2527 2087 2588 tanta
2112 2524 2182 2587 in
2207 2521 2299 2586 in-

760 2641 939 2705 ferno
981 2639 1149 2704 inter
1185 2637 1371 2720 ignes
1414 2636 1553 2700 erat
1595 2633 1812 2717 inopia
1832 2681 1852 2713 ,
1903 2634 2144 2716 quanta
2192 2629 2298 2694 hic

758 2748 1096 2833 epularum
1121 2747 1326 2812 fuerat
1351 2743 1552 2827 copia.

839 2855 998 2919 Item
1032 2857 1292 2936 propter
1320 2850 1652 2916 luxuriam
1674 2849 1698 2884 9
1728 2870 1745 2912 :
1780 2869 1811 2911 α
1843 2845 2123 2928 Praecipe
2148 2845 2298 2909 filiis

765 2961 955 3027 Israel
974 3009 996 3042 ‚
1029 2962 1105 3025 ut
1133 2958 1387 3041 ejiciant
1413 2957 1493 3022 de
1519 2957 1740 3021 castris
1786 2971 2046 3020 omnem
2060 2954 2296 3039 ‚lepro-

758 3087 906 3134 sum
928 3117 948 3149 ,
976 3071 1041 3133 et
1065 3066 1179 3149 qui
1220 3064 1461 3128 semine
1485 3063 1635 3129 fluit
1663 3062 1745 3146 (α)
1764 3110 1786 3143 ,
1814 3085 1845 3122 ¹>
1883 3066 1956 3126 ut
1977 3060 2293 3125 luxuriosi

756 3180 821 3241 et
842 3173 1299 3240 incontinentes
1324 3220 1345 3252 ,
1393 3172 1506 3255 qui
1546 3170 1886 3253 ejicientur
1913 3168 1992 3234 de
2028 3167 2251 3232 castris
2270 3214 2289 3246 ,

755 3282 823 3347 id
863 3285 958 3347 est
975 3330 995 3362 ,
1034 3281 1114 3346 de
1146 3278 1463 3344 consortio
1491 3276 1876 3360 angelorum
1907 3297 1924 3340 ι
1955 3275 2035 3341 de
2061 3274 2296 3358 quibus

754 3389 973 3454 castris
1016 3387 1246 3452 dicitur
1278 3385 1301 3421 ⁷
1334 3406 1351 3450 :
1391 3407 1423 3447 c
1453 3384 1666 3450 Castra
1710 3383 1820 3448 Dei
1869 3387 2039 3447 sunt.
2072 3403 2104 3442 n
2139 3382 2294 3458 Quae

751 3496 914 3560 bene
930 3494 1232 3560 dicuntur
1247 3496 1455 3557 castra
1471 3511 1511 3557 a
1522 3492 1826 3557 castitate.
1855 3489 2097 3555 Unde⁸z
2129 3512 2161 3551 α
2177 3487 2296 3553 Ne-

754 3621 882 3685 que
913 3600 1160 3666 nubent
1182 3617 1395 3683 neque
1419 3598 1769 3677 nubentur,
1811 3596 1921 3662 sed
1949 3600 2105 3660 sunt
2131 3596 2294 3660 sicut

754 3708 973 3792 angeli
1014 3707 1125 3772 Dei
1162 3707 1234 3772 in
1277 3705 1461 3772 coelo.
1489 3726 1520 3766 n
1556 3704 1733 3770 Unde
1780 3703 1935 3767 casti
1971 3702 2100 3769 viri
2144 3707 2293 3768 sunt

755 3816 939 3899 quasi
988 3814 1200 3898 angeli
1246 3812 1359 3878 Dei
1401 3830 1532 3877 non
1572 3810 1783 3876 solum
1828 3809 1899 3874 in
1935 3808 2097 3875 coelo
2113 3859 2138 3890 ,
2184 3810 2293 3876 sed

757 3925 950 3990 etiam
990 3922 1061 3987 in
1095 3920 1361 3986 mundo.
1402 3918 1676 3985 Joannes
1704 3918 2193 4001 chrysostomus
2217 3922 2287 3981 ⁹:

764 4056 796 4095 a
817 4030 1080 4098 Castitas
1120 4047 1225 4094 res
1252 4031 1350 4094 est
1384 4025 1717 4110 angelica:
1755 4041 1870 4108 per
1907 4024 2077 4089 hanc
2118 4025 2292 4089 enim

756 4138 968 4204 solum
1017 4135 1428 4220 singulariter
1469 4132 1768 4199 homines
1817 4131 2065 4213 angelis
2110 4131 2287 4195 simi-

755 4244 994 4325 lantur,
1040 4247 1105 4309 et
1134 4242 1411 4310 vincitur
1452 4244 1686 4306 natura
1718 4239 2090 4306 virtutibus.
2122 4260 2154 4299 a
2189 4236 2291 4302 Sic

754 4371 917 4434 ergo
944 4351 1276 4435 ejicientur
1306 4347 1458 4413 mali
1499 4347 1576 4413 de
1612 4345 1906 4412 societate
1945 4347 2286 4410 bonorum.

752 4458 848 4524 Tu
869 4476 1028 4541 ergo
1051 4457 1107 4522 si
1123 4457 1179 4539 ej
1187 4456 1271 4521 ici
1296 4473 1429 4522 non
1441 4455 1565 4535 vis,
1586 4453 1737 4522 veni
1764 4452 1846 4518 ad
1865 4451 2186 4518 Christum
2202 4457 2250 4494 99
2270 4474 2286 4516 :

756 4589 788 4629 c
814 4565 1004 4644 Eum,
1025 4563 1139 4648 qui
1163 4562 1581 4643 venitadme,
1610 4579 1740 4626 non
1768 4559 2019 4643 ejiciam
2047 4560 2279 4624 foras.»

754 4671 1082 4757 Superbus
1105 4671 1322 4739 veniat
1359 4688 1477 4754 per
1518 4667 1951 4734 humilitatem
1982 4689 1998 4731 :
2028 4668 2287 4732 iracun-

753 4782 898 4862 dus,
917 4799 1033 4865 per
1049 4780 1388 4846 mititatem
1408 4800 1426 4845 :
1447 4777 1709 4846 invidus
1732 4794 1849 4860 per
1870 4776 2278 4841 charitatem:

753 4908 867 4972 per
892 4889 1228 4973 pietatem,
1257 4903 1494 4954 avarus
1523 4884 1943 4951 :luxuriosus
1969 4900 2086 4966 per
2111 4883 2289 4948 casti-

755 5001 945 5064 tatem
961 5047 981 5076 ,
1012 5002 1132 5062 etc.
1164 4995 1247 5078 (b)

816 5129 1069 5220 suamc„
1104 5170 1191 5222 xx,
1221 5159 1303 5208 25.
1337 5182 1401 5195 -
1435 5155 1455 5187 ²
1488 5153 1691 5216 Enoch..
1723 5166 1847 5216 vm,
1886 5155 1965 5206 14.
1995 5181 2059 5192 —
2090 5153 2114 5190 ⁸
2141 5154 2286 5217 Gen..

751 5242 844 5294 m,
879 5233 958 5284 24.
989 5230 1099 5269 -9
1125 5232 1262 5293 Luc„
1288 5240 1412 5294 xxx,
1449 5229 1530 5281 34.
1564 5252 1625 5266 -
1652 5226 1849 5291 ‘tsid.,
1881 5225 1945 5276 dc
1969 5226 2112 5278 Sum.
2140 5226 2287 5288 Bon„

749 5301 1538 5366 lib.tt,.‚cxr.11sent.8.-
1567 5298 1800 5359 ⁸Num..
1835 5298 1967 5360 v,.2
1997 5297 2286 5361 —⁷Gen.,

748 5384 928 5437 xxm,
963 5376 1106 5427 2.-
1147 5372 1172 5409 ⁸
1214 5370 1420 5433 natm„
1465 5381 1613 5436 xxu,
1648 5371 1727 5421 ³⁰.
1755 5396 1818 5407 —
1848 5369 2191 5433 ⁰Clu-ysost,
2226 5368 2288 5418 de

754 5445 848 5498 Vir
816 5445 1015 5512 rqinit„
1057 5460 1111 5499 n.
1148 5445 1229 5510 78,
1267 5449 1319 5497 et
1349 5410 1476 5496 alias
1508 5442 1719 5509 passim
1750 5470 1806 5479 -
1840 5442 1886 5478 99
1910 5442 2074 5536 Joan„
2103 5453 2177 5504 vi,
2206 5441 2286 5490 37.

1866 451 2285 526 SERMONES
2329 452 2431 521 DE
2470 451 2862 521 TEMPORE.

779 601 1240 686 argumentum
1271 599 1403 678 est,
1445 594 1617 681 quod
1660 593 1872 662 adhuc
1913 594 2056 660 mc
2096 592 2312 658 omnia

2553 713 2923 791 mummi
2968 673 3049 789 r'v
3090 714 3277 792 Pos‘r
3321 716 3775 797 smmum.

2896 888 3187 960 ssauo
3231 891 3264 959 1
3292 891 3367 984 (ο)
3405 896 3471 961 ¹².

2496 1020 2883 1088 Ascendente
2902 1024 3052 1090 Jesu
3069 1026 3145 1092 in
3160 1026 3531 1093 naviculam
3546 1028 3612 1108 ¹¹,
3628 1030 3730 1092 etc.
3744 1026 3891 1093 Navi-

2417 1127 2563 1193 cula
2587 1134 2684 1194 est
2709 1129 3003 1214 Ecclesia,
3035 1151 3182 1217 quae
3211 1135 3677 1219 tempestatibus
3698 1140 3751 1201 et
3770 1135 3891 1200 fluc-

2416 1235 2586 1300 tibus
2640 1238 3123 1305 tribulationum
3178 1242 3543 1326 frequenter
3590 1247 3889 1327 quassatur.

2416 1341 2979 1428 Considerandum,
3008 1348 3179 1431 quod
3196 1356 3474 1433 quatuor
3491 1369 3717 1433 genera
3730 1350 3897 1416 homi·

2413 1467 2575 1515 num
2613 1452 2884 1517 navibus
2921 1457 3247 1519 utuntur:
3275 1454 3569 1521 videlicet
3589 1457 3895 1539 piscatores,

2412 1557 2745 1623 bellatores
2772 1607 2789 1638 ,
2847 1563 3278 1642 negotiatores
3298 1611 3320 1643 ,
3365 1563 3656 1629 viatores.
3692 1563 3784 1628 Sic
3825 1566 3903 1628 est

2413 1665 2686 1732 Ecclesia
2725 1667 2909 1732 navis
2947 1672 3336 1753 piscatorum
3376 1669 3444 1733 in
3479 1670 3898 1755 praedicatione,

2412 1773 2597 1838 navis
2646 1773 3025 1840 bellatorum
3058 1776 3129 1840 in
3170 1775 3550 1858 tentatione,
3586 1778 3905 1859 negotiato-

2411 1897 2561 1945 rum
2588 1881 2656 1945 in
2686 1884 3051 1962 operatione
3073 1932 3094 1963 ,
3123 1884 3443 1950 viatorum
3473 1885 3543 1949 in
3578 1885 3905 1969 peregrina-

2410 1987 2606 2053 tione.
2653 1988 2799 2054 Ideo
2846 1990 3130 2056 Christus
3170 1992 3397 2057 merito
3441 1992 3717 2059 ascendit
3755 1992 3909 2059 navi-

2412 2093 2646 2160 culam.

2490 2201 2575 2267 De
2599 2202 2808 2285 primo
2824 2203 2870 2241 ¹⁸
2902 2226 2918 2269 2
2948 2227 2980 2265 α
3009 2202 3246 2270 Sedens
3276 2205 3347 2270 in
3370 2206 3664 2272 navicula
3687 2206 3914 2272 docebat

2411 2307 2496 2390 (d)
2526 2310 2765 2389 turbas;
2798 2313 2862 2374 et
2888 2314 2961 2376 ut
2983 2312 3253 2377 cessavit
3287 2311 3494 2395 loqui,
3528 2313 3687 2379 dixit
3721 2313 3795 2378 ad
3826 2311 3913 2378 Si-

2407 2434 2662 2482 monem
2686 2416 2854 2483 :Duc
2878 2418 2946 2481 in
2967 2416 3192 2498 altum,
3225 2422 3290 2483 et
3312 2418 3524 2485 laxate
3552 2422 3710 2485 retia
3732 2424 3918 2485 vestm

2406 2521 2478 2586 in
2521 2524 2898 2607 captionem.
2950 2546 2981 2586 n
3032 2522 3114 2622 ¹¹¹.
3147 2525 3268 2591 hac
3307 2527 3610 2594 navicula
3658 2531 3751 2593 tot
3794 2529 3923 2592 sunt

2404 2629 2768 2712 piscatores,
2812 2636 2972 2715 quot
3018 2638 3170 2698 sunt
3215 2633 3285 2698 in
3335 2634 3615 2701 Ecclesia
3642 2635 3918 2701 doctores.

2406 2735 2617 2803 Pisces
2661 2742 2812 2804 sunt
2838 2738 3128 2804 homines
3153 2741 3199 2781 ¹⁸
3230 2763 3246 2804 ε
3303 2764 3335 2802 α
3358 2740 3616 2807 Faciam
3650 2761 3764 2809 vos
3804 2741 3925 2806 fleri

2402 2844 2742 2927 piscatores
2783 2847 3144 2913 hominum.
3178 2870 3210 2909 n
3243 2848 3415 2915 Mare
3452 2855 3671 2917 autem
3708 2851 3776 2914 in
3811 2866 3922 2932 quo

2402 2953 2742 3036 capiuntur
2780 2955 3012 3038 pisces,
3041 2963 3140 3020 est
3162 2957 3464 3023 mundus.
3497 2956 3921 3023 Psalmista¹⁸:

2406 3079 2440 3120 n
2470 3059 2602 3125 Hoc
2645 3079 2823 3127 mare
2862 3081 3216 3146 magnum,
3259 3085 3290 3124 n
3334 3068 3454 3130 etc.
3501 3063 3826 3144 Flumina,
3864 3062 3928 3127 in

2402 3166 2639 3250 quibus
2720 3169 3061 3252 capiuntur
3101 3219 3123 3252 ‚
3196 3176 3347 3236 sunt
3418 3170 3929 3256 concupiscentiae

2402 3274 2650 3340 mundi.
2678 3275 3012 3341 Psalmista
3037 3279 3124 3341 ¹⁶:
3158 3300 3190 3340 α
3206 3277 3411 3361 Super
3435 3280 3716 3345 flumina
3742 3277 3931 3361 Baby-

2402 3379 2589 3460 lonis,
2633 3403 2665 3442 υ
2710 3387 2831 3447 etc.
2890 3382 3038 3448 Tria
3089 3388 3305 3449 autem
3345 3389 3500 3451 sunt
3550 3386 3823 3452 flumina
3853 3386 3928 3446 ¹⁷:

2410 3487 2668 3554 «Omne
2715 3489 2887 3572 quod
2928 3493 3024 3554 est
3064 3491 3134 3554 in
3180 3492 3460 3572 munde,
3500 3515 3532 3554 a
3570 3499 3694 3560 etc.
3727 3492 3815 3559 De
3844 3491 3937 3556 his

2400 3594 2775 3661 fluminibus
2801 3597 3054 3662 extrahi
3075 3597 3307 3663 debent
3334 3617 3449 3682 per
3475 3599 3931 3684 poenitentiam‚

2400 3701 2512 3785 qui
2565 3720 2720 3769 vasa
2758 3704 3167 3769 mansionum
3215 3706 3574 3772 coelestium
3614 3707 3779 3791 eligi
3810 3705 3935 3774 vel·

2399 3809 2534 3875 lent
2547 3810 2641 3893 (e).
2660 3810 2750 3872 ¹⁸«
2765 3808 3117 3892 Elegerunt
3130 3812 3336 3878 bonos
3353 3814 3422 3877 in
3439 3815 3618 3879 vasis
3634 3816 3771 3880 suis
3789 3815 3891 3896 (t).
3902 3834 3929 3872 ι

2401 3917 2449 3983 Ο
2480 3922 2735 4000 quantae
2777 3918 3008 3999 gratiae
3048 3922 3175 3999 est,
3220 3919 3392 4001 quod
3433 3920 3525 3985 ait
3570 3920 3880 3988 Dominus
3921 3942 3935 3982 :

2398 4023 2536 4090 Duc
2554 4025 2630 4091 in
2648 4024 2892 4092 auum!
2918 4024 2983 4089 id
3008 4028 3104 4089 est
3129 4025 3197 4089 in
3218 4026 3639 4111 profundum,
3659 4033 3739 4114 ut
3759 4028 3941 4095 etiam

2397 4129 2476 4196 de
2501 4131 2819 4213 profundo
2845 4136 3249 4215 peccatorum
3282 4134 3582 4201 homines
3610 4141 3941 4203 eruantur.

2398 4236 2822 4303 Psalmista¹’:
2850 4259 2881 4299 α
2899 4237 3276 4304 Convertam
3301 4242 3369 4305 in
3387 4243 3798 4326 profundum
3823 4261 3950 4310 ma·

2396 4345 2511 4410 ris.
2541 4366 2572 4406 n
2609 4345 2658 4411 Ο
2693 4344 2747 4410 si
2769 4362 2893 4427 ego
2910 4346 3089 4411 rudis
3115 4348 3385 4429 piscator
3406 4348 3690 4415 unicum
3718 4351 3945 4435 piscem

2398 4451 2664 4518 Domino
2690 4470 2835 4517 meo
2860 4451 2891 4515 J
2896 4470 3009 4517 esu
3037 4451 3286 4519 Christo
3312 4472 3536 4539 capere
3568 4465 3872 4541 possem!

2478 4559 2565 4625 De
2590 4559 2864 4624 secundo
2890 4559 2970 4622 ²⁰:
3014 4582 3045 4620 a
3071 4559 3216 4624 Feci
3245 4579 3442 4628 naves
3467 4563 3778 4631 bellicas:
3807 4565 3951 4631 volo

2397 4669 2612 4731 autem
2650 4664 2988 4748 procedere
3026 4683 3141 4748 per
3198 4667 3534 4749 regionem
3560 4720 3583 4753 ,
3642 4678 3725 4740 ut
3760 4673 3957 4738 ulcis-

2396 4791 2505 4838 car
2539 4773 2610 4838 in
2635 4790 2743 4838 eos
2782 4773 2897 4856 qui
2939 4779 3366 4856 corruperunt
3406 4779 3764 4860 regionem
3818 4797 3957 4847 nos-

2395 4946 2458 4959 —
2503 4920 2740 4970 ¹1Hunc
2780 4922 2833 4970 et
2877 4918 3009 4970 duos
3060 4923 3330 4983 sequentes
3366 4920 3522 4974 hahet
3562 4939 3792 4993 quoque
3832 4929 3954 4980 edit.

2395 4988 2927 5042 Paris.an.¹521.—
2963 4989 3603 5091 9“·”Μ(ιί1ι11.,ῑνιιι,23.-
3647 4998 3691 5033 ¹⁸
3730 4999 3878 5061 Luc„
3905 5013 3956 5059 v,

2395 5063 2587 5112 3-.-4
2614 5061 2655 5097 ¹⁴
2673 5059 2873 5166 1111111111,
2899 5071 2947 5124 v,
2970 5063 3046 5111 19.
3069 5087 3132 5098 -
3154 5061 3351 5114 99193111.
3379 5076 3494 5172 etin,
3522 5069 3610 5116 25.
3642 5094 3715 5107 -
3745 5071 3957 5121 ¹⁸Psal.

2394 5134 2772 5194 cxxxv1,1.-
2824 5097 3367 5194 ftloan..11,16.-
3402 5136 3687 5203 99Μα1111.,
3721 5143 3955 5206 xm,⁴8.

2398 5202 3408 5267 —¹⁹Psal.1.xvn23—²·tuach
3438 5211 3681 5270 xv,-.34

2457 5292 2528 5357 (α)
2574 5291 2864 5343 Cane-23:11
2907 5292 2970 5343 dc
3015 5291 3210 5342 semine
3250 5298 3388 5347 sunt.
3426 5321 3489 5333 —-
3529 5296 3601 5362 (ὁ)
3661 5301 3799 5355 Coet.
3835 5303 3958 5354 edat.

2391 5363 2540 5416 deest.
2571 5368 2670 5414 etc.
2689 5390 2751 5401 —
2779 5363 2823 5428 (c
2823 5364 2839 5428 )
2869 5362 2954 5414 Al.
2980 5374 3036 5414 1¹.
3068 5388 3128 5400 —
3159 5364 3240 5428 (d)
3274 5365 3345 5415 Vn
3312 5365 3421 5431 α.Ι9
3449 5368 3689 5424 docebat
3716 5374 3789 5425 de
3816 5374 3962 5427 navi..

2394 5435 2615 5485 cula.—
2554 5437 2688 5499 —(e
2661 5437 2703 5497 e)
2734 5436 2847 5501 Leq.
2878 5433 3145 5484 velint.—
3082 5436 3244 5500 -(Ι”)
3279 5436 3424 5501 Vuly.
3451 5453 3595 5494 vasa.
