4059 6317
704 541 823 605 378

779 673 868 739 De
890 676 1117 758 quarto
1139 672 1155 706 ¹
1191 692 1207 736 ε
1238 694 1268 733 α
1286 671 1507 737 Omnis
1534 668 1779 734 amicus
1804 667 2241 733 traudulenter

699 782 961 846 incedet.
1011 802 1043 840 n
1092 778 1354 843 Amicus
1395 777 1741 862 peccatoris
1785 780 1880 839 est
1922 772 2233 837 diabolus.

700 889 1081 956 Ambrosius
1104 890 1168 952 ἐ
1209 909 1240 947 α
1265 885 1439 952 Sicut
1465 888 1637 949 amat
1678 883 1947 964 gulosus
1993 879 2237 964 porcel-

697 997 835 1062 lum
861 999 936 1060 nt
960 994 1267 1074 comedat,
1308 993 1397 1057 sic
1434 991 1726 1057 diabolus
1766 990 2049 1053 animam
2090 1006 2235 1070 pec-

699 1109 985 1169 catorum
1004 1107 1078 1168 ut
1108 1102 1347 1185 perdat.
1378 1123 1407 1160 n
1424 1100 1588 1166 Vere
1613 1097 2061 1163 fraudulentus
2080 1098 2243 1160 esset

699 1212 963 1291 amicus,
999 1210 1111 1293 qui
1135 1209 1340 1274 amico
1365 1209 1729 1292 propinaret
1753 1222 2081 1271 venenum
2128 1219 2243 1285 pro

701 1321 900 1386 vino:
942 1319 1065 1384 hoc
1108 1319 1329 1401 utique
1384 1316 1531 1380 facit
1572 1313 1859 1380 diabolus
1901 1310 2236 1395 peccatori.

703 1431 727 1466 ¹
756 1451 787 1488 α
813 1426 924 1494 Vae
948 1427 1063 1509 qui
1091 1430 1313 1509 potum
1346 1424 1453 1488 dat
1474 1422 1680 1486 amico
1710 1439 1828 1485 suo
1852 1420 2131 1483 miscens
2158 1418 2242 1481 fel

702 1554 897 1601 suum
938 1541 1003 1600 et
1023 1521 1030 1528 ’
1048 1535 1403 1609 inebrianti,
1460 1538 1536 1597 ut
1580 1532 1839 1614 aspiciat
1891 1529 2244 1593 nuditatem

702 1649 863 1729 ejus.
894 1667 926 1705 n
960 1644 1170 1708 Miseri
1202 1647 1559 1726 peccatores
1597 1641 1665 1704 in
1690 1640 1845 1704 vino
1887 1641 2245 1702 momenta-

704 1772 846 1819 neae
871 1751 1216 1835 voluptatis
1240 1751 1472 1814 bibunt
1497 1746 1581 1812 fel
1607 1747 1631 1783 ⁸
1661 1770 1722 1812 :a
1752 1745 1860 1810 Fel
1892 1745 2245 1809 draconum

702 1862 931 1926 vinum
949 1876 1200 1935 eorum,
1228 1861 1294 1921 et
1320 1873 1644 1922 venenum
1664 1853 1959 1937 aspidum
1985 1852 2243 1916 insana-

701 1967 851 2032 bile.
889 1990 920 2028 ι)
955 1965 1226 2031 Inebriat
1251 1967 1467 2028 autem
1508 1962 1798 2027 diabolus
1825 1961 2135 2039 animam,
2171 1963 2246 2024 ut

661 2121 666 2129 .
700 2074 965 2157 aspiciat
991 2073 1348 2138 nuditatem
1375 2072 1541 2153 eJ’us.
1573 2069 1730 2134 Cum
1756 2069 1930 2133 enim
1958 2067 2243 2132 vestibus

699 2181 1015 2249 virtutum
1056 2181 1126 2244 in
1171 2179 1327 2257 vita,
1379 2182 1445 2242 et
1488 2180 1555 2242 in
1609 2179 1815 2241 morte
1865 2174 2245 2241 vestimento

699 2289 981 2371 corporis
1007 2288 1290 2364 exuitur,
1328 2290 1483 2350 tunc
1510 2285 1772 2350 omnino
1814 2283 2030 2346 anima
2066 2281 2244 2346 nuda

698 2395 1022 2480 aspicitur.
1054 2395 1254 2459 Istum
1283 2393 1468 2458 nobis
1496 2394 1574 2458 de
1598 2409 1970 2456 mammona
2003 2390 2240 2472 iniqui-

700 2505 845 2570 tatis
891 2504 1158 2569 facimus
1207 2502 1519 2580 amicum,
1569 2500 1959 2583 pauperibus
2002 2499 2246 2563 subtra-

699 2610 948 2689 hendo;
974 2609 1237 2692 angelos
1258 2627 1411 2673 vero
1439 2613 1503 2672 et
1524 2609 1695 2691 ipsos
1720 2624 2033 2691 pauperes
2058 2605 2242 2671 nobis

675 2718 967 2781 ·facimus
995 2718 1257 2795 amicos,
1289 2717 1681 2799 pauperibus
1705 2714 2053 2797 erogando.

1232 2892 1522 2963 SERMO
1566 2893 1684 2964 IV.

779 3040 998 3106 Facite
1032 3029 1209 3105 vobis
1249 3039 1490 3105 amicos
1522 3039 1568 3118 ⁸,
1595 3042 1741 3117 ete„
1778 3055 1981 3121 usque
2021 3060 2037 3102 :
2079 3038 2239 3104 reci-

693 3148 888 3231 piant
926 3162 1037 3213 vos
1070 3148 1146 3213 in
1174 3153 1416 3213 oeterna
1466 3145 1895 3212 tabernacula.
1928 3144 2243 3208 Taberna-

700 3254 842 3319 cula
863 3258 1078 3318 autem
1104 3258 1255 3318 sunt
1269 3253 1649 3331 mansiones,
1674 3253 1751 3317 de
1769 3251 2008 3335 quibus
2024 3253 2047 3287 ⁸
2074 3273 2087 3313 ε
2123 3250 2239 3316 «In

698 3364 891 3425 domo
931 3359 1136 3425 Patris
1169 3360 1297 3424 mei
1328 3359 1692 3424 mansiones
1727 3358 1948 3422 multae
1995 3361 2169 3422 sunt.
2202 3380 2233 3417 n

700 3466 1118 3549 Recipiuntur
1158 3471 1374 3531 autem
1414 3466 1709 3531 homines
1754 3464 1834 3529 ad
1880 3464 2246 3529 mansiones

700 3574 983 3640 coeiestes
1014 3591 1127 3657 per
1149 3592 1371 3639 veram
1408 3573 1835 3648 afflictionem,
1877 3589 1991 3654 per
2037 3570 2248 3634 inflic-

701 3687 834 3746 tam
860 3680 1332 3746 tribulationem
1356 3731 1375 3762 ,
1420 3699 1536 3765 per
1562 3681 1732 3764 piam
1764 3679 2199 3762 erogationem
2223 3727 2241 3757 ,

701 3806 815 3871 per
841 3788 1153 3852 sinceram
1183 3788 1605 3853 dilectionem.

781 3899 866 3960 De
891 3895 1101 3977 primo
1129 3901 1151 3936 ⁷
1185 3917 1202 3959 ι
1239 3919 1269 3957 α
1299 3893 1376 3959 Et
1410 3895 1621 3959 statim
1651 3897 1980 3976 receptum
2011 3896 2108 3955 est
2131 3909 2246 3957 vas

700 4003 770 4066 in
788 4002 1048 4067 coelum.
1069 4023 1101 4061 ι»
1126 4000 1251 4067 Vas
1271 4002 1463 4078 istud,
1495 4001 1658 4066 sicut
1684 3999 1922 4064 ibidem
1951 3998 2184 4064 dicitur
2195 4003 2241 4077 ⁸,

703 4114 842 4175 erat
871 4131 902 4171 α
929 4111 1115 4193 quasi
1142 4109 1413 4173 linteum
1439 4123 1777 4190 magnum,
1809 4105 1881 4170 in
1907 4123 2037 4188 quo
2064 4109 2248 4169 erant

703 4216 1140 4301 quadrupedia
1158 4219 1222 4280 et
1240 4214 1582 4298 serpentia,
1603 4217 1668 4277 et
1688 4212 1997 4291 volatilia,
2022 4235 2052 4272 n
2075 4213 2245 4295 quod

703 4326 1029 4387 ostensum
1057 4325 1153 4386 est
1180 4321 1388 4400 Petro,
1419 4324 1482 4384 et
1508 4322 1836 4401 receptum
1873 4323 1968 4383 est
2010 4319 2080 4383 in
2117 4336 2247 4383 coe-

701 4427 864 4492 lum.
895 4427 1213 4508 Linteum,
1256 4427 1427 4512 quod
1467 4428 1544 4492 de
1575 4427 1706 4490 lino
1751 4426 2159 4490 tunsionibus
2184 4431 2249 4491 et

701 4537 1025 4603 laboribus
1048 4537 1265 4601 multis
1311 4539 1403 4616 nt,
1453 4536 1772 4619 significat
1810 4536 2245 4618 poenitentiam

704 4645 908 4710 multo
927 4645 1145 4709 labore
1163 4643 1468 4726 corporis,
1498 4649 1560 4708 et
1577 4642 1874 4706 tunsione
1900 4643 2240 4723 agendam.

703 4750 1065 4817 Bernardus
1108 4750 1133 4786 ·
1180 4771 1196 4813 :
1230 4771 1259 4809 c
1301 4747 1369 4814 Si
1408 4749 1507 4814 vis
1543 4766 1738 4830 agere
1779 4749 2239 4832 poenitentiam,

703 4858 935 4942 punire
959 4856 1149 4921 debes
1187 4856 1497 4935 membra,
1538 4873 1771 4938 corpus
1798 4855 2107 4937 affligere,
2131 4860 2241 4940 ju-

704 4964 915 5029 dicare
941 4962 1240 5045 teipsum,
1271 4966 1502 5025 utnon
1529 4962 1770 5026 incidas
1787 4961 1854 5025 in
1885 4981 2112 5029 manus
2133 4964 2243 5030 Dei

705 5071 1002 5136 viventiS.
1031 5092 1063 5132 n
1103 5070 1225 5136 Sed
1254 5069 1516 5153 quidam
1559 5069 1798 5134 faciunt
1840 5073 2245 5153 poenitentias

703 5178 1067 5258 laboriosas,
1097 5177 1213 5262 qui
1238 5195 1367 5242 non
1399 5176 1663 5242 omnino
1692 5175 2065 5261 relinquunt
2089 5198 2240 5245 con·

774 5374 787 5405 ¹
816 5370 1020 5437 lev-eni„
1048 5387 1132 5436 ix,
1169 5378 1215 5426 4.
1247 5400 1307 5412 —
1343 5374 1364 5407 ⁸
1389 5374 1630 5426 Ambros.
1663 5399 1727 5411 —
1764 5374 1786 5409 ¹
1809 5374 2016 5441 Hebae„
2055 5391 2123 5442 11,
2164 5384 2242 5432 15.

708 5465 770 5485 -
795 5444 822 5480 ὓ
847 5446 1011 5507 Dent„
1046 5457 1230 5507 xxxii,
1257 5447 1339 5496 33.
1365 5468 1430 5482 -—
1467 5446 1490 5481 Ι
1529 5444 1665 5505 Luc„
1701 5456 1819 5507 xvi,
1855 5449 1902 5497 9.
1932 5474 1994 5486 —
2025 5450 2046 5481 ⁸
2080 5451 2243 5514 loun„

708 5527 820 5582 nv,
852 5520 899 5569 2.
926 5542 988 5555 -
1022 5517 1044 5553 τ
1071 5517 1203 5581 Act„
1229 5530 1294 5584 x,
1324 5519 1400 5569 ιε.
1434 5543 1489 5558 -
1517 5517 1540 5553 ⁸
1566 5516 1717 5581 ibid„
1750 5521 1831 5584 υ,
1861 5522 2012 5573 12.-
2041 5523 2060 5552 ⁸
2089 5523 2241 5579 seru.

1791 525 2215 598 SERMONES
2253 527 2353 595 DE
2395 526 2791 595 TEMPORE.

2347 664 2715 729 suetudines
2767 682 3021 748 pravas,
3076 663 3220 730 Ideo
3268 664 3429 730 bene
3480 665 3711 730 dicitur
3754 667 3795 705 ¹⁸
3844 687 3859 730 ι

2356 796 2387 833 α
2409 771 2608 838 Multo
2633 773 2929 840 sudatum
2960 777 3056 838 est
3080 773 3317 852 labore,
3346 778 3409 837 et
3433 790 3565 837 non
3587 773 3864 838 exivitde

2349 896 2446 959 ea,
2477 902 2508 940 ι)
2544 880 2608 944 id
2640 884 2758 960 est,
2789 881 2869 945 de
2898 881 3111 946 anima
3138 883 3309 964 ejus,
3350 903 3381 941 α
3409 880 3679 945 minima
3704 879 3864 945 rubi·

2350 1005 2461 1070 go.
2495 1008 2526 1047 ιι
2559 988 2683 1053 Ter
2706 993 2922 1053 autem
2962 989 3229 1052 linteum
3256 983 3587 1052 ostensum
3628 988 3861 1066 dicitur,

2348 1095 2501 1178 quia
2523 1095 2591 1158 in
2613 1096 3008 1177 contritione,
3031 1096 3443 1176 confessione,
3465 1096 3867 1160 satisfactione

2352 1203 2787 1285 poenitentiam
2815 1205 3054 1284 agitur.
3088 1202 3534 1285 Quadrupedia
3562 1221 3716 1268 vero
3741 1222 3869 1267 ava-

2349 1330 2480 1389 ros,
2511 1312 2826 1395 serpentia
2845 1313 3233 1391 luxuriosos,
3261 1312 3545 1377 volatilia
3580 1314 3867 1396 superbos

2348 1420 2734 1501 significant.
2765 1419 2845 1484 Hi
2864 1437 3087 1484 omnes
3106 1420 3176 1483 in
3202 1409 3436 1484 coelum
3462 1422 3865 1502 recipiuntur,

2349 1529 2663 1610 quotquot
2684 1527 2754 1591 in
2780 1527 2977 1591 linteo
3017 1527 3409 1609 poenitentiae
3456 1528 3864 1593 continentur.

2351 1634 2756 1716 Augustinus
2778 1635 2822 1670 ¹¹
2854 1656 2869 1698 :
2895 1633 3190 1698 «Animae
3211 1637 3470 1712 sanctae,
3499 1652 3652 1716 quae
3678 1635 3743 1698 in
3766 1635 3873 1699 boc

2351 1742 2610 1819 saeculo,
2635 1746 2746 1806 aut
2759 1760 2875 1825 per
2893 1743 3041 1806 vitae
3056 1742 3485 1805 innocentiam
3514 1761 3698 1824 purae
3715 1748 3869 1821 sunt,

2350 1854 2462 1915 aut
2488 1869 2603 1934 per
2636 1850 3026 1934 poenitentiae
3069 1850 3564 1914 satisfactionem
3598 1867 3875 1933 purgan-

2351 1961 2480 2036 tur,
2515 1961 2580 2021 et
2605 1976 2646 2020 a
2671 1955 2994 2021 Salvatore
3020 1960 3235 2021 nostro
3262 1957 3684 2037 recipiuntur.
3713 1978 3746 2016 n

2430 2064 2517 2129 De
2561 2065 2838 2129 secundo
2881 2067 3055 2142 nota,
3103 2064 3274 2147 quod
3309 2081 3462 2128 cum
3497 2062 3731 2129 Tobias
3770 2065 3875 2128 fla·

2350 2171 2625 2254 gellatus
2651 2176 2809 2237 esset
2836 2172 3219 2255 captivitate,
3247 2177 3308 2238 et
3333 2175 3639 2252 caecitate,
3668 2178 3733 2237 et
3755 2191 3879 2257 spe-

2353 2278 2593 2344 cialiter
2611 2279 2833 2344 uxoris
2854 2280 3351 2362 importunitate,
3376 2280 3527 2344 dicit
3540 2282 3585 2317 ¹¹
3608 2302 3671 2344 t«
3683 2279 3875 2356 Nunc,

2353 2386 2622 2450 Domine
2645 2436 2664 2467 ,
2721 2387 3075 2452 secundum
3124 2387 3517 2454 voluntatem
3570 2392 3753 2452 tuam
3794 2388 3880 2451 sac

2351 2511 2606 2558 mecum
2634 2493 3152 2575 misericordiam,
3177 2498 3241 2559 et
3260 2496 3554 2577 praecipe.
3585 2515 3617 2553 n
3650 2493 3880 2559 Revera

2351 2605 2522 2666 enim
2559 2622 2673 2686 per
2714 2603 3190 2668 tribulationem
3232 2603 3542 2685 recipitur
3570 2603 3768 2668 homo
3810 2603 3882 2668 ad

2349 2713 2657 2775 aeternam
2681 2711 3172 2776 consolationem
3202 2711 3248 2747 ¹¹
3279 2733 3339 2775 :a
3366 2708 3486 2776 Per
3516 2711 3748 2775 multas
3776 2712 3877 2775 tri-

2349 2816 2703 2881 bulationes
2758 2821 3008 2900 oportet
3049 2835 3168 2882 nos
3210 2816 3451 2882 intrare
3498 2818 3565 2881 in
3611 2835 3881 2899 regnum

2350 2907 2697 2991 eoeloruml
2727 2946 2758 2985 n
2794 2926 2842 2962 ²⁸
2891 2948 2923 2986 α
2951 2924 3025 2988 Hi
3072 2929 3254 3004 sunt,
3305 2925 3416 3007 qui
3459 2930 3776 2989 venerunt
3814 2927 3885 2989 de

2349 3033 2779 3097 tribulatione.
2823 3054 2853 3092 n
2874 3031 3021 3097 ·Sed
3053 3032 3197 3116 quis
3236 3033 3305 3096 in
3341 3033 3542 3095 vitam
3582 3036 3881 3097 aeternam

2350 3141 2673 3223 recipitur,
2718 3140 2841 3203 nisi
2880 3140 2989 3222 qui
3033 3141 3103 3203 in
3141 3126 3277 3203 viia
3319 3139 3684 3203 transitoria
3742 3157 3880 3204 cum

2353 3249 2587 3314 Lazaro
2622 3248 2792 3312 mala
2825 3248 3095 3331 recipit?
3124 3246 3283 3312 Eece
3309 3246 3523 3329 angeli
3556 3248 3645 3312 ¹⁸:
3676 3271 3707 3306 α
3737 3248 3880 3313 Fac-

2353 3364 2495 3423 tum
2533 3363 2627 3422 est
2665 3362 2921 3436 autem,
2949 3361 3024 3420 ut
3051 3360 3408 3420 moreretur
3442 3357 3788 3434 mendicus„
3828 3359 3886 3420 et

2352 3469 2731 3549 portaretur,
2768 3487 2799 3525 ι)
2830 3469 2947 3530 etc.
2988 3464 3123 3529 Imo
3146 3469 3314 3528 certe
3341 3482 3380 3527 a
3408 3464 3533 3528 Deo
3559 3464 3879 3547 recipitur,

2351 3574 2465 3658 qui
2511 3591 2662 3637 cum
2708 3572 3028 3655 Stephano
3069 3571 3408 3653 lapidatur.
3454 3572 3500 3607 ¹⁸
3552 3593 3583 3631 α
3630 3570 3915 3635 Domine.

2349 3679 2501 3746 Jesu
2529 3679 2794 3756 Christe,
2825 3679 3073 3761 suscipe
3107 3678 3401 3761 spiritum
3428 3696 3668 3743 meum.
3702 3700 3733 3739 ιι
3770 3678 3880 3742 Re-

2351 3787 2678 3869 cipiuntur
2706 3790 2921 3851 autem
2959 3786 3028 3851 in
3063 3803 3237 3869 pace,
3272 3786 3383 3869 qui
3413 3804 3561 3849 cum
3606 3785 3887 3850 hostibus

2353 3893 2610 3970 animm,
2642 3896 2705 3958 et
2744 3894 2916 3958 vitiis
2945 3911 3164 3976 pacem
3206 3911 3338 3957 non
3374 3891 3616 3957 habent
3662 3895 3881 3964 viven-

2355 4006 2483 4085 tes-3
2515 4001 2626 4083 qui
2655 4004 2870 4065 autem
2907 4018 3055 4064 cum
3085 3999 3377 4064 hostibus
3404 3999 3664 4079 animae,
3698 4004 3757 4064 et
3794 4002 3882 4063 vi·

2354 4108 2464 4172 tiis
2501 4126 2725 4191 pacem
2764 4106 3001 4171 habent
3033 4107 3344 4184 viventes,
3386 4124 3540 4190 pace
3585 4108 3885 4172 carebunt
3922 4165 3929 4169 .

2358 4214 2702 4279 morientes
2730 4215 2776 4256 ¹⁷
2813 4237 2828 4279 z
2869 4238 2901 4276 α
2935 4214 3013 4279 Et
3039 4215 3299 4297 quidem
3336 4214 3402 4277 in
3448 4215 3571 4279 hac
3612 4217 3715 4280 die
3756 4222 3881 4293 tua,

2352 4339 2501 4404 quae
2522 4321 2603 4386 ad
2642 4339 2863 4404 pacem
2888 4321 3039 4399 tibi;
3072 4339 3246 4385 nunc
3271 4325 3486 4384 autem
3526 4321 3888 4387 abscondita

2355 4427 2611 4491 suntab
2638 4427 2839 4491 oculis
2866 4427 3015 4491 tuiS.
3047 4426 3208 4504 Quia
3233 4427 3496 4492 venient
3519 4429 3654 4493 dies
3694 4429 3763 4492 in
3805 4433 3882 4505 te,

2354 4539 2417 4599 et
2443 4534 2927 4599 circumdabunt
2952 4539 3014 4599 te
3036 4535 3279 4598 inimici
3322 4536 3420 4599 tui
3458 4535 3655 4615 vallo,
3677 4541 3737 4600 et
3764 4536 3882 4599 cir-

2354 4642 2743 4706 cumdabunt
2770 4646 2829 4706 te
2855 4648 2918 4707 et
2940 4642 3461 4723 coangustabunt
3487 4646 3548 4707 te
3584 4642 3883 4725 undique,

2352 4753 2415 4815 et
2441 4750 2519 4813 ad
2540 4754 2774 4814 terram
2802 4752 3203 4833 prosternent
3235 4754 3318 4816 te.
3348 4753 3502 4813 etc.»
3535 4747 3693 4814 Nota
3718 4748 3887 4830 quod

2352 4860 2494 4940 post
2521 4856 2754 4920 malam
2805 4874 3023 4938 pacem
3057 4855 3298 4919 inimici
3328 4856 3529 4919 nostri
3568 4854 3888 4919 daemones

2351 4966 2419 5029 in
2462 4969 2662 5030 morte
2688 4963 3215 5041 circumdabunt,
3259 4962 3506 5026 exitum
3543 4962 3883 5027 observan-

2352 5073 2437 5138 do
2464 5093 2481 5152 ;
2562 5072 3109 5157 coangustabunt,
3173 5071 3466 5152 spiritum
3534 5069 3834 5153 rapiendo
3861 5088 3879 5148 3

2347 5187 2766 5266 prosternent,
2795 5180 2865 5246 in
2890 5179 3141 5244 interno
3167 5177 3577 5243 detrudendo.

2356 5409 2410 5419 -
2443 5381 2482 5417 ’θ
2509 5379 2702 5440 Ezech„
2738 5389 2882 5441 xxiv,
2919 5379 2966 5427 6.
2994 5401 3059 5446 7—
3087 5378 3122 5411 ¹¹
3153 5378 3279 5442 Aug.
3310 5401 3371 5414 —
3400 5376 3440 5412 ¹²
3469 5374 3603 5436 Tob„
3629 5387 3703 5438 ιιι,
3735 5378 3784 5425 θ.
3814 5397 3875 5411 -

2353 5452 2396 5489 ¹⁸
2420 5451 2551 5515 Act„
2576 5463 2683 5513 xxv,
2714 5453 2794 5499 2¹.
2823 5476 2886 5487 —
2924 5449 2962 5483 ’δ
2987 5449 3160 5510 Δροσ.,
3190 5458 3293 5509 vn,
3322 5448 3403 5496 ¹4.
3441 5472 3502 5484 —
3540 5448 3577 5484 ¹⁸
3612 5447 3740 5506 Lm,
3768 5453 3871 5503 xvi,

2353 5527 2435 5579 22·
2466 5547 2519 5562 ““·
2549 5524 2591 5562 ¹⁶
2615 5524 2751 5588 dcto,
2784 5531 2878 5586 vu,
2905 5520 2984 5572 58·
3012 5543 3080 5560 ''¹¹'‘
3102 5519 3142 5557 u
3169 5518 3309 5573 mo
3328 5530 3443 5584 ¹¹¹,
3468 5520 3631 5574 a‘440
