4059 6317
755 471 795 533 2
1856 463 2273 534 SERMONES
2316 463 2416 528 DF.
2456 463 2848 531 TEMPORE.

751 607 892 666 tum
909 603 1145 683 verbis,
1174 604 1284 670 sed
1307 605 1499 669 etiam
1511 603 1690 669 factis
1711 604 2114 684 confiteatur,
2134 600 2287 683 quia

751 708 1019 774 Domino
1034 709 1069 775 J
1070 729 1186 775 esu
1203 709 1448 777 Christo
1463 713 1482 748 ¹
1499 704 1657 778 da'ta
1680 717 1770 778 est
1783 711 1990 779 omnis
2004 713 2285 791 potestas

739 817 825 881 in
845 817 994 884 coelo
1012 824 1076 885 et
1100 819 1175 884 in
1201 825 1377 886 terra
1394 866 1412 898 ,
1439 821 1536 883 et²
1564 821 1640 885 in
1656 819 1912 886 nomine
1933 817 2074 898 ejus
2102 831 2284 882 omne

749 940 917 1006 qenu
943 924 1240 1005 flectatur
1264 926 1626 1007 coetestium,
1649 926 2062 1006 terrestrium,
2091 928 2149 989 et
2176 924 2284 988 in-

745 1032 1094 1110 fernorum.
1113 1032 1221 1113 Cuj
1228 1035 1482 1098 usmodi
1497 1039 1712 1098 autem
1730 1033 1915 1114 signa
1929 1050 2041 1096 eru
2048 1035 2119 1094 nt
2132 1035 2283 1093 tunc

746 1137 817 1201 in
828 1139 1106 1204 secundo
1119 1140 1419 1219 adventu,
1442 1159 1524 1206 ex
1538 1143 1715 1205 textu
1729 1157 1922 1206 sacrae
1937 1137 2282 1220 Scripturae

747 1250 949 1327 potest
979 1246 1216 1328 colligi.
1248 1245 1411 1311 Nam
1459 1247 1781 1330 discipulis
1828 1245 2284 1326 interroganti-

746 1353 867 1417 bus
892 1354 948 1417 *ε
975 1353 1163 1434 Quod
1187 1359 1281 1420 est
1300 1356 1557 1437 sianum
1585 1353 1898 1420 adventus
1924 1354 2027 1419 tui
2054 1360 2115 1419 et
2133 1367 2281 1418 con-

752 1461 1206 1528 summationis
1232 1460 1457 1527 soeculi
1473 1463 1508 1526 P
1532 1461 1854 1544 respondit
1892 1465 2036 1542 post
2077 1460 2280 1526 tribu·

751 1568 1022 1635 tationes
1048 1569 1303 1635 dierum
1328 1569 1584 1636 illorum
1606 1618 1623 1649 ,
1672 1568 1768 1636 sol
1811 1567 2278 1646 obscurabitur,

750 1678 908 1744 luna
933 1693 1067 1744 non
1094 1678 1279 1746 dabit
1325 1678 1538 1744 lumen
1576 1694 1797 1754 suum,
1841 1684 1902 1743 et
1931 1676 2127 1743 stellae
2169 1692 2279 1740 ca·

541 1800 679 1856 sien·
745 1787 899 1854 dent
924 1786 1004 1854 de
1039 1790 1209 1855 coelo.
1259 1788 1357 1853 Ex
1398 1787 1714 1852 intellectu
1752 1785 2006 1849 illorum
2053 1784 2279 1847 verbo-

502 1863 706 2041 ΞΞΞΞᾸ
743 1912 893 1958 rum
942 1899 1005 1960 et
1049 1896 1339 1961 hodierni
1407 1894 1729 1976 evangelii
1774 1897 1977 1976 potest
2020 1891 2277 1971 colligi,

744 2002 915 2084 quod
959 2003 1083 2066 tria
1131 2007 1322 2067 erunt
1367 2003 1557 2084 signa
1587 2023 1602 2063 :
1635 2017 1786 2064 nam
1838 2000 2045 2082 primo
2091 2002 2282 2062 erunt

742 2109 930 2192 signa
979 2108 1447 2193 deceptibilium
1485 2106 1943 2171 miraculorum
1959 2153 1976 2181 ‚
2017 2106 2098 2169 ad
2128 2105 2277 2168 sub-

740 2217 1103 2282 versionem
1132 2216 1416 2281 veritatis
1439 2213 1587 2282 fidei
1614 2237 1631 2293 ;
1663 2213 1940 2278 secundo
1968 2216 2161 2278 erunt
2192 2213 2280 2276 si-

740 2341 874 2406 gna
900 2323 1254 2388 carnalium
1282 2321 1797 2401 delectationum,
1829 2319 1911 2384 ad
1943 2319 2279 2401 refrigera-

734 2431 976 2496 tionem
995 2429 1322 2495 charitatis
1345 2428 1617 2493 incendii
1642 2451 1659 2507 ;
1683 2429 1868 2494 tertio
1888 2432 2078 2493 erunt
2090 2428 2279 2509 signa

734 2537 1186 2621 multiplicium
1216 2536 1702 2602 tribulationum
1724 2584 1741 2614 ‚
1771 2537 1850 2600 ad
1880 2535 2277 2601 evulsionem
2310 2605 2317 2626 ο

733 2644 1243 2726 longanimitatis
1270 2644 1427 2728 spei.
1459 2643 1663 2725 Signa
1690 2642 2045 2708 carnalium
2070 2642 2278 2707 delec-

734 2751 1052 2816 tationum
1089 2751 1540 2831 intelliguntur
1586 2769 1700 2833 per
1724 2750 1970 2814 lunaris
2015 2749 2277 2814 luminis

734 2859 1159 2940 privationem
1184 2881 1201 2937 ;
1230 2858 1419 2939 signa
1442 2857 1911 2940 deceptibilium
1937 2857 2277 2921 miraculo·

733 2982 884 3030 rum
928 2965 1381 3047 intelliguntur
1415 2983 1530 3046 per
1574 2964 1794 3028 solaris
1835 2964 1996 3028 radii
2048 2964 2275 3029 obscu-

736 3071 1049 3136 rationem
1078 3095 1096 3150 ;
1162 3072 1348 3153 signa
1408 3070 1859 3154 multiplicium
1921 3071 2278 3136 tribulatio-

734 3198 895 3243 num
936 3179 1382 3261 intelliguntur
1426 3198 1540 3263 per
1589 3179 1916 3244 stellarum
1965 3199 2182 3244 casum
2214 3185 2278 3244 et

735 3286 1251 3352 declinationem.
1306 3286 1521 3351 Prima
1569 3286 1760 3367 signa
1806 3286 2275 3369 deceptibilium

734 3393 1189 3459 miraculorum
1215 3392 1292 3458 ad
1319 3393 1801 3458 subversionem
1819 3394 2108 3458 veritatis
2129 3393 2277 3459 fidei

734 3499 1179 3583 intelliguntur
1193 3519 1306 3584 per
1324 3500 1546 3565 solaris
1558 3501 1719 3565 radii
1737 3500 2270 3566 obscurationem.

738 3607 915 3674 Sicut
941 3610 1110 3672 enim
1138 3608 1352 3673 radius
1379 3608 1525 3673 solis
1552 3608 1945 3690 oppositione
1972 3608 2164 3671 nubis
2190 3608 2277 3672 di-

736 3715 1270 3794 citurobscurari3
1311 3716 1402 3804 sic
1440 3714 1656 3780 radius
1690 3714 1839 3778 fidei
1875 3714 2273 3778 obnubilabi-

736 3826 844 3887 tur
862 3823 942 3906 (a)
961 3838 1073 3905 per
1100 3821 1471 3904 huiusmodi
1497 3821 1686 3902 signa
1711 3821 1780 3884 in
1807 3821 2065 3885 seducto
2094 3821 2271 3885 Chri-

737 3930 946 3994 stiano
964 3977 985 4009 ,
1017 3929 1128 4013 qui
1156 3946 1287 3993 non
1316 3927 1488 3994 dabit
1514 3927 1735 3991 lumen
1760 3928 2046 3992 veritatis
2078 3951 2092 3993 :
2124 3930 2276 4011 quia

736 4039 881 4101 tunt
898 4041 1157 4120 surqent
1165 4034 1669 4119 pseudochristi,
1697 4034 2271 4118 pseudoprophetae,

739 4147 801 4209 et
826 4142 1071 4210 dabunt
1094 4159 1305 4209 vocem
1337 4141 1408 4222 (b)
1455 4149 1515 4208 et
1552 4140 1857 4225 prodiqia
1878 4191 1898 4221 ,
1943 4146 2042 4209 ita
2087 4150 2161 4210 ut
2200 4147 2275 4211 in

737 4266 1011 4318 errorem
1035 4248 1457 4322 inducantur,
1485 4252 1707 4329 etiam,
1763 4250 1827 4315 si
1853 4255 2058 4331 potest
2082 4250 2234 4331 fieri
2250 4300 2272 4332 ,

738 4359 937 4438 electi,
968 4361 1041 4421 ut
1068 4358 1301 4422 dicitur
1318 4355 1361 4419 ⁸.
1389 4356 1471 4419 De
1498 4355 1622 4420 hoc
1641 4356 1930 4421 similiter
1957 4357 2189 4422 dicitur
2207 4360 2263 4422 ⁸:

738 4465 1142 4534 Revelabitur
1171 4463 1279 4529 ille
1303 4464 1597 4545 iniquus,
1621 4463 1807 4542 cujus
1835 4463 2153 4531 adventus
2181 4472 2272 4533 est

736 4573 1084 4642 secundum
1112 4571 1536 4653 operationem
1560 4570 1820 4637 »Satanoe
1846 4572 1922 4637 in
1939 4575 2117 4638 omni
2144 4574 2275 4639 vir-

739 4688 892 4762 tute,
922 4683 1081 4749 etin
1112 4680 1318 4763 sionis
1364 4682 1425 4744 et
1455 4676 1776 4761 prodiqiis
1816 4678 2226 4746 mendacibus
2249 4729 2267 4759 ,

738 4793 799 4855 et
820 4792 898 4855 in
925 4789 1102 4856 omni
1125 4785 1482 4853 seductione
1515 4787 1913 4868 iniquitatis.
1961 4786 2273 4851 Dicuntur

735 4901 799 4961 et
841 4895 1032 4979 signa
1078 4894 1450 4959 Antichristi
1498 4894 1826 4958 mendacia
1871 4915 1886 4956 ε
1937 4912 2068 4958 non
2101 4894 2270 4976 quod

733 5021 864 5068 non
890 5002 1077 5068 faciet
1098 5001 1308 5085 aliqua
1327 5002 1518 5083 signa
1537 5002 1810 5080 veracia,
1834 5002 1943 5066 sed
1973 5003 2269 5067 habendo

734 5116 1096 5196 respectum
1138 5110 1217 5174 ad
1254 5111 1453 5174 finem
1497 5113 1560 5174 et
1606 5110 2025 5175 intentIonem
2046 5158 2068 5190 ,
2119 5112 2271 5195 quia

798 5311 819 5347 ι
836 5309 1037 5376 nauh„
1057 5321 1254 5373 xxvm,
1280 5310 1357 5359 ¹8.
1384 5333 1438 5344 -
1464 5307 1483 5337 ²
1500 5304 1708 5370 Philip„
1741 5318 1798 5370 11,
1829 5309 1904 5357 le.
1929 5333 1990 5344 —
2018 5306 2042 5341 ⁸
2061 5307 2269 5373 Mami„

729 5396 875 5448 xxw,
903 5386 951 5449 3,
975 5384 1058 5435 29.
1090 5409 1146 5421 -
1177 5384 1199 5418 ⁴
1223 5382 1372 5446 thid„
1398 5384 1477 5431 24.
1509 5408 1564 5418 -
1603 5381 1621 5411 ⁵
1649 5380 1693 5439 ll
1727 5379 1909 5444 The-tc,
1942 5392 2012 5444 11,
2048 5384 2184 5432 8-10.
2207 5408 2269 5420 —

732 5458 752 5487 ⁸
778 5454 949 5519 Ereti„
975 5466 1128 5519 xmn,
1158 5455 1205 5503 7.
1235 5479 1297 5491 —
1322 5451 1342 5485 ⁷
1375 5454 1515 5515 Sap„
1541 5463 1600 5515 ιι,
1628 5454 1677 5510 8,
1709 5454 1756 5500 9.

2401 599 2481 663 ad
2507 599 2631 664 hoc
2655 600 2843 664 faciet
2865 649 2881 680 ,
2915 604 2989 664 ut
3015 600 3423 666 mendacium
3449 608 3512 668 et
3544 604 3772 671 falsum
3799 625 3922 690 per-

2400 706 2680 771 suadeat.
2713 706 2792 771 Et
2845 710 3101 789 propter
3129 707 3251 772 hoc
3290 708 3661 792 hujusmodi
3707 714 3923 797 signa,

2397 811 2544 876 licet
2591 813 2928 878 videantur
2971 814 3113 878 fleri
3154 815 3222 878 in
3258 816 3738 901 imperceptibili
3778 826 3926 885 tem-

2364 935 2584 1002 pore,
2634 939 2768 985 non
2794 926 3005 984 tamen
3051 921 3350 987 dicuntur
3395 944 3551 989 vera
3591 927 3922 1006 miracula,

2396 1027 2551 1108 quia
2592 1028 2756 1092 fiunt
2798 1046 2914 1111 per
2942 1032 3540 1097 transmutationem
3585 1034 3926 1101 formarum

2394 1133 2462 1196 in
2494 1140 2727 1199 natura
2757 1157 2771 1198 :
2806 1135 2914 1198 sed
2960 1134 3267 1200 miracula
3305 1156 3499 1222 supra
3540 1145 3833 1205 naturam
3868 1148 3928 1207 et

2394 1241 2752 1305 facultatem
2774 1245 3026 1306 naturae
3045 1243 3636 1326 nulladispositione
3654 1253 3717 1313 et
3737 1253 3931 1313 trans-

2396 1351 2750 1413 mutatione
2778 1350 3172 1433 praecedente
3198 1352 3362 1416 flunt
3381 1400 3399 1433 ,
3448 1358 3511 1417 et
3553 1355 3695 1420 ideo
3738 1356 3929 1421 solius

2393 1456 2629 1520 divinae
2652 1459 2953 1540 potentiae
2984 1463 3132 1522 sunt
3155 1460 3530 1524 attestantia.
3561 1460 3747 1527 Falsa
3773 1483 3923 1529 vero

2394 1562 2700 1627 miracula
2725 1568 2875 1627 sunt
2901 1564 2979 1628 de
3007 1564 3242 1628 vilibus
3281 1566 3348 1629 in
3375 1566 3670 1631 effectum
3697 1574 3761 1633 et
3787 1569 3931 1634 inu-

2392 1669 2607 1733 tilibus
2635 1672 2826 1734 rebus
2854 1671 2931 1734 de
2953 1671 3119 1735 facili
3157 1674 3678 1739 convertibilibus
3706 1695 3928 1760 opera-

2391 1778 2559 1841 tione
2607 1783 2895 1856 naturae,
2944 1778 3109 1843 sicut
3161 1783 3330 1861 patet
3391 1781 3468 1845 de
3520 1786 3929 1863 generatione

2391 1902 2693 1948 ranarum
2718 1934 2735 1962 ‚
2766 1904 2927 1967 quas
2955 1885 3033 1948 de
3061 1887 3440 1968 quibusdam
3471 1890 3666 1953 variis
3694 1891 3760 1955 in
3793 1912 3931 1958 mo-

2388 1994 2529 2059 dico
2546 1995 2716 2058 nasci
2742 1994 3078 2076 contingit.
3104 1995 3280 2060 Unde
3303 2001 3365 2061 et
3387 1998 3709 2064 daemones
3729 2004 3928 2067 maxi-

2390 2120 2495 2167 me
2522 2104 2758 2168 faciunt
2782 2122 2970 2168 ranas
2996 2109 3058 2169 et
3083 2110 3439 2188 serpentes,
3467 2111 3531 2171 et
3552 2108 3927 2190 hujusmodi

2389 2209 2542 2275 vilia
2582 2217 2648 2274 et
2675 2211 2961 2291 inutilia,
2993 2230 3141 2294 quae
3169 2212 3247 2277 de
3273 2213 3440 2276 facili
3483 2215 3929 2297 producuntur

2388 2318 2752 2398 operatione
2800 2323 3073 2383 naturae.
3118 2319 3293 2385 Unde
3330 2321 3499 2386 Deus
3524 2325 3676 2388 tunc
3699 2374 3717 2404 ,
3766 2326 3931 2392 sicut

2387 2425 2579 2489 etiam
2620 2426 2809 2491 modo
2826 2474 2843 2505 ,
2874 2427 3328 2493 condescendet
3356 2429 3680 2497 diaboIIcae
3708 2438 3930 2515 poten·

2387 2532 2495 2596 tiae
2522 2538 2586 2597 et
2612 2535 2898 2615 astutiae,
2949 2538 3023 2600 ut
3063 2536 3337 2619 patiatur
3381 2537 3679 2604 seducere
3723 2543 3928 2606 malos

2378 2641 2566 2720 juxta
2595 2659 2822 2706 eorum
2848 2642 3152 2707 demerita
3174 2690 3191 2722 ‚
3258 2647 3323 2708 et
3354 2644 3545 2709 etiam
3572 2647 3929 2730 deprehen-

2385 2746 2620 2812 dantur
2646 2766 2686 2811 a
2724 2748 2943 2828 boniS,
2993 2753 3067 2813 ut
3105 2750 3263 2814 fides
3306 2750 3497 2816 simul
3535 2771 3682 2818 cum
3718 2755 3929 2837 signis

2384 2853 2615 2917 habeat
2641 2854 2874 2919 locum.
2907 2855 3198 2921 Secundo
3225 2857 3413 2940 signa
3440 2860 3794 2926 carnalium
3821 2864 3928 2927 de-

2385 2960 2791 3025 lectationum
2868 2964 2946 3027 ad
2993 2965 3541 3046 refrigerationem
3600 2968 3929 3034 charitatis

2386 3069 2658 3133 incendii
2704 3070 3155 3153 intelliguntur
3212 3091 3326 3155 per
3373 3073 3615 3139 lunaris
3658 3076 3927 3141 luminis

2383 3176 2809 3258 privationem
2844 3226 2861 3258 ‚
2912 3181 2975 3241 et
3023 3180 3090 3242 in
3131 3181 3513 3263 sanguinem
3559 3184 3924 3248 conversio-

2383 3301 2535 3347 nem
2590 3305 2606 3346 :
2654 3283 2824 3367 quod
2866 3285 2977 3364 fit,
3020 3287 3275 3368 quando
3308 3287 3656 3370 spiritualis
3692 3294 3758 3354 et
3803 3290 3922 3356 ho-

2384 3395 2603 3456 nestus
2669 3392 2864 3457 homo
2938 3396 3328 3460 convertitur
3394 3396 3463 3460 in
3535 3399 3926 3478 sanguinem

2384 3498 2767 3564 carnalitatis
2789 3549 2808 3578 ,
2836 3504 2900 3565 et
2927 3502 3216 3584 privatur
3241 3502 3452 3568 lucido
3483 3505 3779 3589 exemplo
3815 3508 3928 3571 ho-

2384 3607 2667 3671 nestatis·
2700 3606 2777 3671 Et
2803 3608 2880 3672 de
2909 3609 3030 3672 hoc
3059 3614 3261 3691 potest
3305 3611 3538 3694 exponi
3575 3611 3734 3676 illud
3759 3620 3781 3655 ⁸
3815 3637 3831 3679 :
3869 3619 3926 3680 Α

2385 3713 2542 3780 luna
2584 3715 2840 3797 sianum
2883 3715 3022 3782 diei
3047 3717 3197 3796 festi
3216 3764 3237 3796 ,
3282 3716 3441 3783 luna
3479 3721 3806 3789 minuitur
3853 3724 3928 3789 in

2384 3824 2921 3889 consummatione
2967 3826 3223 3890 mensis.
3273 3823 3394 3889 Per
3439 3826 3658 3891 lunam
3703 3836 3927 3895 autem

2385 3928 2762 4010 intelligitur
2785 3931 2886 3995 vir
2911 3931 3114 3996 fidelis
3131 3981 3147 4012 ,
3174 3932 3284 4015 qui
3304 3952 3415 4016 per
3434 3933 3762 3999 lasciviam
3794 3955 3932 4001 car-

2385 4035 2661 4101 nalitatis
2706 4039 3019 4103 minuitur
3060 4040 3125 4103 in
3176 4042 3725 4108 consummatione
3767 4046 3932 4110 vitae

2385 4162 2520 4208 suae
2552 4163 2569 4206 ε
2601 4144 2682 4208 ab
2710 4145 2832 4210 isto
2859 4164 3019 4228 ergo
3044 4195 3060 4225 ,
3109 4148 3222 4230 qui
3258 4147 3348 4211 sic
3375 4152 3661 4213 mutatur
3695 4156 3758 4215 et
3812 4153 3938 4217 mi-

2385 4251 2610 4315 nuitur
2637 4252 2800 4317 sicut
2841 4253 3030 4331 luna,
3060 4259 3156 4318 est
3200 4254 3461 4337 signum
3488 4257 3613 4321 diei
3636 4305 3654 4338 ,
3693 4259 3935 4341 judicii

2385 4359 2638 4424 scilicet.
2669 4359 2849 4425 Tunc
2875 4362 3048 4425 enim
3077 4362 3444 4445 implebitur
3470 4364 3625 4429 illud
3648 4365 3670 4399 ⁷
3700 4387 3715 4428 :
3751 4368 3934 4438 Nul-

2384 4467 2517 4532 lum
2560 4475 2879 4550 peccatum
2920 4472 3048 4549 sit,
3108 4469 3278 4552 quod
3338 4487 3468 4538 non
3517 4478 3939 4556 pertranseat

2383 4574 2656 4644 luoeuria
2709 4581 2950 4643 nostra.
2999 4577 3198 4646 Nemo
3241 4580 3330 4645 sit
3373 4595 3593 4647 exsors
3637 4580 3940 4651 luoeurioe

2382 4689 2616 4750 nostroe
2641 4703 2664 4748 .·
2691 4685 2922 4767 ubique
2966 4685 3402 4769 relinquamus
3445 4688 3637 4769 ciana
3681 4691 3938 4760 uetitioe

2382 4799 2619 4858 nostroe
2638 4841 2654 4872 ,
2678 4794 2983 4874 quoniam
3004 4792 3132 4858 hoec
3159 4799 3254 4860 est
3275 4808 3428 4875 pars
3444 4801 3685 4863 nostra.
3708 4797 3935 4866 Tertio

2384 4902 2575 4963 erunt
2612 4900 2801 4981 signa
2840 4899 3291 4982 multiplicium
3319 4901 3814 4971 tribulationum
3844 4909 3938 4974 ad

2382 5008 2779 5073 evulsionem
2808 5008 3311 5089 longanimitatis
3335 5011 3470 5093 spei
3499 5034 3516 5091 3
3549 5032 3698 5097 quae
3729 5014 3933 5082 intel-

2381 5115 2677 5197 liguntur
2718 5133 2830 5198 per
2857 5114 3185 5179 stellarum
3212 5134 3433 5181 casum
3461 5120 3526 5182 et
3550 5119 3938 5189 declinatio-

2380 5240 2554 5286 nem.
2594 5220 2773 5286 Tunc
2812 5221 2985 5286 enim
3016 5239 3300 5303 granum
3335 5242 3575 5305 purum
3599 5274 3617 5307 ,
3650 5245 3933 5296 excussa
4025 5233 4026 5238 ’

2380 5329 2563 5412 palea
2587 5329 3028 5395 inconstantiae
3046 5333 3110 5394 et
3131 5330 3512 5414 timiditatis,
3540 5352 3654 5417 per
3681 5341 3935 5403 exami-

2445 5455 2514 5518 (α)
2544 5455 2683 5506 Edit.
2711 5456 2825 5507 Ven.
2847 5459 3256 5510 obnubilatur.—
3280 5460 3350 5526 (b)
3371 5463 3516 5528 vulg.
3538 5463 3696 5528 Siqua
3714 5480 3929 5528 mama.
4023 5491 4024 5496 ¹
