4059 6317
695 464 821 528 404

694 613 857 676 ergo
875 594 1330 678 lacrymarum,
1346 591 1540 676 quod,
1564 596 1639 658 ut
1653 593 1950 660 innuitur
1962 595 2008 673 ¹,
2028 595 2108 661 de
2123 596 2236 660 tri-

695 702 815 768 bus
838 701 1305 786 propaginibus
1343 701 1760 782 contritionis,
1796 703 2235 782 confessionis,

695 810 1158 889 satisfactionis,
1181 809 1251 874 in
1269 809 1529 874 calicem
1550 809 1822 892 exprimi
1852 810 2059 891 debet,
2092 811 2241 876 cha-

693 918 853 982 ritas
881 920 999 981 est.
1032 914 1166 981 Hoc
1198 916 1348 982 vino
1377 916 1596 999 angeli
1629 916 2043 983 delectantur.
2084 917 2236 982 Ber·

698 1022 940 1088 nardus
965 1025 989 1059 ¹
1021 1044 1037 1087 ε
1070 1045 1102 1084 ι
1134 1022 1422 1088 Gaudent
1453 1023 1668 1105 angeli
1712 1023 1782 1088 in
1826 1025 2241 1090 conversione

696 1135 761 1195 et
801 1129 1174 1214 poenitentia
1206 1134 1631 1214 peccatorum,
1660 1131 1932 1196 salutem
1962 1132 2242 1197 hominis

696 1237 978 1303 sitientes
1009 1239 1354 1323 :lacrymae
1382 1238 1825 1323 poenitentium
1863 1238 2089 1305 vinum
2124 1257 2240 1303 eo-

695 1363 866 1412 rum.
897 1367 931 1406 »

1077 1538 1090 1550 ·
1215 1515 1507 1587 SERMO
1556 1515 1651 1587 IV
1678 1525 1724 1585 ⁸.

778 1669 985 1738 Homo
1027 1668 1296 1752 wldam
1338 1668 1753 1736 descendebat
1777 1667 1859 1735 ab
1892 1668 2243 1735 Jerusalem

703 1778 780 1843 in
805 1776 1078 1856 Iericho,
1108 1784 1170 1845 ec
1198 1776 1439 1844 incidit
1464 1779 1538 1843 in
1564 1777 1865 1856 latrones,
1895 1776 2014 1859 qui
2049 1777 2243 1843 etiam

702 1883 1223 1968 despoliaverunt
1250 1900 1390 1950 eum
1411 1888 1456 1949 ⁵.
1489 1884 1652 1961 Quia
1675 1883 1939 1948 faciliter
1961 1882 2153 1948 rudes
2179 1885 2245 1947 et

703 1991 1034 2058 sensibiles
1058 1990 1348 2057 homines
1367 1991 1689 2055 ducuntur
1713 1990 1783 2054 in
1809 1990 2243 2070 cognitionem

703 2099 976 2184 alicujus
1009 2099 1105 2165 rei
1139 2097 1506 2182 spiritualis,
1551 2115 1704 2162 cum
1749 2097 2245 2162 circumvelatur

702 2207 1142 2291 exemplorum
1183 2206 1488 2284 veritate3
1528 2204 1669 2269 ideo
1695 2203 2006 2269 Dominus
2029 2208 2245 2269 noster

703 2314 927 2379 volens
973 2314 1169 2380 istum
1212 2313 1537 2392 Judaeum,
1584 2315 1650 2376 et
1694 2312 1885 2377 etiam
1932 2311 2243 2394 populum

702 2421 1053 2504 judaicum,
1091 2420 1322 2485 rudem
1358 2424 1422 2484 et
1459 2418 1915 2497 insensibilem,
1946 2437 2062 2502 per
2085 2419 2246 2485 invi·

701 2527 909 2593 sibilia
933 2527 1016 2591 ad
1042 2526 1317 2591 visibilia
1342 2545 1544 2591 manu
1570 2526 1826 2604 ducere,
1854 2526 2152 2591 describit
2175 2526 2245 2590 in

702 2636 899 2700 verbo
917 2634 1259 2719 proposito,
1282 2636 1474 2717 ,iuxta
1492 2633 1945 2701 vocabulorum
1966 2633 2247 2716 proprie·

701 2746 884 2823 tates,
913 2743 1200 2826 primum
1224 2746 1553 2825 parentem
1580 2742 1702 2806 sub
1727 2741 2099 2826 metaphora
2125 2742 2244 2806 ho-

704 2850 896 2915 minis
909 2849 1348 2915 abJerusalem
1360 2849 1430 2914 in
1443 2849 1694 2916 Jericho
1704 2848 2154 2928 deseendentis,
2176 2848 2244 2912 in

700 2954 979 3021 latrones
995 2957 1348 3037 incidentis,
1373 2974 1521 3021 cum
1547 2955 1735 3021 dicit:
1760 2955 1957 3023 Homo
1975 2954 2245 3038 quidam

701 3061 1115 3130 descendebat
1158 3062 1238 3130 ab
1270 3063 1647 3142 Jerusalem,
1678 3066 1797 3128 etc.
1828 3062 1899 3127 In
1936 3079 2072 3145 quo
2097 3062 2247 3146 qui-

700 3169 847 3234 dem
875 3169 1072 3235 verbo
1099 3170 1155 3234 si
1181 3170 1518 3252 diligenter
1555 3169 1962 3235 attendantur
1986 3168 2019 3233 J
2023 3188 2241 3236 erusa-

699 3275 828 3342 lem
847 3280 911 3343 et
922 3276 1176 3344 Jericho
1189 3276 1738 3361 interpretationes
1751 3281 1814 3342 et
1828 3277 2239 3358 conditiones,

700 3389 763 3449 et
798 3386 992 3450 etiam
1017 3385 1355 3469 expoliatio
1388 3386 1553 3451 facta
1582 3403 1695 3468 per
1722 3385 2025 3464 latrones,
2060 3385 2245 3452 valde

698 3492 1024 3575 eleganter
1035 3492 1412 3557 describitur
1427 3493 1674 3576 primus
1689 3510 1918 3574 parens
1930 3496 2245 3574 quantum

699 3600 781 3665 ad
821 3605 948 3665 tres
990 3599 1402 3677 conditiones,
1446 3598 1737 3665 videlicet
1767 3622 1784 3664 ε
1816 3603 2127 3683 quantum
2163 3599 2246 3665 ad

699 3708 986 3792 primum
1041 3711 1278 3774 statum
1334 3725 1470 3772 suae
1526 3706 1879 3786 creationis,
1946 3709 2063 3791 qui
2124 3707 2247 3772 fuit

700 3818 904 3879 status
928 3814 1261 3898 originalis
1286 3814 1704 3889 innocentiaez
1738 3816 2049 3896 medium,
2076 3834 2240 3899 prae-

699 3922 1106 3987 varicationis
1130 3920 1369 4004 lapsus,
1399 3921 1781 3988 detestabilis
1805 3923 2051 4006 culpae;
2091 3923 2240 3988 ulti-

700 4047 905 4110 mum,
954 4029 1494 4112 praevaricationis
1530 4029 1862 4111 damnum,
1902 4031 2041 4096 sive
2070 4030 2238 4098 dete-

700 4140 841 4201 ctus
877 4135 1148 4220 poenalis
1200 4136 1494 4201 miseriae.
1538 4135 1688 4202 Haec
1723 4137 1851 4201 tria
1889 4155 1957 4202 se
2006 4137 2245 4204 habent

699 4259 815 4325 per
839 4242 1149 4307 ordinem.
1179 4239 1340 4307 Nam
1367 4240 1532 4306 Deus
1557 4241 1766 4323 primo
1783 4242 2021 4307 creavit
2042 4242 2244 4308 homi·

699 4367 851 4416 nem
882 4352 1142 4414 rectum·
1172 4352 1483 4432 quantum
1528 4348 1610 4413 ad
1652 4353 1888 4414 statum
1933 4348 2238 4414 innocen·

697 4454 845 4534 tiae3
892 4455 1119 4521 deinde
1154 4455 1473 4535 voluntas,
1514 4454 1746 4520 cadens
1786 4473 1827 4520 a
1863 4455 2242 4521 rectitudine

691 4562 981 4644 Justitiae,
1031 4559 1370 4647 acquisivit
1419 4562 1800 4646 poenalitatis
1849 4563 2130 4632 defectus
2179 4568 2243 4628 et

699 4669 996 4736 miseriae.
1036 4668 1253 4735 Primo
1278 4686 1436 4751 ergo
1462 4669 1532 4733 in
1561 4668 1759 4733 verbo
1784 4669 2100 4752 proposito
2128 4669 2237 4735 de-

697 4776 997 4840 scribitur
1025 4776 1273 4860 primus
1294 4793 1544 4859 parens,
1565 4779 1884 4859 quantum
1903 4775 1986 4840 ad
2004 4782 2241 4843 statum

697 4883 1031 4965 originalis
1068 4884 1471 4964 innocentiae,
1509 4901 1656 4948 cum
1692 4884 1844 4949 dicit
1876 4902 1893 4948 ε
1935 4884 2030 4950 Ab
2055 4886 2242 4952 Jeru-

698 4989 918 5057 salem.
951 4990 1073 5056 Per
1097 4989 1447 5056 Jerusalem
1470 4990 1924 5073 interpretatur
1940 4993 2106 5058 visio
2126 5012 2237 5077 pa-

698 5096 810 5174 cis,
863 5095 1249 5180 intelligitur
1300 5099 1513 5162 status¹
1549 5097 1949 5183 innocentiae,
1997 5102 2067 5165 in
2111 5120 2242 5187 quo

698 5205 836 5269 erat
846 5223 1104 5271 summa
1115 5204 1476 5287 concordia,
1492 5209 1555 5270 et
1572 5206 1910 5275 harmonia
1925 5211 2090 5276 inter
2106 5229 2240 5277 car-

764 5366 784 5400 ¹
814 5364 1897 5434 Gen„11.,10-12.—².‚Bernn..cnnt
1926 5387 2082 5424 serm.
2113 5386 2239 5440 xxx,

700 5449 755 5487 n.
799 5439 936 5492 3.-
975 5438 996 5473 ⁸
1030 5440 1177 5491 Hunc
1202 5437 1495 5490 nonhabet
1524 5440 1644 5493 edit.
1685 5443 1843 5493 Paris.
1883 5457 1947 5494 en
1957 5448 2148 5497 ,lb2l.
2178 5472 2240 5485 -

1751 489 1756 498 ·
1793 457 2213 527 SERMONES
2254 458 2355 526 DE
2395 458 2792 526 TEMPORE.

2348 613 2498 660 nem
2527 599 2593 661 et
2627 595 2926 680 spiritum
2950 595 3141 679 primi
3166 595 3468 681 parmtis,
3497 595 3642 661 licet
3663 593 3894 663 merito

2348 704 2450 767 sui
2468 703 2703 786 peccati
2720 702 3137 768 adversentur
3157 704 3238 768 ad
3252 703 3550 769 invicem.
3578 702 3892 782 Secundo,

2348 814 2663 892 quantum
2690 811 2770 875 ad
2796 810 3047 894 lapsum
3075 809 3457 876 detestabilis
3482 810 3709 893 culpae,
3741 829 3894 875 cum

2350 918 2612 981 subdit:
2645 917 3061 985 Descendebat
3088 921 3162 985 in
3186 919 3451 986 Jericbo.
3476 917 3600 984 Per
3614 918 3893 999 Jericbo,

2348 1037 2497 1102 quae
2510 1019 2961 1103 interpretatur
2975 1020 3132 1085 luna
3140 1021 3275 1086 sive
3285 1021 3581 1099 defectus,
3601 1021 3897 1103 signatur

2348 1121 2564 1204 lapsus
2588 1125 2847 1206 peccati.
2886 1123 3049 1188 Nam
3086 1142 3346 1208 peccare
3386 1124 3558 1189 idem
3594 1128 3691 1188 est
3722 1124 3893 1206 quod

2349 1231 2637 1297 deficere.
2641 1229 2850 1296 Tertio
2854 1235 3203 1315 ,quantum
3217 1231 3615 1297 addamnum
3630 1231 3897 1314 poenalis

2351 1338 2651 1418 miseriae,
2671 1357 2823 1404 cum
2833 1338 3257 1406 subinfertur.
3282 1340 3363 1406 In
3375 1340 3681 1419 latrones,
3697 1340 3891 1421 idest,

2351 1444 2696 1527 daemones,
2757 1447 2872 1530 qui
2924 1448 3443 1532 despoliaverunt
3500 1467 3655 1514 eum
3706 1448 3893 1514 indn-

2350 1558 2569 1620 mento
2586 1554 2986 1622 innocentia.
3006 1555 3086 1622 Et
3106 1557 3229 1622 ista
3260 1557 3490 1623 divisio
3512 1557 3786 1622 babetur
3812 1576 3895 1621 ex

2353 1660 2593 1743 mosea,
2609 1664 2921 1747 quedicit
2942 1664 3068 1729 sic:
3098 1665 3346 1757 «Homo
3367 1665 3475 1730 ille
3500 1665 3707 1730 Adam
3724 1665 3897 1730 intel·

2350 1769 2602 1852 ligitur,
2635 1772 2749 1854 qni
2775 1772 2858 1837 ab
2884 1771 3218 1838 altitudine
3244 1774 3519 1840 coelestis
3539 1773 3893 1840 Jerusalem

2352 1879 2892 1961 praevaricationis
2918 1881 3102 1964 lapsu
3128 1881 3210 1946 ad
3227 1882 3600 1948 miseriaset
3616 1882 3894 1948 defectus

2351 1984 2550 2068 hujus
2576 1987 2727 2053 vitae
2747 1988 3073 2053 mutabilis
3105 1992 3168 2053 et
3190 2007 3478 2055 erroneae
3503 1989 3887 2056 descendit.»

2433 2093 2670 2174 Primo,
2701 2096 2770 2160 in
2806 2097 3005 2162 verbo
3040 2097 3356 2181 proposito
3397 2116 3513 2181 per
3543 2096 3892 2163 Jerusalem

2350 2200 2732 2283 intelligitur
2769 2207 2970 2268 status
3006 2204 3342 2286 originalis
3377 2205 3753 2269 innocentiae
3784 2227 3801 2267 :
3830 2210 3895 2269 et

2353 2311 2537 2392 bene,
2570 2312 2625 2376 si
2652 2313 3057 2379 attendantur
3086 2315 3226 2397 eJus
3254 2313 3665 2393 conditiones,
3696 2316 3760 2377 et
3793 2313 3893 2376 in-

2354 2419 2857 2501 terpretationes.
2908 2418 2965 2485 N
2967 2439 3073 2485 am
3114 2419 3465 2485 Jerusalem
3514 2419 3693 2484 locus
3733 2423 3889 2497 erat,

2352 2526 2585 2608 primo,
2615 2525 2948 2608 dignitatis
2974 2531 3037 2591 et
3075 2528 3600 2608 honorificentiae,
3620 2527 3773 2611 quia
3796 2545 3895 2592 re·

2354 2632 2518 2714 galis
2549 2631 3008 2714 praesidentiae3
3040 2633 3341 2713 secund0,
3373 2634 3796 2700 deliciositatis
3829 2639 3894 2698 et

2351 2739 2717 2816 affluentiae,
2748 2740 2900 2823 quia
2926 2742 3324 2805 emanativus
3359 2741 3521 2806 laete
3562 2745 3627 2805 et
3666 2741 3887 2819 melle3

2352 2846 2557 2925 tertio,
2604 2847 2959 2911 securitatis
3002 2847 3318 2931 perfectae,
3357 2846 3513 2930 quia
3546 2847 3896 2912 custoditus

2350 2953 2715 3035 abangelis
2752 2953 2969 3018 dieac
3013 2954 3499 3019 nocte.Ethaec
3543 2954 3671 3018 tria
3715 2959 3896 3019 erant

2351 3060 2706 3143 perfectiori
2743 3059 2932 3126 modo
2968 3060 3038 3124 in
3072 3064 3246 3126 statu
3284 3061 3688 3126 innocentiae.
3730 3059 3895 3126 Nam

2350 3167 2555 3234 Adam
2594 3172 2764 3234 statu
2807 3168 2919 3235 illo
2961 3168 3236 3234 babebat
3274 3169 3663 3250 dignitatem
3700 3169 3897 3251 origi-

2350 3275 2513 3344 nalis
2535 3276 2950 3356 innocentiae,
2981 3278 3278 3356 secundo,
3296 3276 3773 3342 deliciositatem
3789 3277 3895 3341 ob-

2351 3384 2659 3450 lectabilis
2685 3386 2949 3467 gratiae3
2998 3385 3208 3462 tertio,
3250 3385 3655 3470 secmitatem
3681 3389 3897 3469 prote-

2350 3493 2576 3558 ctionis
2599 3492 2857 3558 divinas.
2886 3493 2970 3558 Et
2992 3511 3107 3577 per
3132 3494 3274 3558 haec
3290 3493 3415 3556 tria
3437 3492 3710 3575 perfecte
3733 3491 3889 3558 ordi·

2349 3599 2625 3666 nabetur
2663 3601 2747 3665 ad
2788 3601 2966 3665 illam
3004 3601 3257 3665 beatam
3295 3598 3693 3665 Trinitatem.
3735 3597 3895 3665 Nam

2349 3706 2593 3773 ratione
2630 3707 2823 3790 primi
2861 3707 3274 3774 ordinabatur
3312 3706 3393 3772 ad
3435 3706 3895 3790 speciositatem

2347 3811 2489 3878 Filii
2515 3835 2533 3893 ;
2566 3815 2812 3882 ratione
2837 3814 3124 3895 secundi,
3144 3813 3227 3880 ad
3255 3814 3727 3896 benignitatem
3753 3813 3890 3898 Spi-

2347 3920 2511 3985 ritus
2554 3923 2788 4000 sancti3
2849 3920 3096 3986 ratione
3146 3919 3338 4001 tertii,
3386 3921 3469 3986 ad
3517 3925 3892 4005 potestatem

2349 4027 2552 4094 Patris
2579 4029 2827 4095 aeterni.

2427 4135 2645 4202 Primo
2663 4155 2778 4218 per
2801 4135 3153 4201 Jerusalem
3180 4135 3564 4219 intelligitur
3584 4140 3788 4203 status
3802 4138 3891 4204 in·

2346 4244 2680 4309 nocentiae.
2713 4243 2794 4308 Et
2819 4243 2900 4309 de
2932 4243 3057 4309 hoc
3092 4245 3300 4326 petest
3332 4243 3571 4325 exponi
3596 4246 3772 4327 quod
3796 4245 3892 4311 di·

2345 4350 2512 4415 citur
2536 4353 2559 4387 ⁸
2589 4371 2606 4415 z
2636 4351 2931 4418 Elevavit
2953 4366 3050 4416 me
3077 4352 3353 4431 spiritus
3383 4352 3561 4419 inter
3588 4352 3813 4419 coelum
3837 4359 3892 4421 el

2346 4462 2603 4537 terram,
2650 4464 2712 4526 el
2742 4455 3035 4527 adduxit
3068 4474 3166 4524 me
3200 4458 3277 4524 in
3310 4458 3662 4527 Jerusalem
3686 4464 3766 4527 in
3788 4465 3884 4529 vi·

2344 4566 2525 4632 sione
2551 4566 2690 4632 Dei.
2716 4564 2816 4630 Ad
2842 4564 3124 4630 litteram
3143 4563 3451 4631 Dominus
3473 4566 3887 4635 elevavitho—

2347 4672 2587 4738 minem
2617 4672 2926 4756 primum,
2957 4671 3140 4755 quasi
3180 4671 3348 4736 inter
3383 4673 3619 4740 coelum
3666 4679 3735 4739 et
3767 4679 3885 4740 ter-

2344 4796 2509 4860 ram,
2539 4779 2795 4863 quando
2830 4797 2983 4846 eum
3014 4778 3226 4861 posuit
3256 4779 3323 4844 in
3360 4781 3674 4862 paradiso.
3701 4780 3881 4860 Nam,

2346 4886 2699 4951 secundum
2727 4884 3106 4968 Magistrum
3123 4883 3183 4949 ⁸:
3212 4908 3245 4947 α
3268 4885 3476 4953 Homo
3500 4894 3685 4954 extra
3710 4907 3885 4972 para·

2345 4994 2557 5064 disum
2581 4998 2829 5060 creatus
2846 4997 2965 5073 est,
2986 4997 3053 5058 et
3068 4993 3477 5075 postmodum
3502 4994 3573 5059 in
3599 4996 3880 5078 paradiso

2345 5103 2612 5186 positus,
2641 5123 2670 5162 ι
2706 5106 2782 5166 ut
2806 5100 3035 5166 melius
3060 5105 3475 5181 cognosceret
3508 5100 3617 5167 Dei
3644 5103 3875 5169 benefl-

2345 5210 2541 5289 cium,
2585 5208 2745 5275 dum
2797 5208 3040 5275 videret
3087 5225 3158 5272 se
3202 5206 3458 5274 aliunde
3517 5209 3870 5277 adductum.

2345 5372 2369 5408 δ
2398 5372 2536 5435 Luc„
2580 5381 2644 5435 x,
2684 5372 2765 5422 3⁰.
2813 5395 2869 5407 —
2912 5372 2935 5406 ⁸
2969 5368 3171 5434 Erech„
3210 5380 3336 5434 vm,
3380 5373 3429 5422 3.
3472 5397 3528 5411 -
3576 5374 3597 5407 ⁸
3636 5375 3681 5426 11
3722 5372 3869 5433 sak,

2345 5444 2461 5495 dist.
2495 5455 2623 5495 xvn.
2653 5443 2772 5496 vid.
2796 5441 2907 5507 huj.
2939 5442 3062 5492 edit.
3092 5445 3220 5496 tom.
3252 5443 3338 5505 tlt,
3368 5456 3486 5510 pag.
3516 5450 3589 5497 2.-
3646 5491 3651 5494 .
3786 5491 3795 5496 -
