4059 6317
679 512 799 579 454

679 644 890 727 tertio,
918 644 1407 713 demulcentium
1433 642 1702 710 carnalis
1725 646 1924 728 gulae.
1957 644 2227 711 Ratione

680 754 874 841 primi
915 753 1344 822 contemnitur
1393 753 1599 833 Deus;
1664 754 1911 820 ratione
1965 752 2226 821 secundi

679 864 1022 932 offenditur
1063 862 1431 948 proximum
1468 861 1714 928 ratione
1748 862 1920 928 tertii
1946 862 2228 928 inficitur

678 991 933 1058 corpus.

725 1097 742 1111 ·
761 1081 981 1147 Primo
1005 1080 1358 1146 concitatur
1388 1078 1607 1144 divina
1632 1080 1903 1162 iustitia,
1932 1098 2084 1146 cum
2107 1099 2224 1145 au-

681 1189 774 1255 dit
798 1186 1238 1270 arrogantiam
1265 1185 1650 1251 detestabilis
1693 1186 2073 1253 obedientiae
2099 1187 2227 1252 Do-

682 1295 932 1361 minum
959 1290 1441 1359 contemnentis.
1473 1290 1652 1356 Unde
1679 1293 1698 1327 ¹
1734 1313 1750 1356 ε
1785 1314 1818 1353 α
1843 1292 2079 1358 Audiat
2105 1291 2228 1357 Do-

682 1405 902 1469 minus
926 1403 1095 1469 Deus
1120 1406 1273 1467 tuus
1299 1399 1498 1465 verba
1523 1398 1843 1482 Rapsacis,
1869 1417 2069 1483 quem
2101 1399 2228 1462 mi-

682 1512 766 1578 sit
807 1529 925 1577 rex
972 1510 1383 1594 Assyriorum
1423 1506 1730 1572 Dominus
1769 1526 1925 1572 suus
1968 1507 2050 1572 ad
2090 1507 2228 1573 bla-

680 1619 1144 1705 sphemandum
1198 1617 1400 1682 Deum
1458 1615 1783 1681 viventem
1797 1664 1815 1693 ,
1883 1621 1949 1681 et
2008 1634 2233 1699 expro-

683 1727 1004 1794 brandum
1030 1723 1433 1791 sermonibus
1461 1722 1543 1805 (α)
1564 1740 1727 1805 quos
1749 1722 1998 1788 audivit
2029 1722 2234 1788 Domi-

684 1853 813 1901 nus
848 1834 1034 1899 Deus.
1078 1855 1110 1894 n
1156 1832 1276 1897 Per
1303 1831 1654 1915 Rapsacem
1682 1830 1953 1896 missum
1993 1850 2034 1896 a
2079 1850 2234 1915 rege

684 1942 1098 2027 Assyriorum
1141 1941 1221 2005 ad
1262 1939 1836 2022 blasphemandum
1876 1936 2104 2021 Deum,
2139 1941 2235 2006 in-

682 2049 1001 2132 telligitur
1027 2048 1234 2114 malus
1259 2047 1658 2112 Christianus
1694 2048 1928 2112 missus
1953 2068 1993 2113 a
2014 2049 2235 2115 diabo-

687 2159 806 2223 lica
857 2157 1275 2240 suggestione
1329 2155 1412 2220 ad
1462 2156 1853 2239 peccandum
1908 2179 1924 2220 2
1985 2158 2235 2223 ratione

686 2267 875 2346 quus
923 2263 1400 2347 blasphematur
1466 2262 1655 2328 Deus.
1708 2261 1890 2328 Unde
1933 2262 2103 2329 Beda
2145 2268 2171 2301 ¹

698 2394 731 2433 α
756 2370 879 2449 Qui
914 2375 1071 2435 tunc
1113 2388 1317 2435 caesus
1366 2374 1464 2434 est
1514 2369 1795 2453 colaphis
1835 2368 2231 2453 Iudaeorum,

688 2497 865 2544 nunc
889 2478 1156 2543 caeditur
1180 2476 1590 2561 blasphemiis
1609 2476 1914 2542 falsorum
1945 2477 2238 2544 Christia-

690 2603 957 2664 norum;
988 2588 1052 2649 et
1077 2585 1101 2622 ⁸
1127 2584 1241 2667 qui
1269 2588 1620 2667 consputus
1645 2588 1744 2649 est
1769 2583 1993 2649 salivis
2020 2585 2241 2651 infide-

689 2693 876 2773 lium,
918 2709 1093 2756 nunc
1141 2692 1396 2756 vesanis
1434 2691 1795 2774 opprobriis
1836 2696 2237 2775 peccatorum

690 2800 1151 2864 exhonoratur.
1196 2820 1227 2858 n
1276 2798 1365 2863 De
1405 2799 1531 2863 hoc
1575 2798 1867 2863 similiter
1911 2798 2142 2866 dicitur
2164 2799 2188 2835 ⁸
2218 2823 2233 2866 ε

700 2932 732 2969 α
754 2907 1138 2974 Audivimus
1161 2908 1530 2991 superbiam
1549 2906 1734 2973 Moab
1761 2929 1781 2972 ³
1807 2909 2121 2992 superbus
2147 2916 2242 2975 est

696 3016 903 3083 valde.
934 3014 1245 3098 Superbia
1269 3014 1443 3080 enim
1474 3019 1540 3080 et
1563 3017 1952 3098 arrogantia,
1982 3021 2048 3083 et
2075 3016 2237 3083 indi-

696 3122 918 3206 gnatio
942 3124 1086 3205 eJus
1109 3121 1253 3205 plus
1269 3140 1467 3205 quam
1492 3122 1795 3188 fortitudo
1822 3125 1986 3207 ejus.
2014 3146 2047 3185 υ
2090 3125 2241 3191 Haec

699 3229 855 3295 dicit
882 3228 1190 3294 Dominus
1235 3228 1370 3293 zelo
1402 3229 1673 3310 ,iustitiae
1702 3231 2072 3312 concitatus,
2103 3251 2243 3316 pec-

699 3341 916 3401 catum
943 3338 1086 3417 ejus
1115 3336 1537 3420 reprobando.

775 3443 1066 3508 Secundo
1089 3443 1440 3508 concitatur
1458 3442 1647 3524 Deus,
1677 3463 1828 3508 cum
1845 3445 2026 3510 audit
2052 3446 2241 3511 male·

694 3550 1041 3617 volentiam
1072 3549 1461 3625 crudelitatis
1488 3554 1553 3615 et
1577 3551 1842 3617 saevitiae
1869 3554 2237 3637 opprimen-

694 3662 777 3723 tis
816 3659 1203 3743 proximum,
1234 3662 1299 3724 et
1325 3659 1405 3724 de
1424 3659 1550 3723 hoc
1574 3659 1806 3726 dicitur
1834 3662 1902 3726 in
1930 3662 2243 3728 hodierno

695 3767 1031 3849 evangelio
1062 3789 1077 3831 ε
1112 3767 1367 3850 Reliqui
1392 3771 1732 3835 tenuerunt
1755 3784 1972 3836 servos
1993 3769 2153 3850 ejus,
2184 3775 2244 3838 et

694 3872 1090 3941 contumeliis
1118 3871 1379 3957 affectos
1421 3872 1810 3941 occiderunt.
1856 3876 1990 3942 Rex
2027 3881 2243 3943 autem

694 3998 838 4048 cum
864 3981 1156 4048 audisset
1180 3982 1394 4049 iratus
1436 3986 1550 4061 est,
1591 3987 1652 4048 et
1686 3983 1908 4049 missis
1938 3985 2238 4051 exerciti-

696 4090 811 4156 bus
853 4092 993 4157 suis
1037 4088 1328 4172 perdidit
1370 4089 1726 4156 homicidas
1773 4091 1940 4157 illos.
1990 4091 2239 4175 Renqui

694 4215 850 4263 vero
876 4215 1008 4262 non
1035 4197 1243 4261 solum
1265 4194 1784 4279 contempserunt
1809 4199 2030 4263 venire
2056 4199 2137 4263 ad
2166 4201 2241 4263 fi-

696 4304 864 4383 dem,
886 4307 1019 4370 imo
1035 4309 1379 4370 tenuerunt
1406 4322 1624 4370 servos
1654 4324 1824 4385 suos,
1853 4307 1918 4371 id
1945 4312 2065 4385 est,
2094 4326 2242 4391 apo-

694 4412 886 4477 stolos
912 4412 1216 4496 capiendo
1251 4416 1315 4477 et
1355 4412 1828 4493 incarcerando,
1864 4418 1928 4479 et
1973 4415 2238 4482 afflictos

693 4521 1027 4587 vexatione
1053 4521 1622 4588 innumerabilium
1635 4522 2122 4590 tribulationum
2142 4543 2239 4591 oc-

695 4628 988 4693 ciderunt
1018 4627 1450 4711 corporaliter.
1500 4628 1632 4694 Rex
1671 4634 1910 4707 autem,
1941 4649 2092 4696 cum
2119 4650 2234 4697 au·

694 4735 890 4801 disset
933 4754 1158 4801 vocem
1194 4737 1536 4818 sanguinis
1574 4738 1653 4803 ad
1691 4757 1759 4803 se
1798 4738 2128 4804 clamantis
2161 4741 2239 4807 de

692 4848 885 4924 terra,
920 4844 1120 4909 iratus
1156 4848 1273 4925 est,
1310 4847 1661 4911 secundum
1689 4846 1974 4912 Glossam
2022 4844 2094 4912 in
2134 4850 2235 4914 ul-

693 4953 930 5017 tionem
982 4953 1245 5032 exarsit,
1288 4956 1353 5017 et
1404 4953 1612 5018 missis
1661 4957 2050 5021 exercitibus
2106 4959 2241 5023 suis

693 5057 995 5125 Romanis
1039 5060 1161 5125 sub
1204 5059 1345 5126 Tito
1395 5065 1459 5125 et
1499 5060 1906 5145 Vespasiano,
1963 5065 2240 5148 perdidit

693 5165 1043 5233 homicidas
1068 5168 1230 5248 illos,
1271 5167 1335 5233 id
1376 5172 1472 5233 est
1504 5167 1778 5252 ludaeos,
1815 5178 2064 5237 sanctos
2090 5191 2239 5257 per-

694 5280 1051 5358 sequentes,
1081 5280 1145 5341 et
1172 5276 1455 5342 civitates
1476 5295 1703 5343 eorum
1731 5278 2075 5357 succendit,
2108 5280 2237 5344 sci-

758 5438 774 5471 ¹
801 5439 919 5500 Iso„
945 5451 1148 5504 xxxvii,
1172 5443 1221 5490 ι.
1241 5466 1296 5479 -
1323 5441 1342 5472 ²
1375 5441 1521 5504 Bed„
1543 5443 1596 5493 in
1622 5443 1823 5504 Manli..
1845 5456 1989 5495 xxvi.
2008 5470 2069 5483 -
2089 5444 2110 5478 ⁸
2128 5444 2225 5505 ld„

696 5508 751 5559 in
766 5509 941 5572 utu-c„
963 5522 1138 5563 xrv.—
1166 5512 1183 5542 ⁴
1211 5513 1329 5577 1⁸0„
1351 5524 1457 5579 xvi,
1475 5516 1589 5565 6.-
1610 5514 1634 5550 ⁸
1653 5515 1791 5568 psal.
1814 5527 1989 5571 uxvu
2000 5553 2018 5581 ,
2044 5522 2118 5582 ¹8,
2143 5521 2231 5571 21.

1781 508 2199 576 SERMONES
2240 508 2341 575 DE
2381 505 2776 574 TEMPORE.

2330 644 2477 709 licet
2527 643 2901 710 Jerusalem.
2960 640 3137 708 Unde
3197 642 3353 707 satis
3412 646 3684 727 apparet
3740 661 3903 709 eam·

2331 752 2528 816 fuisse
2564 769 2649 816 ex
2684 754 2819 817 toto
2866 768 3260 831 succensam,
3309 753 3372 815 et
3422 750 3721 816 funditus
3770 753 3879 817 de-

2334 862 2667 937 structam,
2720 876 2870 924 cum
2910 858 2994 922 sit
3041 858 3231 924 modo
3282 861 3655 924 constructa
3706 864 3882 925 extra

2240 1016 2249 1023 .
2334 972 2609 1052 portam,
2659 968 2773 1033 ubi
2810 967 3097 1033 Christus
3136 968 3483 1033 crucifixus
3532 968 3688 1046 fuit,
3742 986 3881 1033 cum

2332 1076 2513 1142 locus
2554 1076 2987 1142 crucifixionis
3024 1076 3254 1142 Christi
3294 1076 3377 1141 sit
3412 1080 3603 1142 extra
3640 1082 3882 1161 portam

2334 1184 2625 1251 civitatis.

2415 1290 2630 1357 Tertio
2654 1291 3002 1357 concitatur
3030 1291 3218 1373 Deus,
3248 1311 3398 1358 cum
3426 1292 3617 1359 audit
3644 1295 3884 1359 demul-

2336 1398 2609 1464 centiam
2664 1399 3050 1465 carnalitatis
3115 1399 3292 1482 gulae
3343 1401 3696 1466 inficientis
3752 1418 3885 1484 pro-

2338 1505 2550 1590 prium
2579 1507 2964 1589 subjectum.
2985 1506 3163 1573 Unde
3185 1508 3253 1572 in
3276 1507 3527 1573 Psalmo
3558 1508 3585 1546 ⁶
3620 1530 3639 1573 ε
3686 1533 3720 1569 α
3746 1508 3891 1572 Ten-

2337 1618 2638 1679 taveruut
2664 1614 2888 1693 Deum,
2919 1619 2995 1680 ut
3018 1620 3304 1699 peterent
3343 1634 3521 1681 escas
3547 1616 3889 1681 animabus

2340 1722 2495 1786 suiss.
2540 1743 2572 1782 n
2622 1721 2700 1787 Et
2734 1724 3022 1807 sequitur
3055 1746 3070 1789 :
3109 1747 3143 1786 a
3169 1724 3432 1791 Audivit
3462 1724 3815 1804 Dominus,
3840 1728 3893 1788 el
3988 1772 3993 1777 -

2339 1828 2604 1910 distulit,
2634 1834 2697 1895 et
2721 1830 2897 1913 ignis
2924 1849 3224 1896 aecensus
3252 1831 3431 1896 estin
3448 1830 3680 1911 Jacob,
3722 1836 3790 1896 et
3812 1832 3893 1895 ira

2340 1939 2622 2004 ascendit
2655 1939 2724 2004 in
2774 1939 2989 2005 Israel.
3038 1960 3069 2000 η
3107 1939 3190 2004 Ut
3226 1940 3395 2025 passi
3433 1945 3593 2005 sunt
3634 1941 3890 2018 famem,

2341 2046 2745 2131 appetierunt
2770 2066 2908 2113 esse
2933 2049 3003 2112 in
3030 2052 3201 2114 terra
3226 2047 3489 2132 AEgypti
3512 2066 3729 2132 super
3748 2047 3894 2113 ollas

2342 2154 2661 2234 carnium,
2693 2173 2810 2220 nec
2839 2156 3049 2225 adhuc
3074 2156 3318 2221 suffecit
3344 2156 3435 2221 eis
3457 2173 3738 2239 peccare
3762 2173 3896 2238 pec-

2214 2287 2229 2329 :
2343 2267 2483 2329 cato
2511 2264 2710 2347 gulae,
2759 2263 3258 2348 concupiscendo
3295 2262 3578 2328 carnalia
3625 2263 3894 2328 delecta-

2344 2377 2563 2437 menta
2616 2372 2926 2457 AEgypti3
2999 2371 3131 2437 imo
3192 2371 3402 2437 adhuc
3455 2375 3898 2454 apposuerunt

2345 2498 2604 2563 peccare
2622 2481 2682 2546 ei
2694 2485 2949 2564 peccato
2970 2480 3336 2546 diffidentiae
3366 2484 3430 2545 et
3450 2478 3896 2564 blasphemia,

2346 2588 2513 2653 male
2537 2588 2857 2671 loquendo
2884 2588 2961 2653 de
2988 2593 3139 2667 De0,
3181 2588 3351 2671 quod
3377 2606 3508 2653 uon
3540 2593 3768 2671 posset
3793 2607 3897 2671 pa·

2346 2712 2490 2758 rare
2529 2695 2621 2759 eis
2659 2712 2947 2760 mensam
3001 2695 3071 2758 in
3115 2695 3382 2760 deserto.
3452 2694 3601 2759 ldeo
3654 2694 3902 2760 audivit

2348 2802 2513 2867 Deus
2538 2820 2786 2882 vocem,
2818 2809 2881 2867 et
2911 2801 3268 2886 displicuit3
3313 2802 3423 2866 sed
3448 2804 3769 2885 tanquam
3792 2803 3901 2867 mi-

2349 2909 2637 2990 sericors,
2683 2908 2926 2974 distulit
2967 2907 3308 2992 disponens
3339 2909 3559 2973 omnia
3584 2911 3895 2989 suaviter,

2349 3034 2684 3100 quousque
2708 3035 2870 3082 escae
2898 3020 3105 3082 essent
3128 3017 3198 3080 in
3219 3034 3329 3081 ore
3352 3016 3666 3100 ipsorum,
3702 3022 3781 3082 ut
3796 3037 3899 3083 ex-

2350 3125 2712 3208 perirentur
2727 3124 3290 3208 nihilimpossibile
3309 3143 3444 3189 esse
3464 3126 3634 3208 apud
3657 3125 3896 3193 Deum:

2351 3236 2415 3298 et
2448 3237 2665 3317 postea
2696 3235 2869 3316 juste
2906 3233 3158 3317 punivit
3188 3250 3319 3313 θος,
3345 3252 3497 3298 cum
3521 3234 3619 3299 ira
3645 3233 3760 3299 Dei
3788 3236 3896 3301 de-

2351 3341 2592 3406 scendit
2616 3359 2808 3425 super
2834 3359 2963 3406 eos.
2985 3340 3146 3406 Vere
3171 3341 3407 3424 gulosi,
3429 3359 3714 3425 quorum
3734 3343 3897 3408 Deus

2353 3454 2574 3514 venter
2593 3453 2709 3528 est,
2740 3454 2917 3514 tanto
2936 3448 3179 3532 impetu
3206 3449 3287 3513 ad
3308 3449 3527 3514 cibum
3547 3448 3899 3515 bestialiter

2351 3558 2666 3634 feruntur,
2706 3560 2779 3621 ut
2806 3555 2967 3620 nihil
2999 3557 3280 3638 cogitent
3307 3554 3384 3620 de
3423 3554 3573 3636 Deo,
3606 3557 3720 3621 sed
3749 3562 3898 3622 tan-

2351 3665 2682 3731 tummodo
2746 3670 2822 3731 ut
2887 3666 3128 3750 possint
3206 3669 3492 3732 ventrem
3545 3665 3819 3750 implere
3877 3688 3894 3732 ε

2354 3772 2376 3808 ·
2412 3796 2444 3833 α
2465 3772 2751 3850 Quorum
2781 3772 2990 3855 gloria
3030 3771 3098 3836 in
3143 3772 3511 3837 confusione
3535 3777 3654 3851 est,
3683 3796 3718 3833 a
3756 3793 3899 3858 pro—

2353 3884 2492 3966 pter
2518 3881 2781 3945 rationis
2806 3880 3313 3946 subversionem.

2432 3989 2744 4068 Secundo,
2786 3990 2855 4053 in
2884 3990 3079 4055 verbo
3116 3989 3440 4074 proposito
3480 3994 3741 4058 notatur
3784 3992 3894 4059 de·

2352 4097 2600 4162 testatio
2626 4096 2830 4181 culpae
2859 4097 2927 4162 in
2959 4097 3210 4179 affectu,
3255 4116 3403 4162 cum
3447 4098 3664 4164 subdit
3706 4123 3723 4166 :
3760 4101 3898 4167 Ira·

2353 4208 2460 4273 tus
2503 4212 2616 4272 est.
2662 4203 2808 4269 Tria
2855 4209 3024 4285 sunt,
3056 4218 3205 4290 quae
3231 4206 3582 4273 detestatur
3609 4208 3806 4290 Deus,
3836 4215 3899 4275 et
3966 4222 4038 4267 ra

2353 4316 2612 4396 propter
2653 4330 2800 4396 quae
2848 4312 3144 4376 irascitur
3187 4330 3205 4376 z
3252 4312 3537 4396 primum
3577 4318 3675 4379 oet
3706 4315 3898 4382 elatio
3920 4288 4059 4406 ἷξε

2351 4417 2687 4500 superbiae,
2730 4418 2798 4482 in
2842 4416 3352 4500 praeeminend03
3399 4420 3752 4486 secundum
3800 4426 3895 4486 est
3919 4414 4059 4519 „¹¹:³¹

2352 4525 2699 4607 negotiatio
2726 4523 3038 4603 avaritiae,
3070 4522 3138 4588 in
3167 4525 3588 4608 acquirendo;
3633 4530 3891 4596 tertium

2352 4636 2447 4695 est
2469 4631 2804 4696 deroedatio
2830 4631 3133 4711 luxuriae,
3153 4632 3223 4696 in
3241 4632 3647 4700 lasciviendo.
3672 4636 3752 4702 Et
3774 4637 3896 4702 hoc

2352 4738 2582 4805 dicitur
2609 4738 2859 4821 plenius
2885 4738 3033 4803 alibi
3059 4757 3257 4823 quam
3276 4740 3344 4804 in
3366 4740 3676 4808 hodierno
3702 4762 3895 4813 evan-

2354 4847 2547 4929 geli0.
2578 4846 2741 4912 Nam
2765 4846 2788 4882 ¹
2815 4864 2989 4913 unus
3016 4846 3179 4912 dixit
3214 4868 3229 4912 ε
3266 4848 3504 4916 thlam
3530 4854 3677 4919 emi.
3714 4852 3893 4918 Alius

2351 4956 2515 5021 dixit
2539 4961 2563 4998 ⁸
2585 4974 2602 5019 :
2632 4956 2800 5040 Juqa
2828 4955 3010 5022 boum
3028 4956 3202 5021 enim
3217 4958 3517 5041 quinque.
3538 4958 3790 5025 Tertius
3803 4980 3893 5026 re·

2351 5065 2602 5148 spondit
2632 5070 2656 5106 ⁹
2706 5088 2722 5130 z
2777 5066 3050 5131 Uxorem
3094 5064 3285 5130 duxi.
3335 5066 3468 5131 Hoc
3517 5072 3612 5132 est
3655 5069 3823 5135 dictu
3866 5089 3885 5134 ε

2350 5192 2543 5254 unus,
2573 5178 2830 5257 propter
2843 5172 3205 5256 superbiam
3220 5173 3641 5258 principiandi
3659 5199 3677 5256 ;
3700 5177 3882 5258 alius,

2351 5302 2616 5366 proprer
2659 5283 2998 5349 avaritiam
3052 5284 3516 5365 accumulandi,
3563 5287 3734 5352 unde
3778 5307 3887 5373 per

2350 5472 2412 5486 -
2438 5449 2460 5483 ⁸
2488 5448 2696 5513 Philip..
2728 5459 2810 5513 ιιι,
2839 5452 2915 5500 19.
2945 5474 3007 5486 —
3036 5448 3061 5485 τ
3086 5449 3219 5507 Luc..
3250 5461 3359 5513 nv,
3392 5453 3465 5503 ιε.
3500 5478 3552 5487 —-
3586 5452 3605 5481 ·
3632 5451 3777 5516 thid„
3809 5457 3879 5511 19.

2352 5545 2415 5561 -
2440 5520 2459 5551 ⁸
2490 5520 2638 5587 thid„
2671 5522 2750 5573 20.
2780 5546 2842 5560 —
2872 5522 2943 5587 (α)
2973 5521 3095 5574 Coet.
3124 5520 3246 5572 edit.
3276 5535 3370 5588 pro
3396 5521 3707 5579 hominibus.
