4059 6317
1029 482 1109 549 ΙΝ
1149 479 1633 550 NATIVITATE
1672 478 1980 548 DOMINI.
2020 480 2283 548 SERMO
2327 477 2402 547 V.
3221 486 3300 546 49

171 614 344 680 rituali
368 618 435 682 et
455 615 734 681 aeternali
772 620 985 682 morte
1009 619 1338 701 percussit.
1380 617 1665 682 ldumaea

171 722 307 786 enim
340 729 590 788 terrena
624 722 727 787 vel
767 724 1135 806 sanguinea
1180 725 1655 808 interpretatur.

172 826 484 910 Sanguinei
506 832 716 894 autem
742 848 782 893 a
807 831 1025 912 gladio
1044 830 1376 912 sanguinis
1395 848 1509 913 per
1526 847 1667 894 san-

174 934 403 1015 guinem
430 935 651 999 Christi
678 935 1060 1002 liberantur.
1090 936 1171 1002 Ut
1196 954 1356 1018 ergo
1378 936 1668 1002 ostendat

174 1059 225 1104 se
248 1041 395 1106 Dens
427 1047 616 1108 tantae
655 1044 1017 1110 severitatis
1062 1041 1275 1126 gladio
1318 1043 1487 1108 nolle
1528 1044 1622 1108 uti
1641 1091 1662 1123 ,

178 1149 340 1212 faetus
362 1154 453 1213 est
474 1150 805 1232 parvulus.
833 1149 1014 1215 Sicut
1040 1150 1212 1215 enim
1237 1151 1491 1233 parvuli
1530 1151 1669 1232 gla-

177 1255 257 1318 dio
278 1273 393 1320 non
419 1260 705 1336 utuntur,
736 1258 847 1322 sed
876 1258 1146 1322 faciliter
1169 1257 1504 1341 placantur
1529 1280 1546 1336 ;
1576 1258 1667 1322 sic

176 1381 268 1444 pro
288 1383 471 1446 parvo
505 1366 901 1431 reconciliari
929 1383 1271 1450 possumus
1296 1383 1497 1449 parvo
1533 1365 1662 1445 illi;

177 1475 223 1533 et
242 1470 288 1532 si
318 1471 602 1537 nolumus
620 1522 641 1553 ,
692 1477 992 1540 resumet
1030 1474 1201 1539 hunc
1250 1472 1543 1555 gladium
1586 1474 1666 1538 ad

175 1578 434 1656 judicium
480 1581 500 1615 ¹
554 1603 570 1644 ε
613 1584 701 1648 De
752 1597 859 1648 ore
899 1581 1041 1662 eius
1097 1580 1353 1663 academ
1401 1585 1669 1663 utraque

179 1691 324 1765 me
344 1694 560 1754 acutus
586 1690 845 1756 est-ibat.

670 1866 974 1937 SERMO
1018 1868 1104 1938 V.

234 2008 361 2077 Eece
376 2013 749 2097 evmqelizo
770 2012 950 2080 vobis
967 2011 1282 2095 qaudium
1296 2028 1600 2096 maqnum
1618 2016 1660 2077 ¹.

178 2115 299 2182 Vere
319 2137 616 2202 magnum
660 2120 991 2202 gaudium
1036 2122 1132 2184 est
1157 2119 1412 2202 captivo
1438 2121 1518 2186 de
1557 2138 1666 2185 re-

179 2223 512 2308 mptione,
541 2245 723 2292 caeeo
746 2226 829 2291 de
854 2225 1351 2306 illuminatione,
1377 2228 1667 2293 mendico

176 2331 235 2395 de
264 2331 735 2417 locupletatione
748 2381 769 2413 ,
814 2337 1068 2397 mortuo
1110 2332 1190 2397 de
1214 2333 1661 2400 vivificatione.

179 2437 281 2523 lpse
314 2442 511 2522 enim,
555 2444 681 2527 qui
741 2447 937 2506 natus
978 2444 1111 2520 est,
1165 2441 1514 2526 redemptio
1573 2446 1669 2509 est

174 2550 369 2630 captivo
383 2598 403 2629 ,
442 2548 843 2615 illuminatio
885 2565 1052 2613 caeco
1066 2593 1085 2626 ‚
1113 2546 1453 2615 thesaurus
1494 2567 1668 2615 men-

174 2651 304 2735 dino,
328 2656 450 2720 vita
473 2660 772 2722 mortuo.

228 2759 295 2825 De
312 2764 505 2845 primo
528 2762 788 2846 gaudio
807 2762 831 2798 ⁸
856 2782 874 2827 z
904 2761 992 2830 Ee
1007 2762 1421 2830 ambulabunt
1445 2764 1563 2846 qui
1587 2763 1665 2831 li-

175 2863 326 2935 taran
351 2869 609 2950 ruer-int
647 2875 710 2936 et
737 2867 1060 2951 redempti
1096 2885 1138 2934 a
1181 2870 1479 2948 Domino,
1518 2884 1666 2937 con-

172 2979 451 3055 autenm,
477 2986 557 3045 et
591 2979 858 3043 venient
884 2977 958 3042 in
992 2976 1148 3044 Sion
1181 2993 1328 3043 cum
1353 2977 1576 3059 laude,
1605 2982 1667 3046 et

169 3080 348 3150 letitia
370 3085 776 3167 empna-na
793 3097 985 3166 super
1008 3091 1205 3166 caput
1234 3099 1472 3150 eorum.
1504 3084 1667 3150 Gau-

165 3185 305 3255 dim
329 3194 382 3257 et
407 3192 721 3258 loetitiam
747 3188 1144 3271 obtinebunt,
1176 3196 1233 3257 et
1254 3191 1462 3273 fuqiet
1485 3190 1666 3258 dowr

164 3301 207 3360 a
222 3298 485 3377 amitus.
518 3296 613 3361 De
642 3296 1082 3379 redemptione
1107 3295 1448 3362 hominum
1474 3296 1667 3362 hahe-

160 3405 242 3464 tur
260 3403 319 3468 iu
341 3403 615 3485 Psalmo·
634 3403 659 3438 ⁸
691 3425 708 3468 ι
737 3402 933 3468 Misit
959 3402 1269 3470 Dominus
1294 3403 1666 3486 redemptio-

157 3511 523 3595 nempopulo
565 3524 706 3576 suo.
741 3508 790 3574 Ο
817 3527 1013 3591 quam
1066 3510 1297 3575 stultus
1320 3515 1516 3592 esset,
1553 3512 1668 3594 qui

161 3618 297 3683 mille
327 3619 623 3685 marchis
660 3620 805 3683 auri
832 3619 949 3682 vix
977 3617 1350 3701 redemptus
1387 3623 1552 3685 esset
1588 3618 1666 3684 de

160 3727 370 3792 mortali
389 3727 668 3792 inimico
684 3773 706 3806 ,
736 3725 790 3788 si
826 3743 896 3789 se
923 3724 1155 3789 iterum
1184 3726 1511 3809 captivum
1536 3729 1666 3791 tra-

161 3830 302 3898 deret
324 3853 443 3918 pro
468 3850 668 3917 pomo
694 3833 711 3894 l
746 3831 873 3897 Sed
892 3832 1073 3896 omni
1101 3850 1260 3897 auro
1285 3833 1455 3916 quod
1479 3833 1668 3899 estin

160 3943 365 4008 mundo
382 3991 407 4022 ,
463 3944 656 4023 gutta
699 3938 1038 4021 sanguinis
1077 3938 1308 4005 Christi
1340 3940 1668 4023 pretiosior

159 4054 263 4129 εἰ,
286 4069 417 4135 quo
458 4049 777 4130 redempti
806 4064 1034 4112 sumus
1059 4048 1081 4084 ⁸
1111 4070 1128 4112 ε
1159 4048 1304 4115 Non
1347 4051 1667 4132 corrupti-

162 4154 360 4225 bilibus
396 4172 565 4225 auro
602 4156 699 4223 vel
739 4160 1002 4237 arqento
1041 4155 1355 4239 redempti
1394 4159 1544 4225 estis
1587 4157 1666 4225 de

160 4278 305 4331 m
327 4271 550 4333 vestra
570 4266 1049 4331 conversatione
1069 4271 1355 4348 patmae
1375 4266 1669 4335 traditio-

162 4371 277 4450 nis,
299 4372 418 4439 sed
435 4372 713 4455 pretioso
750 4373 1070 4453 sanquine
1107 4375 1263 4455 aym·
1296 4374 1668 4438 incontami-

160 4479 271 4542 nati
309 4484 376 4544 et
415 4477 812 4544 immaculati
854 4477 1003 4543 Jesu
1052 4477 1365 4545 Christi.»
1411 4481 1528 4546 Hic
1574 4488 1669 4547 est

163 4601 386 4666 egum,
417 4585 496 4650 de
518 4586 681 4668 quo‘
712 4583 1035 4650 ‚cEmitte
1058 4603 1340 4667 agnum,
1368 4586 1665 4667 Domine,

163 4688 597 4757 dominatorem
650 4696 876 4768 terrae,
906 4713 936 4751 n
971 4696 1089 4757 etc.
1157 4692 1235 4758 Et
1274 4697 1385 4774 tu,
1436 4713 1664 4776 avare,

162 4795 494 4879 luxuriose,
537 4816 872 4882 perverse,
917 4799 1153 4864 iterum
1192 4800 1389 4866 tradis
1433 4806 1497 4868 te
1544 4803 1671 4868 dia-

162 4904 296 4970 holo
319 4924 432 4989 pro
454 4908 719 4974 modico.

238 5011 325 5076 De
346 5015 606 5080 secundo
631 5014 655 5049 '¹
687 5034 706 5077 ε
735 5035 767 5074 α
792 5012 1017 5078 Simile
1041 5016 1137 5078 est
1161 5031 1443 5095 regnum
1478 5017 1669 5083 eoelo-

166 5135 311 5182 rum
354 5119 637 5189 thesauro
687 5119 1057 5186 abscondito
1106 5120 1176 5184 in
1223 5139 1427 5204 agro,
1475 5143 1668 5208 quem

232 5317 246 5344 ¹
272 5316 423 5381 Aput„
444 5332 480 5384 1,
506 5323 580 5372 16.
610 5346 669 5356 -
697 5318 720 5352 ⁸
744 5318 885 5378 Luc„
916 5328 977 5380 u,
1014 5320 1094 5368 lo·
1120 5341 1181 5355 —
1210 5317 1231 5349 ⁸

174 5385 347 5437 ‘Pana
378 5402 454 5456 cx,
483 5390 713 5443 9.—⁸l
742 5390 906 5452 Petra,
939 5389 1220 5450 1,18.—·

176 5456 193 5484 ⁷
220 5459 398 5527 mlh,
427 5475 545 5530 ml,
574 5467 659 5515 44.
681 5486 746 5499 ·-
782 5461 802 5489 ⁸
831 5459 979 5523 Gen„

419 5569 746 5640 roiam.

1257 5318 1374 5380 Ira„
1408 5332 1484 5385 ιι,
1515 5325 1589 5373 10.
1609 5349 1672 5361 -

1250 5389 1370 5455 Ira„
1397 5403 1504 5457 xvr,
1532 5399 1580 5444 t.
1609 5419 1674 5433 —

1005 5472 1174 5526 xxm,
1202 5463 1281 5514 27.
1309 5489 1372 5502 -
1390 5464 1414 5499 ⁹
1433 5466 1599 5527 loun„
1632 5477 1672 5528 1,

1770 616 1884 698 qui
1909 617 2156 682 invenit
2182 615 2377 681 homo
2391 662 2409 693 ,
2439 612 2792 693 abscondit,
2814 614 2877 677 et
2903 630 3038 696 prae
3066 614 3302 695 gaudio

1770 722 1943 788 illius
1965 723 2170 801 vadit,
2200 727 2266 788 et
2290 721 2506 788 vendit
2530 720 2831 786 universa
2876 737 3024 804 quse
3066 720 3256 786 hahet
3273 769 3291 802 ,

1771 833 1836 895 et
1851 831 2008 897 emit
2023 848 2258 914 agrum
2274 830 2457 895 illum
2474 878 2495 910 ,
2515 851 2547 889 n
2569 834 2686 894 etc.
2707 829 2882 910 Ager
2900 831 2996 893 est
3014 828 3300 893 humana

1772 941 2001 1003 natura
2031 944 2054 979 ⁸
2085 961 2100 1002 :
2142 962 2174 1001 α
2207 938 2362 1004 Ecce
2401 938 2557 1003 odor
2611 938 2728 1002 filii
2775 941 2901 1003 mei
2945 937 3108 1003 sicut
3143 938 3301 1004 odor

1772 1046 1915 1126 agri
1952 1045 2142 1128 pleni.
2173 1068 2204 1107 »
2239 1047 2263 1082 ⁹
2294 1068 2324 1107 ιι
2355 1046 2442 1111 De
2485 1045 2871 1128 plenitudiue
2908 1048 3046 1129 ejus
3080 1064 3302 1111 omnes

1772 1153 2150 1235 accepimus.
2180 1177 2210 1215 υ
2251 1153 2650 1238 Quicumque
2676 1154 2922 1219 semina
2950 1154 3300 1234 meditatio-

1772 1276 1961 1338 num,
1992 1258 2447 1324 desideriorum
2461 1308 2479 1339 ,
2532 1263 2594 1323 et
2619 1259 2977 1325 orationum
2996 1309 3014 1341 ,
3056 1263 3123 1324 et
3145 1279 3302 1344 ope-

1772 1383 1945 1445 rum,
1977 1365 2049 1430 in
2076 1365 2251 1431 hunc
2275 1384 2513 1447 agrum
2538 1366 2872 1447 mittimus,
2903 1367 3133 1432 melius
3161 1387 3302 1433 cen-

1769 1473 1888 1537 ties
1905 1472 2135 1538 millies
2155 1474 2555 1558 recipiemus,
2576 1473 2938 1539 Thesaurus
2959 1479 3056 1540 est
3082 1476 3302 1542 divina

1769 1582 2001 1643 natura
2026 1580 2074 1615 ¹⁰
2109 1602 2124 1644 ε
2165 1603 2196 1640 α
2222 1581 2514 1647 Infinitus
2536 1582 2877 1647 thesaurus
2902 1586 2999 1647 est
3020 1582 3300 1647 homini-

1769 1684 1913 1749 bus.
1937 1706 1968 1744 n
1997 1685 2046 1750 Ο
2072 1704 2295 1768 avare,
2324 1688 2498 1754 hunc
2523 1688 2896 1754 thesaurum
2918 1706 3157 1773 quaere,
3188 1689 3302 1772 qui

1772 1791 1946 1856 finiri
1974 1810 2106 1858 non
2140 1800 2381 1878 potest,
2427 1796 2539 1879 qui
2564 1799 2867 1879 erogatus
2902 1814 3033 1861 non
3063 1796 3301 1862 minui-

1771 1903 1898 1964 tur.
1950 1899 2127 1967 Unde
2166 1903 2573 1986 Augustinus
2616 1905 2658 1941 ¹¹
2690 1925 2708 1969 ε
2746 1927 2779 1966 α
2807 1903 3094 1970 Christus
3132 1904 3304 1989 quod

1773 2005 1983 2070 attulit
2003 2054 2020 2085 ‚
2048 2010 2342 2091 erogavit
2369 2030 2387 2074 :
2420 2028 2627 2094 neque
2651 2011 2774 2075 sibi
2801 2011 2922 2094 ipsi
2950 2011 3297 2090 minuitur3

1772 2113 1883 2178 sed
1916 2115 2292 2182 mirabiliter
2318 2136 2584 2184 suorum
2611 2119 2896 2184 fidelium
2933 2119 3303 2203 pauperiem

1771 2219 2035 2302 ditavit,
2061 2226 2125 2287 et
2150 2223 2653 2291 indeficientibus
2672 2227 2990 2292 thesauris
3014 2227 3151 2310 ipse
3178 2225 3305 2309 ple·

1772 2347 1897 2392 nus
1936 2330 2263 2394 remansit.
2310 2329 2675 2397 Vendamus
2727 2352 2890 2415 ergo
2944 2333 3307 2400 transitoria

1773 2454 1889 2518 pro
1905 2435 2027 2501 hoc
2047 2437 2317 2518 gaudio,
2339 2438 2778 2521 relinquamus
2795 2440 3033 2507 caduca
3046 2461 3162 2526 pro
3183 2441 3304 2507 hoc

1772 2560 1957 2625 agro.
1987 2567 2019 2605 n

1851 2648 1939 2715 De
1974 2652 2164 2717 tertio
2181 2700 2198 2731 ,
2252 2653 2365 2718 uhi
2413 2653 2691 2738 Raphael
2732 2654 2947 2721 Tohiae
3000 2656 3152 2721 dicit
3189 2656 3233 2693 ¹¹
3283 2679 3300 2722 :

1782 2780 1814 2818 α
1842 2755 2156 2824 Gaudium
2186 2759 2304 2824 tihi
2329 2761 2413 2826 sit
2437 2779 2725 2845 semper;
2755 2793 2786 2830 ι»
2814 2766 2879 2829 et
2908 2762 3138 2828 Tobias
3165 2764 3252 2829 ait
3283 2785 3301 2828 ε

1781 2887 1812 2925 <1
1839 2863 2036 2941 Quale
2062 2867 2372 2948 gaudium
2399 2868 2562 2933 mihi
2588 2869 2745 2951 erit,
2763 2869 2914 2953 quia
2933 2870 3001 2934 in
3027 2870 3306 2936 tenebris

1773 2971 1994 3051 sedeo,
2024 2977 2088 3038 et
2128 2974 2351 3040 lumen
2381 2975 2523 3041 coeli
2551 2994 2685 3041 non
2723 2977 2947 3042 video?
2976 2999 3008 3038 υ
3039 2977 3152 3043 Cui
3189 2980 3300 3060 ju-

1771 3078 1982 3160 venis,
2012 3080 2245 3146 scilicet
2268 3082 2581 3164 Angelus,
2598 3084 2689 3148 ait
2718 3106 2735 3150 t
2768 3083 2842 3149 In
2867 3085 3162 3169 proximo
3183 3088 3304 3164 est,

1773 3191 1897 3252 uta
1915 3186 2039 3253 Deo
2065 3190 2369 3254 cureris.»
2392 3190 2548 3256 Eece
2563 3193 2683 3257 hoc
2692 3193 3109 3276 estgaudium
3136 3194 3307 3277 quod

1773 3293 1894 3358 sihi
1922 3293 2201 3379 Raphael
2225 3297 2544 3379 praedixit.
2583 3297 2828 3364 Lumen
2855 3299 2999 3364 coeli
3023 3299 3307 3366 Christus

1772 3404 1869 3465 est
1893 3402 1938 3438 ¹⁸
1965 3423 1981 3466 ι
2021 3423 2053 3462 α
2073 3401 2381 3468 Viderunt
2406 3404 2573 3469 oculi
2590 3454 2610 3483 ,
2630 3427 2662 3466 ι)
2698 3409 2762 3471 et
2788 3409 3017 3472 caetera
3044 3426 3251 3490 usque
3284 3429 3301 3472 ε

1776 3528 1809 3569 ι
1834 3506 2083 3573 Lumen
2137 3510 2219 3574 ad
2286 3510 2738 3577 revelationem
2807 3512 3125 3596 gentium.
3164 3540 3191 3571 ι
3254 3514 3303 3579 0

1772 3620 2090 3698 quantum
2127 3616 2443 3697 gaudium
2492 3622 2587 3683 est
2626 3619 2841 3685 videre
2884 3620 3007 3685 hoc
3034 3620 3253 3687 lumen
3283 3623 3300 3684 i

1776 3721 1822 3762 ¹⁸
1831 3744 1863 3783 (ι
1872 3722 2063 3787 Dulce
2075 3722 2293 3788 lumen
2307 3727 2372 3789 et
2384 3724 2744 3791 delectabile
2761 3730 2856 3792 est
2870 3725 3072 3792 oculis
3087 3728 3304 3794 videre

1775 3828 1995 3893 solem.
2024 3850 2057 3889 ι)
2089 3829 2138 3896 Ο
2164 3830 2542 3896 suavissima
2569 3832 2686 3897 lux
2711 3839 3009 3917 purgatae
3037 3835 3303 3915 mentis,

1774 3935 2115 4020 sapientia!
2169 3935 2224 4000 N
2224 3955 2311 4002 on
2348 3939 2521 4003 enim
2558 3956 2762 4005 cessas
2812 3941 3080 4007 innuere
3124 3942 3309 4007 nobis

1775 4062 1923 4127 quae
1968 4049 2031 4109 et
2069 4049 2308 4126 quanta
2356 4045 2442 4108 sit
2481 4045 2690 4112 virtus
2731 4050 2842 4112 tua
2885 4065 3078 4132 super
3116 4066 3309 4114 omne

1776 4157 2213 4217 creaturarum
2240 4153 2451 4218 decus.
2493 4152 2673 4231 Quod
2715 4155 2770 4219 si
2800 4156 3034 4222 animae
3076 4162 3309 4223 sanctae

1775 4259 1892 4324 vix
1916 4258 2230 4323 sustinent
2253 4276 2426 4324 nunc
2457 4278 2575 4343 per
2602 4261 2792 4327 fldem
2819 4263 3124 4345 videndo,
3153 4263 3309 4349 quid

1776 4382 1970 4447 ergo,
2003 4383 2152 4430 cum
2189 4382 2304 4449 per
2342 4367 2616 4449 speciem
2657 4368 2996 4436 videbunt?
3038 4372 3107 4438 Si
3135 4390 3307 4455 gau-

1777 4473 1955 4539 dium
1977 4473 2420 4539 inaestimabile
2437 4478 2532 4539 est
2548 4476 2628 4541 de
2648 4475 2895 4543 lumine
2914 4477 3134 4558 stellae,
3155 4480 3307 4562 quid

1776 4597 1934 4662 ergo
1960 4581 2083 4645 erit
2099 4580 2178 4645 de
2195 4579 2326 4645 sole
2337 4582 2370 4644 Ἰ
2381 4583 2427 4622 ¹⁸
2446 4604 2478 4644 α
2494 4581 2788 4648 Videntes
2806 4589 3021 4650 autem
3037 4586 3305 4668 stellam,

1781 4687 1992 4768 gavisi
2011 4691 2161 4752 sunt
2184 4688 2425 4769 gaudio
2449 4707 2689 4771 magno
2708 4691 2911 4758 valde.
2939 4713 2971 4754 a
2997 4691 3189 4759 Stella
3213 4696 3311 4757 est

1777 4794 1936 4859 fides
1963 4794 2202 4859 ducens
2246 4794 2326 4859 ad
2367 4794 2711 4863 Christum.
2742 4798 2810 4863 Si
2834 4799 2913 4864 de
2937 4799 3117 4865 stella
3141 4817 3307 4881 gau-

1778 4901 2011 4967 debant
2026 4950 2047 4982 ,
2087 4900 2240 4984 quid
2267 4907 2404 4967 erat
2437 4904 2692 4986 quando
2726 4905 3067 4972 Dominum
3113 4909 3309 4973 stellae

1780 5010 2127 5079 videbant?
2164 5009 2290 5076 Sed
2337 5012 2416 5077 ad
2461 5013 2584 5078 hoc
2637 5015 2952 5095 gaudium
2988 5034 3122 5081 non
3165 5036 3311 5101 per-

1778 5119 2040 5202 tingunt
2077 5123 2408 5186 manentes
2443 5120 2513 5185 in
2545 5122 2820 5187 tenebris
2854 5122 3158 5190 vitiorum
3200 5125 3244 5167 ¹·
3289 5148 3306 5190 ε

1784 5247 1860 5296 16.
1887 5271 1951 5283 —
1985 5245 2030 5280 ¹⁰
2056 5244 2195 5310 Sap„
2227 5257 2328 5308 vu,
2363 5247 2439 5297 14.
2465 5274 2529 5286 —
2564 5248 2600 5283 ¹¹
2630 5253 2782 5315 Aug„
2809 5263 2962 5301 serm.
2996 5261 3221 5314 ccmn,
3252 5250 3315 5304 de

1784 5317 2044 5382 Tempore,
2069 5319 2134 5366 al.
2163 5329 2321 5367 xxxvl
2336 5355 2354 5381 ‚
2389 5332 2442 5369 n.
2472 5322 2529 5384 9,
2558 5324 2726 5386 quoad
2757 5335 2981 5374 sensum.
3010 5347 3075 5361 —
3111 5323 3151 5356 ¹²
3177 5322 3312 5386 Tot„

1781 5400 1833 5451 v,
1870 5390 2040 5440 11-13.
2068 5412 2130 5425 —
2154 5387 2196 5422 ¹³
2222 5389 2358 5452 Luc„
2389 5402 2460 5455 ιι,
2493 5394 2654 5442 30-32.
2681 5418 2746 5431 —
2770 5391 2815 5429 ¹⁶
2841 5392 3023 5457 Recte„
3059 5406 3140 5459 xl,
3169 5397 3219 5446 7.
3249 5419 3312 5431 —

1782 5462 1825 5496 ¹⁸
1850 5459 2064 5522 mama„
2092 5471 2155 5524 ιι,
2187 5464 2260 5531 10,
2281 5487 2341 5497 -
2369 5463 2411 5496 ¹⁸
2437 5465 2453 5511 Ι
2483 5463 2645 5526 loom,
2679 5475 2738 5525 ιι,
2769 5468 2843 5515 11.

2986 5556 3029 5620 4
