4059 6317
748 498 870 562 m

828 632 919 697 De
941 630 1152 716 primo
1180 633 1201 670 ¹
1237 654 1254 697 z
1293 654 1326 694 α
1351 629 1632 715 Surgam
1662 636 1730 698 et
1753 632 2039 698 circuibo
2061 629 2286 696 civita·

749 745 880 806 tem
912 761 930 805 2
961 757 1078 824 per
1099 739 1277 805 vicos
1303 744 1369 806 et
1391 741 1631 825 plateas
1657 759 1948 826 queram
1976 756 2173 823 quem
2201 737 2291 801 di-

749 848 898 931 ligit
921 848 1141 913 anima
1166 866 1333 915 mea.
1354 871 1387 909 n
1419 847 1578 914 Ecce
1623 849 1796 933 quod
1821 847 2033 913 omnis
2076 845 2293 909 anima

749 956 1030 1038 diligens
1072 955 1274 1021 Deum
1317 956 1587 1021 sollicita
1611 960 1710 1022 est
1737 956 2059 1039 quomodo
2086 951 2289 1017 Deum

749 1064 1067 1140 inveniat,
1097 1063 1417 1147 quomodo
1441 1062 1645 1129 Deum
1689 1066 1930 1143 teneat,
1968 1058 2292 1144 quomodo

750 1173 996 1258 placeat
1020 1172 1250 1237 eidem.
1295 1170 1445 1237 ldeo
1474 1172 1636 1238 bene
1676 1170 2028 1236 sollicitudo
2052 1167 2291 1233 amoris

750 1281 852 1345 his
875 1280 1082 1344 tribus
1114 1279 1325 1344 verbis
1366 1279 1749 1364 exprimitur
1770 1328 1788 1358 ,
1828 1295 1978 1341 cum
2005 1277 2237 1341 dicitur
2268 1294 2286 1340 z

756 1388 1063 1471 Βιιτοαπι,
1109 1391 1174 1451 ct
1217 1387 1540 1467 circuibo,
1588 1391 1652 1451 et
1695 1401 2003 1470 quoeram.
2064 1384 2293 1466 Surgit

753 1495 925 1560 enim
953 1493 1169 1559 anima
1195 1512 1420 1558 amans
1439 1542 1461 1574 ‚
1489 1499 1770 1558 mentem
1797 1511 1837 1557 a
1861 1493 2136 1557 terrenis
2158 1492 2291 1557 cle-

752 1601 965 1668 vando
992 1604 1063 1666 ¹:
1119 1624 1152 1664 α
1194 1601 1438 1683 Surge,
1488 1601 1921 1681 Hierusalem,
1969 1605 2035 1666 et
2077 1605 2177 1664 sta
2219 1600 2290 1664 in

754 1709 1022 1775 excelsu.
1052 1731 1086 1771 ι)
1134 1709 1482 1792 Gregorius
1524 1709 1547 1746 ⁸
1591 1732 1608 1773 t
1646 1732 1678 1772 ι
1706 1709 2017 1791 Frigescit
2061 1707 2209 1791 quis
2251 1727 2292 1772 a

754 1818 928 1882 curis
970 1817 1225 1897 saeculi,
1283 1821 1522 1900 quanto
1576 1817 1791 1900 surgit
1843 1816 2168 1880 ardentius
2223 1815 2293 1878 in

756 1942 975 1989 amore
1006 1923 1131 1989 Dei.
1161 1945 1193 1984 n
1225 1926 1381 1988 Item
1421 1925 1689 2003 circuit,
1730 1941 1926 2006 opera
1952 1921 2063 1986 Dei
2089 1926 2152 1987 et
2177 1921 2288 1987 he-

757 2013 982 2098 neflcia
1008 2031 1462 2098 considerando
1476 2079 1495 2110 ‚
1542 2032 1863 2116 praecipue
1904 2030 2291 2095 beneficium

756 2139 1068 2225 passionis
1088 2139 1341 2205 Christi.
1374 2145 1396 2181 ⁸
1431 2162 1463 2202 ι
1487 2138 1683 2206 Sume
1724 2141 2061 2217 citharam,
2090 2139 2293 2204 circui

755 2249 1101 2314 civitatem.
1135 2269 1167 2308 ι»
1213 2246 1392 2312 Sicut
1425 2247 1598 2312 enim
1644 2248 1712 2310 in
1753 2246 1997 2311 cithara
2036 2246 2291 2311 chordae

757 2374 948 2440 super
970 2355 1259 2437 lignum,
1307 2356 1399 2420 ita
1434 2354 1724 2419 membra
1750 2353 1981 2420 Christi
2016 2354 2087 2418 in
2110 2353 2295 2436 ligno

756 2464 962 2529 crucis
992 2462 1512 2527 extendebantur.
1538 2461 1769 2527 Civitas
1795 2466 1890 2526 est
1911 2461 2208 2540 Ecclesia,
2227 2461 2296 2526 in

757 2588 889 2655 qua
914 2588 1027 2654 per
1051 2569 1292 2652 plateas
1322 2569 1789 2650 mandatorum,
1810 2587 1926 2651 per
1944 2569 2120 2633 vicos
2148 2586 2296 2633 con-

758 2678 1144 2743 siliariorum
1198 2677 1585 2761 quaerendus
1638 2681 1733 2741 est
1778 2676 2079 2742 Christus.
2135 2677 2295 2742 Item

757 2786 990 2870 quaerit
1018 2785 1218 2851 Deum
1241 2786 1559 2850 ferventer
1584 2784 2029 2850 desiderando:
2050 2784 2129 2849 ad
2143 2785 2298 2868 quid

758 2898 978 2959 autem
1016 2893 1398 2977 quaerendns
1433 2893 1550 2973 sit,
1599 2890 1958 2957 Bernartius
2000 2910 2119 2957 nos
2159 2896 2295 2958 ins-

759 3004 939 3084 truit,
965 3004 1182 3069 dicens
1208 3003 1230 3039 ⁸
1264 3024 1281 3069 ε
1320 3025 1351 3065 α
1391 3002 1674 3068 Occultat
1721 3021 1789 3068 se
1830 3002 2177 3082 Dominus,
2227 3007 2302 3069 ut

761 3111 1088 3176 ardentius
1109 3114 1439 3194 quaeratur
1456 3157 1474 3188 ,
1506 3110 1817 3194 quaesitus
1857 3129 2004 3175 cum
2059 3111 2300 3193 gaudio

762 3218 1130 3284 inveniatur
1145 3266 1167 3298 ,
1195 3218 1496 3282 inventus
1545 3237 1691 3282 cum
1735 3218 2160 3284 sollicitudine
2203 3222 2298 3283 te-

763 3330 1016 3402 neatur,
1045 3329 1258 3390 tentus
1270 3343 1403 3390 non
1427 3325 1805 3402 dimittatur,
1829 3325 2026 3390 donec
2041 3326 2109 3390 in
2130 3344 2303 3392 amo-

765 3434 854 3497 ris
882 3432 1252 3497 cubiculum
1279 3449 1624 3496 mansurus
1649 3432 2110 3499 introducatur.
2134 3454 2165 3493 ι
2186 3434 2305 3500 Re·

766 3540 951 3622 quire
979 3557 1197 3622 supra,
1242 3557 1532 3604 sermone
1579 3538 1603 3574 ‘
1643 3561 1657 3603 :
1696 3540 1886 3606 Pater
1912 3546 2067 3607 tuus
2102 3548 2163 3608 et
2192 3558 2303 3627 eqo

767 3646 1044 3714 dotantes
1070 3646 1497 3730 quoerebamus
1523 3653 1602 3714 te.

847 3754 935 3819 De
959 3754 1235 3820 secundo
1270 3761 1292 3796 ⁷
1324 3774 1343 3820 ε
1372 3776 1404 3816 ι
1448 3755 1620 3821 Pone
1644 3774 1749 3821 me
1783 3759 1856 3820 ut
1893 3756 2302 3838 signaculum

769 3881 964 3945 snper
989 3881 1098 3928 cor
1115 3866 1304 3928 tuum
1328 3910 1346 3939 ,
1380 3867 1454 3928 ut
1477 3864 1886 3946 signaculum
1929 3884 2125 3948 super
2151 3867 2304 3932 bra-

765 3968 985 4034 chium
1018 3973 1239 4048 tuum‚
1277 3971 1428 4053 quia
1454 3971 1632 4035 fortis
1656 3977 1751 4036 est
1790 3977 1864 4037 ut
1908 3991 2083 4038 mors
2109 3975 2301 4041 dilec-

763 4077 874 4142 tio,
904 4099 937 4136 n
988 4076 1158 4142 Bene
1184 4078 1376 4143 sentit
1396 4078 1592 4143 homo
1612 4123 1630 4157 ,
1662 4079 1917 4162 quando
1944 4080 2035 4144 sic
2062 4082 2306 4150 fortiter

765 4181 978 4264 diligit
996 4181 1222 4261 Deum,
1244 4183 1415 4265 quod
1433 4183 1680 4248 dilectio
1694 4203 1809 4250 sua
1828 4184 2210 4251 invincibilis
2224 4189 2307 4253 sit

765 4287 927 4352 sicut
953 4306 1148 4352 mors.
1178 4290 1585 4371 Augustinus
1612 4290 1635 4326 ⁸
1659 4309 1677 4355 ε
1701 4313 1736 4352 ι
1764 4290 2099 4357 Resistitur
2126 4294 2299 4375 igni-

765 4396 910 4476 bus,
939 4395 1151 4475 undis,
1181 4397 1371 4474 ferro,
1400 4398 1664 4478 regibus
1684 4442 1706 4475 ,
1738 4404 1803 4463 et
1831 4399 2246 4482 potestatibus
2282 4423 2297 4466 ε

769 4503 944 4567 venit
968 4520 1100 4568 una
1127 4520 1335 4584 mors,
1363 4505 1510 4586 quis
1541 4506 1602 4569 ei
1629 4506 1920 4570 resistet?
1958 4506 2303 4589 Propterea

766 4609 1011 4674 viribus
1034 4612 1179 4695 ejus
1217 4615 1580 4694 comparata
1619 4617 1717 4677 est
1754 4612 2026 4678 dilectiO.
2052 4634 2085 4673 n
2132 4613 2303 4679 Bene

766 4723 979 4781 autem
1006 4717 1235 4782 dicitur
1265 4739 1282 4782 ε
1313 4718 1480 4785 Pone
1512 4735 1611 4785 me
1652 4724 1725 4787 ut
1758 4720 2163 4804 siqnaculum
2189 4738 2300 4788 su-

760 4839 874 4907 per
898 4829 1213 4892 cortuum
1248 4848 1264 4888 z
1312 4824 1676 4892 sicutenim
1719 4828 2006 4910 sigillum
2047 4829 2115 4893 in
2158 4849 2304 4895 cera

768 4930 971 5012 molli,
1000 4932 1090 4997 sic
1121 4950 1391 5015 sponsus
1415 4934 1745 4999 charitatis
1789 4936 2076 5002 Christus
2120 4938 2302 5003 facile

764 5037 1184 5122 imprimitur,
1231 5058 1364 5104 non
1412 5041 1588 5106 cordi
1637 5042 1800 5108 duro
1849 5062 1964 5128 per
2010 5045 2302 5127 impieta-

830 5201 850 5236 ¹
870 5203 1036 5264 Cant„
1069 5213 1146 5265 ιιι,
1168 5205 1217 5255 2.
1245 5228 1307 5242 -
1331 5204 1354 5240 ⁸
1379 5204 1521 5268 Bar„
1551 5216 1600 5270 v,
1626 5207 1675 5255 5.
1702 5230 1767 5243 —
1789 5202 2068 5271 ⁸Gregor.,
2096 5205 2302 5276 Hor-al„

763 5270 850 5323 lib.
884 5275 1074 5337 xvlll,
1103 5289 1150 5326 c.
1181 5286 1266 5337 ις,
1301 5274 1368 5325 al.
1399 5286 1521 5339 vm,
1549 5289 1602 5328 n.
1632 5279 1714 5328 16.
1747 5303 1793 5314 —
1830 5278 1852 5314 ⁸
1878 5279 2001 5341 lea„
2030 5291 2191 5343 xxm,
2222 5284 2297 5335 ¹6.

763 5368 824 5381 -
860 5345 883 5380 ⁸
917 5346 1087 5409 Bam,
1117 5347 1172 5396 in
1200 5347 1367 5412 Cant„
1405 5360 1560 5398 serm.
1599 5360 1777 5412 mxlv,
1816 5362 1870 5400 n.
1909 5352 1959 5413 3,
1991 5350 2163 5414 quoad
2187 5365 2301 5403 sen·

763 5427 976 5465 sum.—
1023 5418 1043 5448 ⁶
1088 5417 1204 5469 Vid.
1253 5432 1389 5483 sup„
1443 5421 1539 5483 ins.
1588 5420 1695 5472 Oct.
1753 5420 1960 5485 apspla„
2007 5434 2166 5472 serm.
2212 5435 2300 5485 vi,

765 5498 881 5553 pag.
914 5490 995 5555 85,
1022 5488 1121 5541 col.
1150 5492 1199 5542 2.
1224 5514 1287 5529 —
1325 5491 1343 5523 ⁷
1382 5490 1553 5558 eant„
1588 5503 1711 5555 vm,
1752 5494 1799 5546 6.
1833 5516 1897 5532 -
1925 5494 1944 5525 ⁸
1974 5494 2212 5560 August,
2244 5495 2300 5546 in

1839 492 2260 564 SERMONES
2300 493 2402 560 DE
2441 492 2841 563 TEMPORE.

2392 632 2892 710 tem‚sedmolli
2925 647 3042 717 per
3083 634 3533 700 contritionem
3569 637 3637 700 et
3681 634 3944 718 perde-

2393 738 2743 807 votionem.
2794 740 3124 807 Psalmista
3167 741 3192 777 ⁸
3238 764 3255 806 ε
3312 763 3348 803 ι
3396 740 3667 808 Factum
3706 748 3811 806 est
3836 761 3946 808 cor

2394 862 2637 925 meum,
2666 870 2699 908 n
2718 897 2727 905 .
2747 852 2867 914 etc.
2901 848 3094 914 Debet
3126 865 3291 931 ergo
3314 849 3406 914 ita
3430 848 3727 931 sigillum
3758 869 3945 916 amo-

2394 952 2487 1017 ris
2510 969 2651 1019 esse
2689 955 2760 1020 in
2796 955 3019 1036 corde,
3067 960 3141 1021 ut
3186 956 3428 1022 dictum
3481 962 3601 1021 est.
3662 956 3829 1022 item
3877 958 3945 1023 in

2394 1078 2619 1144 opere;
2650 1064 2820 1130 unde
2846 1064 3083 1129 addidit
3126 1087 3143 1128 ι
3203 1064 3279 1132 Ut
3304 1065 3719 1148 siqnacutum
3742 1082 3949 1148 supra

2397 1168 2733 1237 brachium
2760 1175 2963 1238 tuum.
2996 1170 3068 1237 In
3094 1172 3397 1254 operibus
3419 1171 3595 1235 enim
3620 1176 3685 1236 et
3707 1172 3943 1236 labori-

2395 1276 2542 1354 bus,
2572 1295 2723 1360 quae
2750 1278 3012 1344 brachia
3029 1284 3181 1344 sunt
3194 1279 3455 1359 amoris,
3480 1278 3944 1344 ostenditur&

2405 1407 2437 1446 α
2464 1384 2585 1461 Qui
2626 1386 2695 1449 in
2729 1404 2930 1450 manu
2976 1385 3270 1450 omnium
3306 1386 3655 1451 hominum
3702 1385 3947 1468 signat,

2397 1499 2469 1557 ut
2507 1494 2804 1560 noverint
2847 1496 3090 1576 singuli
3132 1514 3326 1580 opera
3349 1516 3489 1561 sua.
3519 1519 3550 1558 ι
3589 1497 3669 1562 Ιιι
3711 1515 3830 1562 ore
3854 1499 3895 1534 ¹¹
3928 1520 3945 1561 :

2407 1624 2439 1662 α
2464 1602 2619 1679 Quis
2644 1603 2820 1668 dabit
2843 1605 2941 1669 ori
2968 1622 3113 1670 meo
3135 1606 3518 1683 custodiam,
3551 1609 3615 1670 et
3640 1624 3844 1688 super
3867 1606 3949 1670 la·

2397 1709 2503 1774 bia
2554 1728 2698 1774 mea
2751 1711 3161 1793 signaculum
3213 1714 3502 1777 certum?
3550 1735 3583 1773 ι
3642 1712 3943 1795 Sigillum

2398 1834 2557 1906 ergo
2583 1817 2821 1882 amoris
2848 1822 3110 1901 apparet
3134 1818 3204 1881 in
3230 1835 3373 1897 ore,
3405 1836 3553 1882 cum
3586 1819 3675 1883 de
3720 1820 3949 1886 delicto

2397 1921 2667 1989 libenter
2692 1924 2997 2008 loquitur.
3029 1923 3062 1990 J
3066 1941 3305 1990 oannes
3325 1924 3833 2009 chrysostomus
3856 1930 3897 1965 ¹¹
3925 1951 3941 1992 :

2409 2056 2441 2094 α
2467 2033 2843 2099 Amantium
2870 2053 3012 2100 mos
3038 2038 3164 2113 est,
3202 2038 3279 2100 ut
3316 2053 3603 2101 amorem
3635 2056 3838 2102 suum
3864 2039 3947 2102 si-

2397 2140 2595 2206 lentio
2632 2144 2857 2222 tegere
2905 2144 3249 2225 nequeant.
3277 2163 3309 2202 »
3360 2142 3669 2223 Sigillum
3710 2147 3947 2211 amoris

2398 2248 2640 2331 optime
2656 2248 2894 2314 claudit
2920 2267 3017 2327 os,
3046 2253 3111 2314 et
3134 2249 3408 2314 custodit
3424 2268 3464 2314 a
3482 2251 3801 2316 tacendis.
3820 2254 3945 2318 Au·

2399 2356 2703 2438 gustinus
2731 2355 2824 2421 ¹⁸:
2866 2377 2897 2418 c
2931 2353 3079 2420 Sive
3124 2358 3325 2437 taces,
3378 2355 3719 2424 dilectione
3770 2364 3941 2439 taee3

2400 2463 2537 2530 sive
2562 2462 2833 2541 clamas,
2858 2461 3196 2527 dilectione
3221 2463 3443 2528 clama.
3474 2487 3507 2525 ι

2479 2569 2568 2635 De
2594 2570 2780 2634 tertio
2810 2574 2859 2611 ¹⁸
2891 2591 2951 2634 :ct
2979 2568 3149 2634 Recti
3171 2569 3448 2652 diligunt
3473 2574 3560 2637 te.
3590 2592 3627 2631 ι
3658 2571 3947 2639 Siservis

2402 2679 2530 2744 Deo
2554 2678 2783 2744 timore
2809 2677 3149 2759 gehennae,
3175 2678 3279 2743 vel
3300 2697 3509 2761 poenae
3528 2681 3941 2762 transitorie,

2405 2787 2507 2851 vel
2532 2803 2751 2851 amore
2780 2784 3097 2850 commodi
3116 2832 3136 2864 ,
3170 2784 3273 2850 vel
3313 2784 3520 2851 laudis
3570 2789 3945 2869 mundaum,

2404 2898 2616 2958 rectus
2661 2910 2794 2958 non
2838 2911 2911 2958 es
2930 2939 2951 2971 ‚
2982 2891 3094 2957 sed
3121 2892 3463 2958 inclinatus
3496 2894 3581 2960 ad
3620 2895 3945 2978 interiora,

2405 3016 2619 3082 neque
2643 2999 2905 3065 oculum
2930 2999 3303 3064 intentionis
3326 2999 3528 3066 habes
3543 3002 3627 3067 ad
3644 3004 3940 3084 coelestia,

2406 3105 2569 3171 sicut
2580 3106 2910 3187 signatum
2930 3109 3026 3170 est
3052 3106 3122 3170 in
3142 3107 3432 3186 muliere,
3453 3108 3531 3174 de
3547 3127 3683 3191 qua
3702 3112 3770 3193 ¹⁸,
3802 3130 3947 3196 quae

2416 3235 2448 3275 ι
2468 3219 2604 3278 erat
2626 3214 2961 3294 inclinata,
2991 3233 3201 3299 neque
3228 3215 3493 3282 omnino
3520 3221 3777 3300 poterat
3801 3238 3947 3284 sur-

2408 3339 2554 3386 sum
2581 3323 2914 3406 respicere.
2939 3345 2970 3383 n
3008 3321 3077 3388 Si
3103 3328 3321 3389 autem
3350 3325 3419 3389 in
3442 3344 3666 3391 amore
3686 3327 3802 3393 Dei
3826 3347 3951 3393 ser-

2408 3427 2530 3505 vis,
2558 3431 2771 3494 rectus
2806 3448 2896 3494 es.
2937 3429 3265 3498 Rectitudo
3307 3437 3525 3498 autem
3568 3434 3857 3499 hominis
3885 3437 3949 3501 in

2409 3536 2616 3601 tribus
2662 3537 2949 3602 consistit
2987 3561 3005 3602 ι
3051 3538 3296 3621 primo,
3346 3540 3416 3604 in
3466 3540 3620 3605 mali
3672 3542 3951 3607 declina·

2413 3643 2616 3723 tione,
2647 3649 2710 3708 et
2752 3645 2876 3709 hoc
2912 3650 3012 3710 est
3055 3646 3437 3712 innocentia
3470 3649 3516 3690 ¹⁸
3546 3668 3564 3713 z
3608 3670 3642 3708 ι
3670 3648 3827 3714 Erat
3856 3651 3952 3714 vir

2410 3750 2713 3835 simplex,
2754 3754 2998 3831 rectus,
3039 3773 3072 3813 ιο
3108 3757 3256 3834 etc„
3284 3771 3491 3837 usque
3537 3775 3555 3819 ε
3613 3776 3646 3815 ι
3672 3758 3952 3821 retinens

2410 3857 2865 3924 innocentiam.
2893 3880 2924 3919 n
2962 3858 3277 3940 Secunde,
3299 3860 3369 3925 in
3385 3861 3539 3926 boni
3556 3865 3948 3945 operatione,

2412 3971 2475 4030 et
2497 3965 2621 4030 hoc
2646 3967 3075 4032 beneficentiae
3105 3967 3148 4004 ¹⁷
3181 3990 3197 4032 :
3242 3991 3274 4029 σι
3302 3971 3398 4033 Ex
3422 3969 3650 4033 studiis
3684 3972 3827 4036 suis
3852 3972 3948 4036 in·

2408 4071 2724 4154 telligitur
2741 4092 2926 4156 puer,
2955 4074 3010 4137 si
3030 4075 3271 4140 munda
3294 4079 3360 4140 et
3380 4080 3551 4140 recta
3577 4083 3734 4141 sunt
3760 4095 3952 4162 opera

2411 4183 2576 4266 ejus».
2609 4204 2640 4242 i>
2676 4180 2914 4261 Tertio,
2942 4183 3008 4246 in
3037 4184 3275 4248 amoris
3314 4183 3421 4248 Dei
3460 4184 3857 4265 intentione,
3887 4189 3951 4250 et

2410 4287 2534 4352 hoc
2558 4292 2655 4352 est
2679 4288 3100 4353 conscientiae.
3142 4288 3331 4353 Recta
3367 4289 3541 4354 enim
3566 4291 3951 4356 conscientia

2410 4411 2629 4458 amore
2672 4394 3076 4460 beatitudinis
3117 4394 3245 4461 Deo
3269 4397 3499 4476 servit,
3530 4415 3665 4461 non
3708 4399 3948 4481 princi-

2410 4501 2635 4583 paliter
2661 4500 2888 4567 timore
2912 4502 3355 4568 damnationis.
3380 4502 3502 4568 Per
3525 4503 3805 4586 primam
3824 4523 3951 4570 rec·

2409 4607 2748 4673 titudinem
2786 4609 2981 4691 virgo
3016 4627 3118 4688 es;
3150 4627 3264 4692 per
3289 4609 3657 4689 secundam,
3704 4610 3951 4695 lampa·

2411 4714 2557 4779 dem
2584 4715 2825 4796 habes,
2859 4735 2973 4801 per
2999 4717 3279 4796 tertiam,
3306 4717 3523 4782 oleum
3549 4718 3857 4802 possides.
3880 4719 3948 4783 Si

2412 4824 2512 4891 vis
2560 4843 2718 4907 ergo
2764 4830 2972 4891 rectus
2994 4843 3130 4890 esse
3176 4842 3291 4909 per
3315 4843 3601 4890 amorem
3622 4874 3642 4906 ,
3672 4828 3949 4911 aincere

2409 4932 2599 4998 debes
2648 4932 2947 4998 servilem
2990 4932 3289 4997 timorem
3321 4939 3368 4974 ¹⁸
3410 4955 3428 4998 ς
3468 4956 3501 4995 α
3527 4933 3670 5000 Noli
3697 4936 3944 5017 timere,

2411 5058 2596 5106 serve
2622 5058 2806 5107 meus
2826 5039 3019 5106 Jacob
3046 5040 3392 5105 rectissime
3409 5088 3432 5121 ,
3460 5058 3658 5125 quem
3684 5041 3877 5125 elegi.
3908 5066 3939 5105 ι

2409 5201 2548 5253 Peal.
2573 5207 2716 5267 cxxt,
2740 5215 2793 5253 n.
2820 5204 2901 5254 12.
2922 5225 2986 5241 —
3007 5201 3027 5234 ⁸
3054 5201 3193 5253 Ptol.
3222 5213 3330 5266 ιιι,
3358 5205 3435 5254 15.
3460 5227 3523 5241 -
3548 5205 3586 5237 ¹⁸
3605 5204 3713 5264 lob,
3744 5217 3949 5269 xxxva,

2410 5279 2459 5327 7.
2496 5302 2551 5312 —
2601 5276 2641 5311 ¹¹
2669 5274 2848 5337 Booti..
2875 5286 3042 5338 xxm,
3070 5277 3148 5324 33.
3178 5301 3240 5314 -
3277 5277 3317 5310 ¹⁸
3341 5275 3625 5343 chrysost„
3666 5278 3857 5342 Expos.
3893 5283 3950 5332 ιίι

2409 5347 2548 5398 Psal.
2582 5359 2689 5409 xm,
2717 5359 2773 5398 n.
2806 5348 2854 5397 3.
2881 5372 2944 5386 --
2979 5347 3016 5382 ¹⁸
3038 5350 3190 5411 Aug„
3221 5349 3275 5396 in
3300 5345 3463 5412 Epist.
3490 5348 3657 5412 loun„
3683 5352 3827 5400 tract.
3852 5363 3948 5416 vn,

2408 5434 2465 5471 n.
2493 5422 2542 5470 8.
2568 5445 2631 5457 —
2652 5417 2691 5454 ¹⁸
2717 5418 2884 5480 Cant„
2919 5430 2958 5480 1,
2984 5423 3029 5468 ι.
3049 5445 3114 5456 -
3140 5420 3174 5450 ¹⁸
3200 5419 3337 5484 Luc„
3365 5431 3486 5484 xm,
3507 5423 3586 5471 11.
3613 5448 3668 5460 -
3700 5420 3744 5457 ¹⁸
3766 5421 3881 5488 «lob,
3913 5437 3948 5488 ι,

2410 5494 2517 5545 1-2.
2537 5518 2602 5534 -
2630 5492 2669 5527 ¹²
2694 5491 2864 5554 Pron„
2887 5501 2977 5555 xx,
3010 5494 3084 5543 ¹1.
3104 5516 3166 5530 —
3195 5493 3234 5524 ¹⁸
3263 5494 3385 5555 Im„
3410 5503 3557 5560 xm,
3582 5495 3634 5544 2.
