4059 6317
713 445 835 508 364

711 577 982 658 functos,
1011 580 1077 641 et
1100 575 1485 642 aeternaliter
1508 574 1812 655 victuros,
1839 574 1997 640 etin
2025 591 2247 658 corpo-

712 684 894 749 ribus
932 684 1255 768 gloriosis,
1286 688 1350 750 et
1385 685 1467 750 ab
1502 684 1682 750 omni
1719 684 1979 749 miseria
2015 684 2247 750 libera-

711 793 870 856 tis2¹
919 816 951 856 α
989 792 1380 858 Reformabit
1417 810 1647 876 corpus
1676 792 2058 858 humilitatis
2097 809 2248 857 nos-

711 903 854 977 troe,
887 921 919 961 ι
947 905 1064 966 etc.
1088 899 1267 966 Hanc
1292 900 1792 966 misericordiam
1818 901 2079 966 laudare
2108 919 2249 984 pos-

712 1011 865 1073 sunt
888 1008 968 1074 de
994 1008 1301 1091 sepulcris
1326 1012 1687 1091 surgentes,
1704 1027 1837 1074 non
1856 1009 1922 1073 in
1947 1007 2253 1091 sepulcris

711 1118 1164 1199 putrescentes,
1196 1114 1486 1181 Psalmus
1516 1123 1540 1158 ⁸
1569 1138 1585 1180 z
1613 1137 1644 1176 ι
1672 1114 1998 1199 Numquid
2025 1133 2250 1181 narra-

711 1222 807 1287 bit
819 1221 1049 1305 aliquis
1069 1223 1136 1286 in
1159 1223 1449 1305 sepulcro
1466 1223 1960 1288 misericordiam
1977 1226 2155 1288 tuam
2167 1225 2200 1288 ⁴?
2213 1247 2243 1284 n

713 1327 838 1394 Sed
862 1333 1031 1394 certe
1061 1330 1247 1393 malis
1283 1347 1415 1394 non
1442 1327 1694 1395 videtur
1725 1331 1867 1395 fleri
1893 1329 2251 1396 misericor-

713 1436 840 1517 dia,
855 1435 1009 1519 quia
1028 1454 1175 1500 cum
1196 1437 1570 1519 corporibus
1590 1438 1937 1518 punientur
1956 1437 2251 1520 gravius.

795 1542 882 1608 De
921 1542 1110 1608 tertio
1140 1544 1164 1581 ⁸
1204 1562 1222 1608 ε
1260 1567 1293 1606 α
1319 1544 1394 1609 ln
1430 1550 1756 1610 momento
1799 1545 2255 1627 indignationis

713 1651 1013 1716 abscondi
1052 1669 1400 1736 parumper
1443 1652 1667 1716 faciem
1711 1670 1922 1718 meam
1965 1671 2006 1717 a
2050 1656 2146 1732 te,
2192 1655 2257 1716 et

716 1759 1147 1825 misericordia
1169 1761 1553 1844 sempiterna
1580 1760 1880 1825 misertus
1897 1779 2039 1827 sum
2071 1760 2189 1825 tui.
2216 1780 2248 1820 ι

716 1869 838 1947 Qui
861 1869 932 1933 in
957 1866 1157 1934 limbo
1192 1867 1429 1933 inferni
1454 1869 1636 1933 erant
1651 1916 1668 1947 ,
1699 1867 1864 1932 sicut
1888 1867 2040 1933 olim
2081 1867 2252 1933 indi·

721 1976 1116 2058 gnationem,
1144 1975 1328 2041 sicin
1359 1975 1731 2040 liberatione
1755 1974 1857 2040 sui
1892 1974 2248 2040 misericor-

717 2083 891 2149 diam
915 2086 1251 2149 senserunt
1285 2083 1390 2167 (α).
1420 2081 1714 2148 Psalmus
1740 2082 1803 2146 ⁸:
1845 2105 1879 2143 α
1903 2080 2255 2148 Misericor-

716 2191 820 2257 dia
847 2192 1137 2272 (Domini)
1170 2209 1412 2274 magna
1444 2195 1754 2274 estsuper
1781 2209 1908 2255 me.
1935 2211 1965 2250 ι
2001 2189 2161 2256 ltem
2188 2192 2255 2255 in

714 2299 1093 2384 purgatorio
1114 2297 1614 2381 indignationem
1631 2297 1928 2379 ostendit,
1951 2300 2015 2363 et
2030 2297 2257 2362 faciem

716 2408 1042 2473 abscondit
1077 2406 1146 2470 in
1185 2410 1533 2486 momento,
1566 2406 1722 2488 quia
1761 2404 1869 2470 illa
1911 2422 2259 2487 parumper

716 2518 780 2582 et
829 2517 1276 2580 momentanea
1323 2518 1419 2578 est
1462 2531 1654 2597 poena
1704 2517 1997 2595 respectu
2050 2529 2257 2595 poenae

716 2627 974 2690 aeternae
993 2671 1011 2701 ‚
1037 2624 1101 2688 et
1140 2626 1430 2706 respectu
1469 2619 1746 2686 miseriae
1784 2624 2080 2700 aeternae,
2111 2637 2260 2703 quae

716 2736 1041 2817 sequetur.
1083 2731 1281 2796 Multa
1315 2731 1487 2795 enim
1525 2729 1726 2794 millia
1760 2746 2080 2793 annorum
2123 2746 2259 2792 res-

718 2842 904 2924 pectu
930 2838 1295 2906 aeternitatis
1317 2841 1862 2917 momentaneum,
1888 2839 1951 2901 et
1967 2853 2259 2901 momen-

717 2951 859 3012 tum
890 2949 1064 3012 sunt.
1094 2945 1272 3011 Unde
1300 2946 1486 3011 beato
1511 2945 1852 3010 Benedicto
1879 2944 2193 3027 quaerenti
2220 2960 2260 3007 a

719 3052 990 3134 diabolo,
1021 3052 1278 3135 quando
1305 3053 1626 3118 cecidisset
1653 3074 1715 3116 :a
1735 3051 1909 3130 Heri,
1937 3072 1968 3111 n
2002 3068 2262 3134 respon-

718 3159 835 3224 dit.
865 3157 1110 3224 Etcum
1129 3160 1365 3225 diceret
1380 3159 1796 3225 Benedictus:
1833 3158 2196 3236 «Mentiri33
2223 3180 2254 3216 n

721 3266 882 3331 dixit
907 3265 1158 3332 daemon
1187 3285 1205 3332 ε
1240 3291 1272 3328 «
1301 3266 1369 3332 Si
1397 3267 1611 3346 scireS‚
1638 3268 1886 3331 nonita
1911 3267 2176 3332 diceres.
2225 3287 2257 3327 ι

722 3374 1145 3441 Misericordia
1174 3378 1413 3457 autem,
1444 3393 1643 3459 quam
1669 3375 1929 3440 exhibet
1956 3374 2262 3440 salvando

724 3483 804 3548 de
834 3484 1062 3566 poenis,
1091 3483 1484 3565 significatur
1510 3483 1581 3546 in
1618 3482 2051 3547 misericordia
2075 3481 2258 3546 exhi-

725 3590 858 3656 bita
888 3591 1092 3655 tribus
1119 3590 1332 3673 pueris
1355 3590 1635 3656 liberatis
1664 3590 1742 3656 de
1771 3590 1944 3671 igne.
1973 3589 2073 3653 Ad
2096 3588 2264 3654 hanc

726 3697 1221 3762 misericordiam
1248 3715 1360 3781 per
1385 3696 1753 3776 Ecclesiam,
1792 3714 1921 3761 non
1951 3715 2066 3779 per
2092 3698 2258 3780 seip-

728 3821 833 3869 sos
864 3804 1084 3887 juvari
1125 3808 1393 3887 possunt
1410 3827 1427 3883 ;
1468 3803 1643 3869 unde
1680 3803 1751 3868 in
1791 3804 2042 3868 camino
2078 3803 2260 3869 dixe-

727 3914 882 3976 runt
907 3911 984 3993 (b)
1012 3912 1034 3948 ⁸
1067 3933 1083 3975 ε
1127 3935 1156 3973 c
1188 3910 1328 3976 Non
1354 3914 1451 3976 est
1484 3911 1755 3992 oblatio,
1793 3929 2003 3994 neque
2045 3910 2259 3975 incen-

723 4038 892 4099 sum,
921 4038 1129 4104 neque
1154 4019 1331 4100 locus
1360 4019 1783 4103 primitiarum
1824 4037 2038 4083 coram
2075 4022 2161 4097 te,
2191 4022 2265 4084 ut

723 4128 1042 4213 possimus
1067 4127 1360 4192 invenire
1385 4125 1902 4190 misericordiam.
1933 4148 1964 4186 n
2007 4126 2081 4191 In
2107 4144 2263 4209 pur-

723 4236 972 4318 gatorio
1007 4235 1176 4300 enim
1210 4249 1342 4301 non
1372 4239 1465 4301 est
1496 4232 1731 4301 oblatio
1777 4232 2077 4298 dominici
2117 4251 2264 4298 cor-

724 4343 919 4426 poris,
951 4358 1151 4425 neque
1190 4343 1519 4409 §noemam
1561 4339 1905 4405 meritoriae
1945 4340 2260 4423 operatio-

725 4455 850 4531 niS‚
873 4469 1083 4534 neque
1107 4451 1424 4533 pffmitioe
1445 4449 1867 4533 eleemownae
1885 4448 2269 4513 satisfacien-

727 4559 810 4624 tis
835 4561 858 4597 ⁸
888 4581 904 4623 ι
950 4582 982 4619 «ι
1023 4558 1110 4623 De
1150 4557 1449 4641 primitiis
1491 4556 1758 4639 frugum
1790 4555 1872 4620 da
1906 4555 2194 4640 pauperi.
2225 4577 2256 4616 n

809 4666 895 4730 De
938 4668 1189 4750 quarto,
1221 4664 1515 4729 Psalmus
1541 4662 1562 4699 ⁷
1593 4686 1610 4729 ι
1648 4685 1679 4724 ι
1706 4663 1782 4727 ln
1805 4665 2121 4729 aeternum
2154 4662 2268 4726 mi-

728 4773 1065 4840 serieordia
1118 4772 1537 4838 aedificabitur
1579 4771 1649 4835 in
1692 4771 1892 4837 coelis.
1947 4792 1980 4831 n
2040 4771 2268 4837 Ruinae

729 4883 908 4946 factae
953 4879 1024 4943 in
1076 4879 1405 4945 ordinibus
1447 4879 1828 4962 angelorum
1877 4897 1992 4964 per
2036 4898 2269 4963 super-

728 4988 926 5067 biam,
955 4986 1422 5052 reaedisscantur
1447 5004 1561 5070 per
1599 4986 1711 5051 Dei
1739 4986 2264 5054 misericordiam.

731 5095 857 5165 Sed
885 5099 1096 5180 patres
1120 5099 1266 5160 ante
1283 5094 1513 5160 Christi
1536 5095 2040 5162 incarnationem
2058 5096 2271 5162 dicere

795 5297 814 5332 ¹
841 5293 1052 5360 Philip„
1081 5306 1145 5346 ιιι
1160 5330 1178 5358 ,
1204 5297 1283 5346 2¹.
1316 5318 1371 5331 -
1399 5294 1423 5329 ⁸
1448 5293 1584 5344 Psal.
1627 5305 1863 5356 nxxxvn,
1894 5297 1970 5345 12.
2004 5316 2068 5330 —-
2094 5293 2118 5330 ⁸
2145 5295 2270 5357 lea„

735 5379 840 5431 mv,
881 5369 931 5419 8.
972 5393 1034 5407 —
1072 5366 1095 5402 ⁸
1129 5363 1268 5417 Psal.
1306 5377 1501 5428 Lxxxv,
1540 5366 1615 5417 13.
1648 5391 1710 5405 —
1736 5367 1760 5404 ⁸
1791 5366 1941 5428 Dan„
1971 5378 2063 5428 111,
2103 5368 2182 5417 39.
2210 5391 2273 5404 -

740 5441 760 5474 ⁸
787 5440 954 5502 prov..
981 5450 1061 5499 ιιι,
1090 5440 1136 5489 9.
1170 5463 1227 5474 -
1257 5437 1274 5468 ⁷
1303 5435 1438 5490 Psal.
1467 5448 1730 5504 annm,
1761 5439 1810 5489 3.
1841 5462 1901 5475 —
1929 5436 1950 5471 ⁸
1973 5437 2124 5505 Aqq„
2154 5450 2192 5502 1,
2220 5442 2267 5490 2.

1803 436 2222 505 SERMONES
2260 437 2365 506 DE
2404 438 2798 508 TEMPORE.

2354 576 2703 659 potuerunt
2742 577 2902 646 illud
2948 580 3172 665 Awoet
3203 582 3228 619 ⁸
3267 599 3286 647 ε
3324 604 3357 645 ι
3380 581 3674 650 Nondum
3713 584 3868 651 veuit

2357 687 2611 767 tempus
2639 684 2868 752 domus
2896 687 3147 754 Domini
3173 690 3561 755 mdificaudae
3583 713 3613 752 ι
3646 695 3709 756 et
3739 710 3863 757 mu-

2358 810 2465 857 ros
2491 795 2787 877 ponendi.
2820 795 2913 861 Ita
2939 801 3085 862 ante
3106 797 3427 864 Christum
3451 799 3635 882 quasi
3667 799 3868 885 hyems

2359 901 2500 982 fuit,
2533 903 2785 985 quando
2811 904 3030 970 nullus
3056 905 3215 988 lapis
3233 911 3303 971 in
3323 906 3592 973 aediflcio
3615 912 3680 972 et
3706 927 3867 974 muro

2356 1009 2636 1091 pamm,
2683 1011 2817 1076 imo
2860 1012 2994 1078 vita
3055 1031 3333 1096 praesens
3388 1015 3575 1097 quasi
3642 1015 3865 1099 hyems.

2359 1115 2540 1182 Unde
2564 1117 2826 1202 lapides,
2852 1119 2919 1185 id
2945 1123 3039 1188 est
3063 1121 3304 1202 fideles,
3328 1121 3437 1187 hic
3455 1140 3571 1206 per
3596 1124 3871 1206 pmniten·

2358 1225 2481 1290 tias
2498 1273 2520 1304 ‚
2551 1228 2615 1291 et
2659 1228 3075 1294 correctiones
3090 1277 3112 1308 ‚
3140 1233 3205 1293 et
3237 1229 3653 1295 adversitates
3682 1249 3871 1296 mean-

2359 1337 2489 1413 tur,
2519 1338 2638 1399 etc.
2668 1335 3152 1417 Augustinus⁹z
3183 1336 3349 1403 «Hic
3364 1355 3506 1415 ure,
3537 1337 3648 1403 hic
3670 1357 3867 1417 secan

2361 1440 2565 1505 sedin
2592 1445 2778 1508 aetate
2802 1443 3042 1509 futurae
3079 1444 3230 1510 vitae
3254 1444 3324 1508 in
3364 1445 3639 1510 &edificio
3664 1444 3874 1511 eoelesti

2360 1551 2703 1630 ponentur.
2735 1547 2812 1614 Et
2852 1553 3009 1615 tunc
3044 1550 3247 1633 hujus
3289 1551 3738 1618 misericordias
3776 1552 3879 1617 erit

2359 1659 2635 1739 tempus.
2678 1655 2969 1723 Psalmus
2994 1659 3042 1700 ¹0
3073 1680 3089 1723 ι
3123 1680 3154 1719 ι
3185 1658 3285 1724 Tu
3308 1659 3389 1742 (c)
3424 1678 3750 1742 exurgens
3774 1660 3879 1725 mi-

2362 1762 2668 1827 sereberis
2695 1760 2869 1828 Sion.
2900 1786 2932 1826 »
2967 1764 3056 1831 De
3087 1766 3211 1838 hoc
3237 1765 3488 1849 plenius
3516 1767 3803 1833 invenies
3822 1767 3879 1831 in

2363 1882 2705 1931 sermone:
2736 1867 3037 1951 Eoeurae,
3065 1869 3274 1953 aleria
3300 1886 3443 1937 ntea
3476 1872 3546 1936 ¹¹.
3596 1870 3723 1949 Qui
3760 1876 3881 1935 tan-

2363 1991 2559 2055 quam
2606 1972 2771 2058 lapis
2815 1975 3011 2040 vivus
3060 1976 3300 2043 intrare
3343 1977 3482 2042 vult
3528 1977 3603 2042 in
3655 1977 3881 2044 eoeleste

2363 2079 2709 2144 aediflcium
2730 2129 2747 2161 ‚
2778 2081 2963 2147 debet
2987 2101 3127 2148 esse
3160 2083 3441 2150 abscisus
3474 2084 3553 2150 de
3582 2085 3883 2150 montibus

2364 2186 2841 2252 mundanarum
2915 2190 3329 2273 cupiditatum
3358 2237 3377 2269 ‚
3431 2195 3497 2256 et
3559 2192 3883 2274 quadratus

2366 2294 2759 2379 quadratura
2783 2300 3063 2380 quatuor
3088 2297 3535 2380 principalium
3556 2299 3880 2365 virtutum.

2364 2402 2771 2484 Augustinus
2798 2402 2846 2444 ¹⁸
2887 2422 2907 2468 z
2946 2426 2979 2465 c
3006 2403 3453 2470 Praeciduntur
3473 2405 3554 2471 de
3578 2408 3885 2472 montibus

2367 2529 2481 2594 per
2516 2529 2749 2577 manus
2789 2511 3271 2595 praedicantium
3312 2513 3650 2578 veritatem
3691 2536 3707 2578 ε
3752 2532 3883 2580 con-

2363 2618 2758 2702 quadrantur
2778 2667 2797 2700 ,
2827 2624 2905 2685 ut
2947 2621 3188 2685 intrent
3224 2619 3295 2684 in
3323 2624 3650 2687 structura
3675 2623 3887 2705 sempi-

2365 2729 2572 2792 terna.
2601 2748 2633 2788 s

2903 2898 3192 2970 SERMO
3247 2900 3367 2973 IV.

2448 3054 3022 3134 Μαηάηοαυεηιπί,
3052 3060 3116 3123 et
3142 3057 3427 3124 saturati
3451 3063 3610 3124 sunt
3636 3057 3705 3123 ¹⁸.
3736 3057 3886 3136 Qua·
3909 3065 4039 3113 snt-²·

2368 3160 2639 3244 druplex
2664 3165 2761 3225 est
2785 3163 3118 3228 saturitas:
3150 3164 3378 3245 prima,
3409 3163 3731 3230 bonorum
3755 3169 3889 3230 tem-
3910 3129 4033 3252 ff

2371 3266 2724 3351 poralium3
2764 3268 3061 3346 secunda,
3090 3269 3409 3335 donorum
3440 3270 3884 3353 spiritualium

2370 3375 2580 3455 tertia,
2606 3374 3023 3458 praemiorum
3041 3375 3479 3456 aetemalium3
3507 3381 3762 3459 quarta,
3786 3382 3891 3441 tor·

2370 3483 2736 3544 mentorum
2764 3479 3195 3544 infernalium.

2450 3586 2537 3651 De
2571 3587 2774 3669 prima
2806 3588 2853 3629 ¹⁸
2885 3606 2902 3648 ε
2941 3609 2973 3649 α
2998 3587 3256 3652 Honora
3299 3586 3647 3654 Dominum
3687 3590 3763 3655 de
3796 3593 3893 3654 tua

2370 3696 2747 3790 substantia.
2795 3716 2827 3756 n
2882 3694 3007 3761 Sed
3052 3696 3269 3760 miseri
3323 3696 3502 3761 avari
3552 3703 3709 3763 sunt
3751 3698 3895 3762 sicut

2371 3821 2558 3868 canes
2611 3802 2955 3868 belismum
3009 3802 3353 3886 patientes,
3413 3803 3527 3898 qui
3575 3821 3891 3889 nunquam

2371 3911 2644 3978 saturari
2672 3915 2938 3994 possunt
2962 3912 3008 3951 ¹⁸
3037 3929 3055 3976 ε
3086 3934 3116 3973 α
3145 3910 3344 3976 Canes
3377 3911 3893 3994 impudentissimi

2372 4018 2651 4083 nesciere
2678 4017 3096 4084 saturitatem.
3126 4040 3157 4078 »
3194 4016 3602 4100 Inexplebilis
3637 4024 3734 4086 est
3753 4036 3893 4083 ava·
3914 4025 4045 4079 msa

2371 4126 2517 4191 ritia
2565 4125 2874 4204 divitum,
2906 4143 3159 4207 semper
3194 4125 3391 4208 rapit,
3423 4142 3763 4209 nunquam
3802 4143 3895 4190 sa-

2372 4234 2591 4311 tiatur,
2620 4250 2828 4316 neque
2856 4231 3198 4297 Dominum
3224 4233 3428 4310 timet,
3463 4249 3679 4315 neque
3704 4232 3893 4299 homi·

2372 4356 2525 4404 nem
2562 4342 2930 4419 reveretur,
2969 4355 3178 4421 neque
3219 4338 3384 4421 patri
3427 4339 3627 4420 parcit
3643 4389 3661 4421 ‚
3707 4356 3896 4423 neque

2374 4450 2643 4511 matrem
2672 4446 2995 4528 agnoscit,
3025 4463 3237 4528 neque
3279 4445 3460 4509 fratri
3483 4446 3892 4530 obtemperat,

2374 4572 2582 4637 neque
2608 4554 2815 4618 amico
2838 4553 3026 4619 fldem
3069 4557 3303 4618 servat.
3337 4551 3536 4617 Canes
3576 4572 3737 4637 ergo
3765 4555 3898 4618 suut

2375 4663 2573 4743 avari,
2618 4665 2683 4727 et
2706 4662 2848 4726 ideo
2876 4660 3196 4743 contingit
3218 4661 3373 4743 ipsis
3399 4660 3566 4726 sicut
3587 4662 3757 4740 cani,
3796 4659 3896 4745 qui

2376 4771 2542 4836 fame
2567 4772 2934 4834 attenuatus
2958 4787 3073 4851 per
3110 4755 3397 4833 foramen
3437 4772 3687 4833 arctum
3726 4768 3894 4833 cella-

2377 4878 2493 4943 riae
2520 4877 2890 4953 intraverat,
2923 4880 2989 4941 et
3014 4878 3231 4960 postea
3256 4878 3576 4941 saturatus
3604 4880 3668 4941 et
3706 4876 3896 4960 reple-

2377 4990 2483 5051 tus
2497 5035 2515 5065 ,
2565 5002 2937 5069 percussore
2983 5001 3131 5049 cum
3187 4984 3350 5049 fuste
3392 4984 3892 5066 superveniente,

2379 5155 2441 5168 -
2458 5130 2478 5161 ⁸
2502 5130 2630 5194 Aug.
2653 5153 2714 5168 ·-
2736 5129 2778 5165 ¹⁰
2802 5126 2942 5179 Psal.
2970 5139 3044 5192 οι,
3073 5129 3152 5179 ¹6.
3173 5153 3234 5164 -
3260 5127 3299 5162 ¹¹
3325 5125 3440 5178 Vid.
3471 5139 3609 5191 sup„
3639 5128 3696 5178 in
3718 5127 3895 5177 neem-r.

2382 5201 2550 5262 Doni..
2591 5214 2745 5252 serm.
2788 5211 2848 5265 11,
2887 5213 3005 5266 pag.
3050 5201 3170 5264 215,
3208 5198 3308 5251 col.
3349 5203 3396 5249 ι.
3429 5223 3490 5236 -
3523 5198 3568 5234 ¹⁸
3605 5199 3812 5265 August.
3842 5223 3895 5235 -

2383 5272 2425 5309 ¹⁸
2448 5274 2631 5333 nar-c..
2658 5284 2772 5333 vm,
2801 5275 2850 5324 8.
2873 5296 2936 5309 —
2966 5272 2998 5303 ¹⁴
3028 5271 3194 5334 Pron„
3219 5281 3302 5332 111,
3327 5272 3377 5321 9.
3398 5293 3459 5305 —
3489 5268 3531 5306 ¹⁸
3551 5269 3672 5333 Isca,
3701 5281 3802 5332 1.v1,
3830 5273 3892 5320 Η.

2445 5363 2511 5426 (α)
2539 5361 2661 5413 Cae.
2688 5361 2810 5412 edit.
2833 5364 3117 5413 senserant.
3144 5385 3205 5398 —
3231 5356 3301 5424 (b)
3325 5356 3505 5424 suppl.
3534 5360 3636 5412 tres
3660 5358 3816 5425 pueri.
3844 5381 3896 5395 ·-

2386 5432 2445 5501 (c)
2474 5433 2596 5485 Coet.
2624 5433 2745 5485 edit.
2772 5435 2933 5487 Tunc.
