4059 6317
685 542 807 606 «m

1788 534 2207 603 SERMONES
2252 535 2351 601 DE
2393 534 2789 614 ΤΕΜΡΟΒΕ.

561 767 566 774 .
687 674 951 746 modum
978 673 1285 740 veritatis.
1316 673 1606 742 Primum
1629 673 1823 739 habet
1857 687 1973 757 per
2009 671 2218 737 chari-
2329 677 2718 755 proeceptum
2736 689 2962 747 mann,
2985 679 3064 742 ut
3086 673 3387 758 diligaris
3405 678 3681 745 invicem
3700 680 3857 748 sicut

479 3490 672 3546 Procop-

459 3553 554 3595 tum
601 3553 670 3595 di-

459 3615 662 3662 lectionis

685 785 916 860 tatem3
973 782 1325 847 secundum
1377 800 1493 866 per
1534 800 1750 866 spem;
1796 781 2060 846 tertium
2111 797 2224 863 per

686 889 902 957 fldem.

770 996 986 1063 Primo
1007 997 1212 1079 igitur
1236 998 1508 1082 imperat
1531 996 1812 1062 nobilem
1837 1000 2052 1062 actum
2081 995 2229 1060 cha-

688 1106 926 1185 ritatis,
974 1104 1328 1188 regulando
1373 1105 1480 1189 (α),
1521 1122 1668 1171 cum
1723 1104 1911 1169 dicit:
1957 1104 2225 1188 Diliaes.

691 1212 812 1277 Iste
839 1215 1018 1276 actus
1043 1212 1395 1276 dilectionis
1419 1211 1670 1277 elicitur
1688 1231 1729 1276 a
1755 1211 2231 1294 concupiscibili

691 1320 994 1403 potentia.
1043 1319 1333 1385 Secundo
1371 1320 1656 1384 insinuat
1691 1318 2067 1384 honorabile
2106 1320 2224 1384 ob-

682 1429 927 1511 jectum
947 1427 1289 1508 charitatiS,
1324 1426 1629 1492 elevando
1657 1426 2059 1503 irascibilem,
2077 1444 2229 1491 cum

690 1534 906 1602 subdit
945 1556 961 1599 :
1006 1536 1354 1603 Dominum
1393 1535 1589 1601 Deum
1620 1539 1820 1601 tuum.
1857 1532 2021 1599 Deus
2058 1534 2230 1598 enim

692 1642 950 1726 proprie
973 1649 1037 1708 et
1056 1641 1484 1726 principaliter
1510 1645 1607 1706 est
1630 1642 1949 1725 objectum
1965 1640 2235 1722 charita-

692 1749 824 1814 tis:
857 1753 920 1814 et
956 1749 1095 1814 haec
1133 1753 1231 1813 est
1265 1749 1452 1829 ratio,
1492 1749 1644 1833 quia
1684 1748 1934 1814 dilectio
1979 1746 2089 1812 Dei
2136 1751 2234 1812 est

693 1856 1099 1939 principium,
1131 1859 1194 1920 et
1232 1856 1375 1934 via;
1415 1858 1480 1921 et
1519 1855 1876 1938 proximus,
1919 1859 1984 1920 et
2023 1854 2234 1919 omnis

693 1963 911 2041 homo,
943 1982 1076 2028 non
1104 1962 1291 2029 debet
1319 1962 1504 2045 diligi
1531 1962 1651 2026 nisi
1692 1966 1950 2045 propter
1992 1962 2228 2042 Deum,

692 2074 807 2135 aut
830 2071 898 2136 in
916 2070 1068 2148 Deo,
1090 2070 1335 2135 ratione
1354 2069 1660 2151 imaginis
1671 2074 1736 2134 et
1756 2069 2190 2135 similitudinis
2212 2091 2227 2132 ε

694 2177 861 2242 unde
888 2177 1097 2242 simile
1126 2176 1500 2242 mandatum
1526 2180 1884 2261 reputatur.
1916 2176 1982 2241 Si
2014 2182 2233 2242 autem

693 2285 873 2352 aliter
898 2284 1213 2367 diligatur
1239 2284 1469 2367 aliquis
1497 2303 1693 2367 quam
1718 2288 1974 2367 propter
2001 2283 2227 2363 Deum,

692 2392 901 2459 autin
927 2392 1076 2472 Deo,
1102 2391 1337 2456 scilicet
1362 2410 1477 2475 per
1503 2392 1803 2457 affectum
1836 2391 2234 2474 cognationis

692 2505 756 2565 et
779 2500 1009 2579 carnis,
1039 2499 1144 2565 vel
1164 2499 1440 2581 alicujus
1475 2498 1827 2578 commodi,
1867 2517 2001 2563 non
2027 2499 2235 2564 vittus

692 2607 1048 2686 charitatis,
1099 2606 1210 2672 sed
1259 2611 1438 2670 actus
1476 2606 1786 2671 naturalis
1833 2606 1954 2671 dici
2004 2610 2230 2688 potest.

691 2713 902 2779 Tertio
927 2714 1201 2798 explicat
1227 2713 1450 2779 utilem
1477 2714 1742 2778 modum
1765 2713 2056 2780 veritatis
2082 2713 2234 2778 illu-

692 2822 951 2887 strando
975 2821 1374 2901 rationalem,
1403 2840 1555 2885 cum
1585 2821 1895 2886 subinfert
1922 2841 1939 2885 ε
1970 2822 2079 2887 Ea·
2106 2825 2233 2888 toto

691 2929 876 3000 corde
909 2935 1040 3009 tuo,
1067 2937 1125 2997 et
1160 2944 1247 2996 ex
1283 2933 1416 2997 tota
1451 2929 1678 2995 anima
1717 2934 1858 3008 tua,
1897 2935 1956 2995 et
1989 2944 2075 2995 ea·
2100 2935 2236 2997 tota

690 3043 891 3106 mente
920 3044 1057 3105 tua.
1092 3036 1390 3101 Dicamus
1415 3035 1619 3117 igitur
1650 3058 1666 3100 :
1695 3036 1961 3119 Diliyes,
1994 3036 2237 3100 ubiim-

691 3148 874 3228 perat
898 3143 1222 3209 charitatis
1248 3147 1460 3208 actum
1487 3164 1503 3206 z
1535 3143 1651 3207 iste
1676 3147 1856 3207 actus
1881 3142 2236 3209 dilectionis

692 3257 789 3317 est
834 3252 1045 3317 virtus
1096 3250 1422 3315 charitatis
1466 3249 1710 3313 ratione
1752 3249 2237 3333 incomparabili

695 3377 810 3443 per
864 3357 1276 3423 eminentiam
1344 3356 1633 3422 utilitatis
1691 3360 1755 3421 et
1821 3356 2232 3422 excellentiae.

697 3464 912 3532 Primo
948 3471 1011 3530 et
1037 3463 1469 3549 principaliter
1488 3464 1862 3546 imperatur,
1890 3469 1951 3528 et
1977 3465 2237 3547 ponitur

698 3574 817 3640 sub
843 3573 1010 3655 legis
1038 3575 1383 3657 praecepto,
1430 3575 1494 3636 et
1529 3572 1724 3636 etiam
1763 3570 1995 3636 dicitur
2027 3571 2240 3636 maxi-

699 3699 882 3746 mum
921 3685 1180 3763 propter
1224 3683 1353 3745 tres
1393 3679 1692 3745 rationes.
1743 3677 1906 3744 Nam
1948 3683 2240 3761 respectu

700 3792 1166 3872 praeceptorum
1195 3786 1390 3852 habet
1418 3788 1806 3870 primitatem
1825 3785 2241 3852 virtuositatis

609 3969 612 3972 ,
699 3896 770 3961 in
791 3894 1091 3974 essend03
1122 3898 1414 3977 respectu
1458 3894 1774 3959 virtutum
1811 3893 2004 3959 habet
2031 3898 2233 3978 majo·

700 4004 954 4069 ritatem
979 4002 1313 4084 dignitatis
1325 4002 1397 4065 in
1422 4002 1758 4080 merendo;
1787 4003 2078 4085 respectu
2097 4020 2241 4085 ope-

700 4129 849 4176 rum
894 4109 1086 4182 habet
1134 4108 1683 4173 delectabilitatem
1725 4109 2240 4193 acceptabilitatis

702 4217 771 4281 in
813 4215 1302 4283 remunerando.
1348 4214 1398 4281 Ο
1443 4216 1650 4282 virtus
1689 4216 1913 4281 deifica
1931 4264 1953 4297 ,
2002 4217 2073 4281 in
2112 4236 2244 4301 qua

703 4325 919 4391 omnia
936 4326 1254 4407 praecepta
1278 4322 1700 4387 radicabiliter
1726 4323 2100 4404 fundantur,
2128 4344 2242 4409 per

704 4449 901 4515 quam
920 4436 1147 4496 ceterae
1172 4429 1443 4496 virtutes
1469 4429 1549 4494 ad
1574 4430 1876 4495 meritum
1893 4431 2242 4498 informan-

704 4543 835 4617 tur,
863 4543 927 4603 et
952 4537 1305 4604 secundum
1329 4555 1526 4620 quam
1550 4542 1780 4602 cuncta
1806 4556 2000 4622 opera
2026 4558 2244 4624 accep-

706 4648 951 4712 tantur!

787 4753 1004 4820 Primo
1030 4751 1187 4818 illud
1212 4755 1602 4836 praeceptum
1625 4750 1973 4818 dilectionis
1998 4772 2243 4839 respec-

707 4865 780 4927 tu
804 4866 1268 4944 praeceptorum
1291 4858 1481 4923 habet
1516 4858 1902 4940 primitatem
1940 4861 2243 4928 virtuosi-

707 4968 853 5034 tatis
878 4968 948 5032 in
965 4966 1263 5046 essendo;
1289 4963 1460 5030 unde
1486 4966 1624 5049 ipsa
1649 4970 1746 5031 est
1772 4986 1920 5051 quae
1948 4969 2056 5036 dat
2082 4989 2244 5054 prse-

695 5075 903 5164 ,ceptis
926 5073 1174 5157 vigoris
1216 5072 1561 5137 efficaciam
1600 5075 1954 5141 secundum
2000 5077 2244 5161 Grego-

708 5182 881 5248 rium
902 5230 922 5264 ,
976 5181 1092 5265 qui
1140 5181 1293 5247 dicit
1346 5198 1539 5264 super
1602 5180 1761 5247 illud
1823 5183 1840 5220 ¹
1889 5202 1907 5247 ε
1969 5186 2103 5253 Hoc
2151 5191 2246 5254 est

777 5383 790 5412 ¹
815 5382 979 5441 loon„
1011 5393 1098 5443 xv,
1135 5385 1210 5434 ¹2.
1240 5406 1300 5422 --
1326 5381 1345 5412 ²
1370 5381 1543 5446 Greg,
1573 5381 1628 5429 in
1655 5380 1870 5446 Evmnq„
1899 5382 2040 5434 hom.
2076 5397 2242 5449 xxvn,

711 5467 766 5503 n.
807 5457 852 5502 l.
885 5478 948 5492 —
986 5452 1011 5488 ⁸
1046 5453 1251 5515 Mami„
1280 5463 1426 5515 xm,
1466 5455 1542 5502 4⁰.
1577 5476 1639 5489 —
1676 5451 1696 5483 ⁴
1726 5452 1908 5516 Ephe-e,
1949 5465 2036 5516 111,
2071 5458 2149 5507 17.
2181 5484 2245 5497 —

713 5525 928 5596 ⁸Greg.,
954 5523 1042 5580 ubi
1067 5537 1182 5592 sup.
1211 5524 1315 5606 -f
1343 5522 1360 5572 Ι
1391 5524 1528 5594 Com,
1552 5533 1671 5586 1111,
1703 5524 1782 5573 13.
1802 5548 1866 5560 —
1892 5522 1910 5558 ⁷
1943 5526 1960 5575 l
1989 5527 2153 5594 loon„
2181 5541 2240 5590 11,

2335 779 2546 846 dilexi
2572 795 2682 847 vos
2707 781 2731 818 ²
2766 799 2785 845 t
2826 804 2857 842 α
2887 780 3051 859 Quid
3072 785 3170 847 est
3194 784 3366 867 quod
3388 784 3465 849 de
3514 785 3851 868 dilectione,

2336 888 2521 972 quasi
2547 888 2626 953 de
2650 888 2965 971 singulari
3003 889 3334 969 mandato,
3379 909 3496 955 nos
3534 893 3855 959 admonet?

2337 995 2497 1072 Quia
2526 995 2744 1060 omnia
2766 1000 3081 1078 praecepta
3098 997 3298 1062 multa
3324 1002 3496 1078 sunt,
3518 1003 3584 1063 et
3608 1018 3806 1065 unum
3835 1022 3851 1066 ε

2337 1103 2542 1167 multa
2568 1106 2824 1186 propter
2844 1103 3271 1171 diversitatem
3288 1106 3535 1188 operis3
3568 1125 3770 1170 unum
3796 1108 3858 1172 in

2339 1209 2547 1274 radice
2574 1209 2917 1276 charitatis.
2950 1233 2980 1270 n
3014 1213 3092 1275 Et
3116 1217 3373 1294 propter
3395 1214 3520 1277 hoc
3546 1213 3775 1278 dicitur
3798 1216 3858 1279 in

2339 1317 2675 1399 evangelio
2701 1317 3015 1382 hodierno
3034 1322 3058 1359 ⁸
3087 1340 3102 1383 z
3136 1341 3167 1380 (ι
3196 1318 3268 1383 In
3290 1319 3393 1383 his
3415 1319 3679 1385 duobus
3699 1340 3858 1385 man-

2340 1424 2502 1489 datis
2527 1425 2831 1489 universa
2866 1425 2972 1490 lex
3017 1426 3267 1508 pendet,
3315 1431 3379 1491 et
3421 1428 3753 1510 prophetae
3780 1452 3795 1493 :
3827 1451 3854 1488 n

2341 1531 2495 1613 quia
2518 1531 2599 1595 ad
2613 1531 3004 1597 dilectionem
3026 1532 3134 1598 Dei
3159 1536 3224 1598 et
3244 1535 3545 1616 proximi,
3570 1539 3860 1618 tanquam

2340 1637 2421 1701 ad
2443 1638 2823 1720 primarium
2848 1643 2913 1703 et
2940 1640 3210 1705 radicale
3236 1641 3752 1721 tundamentum,
3778 1643 3863 1706 in-

2340 1745 2764 1810 troducuntur
2788 1745 2892 1828 (b).
2941 1745 3073 1810 Hoc
3108 1747 3473 1829 intelligens
3508 1749 3859 1832 Apostolus,

2340 1851 2585 1917 dicebat
2609 1852 2674 1917 ⁸:
2708 1877 2739 1914 «ι
2777 1853 2850 1918 ln
2887 1854 3193 1919 charitate
3226 1855 3490 1921 radicati
3530 1860 3603 1921 et
3648 1857 3863 1922 funda-

2342 1958 2412 2036 ti,
2443 1980 2472 2018 ι)
2508 1964 2625 2024 etc.
2659 1960 2893 2040 Miseri,
2914 1963 3026 2044 qui
3052 1962 3173 2026 hoc
3194 1962 3615 2028 fundamento
3644 1968 3861 2043 carent,

2342 2065 2495 2149 quia
2526 2066 2842 2149 quidquid
2880 2068 3409 2152 superaedificant,
3447 2073 3669 2136 totum
3710 2090 3862 2136 ares-

2342 2173 2429 2238 cit
2467 2195 2482 2238 :
2530 2172 2700 2240 unde
2743 2179 2808 2238 et
2849 2192 3042 2258 opera
3080 2176 3242 2240 tacta
3275 2181 3456 2241 extra
3506 2178 3869 2244 charitatem

2341 2299 2677 2365 nunquam
2710 2282 3123 2362 reviviscunt,
3163 2288 3313 2348 cunt
3339 2283 3577 2349 tuerint
3621 2287 3758 2350 sine
3780 2303 3869 2349 ra-

2341 2390 2499 2455 dice.
2531 2388 2609 2454 Et
2633 2389 2715 2454 ob
2742 2388 2867 2454 hoc
2892 2390 3043 2454 dicit
3068 2389 3413 2472 Gregorius
3433 2393 3457 2428 ⁸
3489 2411 3508 2456 z
3547 2416 3580 2454 «
3614 2391 3743 2458 Nec
3762 2394 3868 2458 ha-

2342 2499 2445 2562 bet
2494 2515 2718 2563 ramus
2761 2498 3005 2581 aliquid
3049 2498 3411 2580 viriditatis,
3457 2500 3589 2564 nisi
3634 2506 3871 2566 maneat

2342 2605 2411 2670 in
2437 2606 2650 2671 radice
2681 2606 3032 2671 charitatis.
3062 2627 3093 2666 υ

2423 2712 2713 2777 Secundo
2764 2713 2885 2778 ista
2934 2714 3142 2778 virtus
3194 2712 3544 2779 dilectionis
3597 2719 3873 2799 respectu

2342 2822 2658 2889 virtutum
2692 2821 2886 2887 habet
2922 2821 3388 2888 virtuositatem
3424 2823 3497 2887 in
3541 2824 3839 2890 merendo
3853 2869 3870 2900 ,

2342 2947 2420 2994 eo
2461 2929 2628 3012 quod
2675 2929 3020 2994 virtutibus
3063 2929 3173 2994 dat
3217 2930 3515 2995 formam.
3567 2930 3748 2997 Unde
3789 2932 3809 2966 ⁸
3854 2952 3869 2994 :

2352 3060 2383 3099 e
2419 3036 2620 3120 Major
2656 3040 2871 3101 antem
2914 3036 3149 3101 horum
3193 3041 3290 3101 est
3331 3035 3635 3102 charitas.
3689 3061 3719 3097 n
3770 3036 3875 3102 Ubi

2345 3143 2705 3228 Apostolus,
2737 3143 3147 3214 discurrendo
3174 3162 3289 3227 per
3328 3162 3553 3211 omnes
3594 3145 3870 3225 virtutes,

2346 3257 2478 3317 tam
2517 3252 2800 3335 politicas
2840 3269 3033 3334 quam
3075 3251 3493 3333 theologicas,
3540 3254 3871 3334 concludit,

2342 3363 2483 3423 tum
2508 3359 2753 3424 ratione
2798 3359 3194 3439 remotionis,
3240 3362 3381 3423 tum
3422 3360 3678 3428 ratione
3717 3361 3872 3446 posi-

2344 3465 2568 3545 tionis,
2626 3466 2782 3549 quia
2839 3466 3117 3530 charitas
3182 3466 3374 3530 habet
3429 3469 3868 3550 majoritatem.

2345 3569 2531 3649 Nam,
2562 3573 2766 3654 posita
2790 3572 3121 3650 charitate,
3164 3573 3422 3654 ponitur
3459 3590 3657 3638 omne
3692 3573 3870 3638 meri·

2344 3680 2615 3758 torium;
2668 3684 2731 3744 et
2777 3679 2887 3744 illa
2928 3684 3177 3744 remota
3197 3726 3220 3759 ,
3271 3686 3643 3748 removetur
3700 3699 3875 3748 omne

2345 3788 2501 3852 utile
2526 3788 2606 3853 ad
2638 3788 2934 3853 salutem.
2964 3787 3109 3870 Ipsa
3121 3791 3291 3853 certe
3315 3788 3448 3853 sola
3473 3794 3592 3870 est,
3615 3789 3877 3873 quaedat

2343 3897 2617 3963 formam
2644 3897 2874 3962 meriti.
2920 3895 3096 3962 Unde
3130 3900 3381 3963 caeterae
3422 3898 3699 3964 virtutes
3740 3902 3874 3963 sunt

2345 4005 2651 4070 informes
2676 4005 2817 4070 sine
2843 4006 3003 4088 ipsa,
3048 4003 3199 4087 quia
3241 4021 3375 4069 non
3410 4004 3648 4069 habent
3694 4005 3871 4071 meri·

2346 4115 2486 4178 tum
2516 4112 2872 4194 gratuitum
2903 4112 3027 4175 nisi
3052 4129 3167 4193 per
3199 4111 3428 4194 ipsam.
3460 4111 3871 4190 Quemadmo-

2347 4220 2504 4286 dum
2529 4221 2702 4285 enim
2747 4219 2990 4284 colores
3029 4218 3304 4301 perdunt
3344 4236 3481 4284 esse
3529 4219 3790 4284 formale
3818 4223 3875 4282 et

2347 4327 2724 4411 pulchrum,
2759 4325 3119 4391 discedente
3162 4328 3337 4405 luce,
3380 4329 3442 4390 et
3483 4328 3869 4408 recuperant,

2347 4454 2424 4500 ea
2453 4435 2859 4513 adveniente;
2890 4434 2981 4497 ita
3003 4432 3296 4512 virtutes,
3338 4432 3697 4498 discedente
3732 4433 3870 4496 cha·

2348 4546 2573 4610 ritate:
2601 4547 2665 4609 et
2690 4544 2813 4609 hoc
2849 4540 3141 4623 estquod
3173 4541 3405 4605 dicitur
3428 4540 3451 4574 ⁷
3482 4560 3498 4606 ε
3534 4564 3565 4601 (ι
3594 4539 3715 4618 Qui
3742 4539 3869 4605 dili-

2350 4653 2473 4735 git,
2500 4653 2571 4716 in
2595 4651 2739 4716 luce
2764 4651 3008 4727 manet3
3038 4648 3153 4731 qui
3179 4651 3395 4713 autem
3420 4649 3576 4729 odit,
3609 4649 3679 4712 in
3705 4652 3870 4712 tene-

2347 4760 2503 4824 briS.
2553 4779 2585 4818 υ
2630 4757 2790 4822 Hinc
2830 4760 2927 4820 est
2960 4755 3131 4837 quod
3179 4753 3583 4836 Augustinus
3627 4754 3786 4819 dixit
3805 4757 3865 4814 ⁸:

2358 4889 2390 4927 α
2408 4866 2587 4932 Habe
2612 4863 3004 4943 charitatem,
3037 4867 3099 4926 et
3124 4862 3221 4926 fac
3248 4862 3558 4946 quidquid
3582 4862 3702 4928 viz.
3726 4884 3756 4922 υ

2427 4973 2640 5038 Tertio
2668 4971 2785 5035 iste
2815 4973 2994 5035 actus
3036 4970 3389 5036 dilectionis
3415 4974 3703 5054 respectu
3730 4986 3871 5052 ope-

2350 5100 2500 5147 rum
2539 5079 2732 5144 habet
2761 5075 3307 5143 delectabilitatem
3332 5076 3771 5161 acceptationis
3809 5075 3869 5138 in

2349 5186 2840 5264 remunerando,
2870 5202 2947 5249 eo
2964 5183 3137 5267 quod
3158 5183 3458 5267 operibus
3483 5183 3754 5268 imponit
3775 5200 3868 5247 re-

2355 5365 2431 5426 io,
2462 5364 2533 5411 ll.
2564 5386 2628 5398 —
2657 5358 2682 5395 ⁸
2706 5359 2856 5421 Aug„
2883 5354 2945 5406 de
2969 5355 3143 5418 qratia
3174 5353 3383 5417 Christi,
3421 5365 3573 5418 xxvx,
3602 5357 3680 5418 Ξῖ,
3714 5350 3866 5419 quoad

2350 5445 2575 5485 sensum.

2412 5530 2484 5598 (a)
2511 5529 2692 5600 Suppl.
2729 5523 3192 5593 concupiscibilem.
3216 5551 3278 5565 —
3306 5524 3378 5592 (b)
3416 5524 3528 5594 Lea.
3557 5525 3864 5578 reducuntur.
