<?xml version="1.0" encoding="UTF-8"?>
<!DOCTYPE html PUBLIC "-//W3C//DTD XHTML 1.0 Transitional//EN"
    "http://www.w3.org/TR/xhtml1/DTD/xhtml1-transitional.dtd">
<html xmlns="http://www.w3.org/1999/xhtml" xml:lang="en" lang="en">
 <head>
  <title>
</title>
<meta http-equiv="Content-Type" content="text/html;charset=utf-8" />
  <meta name='ocr-system' content='tesseract 3.04.00' />
  <meta name='ocr-capabilities' content='ocr_page ocr_carea ocr_par ocr_line ocrx_word'/>
</head>
<body>
  <div class='ocr_page' id='page_1' title='image "./srecardinalissb02peltgoog_0520.png"; bbox 0 0 4059 6317; ppageno 0'>
   <div class='ocr_carea' id='block_1_1' title="bbox 638 434 759 497">
    <p class='ocr_par' dir='ltr' id='par_1_1' title="bbox 638 434 759 497">
     <span class='ocr_line' id='line_1_1' title="bbox 638 434 759 497; baseline 0 -1"><span class='ocrx_word' id='word_1_1' title='bbox 638 434 759 497; x_wconf 69' lang='lat'><strong>⁴78</strong></span> 
     </span>
    </p>
   </div>
   <div class='ocr_carea' id='block_1_2' title="bbox 617 561 2183 3344">
    <p class='ocr_par' dir='ltr' id='par_1_2' title="bbox 634 561 2183 1621">
     <span class='ocr_line' id='line_1_2' title="bbox 639 561 2180 648; baseline -0.001 -16"><span class='ocrx_word' id='word_1_2' title='bbox 639 565 835 647; x_wconf 85' lang='lat' dir='ltr'><strong>mosi,</strong></span> <span class='ocrx_word' id='word_1_3' title='bbox 863 568 984 631; x_wconf 86' lang='lat' dir='ltr'><strong>etc.</strong></span> <span class='ocrx_word' id='word_1_4' title='bbox 1012 561 1419 645; x_wconf 77' lang='lat' dir='ltr'><strong>Augustinus</strong></span> <span class='ocrx_word' id='word_1_5' title='bbox 1442 564 1460 600; x_wconf 88' lang='lat'><strong>¹</strong></span> <span class='ocrx_word' id='word_1_6' title='bbox 1494 581 1511 627; x_wconf 90' lang='lat'><strong>:</strong></span> <span class='ocrx_word' id='word_1_7' title='bbox 1551 585 1582 624; x_wconf 77' lang='grc' dir='ltr'><em>α</em></span> <span class='ocrx_word' id='word_1_8' title='bbox 1610 561 1816 630; x_wconf 89' lang='lat' dir='ltr'><strong>Tanto</strong></span> <span class='ocrx_word' id='word_1_9' title='bbox 1841 566 2180 648; x_wconf 80' lang='lat' dir='ltr'>pretiosior</span> 
     </span>
     <span class='ocr_line' id='line_1_3' title="bbox 637 671 2180 756; baseline -0.003 -15"><span class='ocrx_word' id='word_1_10' title='bbox 637 676 764 741; x_wconf 89' lang='lat' dir='ltr'><strong>eris</strong></span> <span class='ocrx_word' id='word_1_11' title='bbox 798 674 969 756; x_wconf 91' lang='lat' dir='ltr'><strong>apud</strong></span> <span class='ocrx_word' id='word_1_12' title='bbox 997 671 1231 753; x_wconf 89' lang='lat' dir='ltr'><strong>Deum,</strong></span> <span class='ocrx_word' id='word_1_13' title='bbox 1263 674 1508 755; x_wconf 87' lang='lat' dir='ltr'><strong>quanto</strong></span> <span class='ocrx_word' id='word_1_14' title='bbox 1535 672 1737 737; x_wconf 80' lang='lat' dir='ltr'><strong>fueris</strong></span> <span class='ocrx_word' id='word_1_15' title='bbox 1776 679 1925 739; x_wconf 88' lang='lat' dir='ltr'><strong>ante</strong></span> <span class='ocrx_word' id='word_1_16' title='bbox 1962 674 2180 739; x_wconf 85' lang='lat' dir='ltr'><strong>oculos</strong></span> 
     </span>
     <span class='ocr_line' id='line_1_4' title="bbox 635 778 2183 864; baseline -0.004 -15"><span class='ocrx_word' id='word_1_17' title='bbox 635 789 782 849; x_wconf 86' lang='lat' dir='ltr'><strong>tuos</strong></span> <span class='ocrx_word' id='word_1_18' title='bbox 807 780 1177 864; x_wconf 78' lang='lat' dir='ltr'>despectior.</span> <span class='ocrx_word' id='word_1_19' title='bbox 1209 802 1241 841; x_wconf 74' lang='lat' dir='ltr'>n</span> <span class='ocrx_word' id='word_1_20' title='bbox 1269 778 1349 844; x_wconf 87' lang='lat' dir='ltr'><strong>Et</strong></span> <span class='ocrx_word' id='word_1_21' title='bbox 1378 785 1546 843; x_wconf 89' lang='lat' dir='ltr'><strong>certe</strong></span> <span class='ocrx_word' id='word_1_22' title='bbox 1577 778 1867 845; x_wconf 88' lang='lat' dir='ltr'><strong>Christus</strong></span> <span class='ocrx_word' id='word_1_23' title='bbox 1893 781 2063 845; x_wconf 89' lang='lat' dir='ltr'><strong>hanc</strong></span> <span class='ocrx_word' id='word_1_24' title='bbox 2084 781 2183 844; x_wconf 89' lang='lat' dir='ltr'><strong>ni-</strong></span> 
     </span>
     <span class='ocr_line' id='line_1_5' title="bbox 639 887 2173 973; baseline -0.003 -17"><span class='ocrx_word' id='word_1_25' title='bbox 639 891 973 973; x_wconf 88' lang='lat' dir='ltr'><strong>gredinem</strong></span> <span class='ocrx_word' id='word_1_26' title='bbox 1024 887 1287 962; x_wconf 89' lang='lat' dir='ltr'><strong>habuit,</strong></span> <span class='ocrx_word' id='word_1_27' title='bbox 1322 888 1577 970; x_wconf 83' lang='lat' dir='ltr'><strong>quando</strong></span> <span class='ocrx_word' id='word_1_28' title='bbox 1617 893 1876 971; x_wconf 89' lang='lat' dir='ltr'><strong>propter</strong></span> <span class='ocrx_word' id='word_1_29' title='bbox 1901 906 2021 953; x_wconf 90' lang='lat' dir='ltr'><strong>nos</strong></span> <span class='ocrx_word' id='word_1_30' title='bbox 2060 888 2173 952; x_wconf 90' lang='lat' dir='ltr'><strong>hu·</strong></span> 
     </span>
     <span class='ocr_line' id='line_1_6' title="bbox 636 994 2172 1077; baseline -0.005 -15"><span class='ocrx_word' id='word_1_31' title='bbox 636 998 920 1063; x_wconf 89' lang='lat' dir='ltr'><strong>miliatus</strong></span> <span class='ocrx_word' id='word_1_32' title='bbox 965 997 1088 1061; x_wconf 79' lang='lat' dir='ltr'><strong>fuit</strong></span> <span class='ocrx_word' id='word_1_33' title='bbox 1131 999 1155 1035; x_wconf 76' lang='lat'><strong><em>’</em></strong></span> <span class='ocrx_word' id='word_1_34' title='bbox 1207 1016 1223 1059; x_wconf 72' lang='grc' dir='ltr'>ε</span> <span class='ocrx_word' id='word_1_35' title='bbox 1279 1019 1309 1057; x_wconf 74' lang='grc' dir='ltr'><strong>ιι</strong></span> <span class='ocrx_word' id='word_1_36' title='bbox 1353 994 1461 1059; x_wconf 92' lang='lat' dir='ltr'><strong>Sol</strong></span> <span class='ocrx_word' id='word_1_37' title='bbox 1502 995 1704 1060; x_wconf 86' lang='lat' dir='ltr'><strong>factus</strong></span> <span class='ocrx_word' id='word_1_38' title='bbox 1754 999 1848 1059; x_wconf 85' lang='lat' dir='ltr'><strong>est</strong></span> <span class='ocrx_word' id='word_1_39' title='bbox 1893 995 2105 1077; x_wconf 91' lang='lat' dir='ltr'><strong>niger.</strong></span> <span class='ocrx_word' id='word_1_40' title='bbox 2140 1015 2172 1052; x_wconf 76' lang='lat' dir='ltr'>n</span> 
     </span>
     <span class='ocr_line' id='line_1_7' title="bbox 637 1101 2172 1188; baseline -0.004 -17"><span class='ocrx_word' id='word_1_41' title='bbox 637 1105 813 1171; x_wconf 81' lang='lat' dir='ltr'><strong>Certe</strong></span> <span class='ocrx_word' id='word_1_42' title='bbox 859 1108 1100 1188; x_wconf 84' lang='lat' dir='ltr'><strong>quanto</strong></span> <span class='ocrx_word' id='word_1_43' title='bbox 1139 1106 1235 1168; x_wconf 85' lang='lat' dir='ltr'><strong>est</strong></span> <span class='ocrx_word' id='word_1_44' title='bbox 1281 1101 1570 1185; x_wconf 78' lang='lat' dir='ltr'>nigrior,</span> <span class='ocrx_word' id='word_1_45' title='bbox 1613 1106 1790 1168; x_wconf 86' lang='lat' dir='ltr'><strong>tanto</strong></span> <span class='ocrx_word' id='word_1_46' title='bbox 1817 1102 2172 1166; x_wconf 79' lang='lat' dir='ltr'><strong>amabilior.</strong></span> 
     </span>
     <span class='ocr_line' id='line_1_8' title="bbox 634 1209 2178 1287; baseline -0.003 -9"><span class='ocrx_word' id='word_1_47' title='bbox 634 1212 996 1279; x_wconf 89' lang='lat' dir='ltr'><strong>Bernardus</strong></span> <span class='ocrx_word' id='word_1_48' title='bbox 1025 1218 1049 1254; x_wconf 81' lang='lat'>⁸</span> <span class='ocrx_word' id='word_1_49' title='bbox 1080 1234 1095 1276; x_wconf 91' lang='lat'>:</span> <span class='ocrx_word' id='word_1_50' title='bbox 1137 1234 1169 1271; x_wconf 78' lang='grc' dir='ltr'>α</span> <span class='ocrx_word' id='word_1_51' title='bbox 1194 1210 1444 1287; x_wconf 79' lang='lat' dir='ltr'><strong>Quanto</strong></span> <span class='ocrx_word' id='word_1_52' title='bbox 1474 1210 1788 1275; x_wconf 76' lang='lat' dir='ltr'><strong>minorem</strong></span> <span class='ocrx_word' id='word_1_53' title='bbox 1815 1209 2045 1275; x_wconf 80' lang='lat' dir='ltr'><strong>sefecit</strong></span> <span class='ocrx_word' id='word_1_54' title='bbox 2073 1209 2178 1273; x_wconf 90' lang='lat' dir='ltr'><strong>Dei</strong></span> 
     </span>
     <span class='ocr_line' id='line_1_9' title="bbox 635 1319 2177 1399; baseline -0.003 -13"><span class='ocrx_word' id='word_1_55' title='bbox 635 1320 837 1387; x_wconf 85' lang='lat' dir='ltr'><strong>Filius</strong></span> <span class='ocrx_word' id='word_1_56' title='bbox 863 1322 930 1385; x_wconf 91' lang='lat' dir='ltr'><strong>in</strong></span> <span class='ocrx_word' id='word_1_57' title='bbox 957 1319 1349 1398; x_wconf 89' lang='lat' dir='ltr'><strong>humilitate,</strong></span> <span class='ocrx_word' id='word_1_58' title='bbox 1378 1322 1555 1383; x_wconf 89' lang='lat' dir='ltr'><strong>tanto</strong></span> <span class='ocrx_word' id='word_1_59' title='bbox 1591 1335 1660 1383; x_wconf 89' lang='lat' dir='ltr'><strong>se</strong></span> <span class='ocrx_word' id='word_1_60' title='bbox 1695 1319 2009 1399; x_wconf 89' lang='lat' dir='ltr'><strong>majorem</strong></span> <span class='ocrx_word' id='word_1_61' title='bbox 2055 1336 2177 1382; x_wconf 82' lang='lat' dir='ltr'><strong>ex-</strong></span> 
     </span>
     <span class='ocr_line' id='line_1_10' title="bbox 637 1425 2172 1511; baseline -0.002 -18"><span class='ocrx_word' id='word_1_62' title='bbox 637 1429 853 1494; x_wconf 87' lang='lat' dir='ltr'><strong>hibuit</strong></span> <span class='ocrx_word' id='word_1_63' title='bbox 872 1429 939 1494; x_wconf 90' lang='lat' dir='ltr'><strong>in</strong></span> <span class='ocrx_word' id='word_1_64' title='bbox 965 1428 1286 1507; x_wconf 82' lang='lat' dir='ltr'><strong>bonitate3</strong></span> <span class='ocrx_word' id='word_1_65' title='bbox 1317 1431 1382 1492; x_wconf 87' lang='lat' dir='ltr'><strong>et</strong></span> <span class='ocrx_word' id='word_1_66' title='bbox 1406 1432 1646 1511; x_wconf 84' lang='lat' dir='ltr'><strong>quanto</strong></span> <span class='ocrx_word' id='word_1_67' title='bbox 1677 1444 1797 1509; x_wconf 92' lang='lat' dir='ltr'><strong>pro</strong></span> <span class='ocrx_word' id='word_1_68' title='bbox 1825 1443 1929 1490; x_wconf 90' lang='lat' dir='ltr'><strong>me</strong></span> <span class='ocrx_word' id='word_1_69' title='bbox 1960 1425 2172 1505; x_wconf 81' lang='lat' dir='ltr'><strong>vilior,</strong></span> 
     </span>
     <span class='ocr_line' id='line_1_11' title="bbox 637 1535 1909 1621; baseline -0.006 -21"><span class='ocrx_word' id='word_1_70' title='bbox 637 1540 815 1601; x_wconf 83' lang='lat' dir='ltr'><strong>tanto</strong></span> <span class='ocrx_word' id='word_1_71' title='bbox 841 1555 957 1619; x_wconf 91' lang='lat' dir='ltr'><strong>pro</strong></span> <span class='ocrx_word' id='word_1_72' title='bbox 984 1553 1090 1600; x_wconf 91' lang='lat' dir='ltr'><strong>me</strong></span> <span class='ocrx_word' id='word_1_73' title='bbox 1115 1535 1390 1600; x_wconf 89' lang='lat' dir='ltr'><strong>charior.</strong></span> <span class='ocrx_word' id='word_1_74' title='bbox 1419 1556 1449 1593; x_wconf 75' lang='lat' dir='ltr'>n</span> <span class='ocrx_word' id='word_1_75' title='bbox 1901 1613 1909 1621; x_wconf 27' lang='lat'>⁸</span> 
     </span>
    </p>

    <p class='ocr_par' dir='ltr' id='par_1_3' title="bbox 617 1641 2179 3344">
     <span class='ocr_line' id='line_1_12' title="bbox 716 1641 2174 1724; baseline -0.001 -14"><span class='ocrx_word' id='word_1_76' title='bbox 716 1644 805 1711; x_wconf 91' lang='lat' dir='ltr'><strong>De</strong></span> <span class='ocrx_word' id='word_1_77' title='bbox 826 1646 1010 1709; x_wconf 85' lang='lat' dir='ltr'><strong>tertio</strong></span> <span class='ocrx_word' id='word_1_78' title='bbox 1036 1648 1060 1684; x_wconf 78' lang='lat'>⁸</span> <span class='ocrx_word' id='word_1_79' title='bbox 1089 1666 1105 1708; x_wconf 70' lang='grc' dir='ltr'>ι</span> <span class='ocrx_word' id='word_1_80' title='bbox 1145 1666 1177 1706; x_wconf 71' lang='lat' dir='ltr'><strong>c</strong></span> <span class='ocrx_word' id='word_1_81' title='bbox 1202 1642 1329 1709; x_wconf 88' lang='lat' dir='ltr'><strong>Nos</strong></span> <span class='ocrx_word' id='word_1_82' title='bbox 1355 1660 1510 1708; x_wconf 87' lang='lat' dir='ltr'><strong>vero</strong></span> <span class='ocrx_word' id='word_1_83' title='bbox 1532 1642 1810 1708; x_wconf 86' lang='lat' dir='ltr'><strong>revelata</strong></span> <span class='ocrx_word' id='word_1_84' title='bbox 1847 1641 2005 1707; x_wconf 80' lang='lat' dir='ltr'><strong>facie</strong></span> <span class='ocrx_word' id='word_1_85' title='bbox 2029 1642 2174 1724; x_wconf 87' lang='lat' dir='ltr'><strong>glo-</strong></span> 
     </span>
     <span class='ocr_line' id='line_1_13' title="bbox 636 1750 2174 1834; baseline -0.002 -17"><span class='ocrx_word' id='word_1_86' title='bbox 636 1752 799 1817; x_wconf 88' lang='lat' dir='ltr'><strong>riam</strong></span> <span class='ocrx_word' id='word_1_87' title='bbox 826 1751 1083 1816; x_wconf 87' lang='lat' dir='ltr'><strong>Domini</strong></span> <span class='ocrx_word' id='word_1_88' title='bbox 1112 1751 1528 1834; x_wconf 68' lang='lat' dir='ltr'><strong>speculantes,</strong></span> <span class='ocrx_word' id='word_1_89' title='bbox 1559 1751 1627 1814; x_wconf 91' lang='lat' dir='ltr'><strong>in</strong></span> <span class='ocrx_word' id='word_1_90' title='bbox 1668 1750 1960 1817; x_wconf 85' lang='lat' dir='ltr'><strong>eamdem</strong></span> <span class='ocrx_word' id='word_1_91' title='bbox 2004 1750 2174 1815; x_wconf 84' lang='lat' dir='ltr'><strong>ima·-</strong></span> 
     </span>
     <span class='ocr_line' id='line_1_14' title="bbox 633 1858 2177 1942; baseline 0 -19"><span class='ocrx_word' id='word_1_92' title='bbox 633 1860 857 1942; x_wconf 89' lang='lat' dir='ltr'><strong>ginem</strong></span> <span class='ocrx_word' id='word_1_93' title='bbox 880 1860 1434 1935; x_wconf 80' lang='lat' dir='ltr'><strong>transformamur,</strong></span> <span class='ocrx_word' id='word_1_94' title='bbox 1459 1880 1491 1919; x_wconf 71' lang='lat' dir='ltr'>n</span> <span class='ocrx_word' id='word_1_95' title='bbox 1514 1862 1633 1924; x_wconf 85' lang='lat' dir='ltr'><strong>etc.</strong></span> <span class='ocrx_word' id='word_1_96' title='bbox 1657 1858 1938 1924; x_wconf 84' lang='lat' dir='ltr'><strong>Perfecta</strong></span> <span class='ocrx_word' id='word_1_97' title='bbox 1958 1858 2177 1940; x_wconf 80' lang='lat' dir='ltr'><strong>imago</strong></span> 
     </span>
     <span class='ocr_line' id='line_1_15' title="bbox 632 1965 2179 2051; baseline -0.003 -16"><span class='ocrx_word' id='word_1_98' title='bbox 632 1969 810 2051; x_wconf 87' lang='lat' dir='ltr'><strong>regis</strong></span> <span class='ocrx_word' id='word_1_99' title='bbox 837 1986 970 2034; x_wconf 92' lang='lat' dir='ltr'><strong>non</strong></span> <span class='ocrx_word' id='word_1_100' title='bbox 1004 1972 1167 2033; x_wconf 88' lang='lat' dir='ltr'><strong>esset</strong></span> <span class='ocrx_word' id='word_1_101' title='bbox 1209 1968 1287 2047; x_wconf 86' lang='lat' dir='ltr'><strong>is,</strong></span> <span class='ocrx_word' id='word_1_102' title='bbox 1327 1967 1441 2050; x_wconf 87' lang='lat' dir='ltr'><strong>qui</strong></span> <span class='ocrx_word' id='word_1_103' title='bbox 1485 1967 1766 2049; x_wconf 87' lang='lat' dir='ltr'><strong>insignia</strong></span> <span class='ocrx_word' id='word_1_104' title='bbox 1805 1984 1937 2030; x_wconf 92' lang='lat' dir='ltr'><strong>non</strong></span> <span class='ocrx_word' id='word_1_105' title='bbox 1984 1965 2179 2030; x_wconf 88' lang='lat' dir='ltr'><strong>habe·-</strong></span> 
     </span>
     <span class='ocr_line' id='line_1_16' title="bbox 633 2072 2175 2159; baseline -0.003 -17"><span class='ocrx_word' id='word_1_106' title='bbox 633 2082 730 2142; x_wconf 89' lang='lat' dir='ltr'><strong>ret</strong></span> <span class='ocrx_word' id='word_1_107' title='bbox 758 2099 774 2142; x_wconf 89' lang='lat'>:</span> <span class='ocrx_word' id='word_1_108' title='bbox 805 2095 968 2159; x_wconf 89' lang='lat' dir='ltr'><strong>ergo</strong></span> <span class='ocrx_word' id='word_1_109' title='bbox 993 2079 1236 2141; x_wconf 82' lang='lat' dir='ltr'><strong>aeterna</strong></span> <span class='ocrx_word' id='word_1_110' title='bbox 1262 2075 1542 2140; x_wconf 86' lang='lat' dir='ltr'><strong>claritate</strong></span> <span class='ocrx_word' id='word_1_111' title='bbox 1581 2075 1805 2155; x_wconf 88' lang='lat' dir='ltr'><strong>imago</strong></span> <span class='ocrx_word' id='word_1_112' title='bbox 1848 2072 1959 2138; x_wconf 89' lang='lat' dir='ltr'><strong>Dei</strong></span> <span class='ocrx_word' id='word_1_113' title='bbox 1988 2072 2175 2159; x_wconf 85' lang='lat' dir='ltr'><strong>plena</strong></span> 
     </span>
     <span class='ocr_line' id='line_1_17' title="bbox 631 2182 2173 2270; baseline -0.003 -18"><span class='ocrx_word' id='word_1_114' title='bbox 631 2191 1137 2267; x_wconf 84' lang='lat' dir='ltr'><strong>consummatur,</strong></span> <span class='ocrx_word' id='word_1_115' title='bbox 1177 2185 1436 2270; x_wconf 89' lang='lat' dir='ltr'><strong>quando</strong></span> <span class='ocrx_word' id='word_1_116' title='bbox 1480 2201 1738 2263; x_wconf 88' lang='lat' dir='ltr'><strong>corona,</strong></span> <span class='ocrx_word' id='word_1_117' title='bbox 1781 2182 1887 2248; x_wconf 86' lang='lat' dir='ltr'><strong>vel</strong></span> <span class='ocrx_word' id='word_1_118' title='bbox 1931 2184 2173 2248; x_wconf 87' lang='lat' dir='ltr'><strong>amictu</strong></span> 
     </span>
     <span class='ocr_line' id='line_1_18' title="bbox 632 2291 2171 2377; baseline -0.004 -16"><span class='ocrx_word' id='word_1_119' title='bbox 632 2294 838 2377; x_wconf 80' lang='lat' dir='ltr'><strong>regali</strong></span> <span class='ocrx_word' id='word_1_120' title='bbox 864 2295 1219 2361; x_wconf 84' lang='lat' dir='ltr'><strong>decoratur.</strong></span> <span class='ocrx_word' id='word_1_121' title='bbox 1250 2291 1382 2357; x_wconf 86' lang='lat' dir='ltr'><strong>Hoc</strong></span> <span class='ocrx_word' id='word_1_122' title='bbox 1407 2292 1810 2374; x_wconf 85' lang='lat' dir='ltr'><strong>significatur</strong></span> <span class='ocrx_word' id='word_1_123' title='bbox 1836 2292 1904 2355; x_wconf 89' lang='lat' dir='ltr'><strong>in</strong></span> <span class='ocrx_word' id='word_1_124' title='bbox 1934 2296 2171 2356; x_wconf 89' lang='lat' dir='ltr'><strong>ornatu</strong></span> 
     </span>
     <span class='ocr_line' id='line_1_19' title="bbox 631 2399 2172 2485; baseline -0.005 -18"><span class='ocrx_word' id='word_1_125' title='bbox 631 2403 940 2483; x_wconf 88' lang='lat' dir='ltr'><strong>mulieris,</strong></span> <span class='ocrx_word' id='word_1_126' title='bbox 970 2403 1051 2468; x_wconf 92' lang='lat' dir='ltr'><strong>de</strong></span> <span class='ocrx_word' id='word_1_127' title='bbox 1077 2420 1208 2485; x_wconf 89' lang='lat' dir='ltr'><strong>qua</strong></span> <span class='ocrx_word' id='word_1_128' title='bbox 1236 2406 1258 2442; x_wconf 84' lang='lat'>⁸</span> <span class='ocrx_word' id='word_1_129' title='bbox 1290 2423 1306 2465; x_wconf 91' lang='lat'><strong>:</strong></span> <span class='ocrx_word' id='word_1_130' title='bbox 1342 2424 1374 2463; x_wconf 77' lang='grc' dir='ltr'><strong>α</strong></span> <span class='ocrx_word' id='word_1_131' title='bbox 1417 2399 1646 2465; x_wconf 82' lang='lat' dir='ltr'><strong>Mulier</strong></span> <span class='ocrx_word' id='word_1_132' title='bbox 1673 2399 1907 2464; x_wconf 84' lang='lat' dir='ltr'><strong>amicta</strong></span> <span class='ocrx_word' id='word_1_133' title='bbox 1951 2399 2104 2466; x_wconf 89' lang='lat' dir='ltr'><strong>sole.</strong></span> <span class='ocrx_word' id='word_1_134' title='bbox 2141 2419 2172 2460; x_wconf 73' lang='grc' dir='ltr'><strong>ι</strong></span> 
     </span>
     <span class='ocr_line' id='line_1_20' title="bbox 630 2508 2173 2591; baseline -0.001 -17"><span class='ocrx_word' id='word_1_135' title='bbox 630 2508 858 2575; x_wconf 80' lang='lat' dir='ltr'><strong>Mulier</strong></span> <span class='ocrx_word' id='word_1_136' title='bbox 882 2509 1023 2575; x_wconf 88' lang='lat' dir='ltr'><strong>haec</strong></span> <span class='ocrx_word' id='word_1_137' title='bbox 1046 2509 1371 2588; x_wconf 82' lang='lat' dir='ltr'><strong>significat</strong></span> <span class='ocrx_word' id='word_1_138' title='bbox 1404 2508 1688 2573; x_wconf 88' lang='lat' dir='ltr'><strong>animam</strong></span> <span class='ocrx_word' id='word_1_139' title='bbox 1715 2508 1991 2586; x_wconf 85' lang='lat' dir='ltr'><strong>beatam,</strong></span> <span class='ocrx_word' id='word_1_140' title='bbox 2023 2526 2173 2591; x_wconf 83' lang='lat' dir='ltr'><strong>qnae</strong></span> 
     </span>
     <span class='ocr_line' id='line_1_21' title="bbox 634 2615 2168 2699; baseline -0.003 -19"><span class='ocrx_word' id='word_1_141' title='bbox 634 2617 914 2699; x_wconf 88' lang='lat' dir='ltr'><strong>gloriosa</strong></span> <span class='ocrx_word' id='word_1_142' title='bbox 958 2616 1242 2698; x_wconf 89' lang='lat' dir='ltr'><strong>insignia</strong></span> <span class='ocrx_word' id='word_1_143' title='bbox 1283 2615 1528 2699; x_wconf 78' lang='lat' dir='ltr'><strong>regalia</strong></span> <span class='ocrx_word' id='word_1_144' title='bbox 1568 2615 1762 2681; x_wconf 87' lang='lat' dir='ltr'><strong>habet</strong></span> <span class='ocrx_word' id='word_1_145' title='bbox 1803 2615 1872 2679; x_wconf 91' lang='lat' dir='ltr'><strong>in</strong></span> <span class='ocrx_word' id='word_1_146' title='bbox 1913 2634 2119 2698; x_wconf 87' lang='lat' dir='ltr'><strong>regno</strong></span> <span class='ocrx_word' id='word_1_147' title='bbox 2152 2639 2168 2676; x_wconf 77' lang='lat' dir='ltr'><em>z</em></span> 
     </span>
     <span class='ocr_line' id='line_1_22' title="bbox 617 2722 2172 2802; baseline -0.001 -13"><span class='ocrx_word' id='word_1_148' title='bbox 617 2724 827 2790; x_wconf 74' lang='lat' dir='ltr'><strong>habet</strong></span> <span class='ocrx_word' id='word_1_149' title='bbox 855 2724 1027 2790; x_wconf 91' lang='lat' dir='ltr'><strong>enim</strong></span> <span class='ocrx_word' id='word_1_150' title='bbox 1063 2725 1368 2790; x_wconf 87' lang='lat' dir='ltr'><strong>amictum</strong></span> <span class='ocrx_word' id='word_1_151' title='bbox 1404 2725 1675 2790; x_wconf 80' lang='lat' dir='ltr'><strong>solarem</strong></span> <span class='ocrx_word' id='word_1_152' title='bbox 1720 2724 1887 2789; x_wconf 89' lang='lat' dir='ltr'><strong>circa</strong></span> <span class='ocrx_word' id='word_1_153' title='bbox 1921 2742 1990 2789; x_wconf 88' lang='lat' dir='ltr'><strong>se</strong></span> <span class='ocrx_word' id='word_1_154' title='bbox 2002 2746 2019 2802; x_wconf 92' lang='lat'>;</span> <span class='ocrx_word' id='word_1_155' title='bbox 2066 2722 2172 2788; x_wconf 91' lang='lat' dir='ltr'><strong>lu-</strong></span> 
     </span>
     <span class='ocr_line' id='line_1_23' title="bbox 633 2832 2178 2915; baseline 0 -19"><span class='ocrx_word' id='word_1_156' title='bbox 633 2849 808 2910; x_wconf 87' lang='lat' dir='ltr'><strong>nam,</strong></span> <span class='ocrx_word' id='word_1_157' title='bbox 834 2832 954 2896; x_wconf 89' lang='lat' dir='ltr'><strong>sub</strong></span> <span class='ocrx_word' id='word_1_158' title='bbox 979 2832 1246 2915; x_wconf 85' lang='lat' dir='ltr'><strong>pedibus</strong></span> <span class='ocrx_word' id='word_1_159' title='bbox 1271 2832 1425 2913; x_wconf 89' lang='lat' dir='ltr'><strong>suis,</strong></span> <span class='ocrx_word' id='word_1_160' title='bbox 1447 2832 1511 2896; x_wconf 89' lang='lat' dir='ltr'><strong>id</strong></span> <span class='ocrx_word' id='word_1_161' title='bbox 1537 2837 1654 2910; x_wconf 88' lang='lat' dir='ltr'><strong>est,</strong></span> <span class='ocrx_word' id='word_1_162' title='bbox 1681 2832 1849 2897; x_wconf 75' lang='lat' dir='ltr'><strong>infra</strong></span> <span class='ocrx_word' id='word_1_163' title='bbox 1873 2850 1942 2896; x_wconf 90' lang='lat' dir='ltr'><strong>se</strong></span> <span class='ocrx_word' id='word_1_164' title='bbox 1964 2854 1981 2911; x_wconf 82' lang='lat'><em>3</em></span> <span class='ocrx_word' id='word_1_165' title='bbox 2004 2850 2178 2896; x_wconf 88' lang='lat' dir='ltr'><strong>coro·</strong></span> 
     </span>
     <span class='ocr_line' id='line_1_24' title="bbox 631 2924 2164 3023; baseline 0.001 -21"><span class='ocrx_word' id='word_1_166' title='bbox 631 2956 788 3003; x_wconf 89' lang='lat' dir='ltr'><strong>nam</strong></span> <span class='ocrx_word' id='word_1_167' title='bbox 813 2938 1145 3003; x_wconf 85' lang='lat' dir='ltr'><strong>duodecim</strong></span> <span class='ocrx_word' id='word_1_168' title='bbox 1172 2938 1521 3018; x_wconf 86' lang='lat' dir='ltr'><strong>stellarum,</strong></span> <span class='ocrx_word' id='word_1_169' title='bbox 1549 2938 1618 3003; x_wconf 92' lang='lat' dir='ltr'><strong>in</strong></span> <span class='ocrx_word' id='word_1_170' title='bbox 1636 2924 1838 3021; x_wconf 85' lang='lat' dir='ltr'><strong>capite</strong></span> <span class='ocrx_word' id='word_1_171' title='bbox 1855 2956 2051 3023; x_wconf 89' lang='lat' dir='ltr'><strong>super</strong></span> <span class='ocrx_word' id='word_1_172' title='bbox 2076 2958 2164 3005; x_wconf 89' lang='lat' dir='ltr'><strong>se.</strong></span> 
     </span>
     <span class='ocr_line' id='line_1_25' title="bbox 636 3046 2173 3127; baseline 0.001 -16"><span class='ocrx_word' id='word_1_173' title='bbox 636 3046 924 3115; x_wconf 85' lang='lat' dir='ltr'><strong>Primum</strong></span> <span class='ocrx_word' id='word_1_174' title='bbox 951 3051 1052 3117; x_wconf 65' lang='lat' dir='ltr'><strong>est.</strong></span> <span class='ocrx_word' id='word_1_175' title='bbox 1066 3052 1323 3113; x_wconf 78' lang='lat' dir='ltr'><strong>aeternae</strong></span> <span class='ocrx_word' id='word_1_176' title='bbox 1341 3047 1666 3127; x_wconf 87' lang='lat' dir='ltr'><strong>claritatis,</strong></span> <span class='ocrx_word' id='word_1_177' title='bbox 1696 3049 2045 3114; x_wconf 87' lang='lat' dir='ltr'><strong>secundum</strong></span> <span class='ocrx_word' id='word_1_178' title='bbox 2075 3053 2173 3114; x_wconf 81' lang='lat' dir='ltr'><strong>est</strong></span> 
     </span>
     <span class='ocr_line' id='line_1_26' title="bbox 632 3154 2171 3234; baseline 0.001 -14"><span class='ocrx_word' id='word_1_179' title='bbox 632 3158 890 3220; x_wconf 79' lang='lat' dir='ltr'><strong>aeternae</strong></span> <span class='ocrx_word' id='word_1_180' title='bbox 943 3154 1351 3219; x_wconf 88' lang='lat' dir='ltr'><strong>sublimitatis</strong></span> <span class='ocrx_word' id='word_1_181' title='bbox 1372 3202 1394 3234; x_wconf 94' lang='lat'><strong>,</strong></span> <span class='ocrx_word' id='word_1_182' title='bbox 1449 3154 1709 3219; x_wconf 83' lang='lat' dir='ltr'><strong>tertium</strong></span> <span class='ocrx_word' id='word_1_183' title='bbox 1760 3160 1857 3220; x_wconf 89' lang='lat' dir='ltr'><strong>est</strong></span> <span class='ocrx_word' id='word_1_184' title='bbox 1911 3159 2171 3221; x_wconf 77' lang='lat' dir='ltr'><strong>aeternae</strong></span> 
     </span>
     <span class='ocr_line' id='line_1_27' title="bbox 631 3262 1267 3344; baseline -0.002 -17"><span class='ocrx_word' id='word_1_185' title='bbox 631 3262 967 3344; x_wconf 77' lang='lat' dir='ltr'><strong>dignitatis</strong></span> <span class='ocrx_word' id='word_1_186' title='bbox 989 3262 1267 3344; x_wconf 80' lang='lat' dir='ltr'><strong>insigne.</strong></span> 
     </span>
    </p>
   </div>
   <div class='ocr_carea' id='block_1_3' title="bbox 676 3494 2126 3734">
    <p class='ocr_par' dir='ltr' id='par_1_4' title="bbox 676 3494 2126 3734">
     <span class='ocr_line' id='line_1_28' title="bbox 676 3494 2126 3572; baseline 0.001 -1"><span class='ocrx_word' id='word_1_187' title='bbox 676 3495 1040 3572; x_wconf 79' lang='lat' dir='ltr'><strong>DOMINIGA</strong></span> <span class='ocrx_word' id='word_1_188' title='bbox 1091 3496 1292 3572; x_wconf 81' lang='lat' dir='ltr'><strong>xxm</strong></span> <span class='ocrx_word' id='word_1_189' title='bbox 1341 3496 1528 3571; x_wconf 80' lang='lat' dir='ltr'>POST</span> <span class='ocrx_word' id='word_1_190' title='bbox 1571 3494 2126 3572; x_wconf 78' lang='lat' dir='ltr'><strong>PENTEGOSTEN.</strong></span> 
     </span>
     <span class='ocr_line' id='line_1_29' title="bbox 1056 3627 1739 3734; baseline -0.001 0"><span class='ocrx_word' id='word_1_191' title='bbox 1056 3627 1344 3734; x_wconf 63' lang='lat' dir='ltr'><strong>samue</strong></span> <span class='ocrx_word' id='word_1_192' title='bbox 1389 3664 1739 3734; x_wconf 64' lang='lat' dir='ltr'><strong>ptumus.</strong></span> 
     </span>
    </p>
   </div>
   <div class='ocr_carea' id='block_1_4' title="bbox 710 3798 2214 3881">
    <p class='ocr_par' dir='ltr' id='par_1_5' title="bbox 710 3798 2214 3881">
     <span class='ocr_line' id='line_1_30' title="bbox 710 3798 2214 3881; baseline 0.001 -14"><span class='ocrx_word' id='word_1_193' title='bbox 710 3801 999 3879; x_wconf 79' lang='lat' dir='ltr'><strong>Domine,</strong></span> <span class='ocrx_word' id='word_1_194' title='bbox 1030 3798 1179 3880; x_wconf 76' lang='lat' dir='ltr'><strong>filia</strong></span> <span class='ocrx_word' id='word_1_195' title='bbox 1197 3816 1336 3866; x_wconf 85' lang='lat' dir='ltr'><strong>mea</strong></span> <span class='ocrx_word' id='word_1_196' title='bbox 1362 3799 1544 3867; x_wconf 84' lang='lat' dir='ltr'><strong>modo</strong></span> <span class='ocrx_word' id='word_1_197' title='bbox 1565 3799 1865 3881; x_wconf 74' lang='lat' dir='ltr'><strong>defuncta</strong></span> <span class='ocrx_word' id='word_1_198' title='bbox 1889 3806 1985 3867; x_wconf 81' lang='lat' dir='ltr'><strong>est</strong></span> <span class='ocrx_word' id='word_1_199' title='bbox 2006 3822 2031 3866; x_wconf 93' lang='lat'><strong>.·</strong></span> <span class='ocrx_word' id='word_1_200' title='bbox 2057 3800 2174 3868; x_wconf 77' lang='lat' dir='ltr'><strong>sed</strong></span> <span class='ocrx_word' id='word_1_201' title='bbox 2208 3806 2214 3811; x_wconf 81' lang='grc'><strong>“</strong></span> 
     </span>
    </p>
   </div>
   <div class='ocr_carea' id='block_1_5' title="bbox 627 3909 2170 5354">
    <p class='ocr_par' dir='ltr' id='par_1_6' title="bbox 627 3909 2170 4635">
     <span class='ocr_line' id='line_1_31' title="bbox 631 3909 2167 3989; baseline -0.002 -14"><span class='ocrx_word' id='word_1_202' title='bbox 631 3909 807 3986; x_wconf 77' lang='lat' dir='ltr'><strong>veni,</strong></span> <span class='ocrx_word' id='word_1_203' title='bbox 829 3911 1080 3989; x_wconf 77' lang='lat' dir='ltr'><strong>impone</strong></span> <span class='ocrx_word' id='word_1_204' title='bbox 1119 3924 1382 3974; x_wconf 78' lang='lat' dir='ltr'><strong>manum</strong></span> <span class='ocrx_word' id='word_1_205' title='bbox 1416 3922 1610 3989; x_wconf 78' lang='lat' dir='ltr'><strong>super</strong></span> <span class='ocrx_word' id='word_1_206' title='bbox 1648 3924 1808 3987; x_wconf 81' lang='lat' dir='ltr'><strong>eam,</strong></span> <span class='ocrx_word' id='word_1_207' title='bbox 1840 3913 1899 3974; x_wconf 80' lang='lat' dir='ltr'><strong>et</strong></span> <span class='ocrx_word' id='word_1_208' title='bbox 1924 3910 2100 3975; x_wconf 81' lang='lat' dir='ltr'><strong>vivet</strong></span> <span class='ocrx_word' id='word_1_209' title='bbox 2122 3914 2167 3972; x_wconf 80' lang='lat'><strong>⁸.</strong></span> 
     </span>
     <span class='ocr_line' id='line_1_32' title="bbox 630 4014 2165 4099; baseline 0.001 -19"><span class='ocrx_word' id='word_1_210' title='bbox 630 4014 794 4080; x_wconf 90' lang='lat' dir='ltr'><strong>Filia</strong></span> <span class='ocrx_word' id='word_1_211' title='bbox 815 4018 926 4080; x_wconf 87' lang='lat' dir='ltr'><strong>tua</strong></span> <span class='ocrx_word' id='word_1_212' title='bbox 945 4021 1040 4079; x_wconf 85' lang='lat' dir='ltr'><strong>est</strong></span> <span class='ocrx_word' id='word_1_213' title='bbox 1067 4015 1284 4079; x_wconf 89' lang='lat' dir='ltr'><strong>anima</strong></span> <span class='ocrx_word' id='word_1_214' title='bbox 1299 4019 1413 4079; x_wconf 87' lang='lat' dir='ltr'><strong>tua</strong></span> <span class='ocrx_word' id='word_1_215' title='bbox 1435 4014 1733 4080; x_wconf 80' lang='lat' dir='ltr'><strong>defuncta</strong></span> <span class='ocrx_word' id='word_1_216' title='bbox 1751 4034 1865 4099; x_wconf 89' lang='lat' dir='ltr'><strong>per</strong></span> <span class='ocrx_word' id='word_1_217' title='bbox 1891 4017 2165 4099; x_wconf 91' lang='lat' dir='ltr'><strong>culpam,</strong></span> 
     </span>
     <span class='ocr_line' id='line_1_33' title="bbox 630 4120 2165 4206; baseline 0.001 -21"><span class='ocrx_word' id='word_1_218' title='bbox 630 4121 735 4186; x_wconf 91' lang='lat' dir='ltr'><strong>cui</strong></span> <span class='ocrx_word' id='word_1_219' title='bbox 770 4139 997 4186; x_wconf 88' lang='lat' dir='ltr'><strong>manus</strong></span> <span class='ocrx_word' id='word_1_220' title='bbox 1043 4120 1272 4185; x_wconf 85' lang='lat' dir='ltr'><strong>Christi</strong></span> <span class='ocrx_word' id='word_1_221' title='bbox 1319 4121 1669 4204; x_wconf 86' lang='lat' dir='ltr'><strong>imponitur</strong></span> <span class='ocrx_word' id='word_1_222' title='bbox 1710 4141 1824 4205; x_wconf 86' lang='lat' dir='ltr'><strong>per</strong></span> <span class='ocrx_word' id='word_1_223' title='bbox 1865 4124 2165 4206; x_wconf 84' lang='lat' dir='ltr'><strong>gratiam.</strong></span> 
     </span>
     <span class='ocr_line' id='line_1_34' title="bbox 628 4228 2169 4312; baseline 0.001 -18"><span class='ocrx_word' id='word_1_224' title='bbox 628 4228 854 4295; x_wconf 81' lang='lat' dir='ltr'><strong>Manus</strong></span> <span class='ocrx_word' id='word_1_225' title='bbox 894 4234 1109 4294; x_wconf 88' lang='lat' dir='ltr'><strong>autem</strong></span> <span class='ocrx_word' id='word_1_226' title='bbox 1148 4230 1556 4312; x_wconf 86' lang='lat' dir='ltr'><strong>imponenda,</strong></span> <span class='ocrx_word' id='word_1_227' title='bbox 1589 4230 1651 4295; x_wconf 90' lang='lat' dir='ltr'><strong>id</strong></span> <span class='ocrx_word' id='word_1_228' title='bbox 1685 4236 1782 4295; x_wconf 88' lang='lat' dir='ltr'><strong>est</strong></span> <span class='ocrx_word' id='word_1_229' title='bbox 1812 4231 2169 4296; x_wconf 87' lang='lat' dir='ltr'><strong>misericor-</strong></span> 
     </span>
     <span class='ocr_line' id='line_1_35' title="bbox 629 4336 2170 4422; baseline 0.003 -19"><span class='ocrx_word' id='word_1_230' title='bbox 629 4337 751 4403; x_wconf 83' lang='lat' dir='ltr'><strong>diae</strong></span> <span class='ocrx_word' id='word_1_231' title='bbox 781 4355 919 4402; x_wconf 66' lang='lat' dir='ltr'><strong>suae</strong></span> <span class='ocrx_word' id='word_1_232' title='bbox 964 4337 1194 4418; x_wconf 87' lang='lat' dir='ltr'><strong>gratia.</strong></span> <span class='ocrx_word' id='word_1_233' title='bbox 1244 4336 1470 4401; x_wconf 84' lang='lat' dir='ltr'><strong>Christi</strong></span> <span class='ocrx_word' id='word_1_234' title='bbox 1501 4340 1783 4420; x_wconf 87' lang='lat' dir='ltr'><strong>operatio</strong></span> <span class='ocrx_word' id='word_1_235' title='bbox 1819 4338 1966 4403; x_wconf 86' lang='lat' dir='ltr'><strong>facit</strong></span> <span class='ocrx_word' id='word_1_236' title='bbox 2007 4359 2170 4422; x_wconf 87' lang='lat' dir='ltr'><strong>qua-</strong></span> 
     </span>
     <span class='ocr_line' id='line_1_36' title="bbox 627 4444 2168 4528; baseline 0.003 -20"><span class='ocrx_word' id='word_1_237' title='bbox 627 4449 776 4508; x_wconf 85' lang='lat' dir='ltr'><strong>tuor</strong></span> <span class='ocrx_word' id='word_1_238' title='bbox 799 4445 866 4508; x_wconf 94' lang='lat' dir='ltr'><strong>in</strong></span> <span class='ocrx_word' id='word_1_239' title='bbox 907 4444 1133 4509; x_wconf 87' lang='lat' dir='ltr'><strong>nobis:</strong></span> <span class='ocrx_word' id='word_1_240' title='bbox 1173 4448 1417 4527; x_wconf 87' lang='lat' dir='ltr'><strong>purgat</strong></span> <span class='ocrx_word' id='word_1_241' title='bbox 1451 4445 1725 4528; x_wconf 85' lang='lat' dir='ltr'><strong>culpam,</strong></span> <span class='ocrx_word' id='word_1_242' title='bbox 1769 4451 2023 4528; x_wconf 87' lang='lat' dir='ltr'><strong>reparat</strong></span> <span class='ocrx_word' id='word_1_243' title='bbox 2047 4466 2168 4512; x_wconf 89' lang='lat' dir='ltr'><strong>na-</strong></span> 
     </span>
     <span class='ocr_line' id='line_1_37' title="bbox 627 4552 2165 4635; baseline 0.002 -20"><span class='ocrx_word' id='word_1_244' title='bbox 627 4554 866 4629; x_wconf 86' lang='lat' dir='ltr'><strong>turam,</strong></span> <span class='ocrx_word' id='word_1_245' title='bbox 897 4553 1140 4616; x_wconf 78' lang='lat' dir='ltr'><strong>confert</strong></span> <span class='ocrx_word' id='word_1_246' title='bbox 1166 4552 1465 4633; x_wconf 82' lang='lat' dir='ltr'><strong>gratiam,</strong></span> <span class='ocrx_word' id='word_1_247' title='bbox 1513 4556 1831 4635; x_wconf 84' lang='lat' dir='ltr'><strong>praeparat</strong></span> <span class='ocrx_word' id='word_1_248' title='bbox 1868 4554 2165 4634; x_wconf 87' lang='lat' dir='ltr'><strong>gloriam.</strong></span> 
     </span>
    </p>

    <p class='ocr_par' dir='ltr' id='par_1_7' title="bbox 628 4658 2166 5067">
     <span class='ocr_line' id='line_1_38' title="bbox 710 4658 2166 4741; baseline 0.003 -17"><span class='ocrx_word' id='word_1_249' title='bbox 710 4658 799 4724; x_wconf 88' lang='lat' dir='ltr'><strong>De</strong></span> <span class='ocrx_word' id='word_1_250' title='bbox 841 4659 1051 4741; x_wconf 89' lang='lat' dir='ltr'><strong>primo</strong></span> <span class='ocrx_word' id='word_1_251' title='bbox 1091 4658 1324 4722; x_wconf 88' lang='lat' dir='ltr'><strong>dicitur</strong></span> <span class='ocrx_word' id='word_1_252' title='bbox 1367 4658 1516 4723; x_wconf 87' lang='lat' dir='ltr'><strong>hic:</strong></span> <span class='ocrx_word' id='word_1_253' title='bbox 1565 4659 1746 4726; x_wconf 77' lang='lat' dir='ltr'><strong>Filia</strong></span> <span class='ocrx_word' id='word_1_254' title='bbox 1784 4676 1926 4726; x_wconf 86' lang='lat' dir='ltr'><strong>mea</strong></span> <span class='ocrx_word' id='word_1_255' title='bbox 1957 4660 2166 4741; x_wconf 86' lang='lat' dir='ltr'><strong>modo,</strong></span> 
     </span>
     <span class='ocr_line' id='line_1_39' title="bbox 631 4765 2165 4852; baseline 0.001 -19"><span class='ocrx_word' id='word_1_256' title='bbox 631 4771 751 4833; x_wconf 88' lang='lat' dir='ltr'><strong>etc.</strong></span> <span class='ocrx_word' id='word_1_257' title='bbox 784 4765 997 4848; x_wconf 83' lang='lat' dir='ltr'><strong>Hujus</strong></span> <span class='ocrx_word' id='word_1_258' title='bbox 1025 4765 1173 4830; x_wconf 83' lang='lat' dir='ltr'><strong>ffliae</strong></span> <span class='ocrx_word' id='word_1_259' title='bbox 1202 4765 1523 4831; x_wconf 87' lang='lat' dir='ltr'><strong>suscitatio</strong></span> <span class='ocrx_word' id='word_1_260' title='bbox 1554 4771 1652 4832; x_wconf 87' lang='lat' dir='ltr'><strong>est</strong></span> <span class='ocrx_word' id='word_1_261' title='bbox 1677 4768 1912 4832; x_wconf 63' lang='lat' dir='ltr'><strong>animae</strong></span> <span class='ocrx_word' id='word_1_262' title='bbox 1941 4787 2165 4852; x_wconf 89' lang='lat' dir='ltr'><strong>pecca-</strong></span> 
     </span>
     <span class='ocr_line' id='line_1_40' title="bbox 630 4867 2164 4959; baseline 0.001 -20"><span class='ocrx_word' id='word_1_263' title='bbox 630 4874 805 4940; x_wconf 89' lang='lat' dir='ltr'><strong>tricis</strong></span> <span class='ocrx_word' id='word_1_264' title='bbox 822 4872 1214 4959; x_wconf 85' lang='lat' dir='ltr'><strong>justificatio,</strong></span> <span class='ocrx_word' id='word_1_265' title='bbox 1253 4873 1421 4937; x_wconf 89' lang='lat' dir='ltr'><strong>circa</strong></span> <span class='ocrx_word' id='word_1_266' title='bbox 1445 4892 1642 4957; x_wconf 88' lang='lat' dir='ltr'><strong>quam</strong></span> <span class='ocrx_word' id='word_1_267' title='bbox 1672 4875 1794 4939; x_wconf 82' lang='lat' dir='ltr'><strong>tria</strong></span> <span class='ocrx_word' id='word_1_268' title='bbox 1817 4867 1932 4940; x_wconf 77' lang='lat' dir='ltr'><strong>&#39;hic</strong></span> <span class='ocrx_word' id='word_1_269' title='bbox 1959 4877 2164 4959; x_wconf 87' lang='lat' dir='ltr'><strong>signi-</strong></span> 
     </span>
     <span class='ocr_line' id='line_1_41' title="bbox 628 4981 2162 5067; baseline 0.002 -20"><span class='ocrx_word' id='word_1_270' title='bbox 628 4985 926 5061; x_wconf 83' lang='lat' dir='ltr'><strong>ficantur,</strong></span> <span class='ocrx_word' id='word_1_271' title='bbox 947 4981 1239 5047; x_wconf 88' lang='lat' dir='ltr'><strong>videlicet</strong></span> <span class='ocrx_word' id='word_1_272' title='bbox 1265 4981 1468 5064; x_wconf 82' lang='lat' dir='ltr'><strong>culpae</strong></span> <span class='ocrx_word' id='word_1_273' title='bbox 1490 4982 1763 5065; x_wconf 81' lang='lat' dir='ltr'><strong>propriae</strong></span> <span class='ocrx_word' id='word_1_274' title='bbox 1785 4985 2162 5067; x_wconf 82' lang='lat' dir='ltr'><strong>recognitio,</strong></span> 
     </span>
    </p>

    <p class='ocr_par' dir='ltr' id='par_1_8' title="bbox 631 5144 2165 5354">
     <span class='ocr_line' id='line_1_42' title="bbox 700 5144 2165 5212; baseline 0.001 -16"><span class='ocrx_word' id='word_1_275' title='bbox 700 5148 714 5177; x_wconf 81' lang='lat'><strong>¹</strong></span> <span class='ocrx_word' id='word_1_276' title='bbox 743 5146 850 5196; x_wconf 82' lang='lat' dir='ltr'><strong>lmo</strong></span> <span class='ocrx_word' id='word_1_277' title='bbox 876 5146 1058 5195; x_wconf 83' lang='lat' dir='ltr'><strong>auctor</strong></span> <span class='ocrx_word' id='word_1_278' title='bbox 1077 5156 1233 5195; x_wconf 86' lang='lat' dir='ltr'><strong>serm.</strong></span> <span class='ocrx_word' id='word_1_279' title='bbox 1256 5155 1478 5202; x_wconf 82' lang='lat' dir='ltr'><strong>ccxcvu,</strong></span> <span class='ocrx_word' id='word_1_280' title='bbox 1503 5156 1556 5195; x_wconf 89' lang='lat' dir='ltr'><strong>n.</strong></span> <span class='ocrx_word' id='word_1_281' title='bbox 1586 5147 1636 5207; x_wconf 95' lang='grc'><strong>1,</strong></span> <span class='ocrx_word' id='word_1_282' title='bbox 1659 5144 1792 5195; x_wconf 87' lang='lat' dir='ltr'><strong>inter</strong></span> <span class='ocrx_word' id='word_1_283' title='bbox 1814 5144 1985 5209; x_wconf 81' lang='lat' dir='ltr'><strong>spuria</strong></span> <span class='ocrx_word' id='word_1_284' title='bbox 2011 5146 2165 5212; x_wconf 74' lang='lat' dir='ltr'><strong>Aug„</strong></span> 
     </span>
     <span class='ocr_line' id='line_1_43' title="bbox 631 5216 2165 5283; baseline -0.001 -14"><span class='ocrx_word' id='word_1_285' title='bbox 631 5217 862 5282; x_wconf 73' lang='lat' dir='ltr'><strong>Appcnd.</strong></span> <span class='ocrx_word' id='word_1_286' title='bbox 907 5221 1033 5268; x_wconf 85' lang='lat' dir='ltr'><strong>tom.</strong></span> <span class='ocrx_word' id='word_1_287' title='bbox 1068 5216 1130 5266; x_wconf 76' lang='lat' dir='ltr'><strong>V.</strong></span> <span class='ocrx_word' id='word_1_288' title='bbox 1173 5240 1235 5255; x_wconf 92' lang='lat'><strong>·-</strong></span> <span class='ocrx_word' id='word_1_289' title='bbox 1270 5217 1293 5252; x_wconf 76' lang='lat'>²</span> <span class='ocrx_word' id='word_1_290' title='bbox 1325 5216 1500 5279; x_wconf 68' lang='lat' dir='ltr'><strong>Apoc„</strong></span> <span class='ocrx_word' id='word_1_291' title='bbox 1539 5226 1620 5278; x_wconf 74' lang='lat' dir='ltr'><strong>vi,</strong></span> <span class='ocrx_word' id='word_1_292' title='bbox 1658 5220 1732 5268; x_wconf 76' lang='lat'><strong>12.</strong></span> <span class='ocrx_word' id='word_1_293' title='bbox 1761 5238 1818 5254; x_wconf 87' lang='lat'>··-·</span> <span class='ocrx_word' id='word_1_294' title='bbox 1856 5216 1879 5252; x_wconf 80' lang='lat'>⁸</span> <span class='ocrx_word' id='word_1_295' title='bbox 1906 5218 2083 5283; x_wconf 60' lang='lat' dir='ltr'><strong>Rern„</strong></span> <span class='ocrx_word' id='word_1_296' title='bbox 2111 5217 2165 5267; x_wconf 73' lang='lat' dir='ltr'><strong>in</strong></span> 
     </span>
     <span class='ocr_line' id='line_1_44' title="bbox 631 5288 2165 5354; baseline 0.001 -14"><span class='ocrx_word' id='word_1_297' title='bbox 631 5288 816 5354; x_wconf 74' lang='lat' dir='ltr'><strong>Epiple.</strong></span> <span class='ocrx_word' id='word_1_298' title='bbox 852 5288 1020 5348; x_wconf 71' lang='lat' dir='ltr'><strong>Dom„</strong></span> <span class='ocrx_word' id='word_1_299' title='bbox 1045 5299 1202 5338; x_wconf 83' lang='lat' dir='ltr'><strong>serm.</strong></span> <span class='ocrx_word' id='word_1_300' title='bbox 1233 5299 1278 5351; x_wconf 90' lang='grc' dir='ltr'><strong>ι,</strong></span> <span class='ocrx_word' id='word_1_301' title='bbox 1307 5300 1362 5339; x_wconf 89' lang='lat' dir='ltr'><strong>n.</strong></span> <span class='ocrx_word' id='word_1_302' title='bbox 1392 5292 1440 5338; x_wconf 77' lang='grc'><strong>2.</strong></span> <span class='ocrx_word' id='word_1_303' title='bbox 1470 5313 1532 5325; x_wconf 95' lang='grc'>-</span> <span class='ocrx_word' id='word_1_304' title='bbox 1570 5289 1593 5324; x_wconf 70' lang='lat'>⁸</span> <span class='ocrx_word' id='word_1_305' title='bbox 1622 5289 1660 5338; x_wconf 84' lang='grc' dir='ltr'><strong>ΙΙ</strong></span> <span class='ocrx_word' id='word_1_306' title='bbox 1695 5289 1831 5351; x_wconf 68' lang='lat' dir='ltr'><strong>Cor„</strong></span> <span class='ocrx_word' id='word_1_307' title='bbox 1860 5300 1949 5350; x_wconf 81' lang='grc' dir='ltr'>ιιι,</span> <span class='ocrx_word' id='word_1_308' title='bbox 1990 5290 2071 5341; x_wconf 86' lang='grc'><strong>18.</strong></span> <span class='ocrx_word' id='word_1_309' title='bbox 2102 5316 2165 5329; x_wconf 89' lang='grc'><strong>-</strong></span> 
     </span>
    </p>
   </div>
   <div class='ocr_carea' id='block_1_6' title="bbox 627 5359 2165 5495">
    <p class='ocr_par' dir='ltr' id='par_1_9' title="bbox 627 5359 2165 5495">
     <span class='ocr_line' id='line_1_45' title="bbox 630 5359 2165 5426; baseline 0 -15"><span class='ocrx_word' id='word_1_310' title='bbox 630 5361 652 5397; x_wconf 82' lang='lat'>⁸</span> <span class='ocrx_word' id='word_1_311' title='bbox 677 5362 853 5426; x_wconf 71' lang='lat' dir='ltr'><strong>Apoe„</strong></span> <span class='ocrx_word' id='word_1_312' title='bbox 879 5370 982 5420; x_wconf 71' lang='grc' dir='ltr'>ιιι,</span> <span class='ocrx_word' id='word_1_313' title='bbox 1010 5361 1061 5409; x_wconf 94' lang='grc'><strong>1.</strong></span> <span class='ocrx_word' id='word_1_314' title='bbox 1086 5383 1149 5397; x_wconf 93' lang='grc'><strong>-</strong></span> <span class='ocrx_word' id='word_1_315' title='bbox 1174 5359 1198 5394; x_wconf 79' lang='lat'>⁸</span> <span class='ocrx_word' id='word_1_316' title='bbox 1225 5359 1431 5422; x_wconf 65' lang='lat' dir='ltr'><strong>naith„</strong></span> <span class='ocrx_word' id='word_1_317' title='bbox 1457 5369 1532 5422; x_wconf 79' lang='lat' dir='ltr'><strong>rx,</strong></span> <span class='ocrx_word' id='word_1_318' title='bbox 1563 5361 1640 5411; x_wconf 84' lang='grc'><strong>18.</strong></span> <span class='ocrx_word' id='word_1_319' title='bbox 1669 5385 1731 5397; x_wconf 92' lang='grc'><strong>-</strong></span> <span class='ocrx_word' id='word_1_320' title='bbox 1758 5361 1775 5391; x_wconf 83' lang='lat'>²</span> <span class='ocrx_word' id='word_1_321' title='bbox 1807 5361 1874 5411; x_wconf 82' lang='grc' dir='ltr'><strong>ΙΙΙ</strong></span> <span class='ocrx_word' id='word_1_322' title='bbox 1905 5360 2044 5426; x_wconf 67' lang='lat' dir='ltr'><strong>Rea„</strong></span> <span class='ocrx_word' id='word_1_323' title='bbox 2074 5371 2165 5423; x_wconf 84' lang='grc' dir='ltr'>ιιι,</span> 
     </span>
     <span class='ocr_line' id='line_1_46' title="bbox 627 5430 2164 5495; baseline -0.002 -10"><span class='ocrx_word' id='word_1_324' title='bbox 627 5434 709 5485; x_wconf 77' lang='lat'><strong>22.</strong></span> <span class='ocrx_word' id='word_1_325' title='bbox 736 5458 800 5470; x_wconf 92' lang='lat'><em>-</em></span> <span class='ocrx_word' id='word_1_326' title='bbox 835 5434 854 5462; x_wconf 82' lang='lat'>⁸</span> <span class='ocrx_word' id='word_1_327' title='bbox 891 5430 1071 5493; x_wconf 69' lang='lat' dir='ltr'><strong>Eccli„</strong></span> <span class='ocrx_word' id='word_1_328' title='bbox 1100 5442 1153 5495; x_wconf 81' lang='lat' dir='ltr'><strong>v,</strong></span> <span class='ocrx_word' id='word_1_329' title='bbox 1189 5433 1298 5483; x_wconf 84' lang='lat'><strong>8-9.</strong></span> <span class='ocrx_word' id='word_1_330' title='bbox 1326 5457 1390 5470; x_wconf 93' lang='lat'><strong>-—</strong></span> <span class='ocrx_word' id='word_1_331' title='bbox 1426 5432 1446 5462; x_wconf 77' lang='lat'>¹</span> <span class='ocrx_word' id='word_1_332' title='bbox 1479 5432 1615 5494; x_wconf 66' lang='lat' dir='ltr'><strong>Act„</strong></span> <span class='ocrx_word' id='word_1_333' title='bbox 1650 5442 1715 5495; x_wconf 84' lang='lat' dir='ltr'><strong>u,</strong></span> <span class='ocrx_word' id='word_1_334' title='bbox 1738 5433 1787 5483; x_wconf 80' lang='lat'><strong>2.</strong></span> <span class='ocrx_word' id='word_1_335' title='bbox 1822 5458 1882 5469; x_wconf 92' lang='lat'>-</span> <span class='ocrx_word' id='word_1_336' title='bbox 1923 5432 1966 5466; x_wconf 84' lang='lat'><strong>¹⁰</strong></span> <span class='ocrx_word' id='word_1_337' title='bbox 1996 5433 2164 5495; x_wconf 67' lang='lat' dir='ltr'><strong>leam,</strong></span> 
     </span>
    </p>
   </div>
   <div class='ocr_carea' id='block_1_7' title="bbox 1734 426 2729 499">
    <p class='ocr_par' dir='ltr' id='par_1_10' title="bbox 1734 426 2729 499">
     <span class='ocr_line' id='line_1_47' title="bbox 1734 426 2729 499; baseline 0.004 -4"><span class='ocrx_word' id='word_1_338' title='bbox 1734 426 2149 496; x_wconf 78' lang='lat' dir='ltr'>SERMONES</span> <span class='ocrx_word' id='word_1_339' title='bbox 2190 428 2293 497; x_wconf 74' lang='lat' dir='ltr'><strong>DE</strong></span> <span class='ocrx_word' id='word_1_340' title='bbox 2334 428 2729 499; x_wconf 78' lang='lat' dir='ltr'><strong>TEMPORE.</strong></span> 
     </span>
    </p>
   </div>
   <div class='ocr_carea' id='block_1_8' title="bbox 2274 565 3853 5174">
    <p class='ocr_par' dir='ltr' id='par_1_11' title="bbox 2279 565 3853 2907">
     <span class='ocr_line' id='line_1_48' title="bbox 2287 565 3836 656; baseline 0.005 -26"><span class='ocrx_word' id='word_1_341' title='bbox 2287 565 2381 631; x_wconf 87' lang='lat' dir='ltr'><strong>ibi</strong></span> <span class='ocrx_word' id='word_1_342' title='bbox 2410 585 2428 630; x_wconf 74' lang='lat' dir='ltr'><em>z</em></span> <span class='ocrx_word' id='word_1_343' title='bbox 2480 567 2652 635; x_wconf 80' lang='lat' dir='ltr'><strong>Filia</strong></span> <span class='ocrx_word' id='word_1_344' title='bbox 2686 583 2852 647; x_wconf 86' lang='lat' dir='ltr'><strong>mea,</strong></span> <span class='ocrx_word' id='word_1_345' title='bbox 2897 566 2965 633; x_wconf 90' lang='lat' dir='ltr'><strong>id</strong></span> <span class='ocrx_word' id='word_1_346' title='bbox 3010 569 3127 647; x_wconf 89' lang='lat' dir='ltr'><strong>est,</strong></span> <span class='ocrx_word' id='word_1_347' title='bbox 3160 566 3379 634; x_wconf 88' lang='lat' dir='ltr'><strong>anima</strong></span> <span class='ocrx_word' id='word_1_348' title='bbox 3414 588 3586 653; x_wconf 85' lang='lat' dir='ltr'><strong>mea,</strong></span> <span class='ocrx_word' id='word_1_349' title='bbox 3614 571 3836 656; x_wconf 85' lang='lat' dir='ltr'><strong>utique</strong></span> 
     </span>
     <span class='ocr_line' id='line_1_49' title="bbox 2286 674 3835 763; baseline 0.005 -26"><span class='ocrx_word' id='word_1_350' title='bbox 2286 691 2417 738; x_wconf 92' lang='lat' dir='ltr'><strong>non</strong></span> <span class='ocrx_word' id='word_1_351' title='bbox 2461 675 2744 740; x_wconf 75' lang='lat' dir='ltr'><strong>alteriuS.</strong></span> <span class='ocrx_word' id='word_1_352' title='bbox 2790 674 3059 753; x_wconf 88' lang='lat' dir='ltr'><strong>Quidam</strong></span> <span class='ocrx_word' id='word_1_353' title='bbox 3098 677 3274 743; x_wconf 90' lang='lat' dir='ltr'><strong>enim</strong></span> <span class='ocrx_word' id='word_1_354' title='bbox 3313 683 3590 744; x_wconf 79' lang='lat' dir='ltr'><strong>mortem</strong></span> <span class='ocrx_word' id='word_1_355' title='bbox 3629 679 3835 763; x_wconf 77' lang='lat' dir='ltr'><strong>culpae</strong></span> 
     </span>
     <span class='ocr_line' id='line_1_50' title="bbox 2288 784 3853 871; baseline 0.004 -25"><span class='ocrx_word' id='word_1_356' title='bbox 2288 800 2425 847; x_wconf 79' lang='lat' dir='ltr'><strong>suae</strong></span> <span class='ocrx_word' id='word_1_357' title='bbox 2453 784 2728 849; x_wconf 87' lang='lat' dir='ltr'><strong>aliorum</strong></span> <span class='ocrx_word' id='word_1_358' title='bbox 2771 784 3111 850; x_wconf 82' lang='lat' dir='ltr'><strong>animabus</strong></span> <span class='ocrx_word' id='word_1_359' title='bbox 3148 786 3504 869; x_wconf 88' lang='lat' dir='ltr'><strong>imponent,</strong></span> <span class='ocrx_word' id='word_1_360' title='bbox 3544 788 3717 852; x_wconf 88' lang='lat' dir='ltr'><strong>sicut</strong></span> <span class='ocrx_word' id='word_1_361' title='bbox 3742 788 3853 871; x_wconf 33' lang='lat' dir='ltr'><strong>si·-</strong></span> 
     </span>
     <span class='ocr_line' id='line_1_51' title="bbox 2284 892 3827 972; baseline 0.005 -20"><span class='ocrx_word' id='word_1_362' title='bbox 2284 894 2559 970; x_wconf 86' lang='lat' dir='ltr'><strong>gnatum</strong></span> <span class='ocrx_word' id='word_1_363' title='bbox 2597 897 2727 972; x_wconf 88' lang='lat' dir='ltr'><strong>est,</strong></span> <span class='ocrx_word' id='word_1_364' title='bbox 2788 892 2898 955; x_wconf 91' lang='lat' dir='ltr'><strong>ubi</strong></span> <span class='ocrx_word' id='word_1_365' title='bbox 2948 910 3080 957; x_wconf 89' lang='lat' dir='ltr'><strong>una</strong></span> <span class='ocrx_word' id='word_1_366' title='bbox 3126 895 3536 959; x_wconf 79' lang='lat' dir='ltr'><strong>meretricum</strong></span> <span class='ocrx_word' id='word_1_367' title='bbox 3583 895 3734 959; x_wconf 83' lang='lat' dir='ltr'><strong>dicit</strong></span> <span class='ocrx_word' id='word_1_368' title='bbox 3756 894 3827 960; x_wconf 72' lang='lat'><strong>¹⁸:</strong></span> 
     </span>
     <span class='ocr_line' id='line_1_52' title="bbox 2293 995 3833 1081; baseline 0.007 -23"><span class='ocrx_word' id='word_1_369' title='bbox 2293 1019 2325 1057; x_wconf 77' lang='grc' dir='ltr'><strong>α</strong></span> <span class='ocrx_word' id='word_1_370' title='bbox 2354 995 2554 1062; x_wconf 86' lang='lat' dir='ltr'><strong>Filius</strong></span> <span class='ocrx_word' id='word_1_371' title='bbox 2581 1018 2763 1064; x_wconf 88' lang='lat' dir='ltr'><strong>meus</strong></span> <span class='ocrx_word' id='word_1_372' title='bbox 2790 998 2984 1081; x_wconf 83' lang='lat' dir='ltr'><strong>vivit,</strong></span> <span class='ocrx_word' id='word_1_373' title='bbox 3030 1004 3094 1064; x_wconf 88' lang='lat' dir='ltr'><strong>et</strong></span> <span class='ocrx_word' id='word_1_374' title='bbox 3128 1001 3302 1066; x_wconf 83' lang='lat' dir='ltr'><strong>filius</strong></span> <span class='ocrx_word' id='word_1_375' title='bbox 3338 1007 3496 1068; x_wconf 87' lang='lat' dir='ltr'><strong>tuus</strong></span> <span class='ocrx_word' id='word_1_376' title='bbox 3536 1010 3833 1069; x_wconf 84' lang='lat' dir='ltr'><strong>mortuus</strong></span> 
     </span>
     <span class='ocr_line' id='line_1_53' title="bbox 2285 1105 3828 1191; baseline 0.005 -22"><span class='ocrx_word' id='word_1_377' title='bbox 2285 1108 2402 1169; x_wconf 85' lang='lat' dir='ltr'><strong>est.</strong></span> <span class='ocrx_word' id='word_1_378' title='bbox 2446 1128 2476 1165; x_wconf 75' lang='lat' dir='ltr'>n</span> <span class='ocrx_word' id='word_1_379' title='bbox 2529 1105 2688 1171; x_wconf 89' lang='lat' dir='ltr'><strong>Item</strong></span> <span class='ocrx_word' id='word_1_380' title='bbox 2720 1107 2949 1173; x_wconf 85' lang='lat' dir='ltr'><strong>festina</strong></span> <span class='ocrx_word' id='word_1_381' title='bbox 2992 1111 3345 1191; x_wconf 84' lang='lat' dir='ltr'><strong>conversio,</strong></span> <span class='ocrx_word' id='word_1_382' title='bbox 3396 1111 3488 1175; x_wconf 90' lang='lat' dir='ltr'><strong>ibi</strong></span> <span class='ocrx_word' id='word_1_383' title='bbox 3533 1133 3551 1175; x_wconf 71' lang='grc' dir='ltr'>ε</span> <span class='ocrx_word' id='word_1_384' title='bbox 3603 1110 3783 1178; x_wconf 70' lang='lat' dir='ltr'><strong>Modo</strong></span> <span class='ocrx_word' id='word_1_385' title='bbox 3804 1131 3828 1176; x_wconf 89' lang='lat'><strong><em>:</em></strong></span> 
     </span>
     <span class='ocr_line' id='line_1_54' title="bbox 2284 1214 3828 1298; baseline 0.005 -23"><span class='ocrx_word' id='word_1_386' title='bbox 2284 1228 2412 1276; x_wconf 91' lang='lat' dir='ltr'><strong>non</strong></span> <span class='ocrx_word' id='word_1_387' title='bbox 2458 1214 2607 1278; x_wconf 86' lang='lat' dir='ltr'><strong>dicit</strong></span> <span class='ocrx_word' id='word_1_388' title='bbox 2656 1236 2673 1279; x_wconf 71' lang='grc' dir='ltr'>ε</span> <span class='ocrx_word' id='word_1_389' title='bbox 2723 1214 2914 1279; x_wconf 85' lang='lat' dir='ltr'><strong>Anno</strong></span> <span class='ocrx_word' id='word_1_390' title='bbox 2958 1217 3319 1298; x_wconf 68' lang='lat' dir='ltr'><strong>praeterito,</strong></span> <span class='ocrx_word' id='word_1_391' title='bbox 3368 1220 3478 1284; x_wconf 90' lang='lat' dir='ltr'><strong>sed</strong></span> <span class='ocrx_word' id='word_1_392' title='bbox 3541 1241 3560 1283; x_wconf 88' lang='lat'><strong>:</strong></span> <span class='ocrx_word' id='word_1_393' title='bbox 3621 1219 3828 1286; x_wconf 80' lang='lat' dir='ltr'><strong>Modo.</strong></span> 
     </span>
     <span class='ocr_line' id='line_1_55' title="bbox 2284 1316 3833 1405; baseline 0.006 -25"><span class='ocrx_word' id='word_1_394' title='bbox 2284 1319 2309 1356; x_wconf 77' lang='lat'>⁸</span> <span class='ocrx_word' id='word_1_395' title='bbox 2341 1316 2485 1384; x_wconf 72' lang='lat' dir='ltr'><strong>«Ne</strong></span> <span class='ocrx_word' id='word_1_396' title='bbox 2525 1321 2734 1386; x_wconf 89' lang='lat' dir='ltr'><strong>tardes</strong></span> <span class='ocrx_word' id='word_1_397' title='bbox 2768 1322 3053 1387; x_wconf 87' lang='lat' dir='ltr'><strong>converti</strong></span> <span class='ocrx_word' id='word_1_398' title='bbox 3095 1323 3176 1388; x_wconf 89' lang='lat' dir='ltr'><strong>ad</strong></span> <span class='ocrx_word' id='word_1_399' title='bbox 3218 1322 3598 1405; x_wconf 87' lang='lat' dir='ltr'><strong>Dominum,</strong></span> <span class='ocrx_word' id='word_1_400' title='bbox 3644 1332 3713 1390; x_wconf 88' lang='lat' dir='ltr'><strong>et</strong></span> <span class='ocrx_word' id='word_1_401' title='bbox 3754 1344 3833 1390; x_wconf 87' lang='lat' dir='ltr'><strong>ne</strong></span> 
     </span>
     <span class='ocr_line' id='line_1_56' title="bbox 2283 1426 3831 1499; baseline 0.005 -8"><span class='ocrx_word' id='word_1_402' title='bbox 2283 1426 2540 1493; x_wconf 82' lang='lat' dir='ltr'><strong>differas</strong></span> <span class='ocrx_word' id='word_1_403' title='bbox 2587 1429 2666 1494; x_wconf 86' lang='lat' dir='ltr'><strong>de</strong></span> <span class='ocrx_word' id='word_1_404' title='bbox 2718 1429 2820 1495; x_wconf 92' lang='lat' dir='ltr'><strong>die</strong></span> <span class='ocrx_word' id='word_1_405' title='bbox 2858 1430 2928 1494; x_wconf 90' lang='lat' dir='ltr'><strong>in</strong></span> <span class='ocrx_word' id='word_1_406' title='bbox 2981 1430 3174 1496; x_wconf 90' lang='lat' dir='ltr'><strong>diem.</strong></span> <span class='ocrx_word' id='word_1_407' title='bbox 3234 1431 3461 1496; x_wconf 86' lang='lat' dir='ltr'><strong>Subito</strong></span> <span class='ocrx_word' id='word_1_408' title='bbox 3499 1433 3679 1497; x_wconf 84' lang='lat' dir='ltr'><strong>enim</strong></span> <span class='ocrx_word' id='word_1_409' title='bbox 3718 1452 3831 1499; x_wconf 73' lang='lat' dir='ltr'><strong>ve-</strong></span> 
     </span>
     <span class='ocr_line' id='line_1_57' title="bbox 2281 1536 3834 1625; baseline 0.004 -25"><span class='ocrx_word' id='word_1_410' title='bbox 2281 1536 2414 1600; x_wconf 75' lang='lat' dir='ltr'><strong>nIet</strong></span> <span class='ocrx_word' id='word_1_411' title='bbox 2439 1536 2537 1601; x_wconf 88' lang='lat' dir='ltr'><strong>ira</strong></span> <span class='ocrx_word' id='word_1_412' title='bbox 2560 1538 2616 1619; x_wconf 90' lang='lat' dir='ltr'><strong>ej</strong></span> <span class='ocrx_word' id='word_1_413' title='bbox 2627 1555 2725 1615; x_wconf 77' lang='lat' dir='ltr'><strong>ua,</strong></span> <span class='ocrx_word' id='word_1_414' title='bbox 2753 1542 2817 1602; x_wconf 89' lang='lat' dir='ltr'><strong>et</strong></span> <span class='ocrx_word' id='word_1_415' title='bbox 2846 1537 2911 1602; x_wconf 89' lang='lat' dir='ltr'><strong>in</strong></span> <span class='ocrx_word' id='word_1_416' title='bbox 2942 1541 3232 1623; x_wconf 88' lang='lat' dir='ltr'><strong>tempore</strong></span> <span class='ocrx_word' id='word_1_417' title='bbox 3261 1539 3562 1605; x_wconf 82' lang='lat' dir='ltr'><strong>vindictae</strong></span> <span class='ocrx_word' id='word_1_418' title='bbox 3588 1540 3834 1625; x_wconf 86' lang='lat' dir='ltr'><strong>disper-</strong></span> 
     </span>
     <span class='ocr_line' id='line_1_58' title="bbox 2281 1645 3833 1732; baseline 0.005 -23"><span class='ocrx_word' id='word_1_419' title='bbox 2281 1645 2388 1710; x_wconf 87' lang='lat' dir='ltr'><strong>det</strong></span> <span class='ocrx_word' id='word_1_420' title='bbox 2430 1650 2516 1710; x_wconf 90' lang='lat' dir='ltr'><strong>te.</strong></span> <span class='ocrx_word' id='word_1_421' title='bbox 2562 1668 2594 1706; x_wconf 76' lang='lat'><strong>1»</strong></span> <span class='ocrx_word' id='word_1_422' title='bbox 2638 1652 2675 1686; x_wconf 78' lang='lat'><strong>⁹·</strong></span> <span class='ocrx_word' id='word_1_423' title='bbox 2703 1669 2735 1708; x_wconf 72' lang='grc' dir='ltr'><strong>α</strong></span> <span class='ocrx_word' id='word_1_424' title='bbox 2778 1646 3005 1713; x_wconf 84' lang='lat' dir='ltr'><strong>Factus</strong></span> <span class='ocrx_word' id='word_1_425' title='bbox 3048 1652 3145 1713; x_wconf 86' lang='lat' dir='ltr'><strong>est</strong></span> <span class='ocrx_word' id='word_1_426' title='bbox 3172 1652 3455 1732; x_wconf 87' lang='lat' dir='ltr'><strong>repente,</strong></span> <span class='ocrx_word' id='word_1_427' title='bbox 3500 1671 3532 1709; x_wconf 70' lang='grc' dir='ltr'>ι</span> <span class='ocrx_word' id='word_1_428' title='bbox 3568 1654 3695 1715; x_wconf 86' lang='lat' dir='ltr'><strong>etc.</strong></span> <span class='ocrx_word' id='word_1_429' title='bbox 3725 1650 3833 1716; x_wconf 62' lang='lat' dir='ltr'><strong>Vae</strong></span> 
     </span>
     <span class='ocr_line' id='line_1_59' title="bbox 2281 1753 3835 1840; baseline 0.002 -21"><span class='ocrx_word' id='word_1_430' title='bbox 2281 1770 2441 1836; x_wconf 88' lang='lat' dir='ltr'><strong>ergo</strong></span> <span class='ocrx_word' id='word_1_431' title='bbox 2480 1753 2597 1829; x_wconf 86' lang='lat' dir='ltr'><strong>illi,</strong></span> <span class='ocrx_word' id='word_1_432' title='bbox 2651 1757 2842 1840; x_wconf 87' lang='lat' dir='ltr'><strong>cujus</strong></span> <span class='ocrx_word' id='word_1_433' title='bbox 2880 1755 3100 1821; x_wconf 89' lang='lat' dir='ltr'><strong>anima</strong></span> <span class='ocrx_word' id='word_1_434' title='bbox 3134 1774 3267 1820; x_wconf 88' lang='lat' dir='ltr'><strong>non</strong></span> <span class='ocrx_word' id='word_1_435' title='bbox 3297 1755 3511 1834; x_wconf 87' lang='lat' dir='ltr'><strong>mode,</strong></span> <span class='ocrx_word' id='word_1_436' title='bbox 3548 1756 3661 1820; x_wconf 90' lang='lat' dir='ltr'><strong>sed</strong></span> <span class='ocrx_word' id='word_1_437' title='bbox 3688 1762 3835 1822; x_wconf 88' lang='lat' dir='ltr'><strong>ante</strong></span> 
     </span>
     <span class='ocr_line' id='line_1_60' title="bbox 2282 1861 3835 1947; baseline 0.005 -23"><span class='ocrx_word' id='word_1_438' title='bbox 2282 1877 2558 1936; x_wconf 87' lang='lat' dir='ltr'><strong>annum,</strong></span> <span class='ocrx_word' id='word_1_439' title='bbox 2586 1861 2720 1927; x_wconf 90' lang='lat' dir='ltr'><strong>imo</strong></span> <span class='ocrx_word' id='word_1_440' title='bbox 2746 1867 2894 1927; x_wconf 89' lang='lat' dir='ltr'><strong>ante</strong></span> <span class='ocrx_word' id='word_1_441' title='bbox 2920 1862 3217 1945; x_wconf 83' lang='lat' dir='ltr'><strong>triginta,</strong></span> <span class='ocrx_word' id='word_1_442' title='bbox 3257 1862 3362 1928; x_wconf 81' lang='lat' dir='ltr'><strong>vel</strong></span> <span class='ocrx_word' id='word_1_443' title='bbox 3396 1862 3835 1947; x_wconf 85' lang='lat' dir='ltr'><strong>quadraginta</strong></span> 
     </span>
     <span class='ocr_line' id='line_1_61' title="bbox 2281 1967 3830 2053; baseline 0.005 -23"><span class='ocrx_word' id='word_1_444' title='bbox 2281 1983 2485 2031; x_wconf 91' lang='lat' dir='ltr'><strong>annos</strong></span> <span class='ocrx_word' id='word_1_445' title='bbox 2511 1967 2820 2033; x_wconf 42' lang='lat' dir='ltr'><strong>defuncta&lt;</strong></span> <span class='ocrx_word' id='word_1_446' title='bbox 2836 1971 2958 2049; x_wconf 87' lang='lat' dir='ltr'><strong>est,</strong></span> <span class='ocrx_word' id='word_1_447' title='bbox 2982 1975 3043 2034; x_wconf 87' lang='lat' dir='ltr'><strong>et</strong></span> <span class='ocrx_word' id='word_1_448' title='bbox 3078 1969 3289 2035; x_wconf 89' lang='lat' dir='ltr'><strong>adhuc</strong></span> <span class='ocrx_word' id='word_1_449' title='bbox 3315 1987 3447 2034; x_wconf 94' lang='lat' dir='ltr'><strong>non</strong></span> <span class='ocrx_word' id='word_1_450' title='bbox 3488 1970 3648 2053; x_wconf 87' lang='lat' dir='ltr'><strong>petit</strong></span> <span class='ocrx_word' id='word_1_451' title='bbox 3690 1989 3830 2036; x_wconf 87' lang='lat' dir='ltr'><strong>eam</strong></span> 
     </span>
     <span class='ocr_line' id='line_1_62' title="bbox 2282 2074 3833 2160; baseline 0.004 -23"><span class='ocrx_word' id='word_1_452' title='bbox 2282 2074 2599 2139; x_wconf 85' lang='lat' dir='ltr'><strong>suscitari.</strong></span> <span class='ocrx_word' id='word_1_453' title='bbox 2647 2076 2915 2152; x_wconf 85' lang='lat' dir='ltr'><strong>Quantis</strong></span> <span class='ocrx_word' id='word_1_454' title='bbox 2963 2076 3265 2160; x_wconf 84' lang='lat' dir='ltr'><strong>lacrymis</strong></span> <span class='ocrx_word' id='word_1_455' title='bbox 3282 2124 3301 2155; x_wconf 89' lang='lat'><strong>,</strong></span> <span class='ocrx_word' id='word_1_456' title='bbox 3359 2081 3424 2142; x_wconf 89' lang='lat' dir='ltr'><strong>et</strong></span> <span class='ocrx_word' id='word_1_457' title='bbox 3468 2077 3833 2143; x_wconf 87' lang='lat' dir='ltr'><strong>orationum</strong></span> 
     </span>
     <span class='ocr_line' id='line_1_63' title="bbox 2282 2181 3829 2251; baseline 0.005 -7"><span class='ocrx_word' id='word_1_458' title='bbox 2282 2181 2670 2247; x_wconf 87' lang='lat' dir='ltr'><strong>clamoribus</strong></span> <span class='ocrx_word' id='word_1_459' title='bbox 2725 2182 3090 2248; x_wconf 88' lang='lat' dir='ltr'><strong>suscitanda</strong></span> <span class='ocrx_word' id='word_1_460' title='bbox 3151 2189 3250 2247; x_wconf 88' lang='lat' dir='ltr'><strong>est</strong></span> <span class='ocrx_word' id='word_1_461' title='bbox 3302 2184 3519 2248; x_wconf 88' lang='lat' dir='ltr'><strong>anima</strong></span> <span class='ocrx_word' id='word_1_462' title='bbox 3575 2192 3829 2251; x_wconf 87' lang='lat' dir='ltr'><strong>mortua</strong></span> 
     </span>
     <span class='ocr_line' id='line_1_64' title="bbox 2280 2287 3831 2374; baseline 0.003 -22"><span class='ocrx_word' id='word_1_463' title='bbox 2280 2287 2714 2371; x_wconf 75' lang='lat' dir='ltr'><strong>quadraginta</strong></span> <span class='ocrx_word' id='word_1_464' title='bbox 2743 2290 2952 2368; x_wconf 87' lang='lat' dir='ltr'><strong>annis,</strong></span> <span class='ocrx_word' id='word_1_465' title='bbox 2991 2307 3074 2354; x_wconf 83' lang='lat' dir='ltr'><strong>ex</strong></span> <span class='ocrx_word' id='word_1_466' title='bbox 3101 2307 3231 2372; x_wconf 80' lang='lat' dir='ltr'><strong>quo</strong></span> <span class='ocrx_word' id='word_1_467' title='bbox 3269 2290 3569 2374; x_wconf 84' lang='lat' dir='ltr'><strong>lacrymis</strong></span> <span class='ocrx_word' id='word_1_468' title='bbox 3596 2296 3661 2356; x_wconf 89' lang='lat' dir='ltr'><strong>et</strong></span> <span class='ocrx_word' id='word_1_469' title='bbox 3704 2292 3831 2356; x_wconf 83' lang='lat' dir='ltr'><strong>cla-</strong></span> 
     </span>
     <span class='ocr_line' id='line_1_65' title="bbox 2281 2394 3831 2482; baseline 0.005 -24"><span class='ocrx_word' id='word_1_470' title='bbox 2281 2412 2463 2460; x_wconf 90' lang='lat' dir='ltr'><strong>more</strong></span> <span class='ocrx_word' id='word_1_471' title='bbox 2497 2395 2727 2460; x_wconf 85' lang='lat' dir='ltr'><strong>Christi</strong></span> <span class='ocrx_word' id='word_1_472' title='bbox 2766 2396 3109 2461; x_wconf 80' lang='lat' dir='ltr'><strong>suscitatur</strong></span> <span class='ocrx_word' id='word_1_473' title='bbox 3151 2394 3427 2462; x_wconf 86' lang='lat' dir='ltr'><strong>Lazarus</strong></span> <span class='ocrx_word' id='word_1_474' title='bbox 3456 2399 3507 2438; x_wconf 83' lang='lat'><strong>¹⁰</strong></span> <span class='ocrx_word' id='word_1_475' title='bbox 3549 2404 3831 2482; x_wconf 84' lang='lat' dir='ltr'><strong>quatuor</strong></span> 
     </span>
     <span class='ocr_line' id='line_1_66' title="bbox 2280 2501 3825 2590; baseline 0.003 -22"><span class='ocrx_word' id='word_1_476' title='bbox 2280 2501 2506 2568; x_wconf 89' lang='lat' dir='ltr'><strong>diebus</strong></span> <span class='ocrx_word' id='word_1_477' title='bbox 2548 2503 2921 2568; x_wconf 76' lang='lat' dir='ltr'><strong>defunctus!</strong></span> <span class='ocrx_word' id='word_1_478' title='bbox 2976 2502 3133 2568; x_wconf 86' lang='lat' dir='ltr'><strong>ltem</strong></span> <span class='ocrx_word' id='word_1_479' title='bbox 3187 2505 3401 2570; x_wconf 63' lang='lat' dir='ltr'><strong>veniae</strong></span> <span class='ocrx_word' id='word_1_480' title='bbox 3446 2506 3825 2590; x_wconf 84' lang='lat' dir='ltr'><strong>postulatio,</strong></span> 
     </span>
     <span class='ocr_line' id='line_1_67' title="bbox 2280 2608 3829 2694; baseline 0.003 -20"><span class='ocrx_word' id='word_1_481' title='bbox 2280 2610 2368 2674; x_wconf 87' lang='lat' dir='ltr'><strong>ibi</strong></span> <span class='ocrx_word' id='word_1_482' title='bbox 2408 2632 2423 2675; x_wconf 75' lang='grc' dir='ltr'><strong><em>ε</em></strong></span> <span class='ocrx_word' id='word_1_483' title='bbox 2455 2612 2715 2693; x_wconf 80' lang='lat' dir='ltr'><strong>Impone</strong></span> <span class='ocrx_word' id='word_1_484' title='bbox 2742 2626 3027 2690; x_wconf 80' lang='lat' dir='ltr'><strong>manum,</strong></span> <span class='ocrx_word' id='word_1_485' title='bbox 3057 2615 3177 2676; x_wconf 85' lang='lat' dir='ltr'><strong>etc.</strong></span> <span class='ocrx_word' id='word_1_486' title='bbox 3207 2608 3255 2676; x_wconf 90' lang='grc' dir='ltr'><strong>Ο</strong></span> <span class='ocrx_word' id='word_1_487' title='bbox 3286 2611 3493 2677; x_wconf 81' lang='lat' dir='ltr'><strong>virtus</strong></span> <span class='ocrx_word' id='word_1_488' title='bbox 3523 2617 3590 2677; x_wconf 91' lang='lat' dir='ltr'><strong>et</strong></span> <span class='ocrx_word' id='word_1_489' title='bbox 3618 2614 3829 2694; x_wconf 79' lang='lat' dir='ltr'><strong>gratia</strong></span> 
     </span>
     <span class='ocr_line' id='line_1_68' title="bbox 2279 2716 3824 2803; baseline 0.003 -22"><span class='ocrx_word' id='word_1_490' title='bbox 2279 2716 2479 2799; x_wconf 89' lang='lat' dir='ltr'><strong>hujus</strong></span> <span class='ocrx_word' id='word_1_491' title='bbox 2504 2720 2766 2783; x_wconf 77' lang='lat' dir='ltr'><strong>manus!</strong></span> <span class='ocrx_word' id='word_1_492' title='bbox 2801 2720 2841 2756; x_wconf 86' lang='lat'><strong>¹¹</strong></span> <span class='ocrx_word' id='word_1_493' title='bbox 2877 2742 2909 2781; x_wconf 72' lang='grc' dir='ltr'><strong>α</strong></span> <span class='ocrx_word' id='word_1_494' title='bbox 2936 2717 3298 2785; x_wconf 82' lang='lat' dir='ltr'><strong>Extendens</strong></span> <span class='ocrx_word' id='word_1_495' title='bbox 3321 2722 3508 2786; x_wconf 83' lang='lat' dir='ltr'><strong>Jesus</strong></span> <span class='ocrx_word' id='word_1_496' title='bbox 3533 2739 3824 2803; x_wconf 81' lang='lat' dir='ltr'><strong>manum,</strong></span> 
     </span>
     <span class='ocr_line' id='line_1_69' title="bbox 2282 2825 3648 2907; baseline 0.002 -20"><span class='ocrx_word' id='word_1_497' title='bbox 2282 2825 2496 2906; x_wconf 85' lang='lat' dir='ltr'><strong>tetigit</strong></span> <span class='ocrx_word' id='word_1_498' title='bbox 2519 2843 2697 2900; x_wconf 89' lang='lat' dir='ltr'><strong>eum,</strong></span> <span class='ocrx_word' id='word_1_499' title='bbox 2728 2825 2946 2891; x_wconf 87' lang='lat' dir='ltr'><strong>dicens</strong></span> <span class='ocrx_word' id='word_1_500' title='bbox 2976 2845 2993 2890; x_wconf 76' lang='lat' dir='ltr'><em>z</em></span> <span class='ocrx_word' id='word_1_501' title='bbox 3029 2826 3209 2907; x_wconf 84' lang='lat' dir='ltr'><strong>Volo,</strong></span> <span class='ocrx_word' id='word_1_502' title='bbox 3242 2827 3581 2895; x_wconf 88' lang='lat' dir='ltr'><strong>mundare.</strong></span> <span class='ocrx_word' id='word_1_503' title='bbox 3616 2851 3648 2890; x_wconf 68' lang='lat' dir='ltr'><strong>n</strong></span> 
     </span>
    </p>

    <p class='ocr_par' dir='ltr' id='par_1_12' title="bbox 2274 2929 3826 5174">
     <span class='ocr_line' id='line_1_70' title="bbox 2361 2929 3824 3018; baseline 0.006 -23"><span class='ocrx_word' id='word_1_504' title='bbox 2361 2929 2448 2996; x_wconf 88' lang='lat' dir='ltr'><strong>De</strong></span> <span class='ocrx_word' id='word_1_505' title='bbox 2476 2932 2756 2997; x_wconf 90' lang='lat' dir='ltr'><strong>secundo</strong></span> <span class='ocrx_word' id='word_1_506' title='bbox 2776 2933 2821 2972; x_wconf 85' lang='lat'><strong>¹²</strong></span> <span class='ocrx_word' id='word_1_507' title='bbox 2858 2954 2874 2994; x_wconf 94' lang='lat'><strong>:</strong></span> <span class='ocrx_word' id='word_1_508' title='bbox 2915 2931 3281 3017; x_wconf 74' lang='lat' dir='ltr'><strong>«Imposuit</strong></span> <span class='ocrx_word' id='word_1_509' title='bbox 3307 2934 3400 2999; x_wconf 86' lang='lat' dir='ltr'><strong>illi</strong></span> <span class='ocrx_word' id='word_1_510' title='bbox 3445 2953 3739 3018; x_wconf 88' lang='lat' dir='ltr'><strong>manum,</strong></span> <span class='ocrx_word' id='word_1_511' title='bbox 3764 2944 3824 3004; x_wconf 87' lang='lat' dir='ltr'><strong>et</strong></span> 
     </span>
     <span class='ocr_line' id='line_1_71' title="bbox 2280 3040 3822 3126; baseline 0.003 -21"><span class='ocrx_word' id='word_1_512' title='bbox 2280 3040 2610 3105; x_wconf 79' lang='lat' dir='ltr'><strong>confestim</strong></span> <span class='ocrx_word' id='word_1_513' title='bbox 2655 3045 2751 3107; x_wconf 87' lang='lat' dir='ltr'><strong>est</strong></span> <span class='ocrx_word' id='word_1_514' title='bbox 2777 3046 2987 3107; x_wconf 87' lang='lat' dir='ltr'><strong>erecta</strong></span> <span class='ocrx_word' id='word_1_515' title='bbox 3029 3062 3048 3107; x_wconf 72' lang='grc' dir='ltr'>ε</span> <span class='ocrx_word' id='word_1_516' title='bbox 3093 3063 3125 3102; x_wconf 68' lang='lat' dir='ltr'><strong>n</strong></span> <span class='ocrx_word' id='word_1_517' title='bbox 3161 3043 3394 3108; x_wconf 89' lang='lat' dir='ltr'><strong>dicitur</strong></span> <span class='ocrx_word' id='word_1_518' title='bbox 3423 3043 3502 3108; x_wconf 91' lang='lat' dir='ltr'><strong>de</strong></span> <span class='ocrx_word' id='word_1_519' title='bbox 3528 3044 3822 3126; x_wconf 86' lang='lat' dir='ltr'><strong>muliere,</strong></span> 
     </span>
     <span class='ocr_line' id='line_1_72' title="bbox 2279 3148 3823 3233; baseline 0.005 -21"><span class='ocrx_word' id='word_1_520' title='bbox 2279 3165 2427 3231; x_wconf 80' lang='lat' dir='ltr'><strong>quae</strong></span> <span class='ocrx_word' id='word_1_521' title='bbox 2446 3148 2493 3188; x_wconf 80' lang='lat'><strong>¹⁸</strong></span> <span class='ocrx_word' id='word_1_522' title='bbox 2515 3170 2547 3209; x_wconf 69' lang='lat' dir='ltr'><strong>a</strong></span> <span class='ocrx_word' id='word_1_523' title='bbox 2568 3149 2844 3215; x_wconf 89' lang='lat' dir='ltr'><strong>habebat</strong></span> <span class='ocrx_word' id='word_1_524' title='bbox 2865 3150 3163 3233; x_wconf 89' lang='lat' dir='ltr'><strong>spiritum</strong></span> <span class='ocrx_word' id='word_1_525' title='bbox 3187 3151 3580 3218; x_wconf 84' lang='lat' dir='ltr'><strong>infirmitatis</strong></span> <span class='ocrx_word' id='word_1_526' title='bbox 3607 3154 3823 3220; x_wconf 85' lang='lat' dir='ltr'><strong>decem</strong></span> 
     </span>
     <span class='ocr_line' id='line_1_73' title="bbox 2279 3256 3822 3344; baseline 0.003 -24"><span class='ocrx_word' id='word_1_527' title='bbox 2279 3260 2344 3321; x_wconf 92' lang='lat' dir='ltr'><strong>et</strong></span> <span class='ocrx_word' id='word_1_528' title='bbox 2366 3260 2508 3321; x_wconf 78' lang='lat' dir='ltr'><strong>octo</strong></span> <span class='ocrx_word' id='word_1_529' title='bbox 2534 3256 2739 3337; x_wconf 87' lang='lat' dir='ltr'><strong>annis,</strong></span> <span class='ocrx_word' id='word_1_530' title='bbox 2789 3261 2855 3323; x_wconf 87' lang='lat' dir='ltr'><strong>et</strong></span> <span class='ocrx_word' id='word_1_531' title='bbox 2893 3262 3030 3323; x_wconf 82' lang='lat' dir='ltr'><strong>erat</strong></span> <span class='ocrx_word' id='word_1_532' title='bbox 3072 3259 3396 3339; x_wconf 87' lang='lat' dir='ltr'><strong>inclinata,</strong></span> <span class='ocrx_word' id='word_1_533' title='bbox 3426 3279 3641 3344; x_wconf 85' lang='lat' dir='ltr'><strong>neque</strong></span> <span class='ocrx_word' id='word_1_534' title='bbox 3685 3280 3822 3328; x_wconf 91' lang='lat' dir='ltr'><strong>om-</strong></span> 
     </span>
     <span class='ocr_line' id='line_1_74' title="bbox 2279 3363 3825 3449; baseline 0.005 -22"><span class='ocrx_word' id='word_1_535' title='bbox 2279 3363 2432 3428; x_wconf 92' lang='lat' dir='ltr'><strong>nino</strong></span> <span class='ocrx_word' id='word_1_536' title='bbox 2462 3367 2708 3446; x_wconf 85' lang='lat' dir='ltr'><strong>poterat</strong></span> <span class='ocrx_word' id='word_1_537' title='bbox 2741 3382 3001 3431; x_wconf 87' lang='lat' dir='ltr'><strong>sursum</strong></span> <span class='ocrx_word' id='word_1_538' title='bbox 3032 3366 3333 3449; x_wconf 86' lang='lat' dir='ltr'><strong>aspicere.</strong></span> <span class='ocrx_word' id='word_1_539' title='bbox 3354 3388 3386 3427; x_wconf 68' lang='lat' dir='ltr'><strong>n</strong></span> <span class='ocrx_word' id='word_1_540' title='bbox 3421 3366 3659 3434; x_wconf 79' lang='lat' dir='ltr'><strong>Mulier</strong></span> <span class='ocrx_word' id='word_1_541' title='bbox 3684 3369 3825 3436; x_wconf 63' lang='lat' dir='ltr'><strong>haec</strong></span> 
     </span>
     <span class='ocr_line' id='line_1_75' title="bbox 2279 3469 3822 3558; baseline 0.006 -25"><span class='ocrx_word' id='word_1_542' title='bbox 2279 3474 2376 3533; x_wconf 88' lang='lat' dir='ltr'><strong>est</strong></span> <span class='ocrx_word' id='word_1_543' title='bbox 2397 3469 2613 3535; x_wconf 88' lang='lat' dir='ltr'><strong>anima</strong></span> <span class='ocrx_word' id='word_1_544' title='bbox 2638 3472 2978 3554; x_wconf 83' lang='lat' dir='ltr'><strong>peccatrix.</strong></span> <span class='ocrx_word' id='word_1_545' title='bbox 3010 3471 3135 3537; x_wconf 91' lang='lat' dir='ltr'><strong>Sed</strong></span> <span class='ocrx_word' id='word_1_546' title='bbox 3175 3476 3330 3538; x_wconf 84' lang='lat' dir='ltr'><strong>nota</strong></span> <span class='ocrx_word' id='word_1_547' title='bbox 3355 3474 3527 3558; x_wconf 87' lang='lat' dir='ltr'><strong>quod</strong></span> <span class='ocrx_word' id='word_1_548' title='bbox 3552 3476 3648 3540; x_wconf 86' lang='lat' dir='ltr'><strong>ait</strong></span> <span class='ocrx_word' id='word_1_549' title='bbox 3672 3475 3822 3542; x_wconf 88' lang='lat' dir='ltr'><strong>Ber-</strong></span> 
     </span>
     <span class='ocr_line' id='line_1_76' title="bbox 2279 3577 3826 3664; baseline 0.005 -23"><span class='ocrx_word' id='word_1_550' title='bbox 2279 3578 2518 3643; x_wconf 90' lang='lat' dir='ltr'><strong>nardus</strong></span> <span class='ocrx_word' id='word_1_551' title='bbox 2540 3579 2587 3617; x_wconf 74' lang='lat'><strong>¹⁸</strong></span> <span class='ocrx_word' id='word_1_552' title='bbox 2620 3600 2682 3643; x_wconf 71' lang='lat' dir='ltr'><strong>:e</strong></span> <span class='ocrx_word' id='word_1_553' title='bbox 2708 3577 3024 3644; x_wconf 84' lang='lat' dir='ltr'><strong>Redituris</strong></span> <span class='ocrx_word' id='word_1_554' title='bbox 3058 3579 3139 3645; x_wconf 90' lang='lat' dir='ltr'><strong>ad</strong></span> <span class='ocrx_word' id='word_1_555' title='bbox 3167 3582 3463 3664; x_wconf 87' lang='lat' dir='ltr'><strong>patriam,</strong></span> <span class='ocrx_word' id='word_1_556' title='bbox 3492 3584 3619 3648; x_wconf 88' lang='lat' dir='ltr'><strong>tria</strong></span> <span class='ocrx_word' id='word_1_557' title='bbox 3643 3584 3826 3650; x_wconf 87' lang='lat' dir='ltr'><strong>nobis</strong></span> 
     </span>
     <span class='ocr_line' id='line_1_77' title="bbox 2279 3685 3826 3769; baseline 0.006 -22"><span class='ocrx_word' id='word_1_558' title='bbox 2279 3686 2634 3749; x_wconf 86' lang='lat' dir='ltr'><strong>necessaria</strong></span> <span class='ocrx_word' id='word_1_559' title='bbox 2660 3689 2813 3749; x_wconf 87' lang='lat' dir='ltr'><strong>sunt</strong></span> <span class='ocrx_word' id='word_1_560' title='bbox 2842 3707 2857 3750; x_wconf 71' lang='grc' dir='ltr'>ι</span> <span class='ocrx_word' id='word_1_561' title='bbox 2893 3685 3078 3766; x_wconf 84' lang='lat' dir='ltr'><strong>velle,</strong></span> <span class='ocrx_word' id='word_1_562' title='bbox 3110 3704 3320 3769; x_wconf 86' lang='lat' dir='ltr'><strong>posse,</strong></span> <span class='ocrx_word' id='word_1_563' title='bbox 3350 3707 3564 3755; x_wconf 88' lang='lat' dir='ltr'><strong>nosse.</strong></span> <span class='ocrx_word' id='word_1_564' title='bbox 3593 3711 3626 3749; x_wconf 74' lang='grc' dir='ltr'><strong>ι</strong></span> <span class='ocrx_word' id='word_1_565' title='bbox 3662 3691 3826 3756; x_wconf 76' lang='lat' dir='ltr'><strong>Ani-</strong></span> 
     </span>
     <span class='ocr_line' id='line_1_78' title="bbox 2281 3793 3818 3882; baseline 0.005 -27"><span class='ocrx_word' id='word_1_566' title='bbox 2281 3810 2389 3856; x_wconf 89' lang='lat' dir='ltr'><strong>ma</strong></span> <span class='ocrx_word' id='word_1_567' title='bbox 2409 3809 2571 3873; x_wconf 87' lang='lat' dir='ltr'><strong>ergo</strong></span> <span class='ocrx_word' id='word_1_568' title='bbox 2599 3793 2916 3876; x_wconf 86' lang='lat' dir='ltr'><strong>peccatrix</strong></span> <span class='ocrx_word' id='word_1_569' title='bbox 2950 3793 3210 3859; x_wconf 83' lang='lat' dir='ltr'><strong>infirma</strong></span> <span class='ocrx_word' id='word_1_570' title='bbox 3244 3800 3340 3860; x_wconf 86' lang='lat' dir='ltr'><strong>est</strong></span> <span class='ocrx_word' id='word_1_571' title='bbox 3374 3798 3583 3880; x_wconf 84' lang='lat' dir='ltr'><strong>quoad</strong></span> <span class='ocrx_word' id='word_1_572' title='bbox 3615 3816 3818 3882; x_wconf 82' lang='lat' dir='ltr'><strong>posse,</strong></span> 
     </span>
     <span class='ocr_line' id='line_1_79' title="bbox 2281 3897 3817 3991; baseline 0.007 -30"><span class='ocrx_word' id='word_1_573' title='bbox 2281 3897 2583 3964; x_wconf 89' lang='lat' dir='ltr'><strong>inclinata</strong></span> <span class='ocrx_word' id='word_1_574' title='bbox 2599 3904 2697 3964; x_wconf 86' lang='lat' dir='ltr'><strong>est</strong></span> <span class='ocrx_word' id='word_1_575' title='bbox 2722 3900 2934 3983; x_wconf 87' lang='lat' dir='ltr'><strong>quoad</strong></span> <span class='ocrx_word' id='word_1_576' title='bbox 2961 3901 3148 3980; x_wconf 89' lang='lat' dir='ltr'><strong>velle,</strong></span> <span class='ocrx_word' id='word_1_577' title='bbox 3176 3920 3435 3968; x_wconf 88' lang='lat' dir='ltr'><strong>sursum</strong></span> <span class='ocrx_word' id='word_1_578' title='bbox 3462 3922 3596 3970; x_wconf 93' lang='lat' dir='ltr'><strong>non</strong></span> <span class='ocrx_word' id='word_1_579' title='bbox 3622 3907 3817 3991; x_wconf 68' lang='lat' dir='ltr'><strong>respi-</strong></span> 
     </span>
     <span class='ocr_line' id='line_1_80' title="bbox 2280 4004 3825 4098; baseline 0.007 -30"><span class='ocrx_word' id='word_1_580' title='bbox 2280 4006 2366 4069; x_wconf 87' lang='lat' dir='ltr'><strong>cit</strong></span> <span class='ocrx_word' id='word_1_581' title='bbox 2391 4007 2601 4089; x_wconf 86' lang='lat' dir='ltr'><strong>quoad</strong></span> <span class='ocrx_word' id='word_1_582' title='bbox 2622 4024 2828 4073; x_wconf 86' lang='lat' dir='ltr'><strong>nosse.</strong></span> <span class='ocrx_word' id='word_1_583' title='bbox 2855 4004 2968 4071; x_wconf 79' lang='lat' dir='ltr'><strong>Vel</strong></span> <span class='ocrx_word' id='word_1_584' title='bbox 2992 4006 3251 4073; x_wconf 83' lang='lat' dir='ltr'><strong>infirma</strong></span> <span class='ocrx_word' id='word_1_585' title='bbox 3276 4013 3374 4075; x_wconf 91' lang='lat' dir='ltr'><strong>est</strong></span> <span class='ocrx_word' id='word_1_586' title='bbox 3402 4013 3618 4095; x_wconf 87' lang='lat' dir='ltr'><strong>quoad</strong></span> <span class='ocrx_word' id='word_1_587' title='bbox 3642 4015 3825 4098; x_wconf 87' lang='lat' dir='ltr'><strong>spiri-</strong></span> 
     </span>
     <span class='ocr_line' id='line_1_81' title="bbox 2278 4112 3820 4200; baseline 0.006 -22"><span class='ocrx_word' id='word_1_588' title='bbox 2278 4112 2495 4195; x_wconf 88' lang='lat' dir='ltr'><strong>tualia,</strong></span> <span class='ocrx_word' id='word_1_589' title='bbox 2542 4113 2844 4179; x_wconf 86' lang='lat' dir='ltr'><strong>inclinata</strong></span> <span class='ocrx_word' id='word_1_590' title='bbox 2878 4115 3090 4197; x_wconf 87' lang='lat' dir='ltr'><strong>quoad</strong></span> <span class='ocrx_word' id='word_1_591' title='bbox 3132 4117 3515 4200; x_wconf 88' lang='lat' dir='ltr'><strong>corporalia,</strong></span> <span class='ocrx_word' id='word_1_592' title='bbox 3563 4139 3820 4186; x_wconf 86' lang='lat' dir='ltr'><strong>sursum</strong></span> 
     </span>
     <span class='ocr_line' id='line_1_82' title="bbox 2276 4223 3820 4307; baseline 0.005 -21"><span class='ocrx_word' id='word_1_593' title='bbox 2276 4241 2408 4289; x_wconf 92' lang='lat' dir='ltr'><strong>non</strong></span> <span class='ocrx_word' id='word_1_594' title='bbox 2433 4223 2691 4307; x_wconf 88' lang='lat' dir='ltr'><strong>respicit</strong></span> <span class='ocrx_word' id='word_1_595' title='bbox 2718 4224 2928 4307; x_wconf 87' lang='lat' dir='ltr'><strong>quoad</strong></span> <span class='ocrx_word' id='word_1_596' title='bbox 2969 4228 3243 4289; x_wconf 83' lang='lat' dir='ltr'><strong>terrena.</strong></span> <span class='ocrx_word' id='word_1_597' title='bbox 3294 4225 3407 4291; x_wconf 84' lang='lat' dir='ltr'><strong>Vel</strong></span> <span class='ocrx_word' id='word_1_598' title='bbox 3432 4227 3696 4293; x_wconf 81' lang='lat' dir='ltr'><strong>infirma</strong></span> <span class='ocrx_word' id='word_1_599' title='bbox 3728 4231 3820 4293; x_wconf 77' lang='lat' dir='ltr'><strong>est</strong></span> 
     </span>
     <span class='ocr_line' id='line_1_83' title="bbox 2278 4329 3821 4415; baseline 0.005 -21"><span class='ocrx_word' id='word_1_600' title='bbox 2278 4332 2344 4394; x_wconf 89' lang='lat' dir='ltr'><strong>in</strong></span> <span class='ocrx_word' id='word_1_601' title='bbox 2396 4349 2587 4415; x_wconf 88' lang='lat' dir='ltr'><strong>opere</strong></span> <span class='ocrx_word' id='word_1_602' title='bbox 2603 4354 2622 4412; x_wconf 87' lang='lat'>;</span> <span class='ocrx_word' id='word_1_603' title='bbox 2670 4329 3004 4397; x_wconf 81' lang='lat' dir='ltr'><strong>Psalmista</strong></span> <span class='ocrx_word' id='word_1_604' title='bbox 3043 4338 3090 4372; x_wconf 76' lang='lat'><strong>²⁸</strong></span> <span class='ocrx_word' id='word_1_605' title='bbox 3135 4354 3151 4396; x_wconf 72' lang='grc' dir='ltr'>ε</span> <span class='ocrx_word' id='word_1_606' title='bbox 3191 4355 3224 4394; x_wconf 75' lang='grc' dir='ltr'><strong>α</strong></span> <span class='ocrx_word' id='word_1_607' title='bbox 3251 4331 3581 4400; x_wconf 81' lang='lat' dir='ltr'><strong>Infirmata</strong></span> <span class='ocrx_word' id='word_1_608' title='bbox 3615 4342 3713 4401; x_wconf 83' lang='lat' dir='ltr'><strong>est</strong></span> <span class='ocrx_word' id='word_1_609' title='bbox 3755 4337 3821 4401; x_wconf 89' lang='lat' dir='ltr'><strong>in</strong></span> 
     </span>
     <span class='ocr_line' id='line_1_84' title="bbox 2277 4437 3815 4522; baseline 0.004 -20"><span class='ocrx_word' id='word_1_610' title='bbox 2277 4443 2691 4522; x_wconf 87' lang='lat' dir='ltr'><strong>paupertate,</strong></span> <span class='ocrx_word' id='word_1_611' title='bbox 2752 4460 2784 4497; x_wconf 77' lang='lat' dir='ltr'>n</span> <span class='ocrx_word' id='word_1_612' title='bbox 2838 4441 2958 4502; x_wconf 91' lang='lat' dir='ltr'><strong>etc.</strong></span> <span class='ocrx_word' id='word_1_613' title='bbox 3016 4437 3322 4504; x_wconf 86' lang='lat' dir='ltr'><strong>Inclinata</strong></span> <span class='ocrx_word' id='word_1_614' title='bbox 3365 4445 3461 4506; x_wconf 84' lang='lat' dir='ltr'><strong>est</strong></span> <span class='ocrx_word' id='word_1_615' title='bbox 3502 4441 3572 4506; x_wconf 93' lang='lat' dir='ltr'><strong>in</strong></span> <span class='ocrx_word' id='word_1_616' title='bbox 3627 4441 3815 4508; x_wconf 79' lang='lat' dir='ltr'><strong>affee-</strong></span> 
     </span>
     <span class='ocr_line' id='line_1_85' title="bbox 2277 4545 3818 4616; baseline 0.004 -6"><span class='ocrx_word' id='word_1_617' title='bbox 2277 4546 2450 4611; x_wconf 86' lang='lat' dir='ltr'><strong>tione</strong></span> <span class='ocrx_word' id='word_1_618' title='bbox 2475 4548 2521 4588; x_wconf 86' lang='lat'><strong>¹⁸</strong></span> <span class='ocrx_word' id='word_1_619' title='bbox 2553 4568 2568 4611; x_wconf 88' lang='lat'>:</span> <span class='ocrx_word' id='word_1_620' title='bbox 2613 4569 2645 4607; x_wconf 77' lang='grc' dir='ltr'><strong>α</strong></span> <span class='ocrx_word' id='word_1_621' title='bbox 2682 4545 2984 4610; x_wconf 76' lang='lat' dir='ltr'><strong>inclinata</strong></span> <span class='ocrx_word' id='word_1_622' title='bbox 3018 4550 3119 4610; x_wconf 88' lang='lat' dir='ltr'><strong>est</strong></span> <span class='ocrx_word' id='word_1_623' title='bbox 3156 4547 3239 4611; x_wconf 89' lang='lat' dir='ltr'><strong>ad</strong></span> <span class='ocrx_word' id='word_1_624' title='bbox 3276 4554 3548 4614; x_wconf 87' lang='lat' dir='ltr'><strong>mortem</strong></span> <span class='ocrx_word' id='word_1_625' title='bbox 3593 4549 3818 4616; x_wconf 86' lang='lat' dir='ltr'><strong>domus</strong></span> 
     </span>
     <span class='ocr_line' id='line_1_86' title="bbox 2277 4654 3816 4744; baseline 0.003 -25"><span class='ocrx_word' id='word_1_626' title='bbox 2277 4657 2450 4737; x_wconf 83' lang='lat' dir='ltr'><strong>ejus,</strong></span> <span class='ocrx_word' id='word_1_627' title='bbox 2498 4678 2528 4715; x_wconf 75' lang='lat' dir='ltr'>n</span> <span class='ocrx_word' id='word_1_628' title='bbox 2589 4660 2708 4721; x_wconf 88' lang='lat' dir='ltr'><strong>etc.</strong></span> <span class='ocrx_word' id='word_1_629' title='bbox 2776 4654 2954 4744; x_wconf 80' lang='lat' dir='ltr'><strong>Sicut</strong></span> <span class='ocrx_word' id='word_1_630' title='bbox 3005 4655 3178 4719; x_wconf 89' lang='lat' dir='ltr'><strong>enim</strong></span> <span class='ocrx_word' id='word_1_631' title='bbox 3237 4657 3455 4722; x_wconf 89' lang='lat' dir='ltr'><strong>anima</strong></span> <span class='ocrx_word' id='word_1_632' title='bbox 3518 4676 3632 4742; x_wconf 90' lang='lat' dir='ltr'><strong>per</strong></span> <span class='ocrx_word' id='word_1_633' title='bbox 3688 4658 3816 4723; x_wconf 78' lang='lat' dir='ltr'><strong>vir·</strong></span> 
     </span>
     <span class='ocr_line' id='line_1_87' title="bbox 2276 4762 3817 4850; baseline 0.003 -22"><span class='ocrx_word' id='word_1_634' title='bbox 2276 4767 2448 4828; x_wconf 87' lang='lat' dir='ltr'><strong>tutes</strong></span> <span class='ocrx_word' id='word_1_635' title='bbox 2492 4764 2769 4846; x_wconf 87' lang='lat' dir='ltr'><strong>erigitur</strong></span> <span class='ocrx_word' id='word_1_636' title='bbox 2816 4762 2942 4827; x_wconf 90' lang='lat' dir='ltr'><strong>Deo</strong></span> <span class='ocrx_word' id='word_1_637' title='bbox 2961 4811 2981 4843; x_wconf 88' lang='lat'><strong>,</strong></span> <span class='ocrx_word' id='word_1_638' title='bbox 3020 4763 3112 4828; x_wconf 83' lang='lat' dir='ltr'><strong>ita</strong></span> <span class='ocrx_word' id='word_1_639' title='bbox 3154 4765 3450 4832; x_wconf 85' lang='lat' dir='ltr'><strong>turbatur</strong></span> <span class='ocrx_word' id='word_1_640' title='bbox 3497 4785 3612 4850; x_wconf 85' lang='lat' dir='ltr'><strong>per</strong></span> <span class='ocrx_word' id='word_1_641' title='bbox 3666 4786 3817 4850; x_wconf 87' lang='lat' dir='ltr'><strong>pec-</strong></span> 
     </span>
     <span class='ocr_line' id='line_1_88' title="bbox 2275 4868 3814 4951; baseline 0.003 -16"><span class='ocrx_word' id='word_1_642' title='bbox 2275 4876 2512 4951; x_wconf 84' lang='lat' dir='ltr'><strong>catum,</strong></span> <span class='ocrx_word' id='word_1_643' title='bbox 2554 4876 2619 4935; x_wconf 90' lang='lat' dir='ltr'><strong>et</strong></span> <span class='ocrx_word' id='word_1_644' title='bbox 2653 4868 2997 4936; x_wconf 90' lang='lat' dir='ltr'><strong>inclinatur</strong></span> <span class='ocrx_word' id='word_1_645' title='bbox 3038 4872 3312 4938; x_wconf 86' lang='lat' dir='ltr'><strong>diabolo.</strong></span> <span class='ocrx_word' id='word_1_646' title='bbox 3366 4872 3539 4940; x_wconf 88' lang='lat' dir='ltr'><strong>Unde</strong></span> <span class='ocrx_word' id='word_1_647' title='bbox 3576 4874 3814 4940; x_wconf 69' lang='lat' dir='ltr'><strong>daemo-</strong></span> 
     </span>
     <span class='ocr_line' id='line_1_89' title="bbox 2277 4979 3818 5065; baseline 0.003 -23"><span class='ocrx_word' id='word_1_648' title='bbox 2277 4996 2393 5043; x_wconf 90' lang='lat' dir='ltr'><strong>nes</strong></span> <span class='ocrx_word' id='word_1_649' title='bbox 2435 4979 2651 5044; x_wconf 87' lang='lat' dir='ltr'><strong>dicunt</strong></span> <span class='ocrx_word' id='word_1_650' title='bbox 2689 4979 2772 5043; x_wconf 89' lang='lat' dir='ltr'><strong>ad</strong></span> <span class='ocrx_word' id='word_1_651' title='bbox 2815 4980 3098 5043; x_wconf 86' lang='lat' dir='ltr'><strong>animam</strong></span> <span class='ocrx_word' id='word_1_652' title='bbox 3119 4980 3164 5021; x_wconf 80' lang='lat'><strong>¹&#39;¹</strong></span> <span class='ocrx_word' id='word_1_653' title='bbox 3212 5002 3229 5044; x_wconf 71' lang='grc' dir='ltr'>ι</span> <span class='ocrx_word' id='word_1_654' title='bbox 3270 4979 3707 5065; x_wconf 73' lang='lat' dir='ltr'><strong>«Incurvare,</strong></span> <span class='ocrx_word' id='word_1_655' title='bbox 3746 4988 3818 5048; x_wconf 85' lang='lat' dir='ltr'><strong>ut</strong></span> 
     </span>
     <span class='ocr_line' id='line_1_90' title="bbox 2274 5084 3814 5174; baseline 0.001 -21"><span class='ocrx_word' id='word_1_656' title='bbox 2274 5092 2700 5153; x_wconf 85' lang='lat' dir='ltr'><strong>transeamus.</strong></span> <span class='ocrx_word' id='word_1_657' title='bbox 2730 5107 2763 5147; x_wconf 73' lang='lat' dir='ltr'><strong>n</strong></span> <span class='ocrx_word' id='word_1_658' title='bbox 2798 5084 2955 5152; x_wconf 85' lang='lat' dir='ltr'><strong>Item</strong></span> <span class='ocrx_word' id='word_1_659' title='bbox 2983 5105 3246 5152; x_wconf 88' lang='lat' dir='ltr'><strong>sursum</strong></span> <span class='ocrx_word' id='word_1_660' title='bbox 3278 5106 3413 5156; x_wconf 90' lang='lat' dir='ltr'><strong>non</strong></span> <span class='ocrx_word' id='word_1_661' title='bbox 3448 5092 3709 5174; x_wconf 89' lang='lat' dir='ltr'><strong>respicit</strong></span> <span class='ocrx_word' id='word_1_662' title='bbox 3748 5090 3814 5155; x_wconf 90' lang='lat' dir='ltr'><strong>in</strong></span> 
     </span>
    </p>
   </div>
   <div class='ocr_carea' id='block_1_9' title="bbox 2277 5286 3813 5498">
    <p class='ocr_par' dir='ltr' id='par_1_13' title="bbox 2277 5286 3813 5498">
     <span class='ocr_line' id='line_1_91' title="bbox 2277 5286 3813 5356; baseline 0.003 -17"><span class='ocrx_word' id='word_1_663' title='bbox 2277 5302 2360 5352; x_wconf 74' lang='lat' dir='ltr'><strong>xu,</strong></span> <span class='ocrx_word' id='word_1_664' title='bbox 2394 5291 2474 5339; x_wconf 82' lang='lat'><strong>39.</strong></span> <span class='ocrx_word' id='word_1_665' title='bbox 2510 5315 2561 5325; x_wconf 94' lang='lat'>—</span> <span class='ocrx_word' id='word_1_666' title='bbox 2602 5290 2637 5323; x_wconf 86' lang='lat'><strong>¹¹</strong></span> <span class='ocrx_word' id='word_1_667' title='bbox 2678 5286 2884 5351; x_wconf 65' lang='lat' dir='ltr'><strong>Manli„</strong></span> <span class='ocrx_word' id='word_1_668' title='bbox 2923 5300 3041 5350; x_wconf 74' lang='grc' dir='ltr'>νιιι.</span> <span class='ocrx_word' id='word_1_669' title='bbox 3077 5294 3124 5341; x_wconf 82' lang='grc'><strong>3.</strong></span> <span class='ocrx_word' id='word_1_670' title='bbox 3155 5316 3218 5327; x_wconf 92' lang='grc'>-</span> <span class='ocrx_word' id='word_1_671' title='bbox 3245 5292 3285 5326; x_wconf 76' lang='lat'><strong>¹¹</strong></span> <span class='ocrx_word' id='word_1_672' title='bbox 3314 5291 3445 5355; x_wconf 65' lang='lat' dir='ltr'><strong>tanc„</strong></span> <span class='ocrx_word' id='word_1_673' title='bbox 3481 5304 3611 5356; x_wconf 82' lang='lat' dir='ltr'><strong>xm,</strong></span> <span class='ocrx_word' id='word_1_674' title='bbox 3644 5294 3723 5343; x_wconf 79' lang='lat'><strong>¹3.</strong></span> <span class='ocrx_word' id='word_1_675' title='bbox 3753 5313 3813 5328; x_wconf 94' lang='lat'>-</span> 
     </span>
     <span class='ocr_line' id='line_1_92' title="bbox 2280 5360 3811 5426; baseline 0.001 -16"><span class='ocrx_word' id='word_1_676' title='bbox 2280 5362 2319 5395; x_wconf 80' lang='lat'><strong>¹¹</strong></span> <span class='ocrx_word' id='word_1_677' title='bbox 2342 5360 2491 5420; x_wconf 72' lang='lat' dir='ltr'><strong>ibid„</strong></span> <span class='ocrx_word' id='word_1_678' title='bbox 2522 5364 2662 5410; x_wconf 90' lang='grc'><strong>11.-</strong></span> <span class='ocrx_word' id='word_1_679' title='bbox 2687 5361 2729 5394; x_wconf 69' lang='lat'><strong>¹*</strong></span> <span class='ocrx_word' id='word_1_680' title='bbox 2748 5360 2904 5411; x_wconf 86' lang='lat' dir='ltr'><strong>Bern.</strong></span> <span class='ocrx_word' id='word_1_681' title='bbox 2930 5385 2991 5399; x_wconf 91' lang='lat'>—</span> <span class='ocrx_word' id='word_1_682' title='bbox 3015 5361 3057 5396; x_wconf 80' lang='lat'><strong>¹⁸</strong></span> <span class='ocrx_word' id='word_1_683' title='bbox 3077 5361 3219 5413; x_wconf 73' lang='lat' dir='ltr'><strong>Psal-</strong></span> <span class='ocrx_word' id='word_1_684' title='bbox 3241 5375 3380 5426; x_wconf 81' lang='lat' dir='ltr'><strong>xxx,</strong></span> <span class='ocrx_word' id='word_1_685' title='bbox 3409 5364 3615 5414; x_wconf 78' lang='lat'><strong>¹1.—¹·</strong></span> <span class='ocrx_word' id='word_1_686' title='bbox 3642 5363 3811 5422; x_wconf 72' lang='lat' dir='ltr'><strong>Pmo„</strong></span> 
     </span>
     <span class='ocr_line' id='line_1_93' title="bbox 2277 5430 3102 5498; baseline 0.005 -17"><span class='ocrx_word' id='word_1_687' title='bbox 2277 5442 2345 5493; x_wconf 87' lang='grc' dir='ltr'><strong>ιι,</strong></span> <span class='ocrx_word' id='word_1_688' title='bbox 2397 5433 2469 5482; x_wconf 80' lang='lat'><strong>18.</strong></span> <span class='ocrx_word' id='word_1_689' title='bbox 2507 5457 2558 5467; x_wconf 88' lang='lat'><strong>-—</strong></span> <span class='ocrx_word' id='word_1_690' title='bbox 2591 5430 2630 5465; x_wconf 83' lang='lat'><strong>¹⁷</strong></span> <span class='ocrx_word' id='word_1_691' title='bbox 2664 5431 2737 5482; x_wconf 79' lang='lat' dir='ltr'><strong>Ex</strong></span> <span class='ocrx_word' id='word_1_692' title='bbox 2766 5431 2887 5497; x_wconf 65' lang='lat' dir='ltr'><strong>lea„</strong></span> <span class='ocrx_word' id='word_1_693' title='bbox 2922 5444 2993 5498; x_wconf 77' lang='lat' dir='ltr'><strong>m,</strong></span> <span class='ocrx_word' id='word_1_694' title='bbox 3022 5433 3102 5485; x_wconf 84' lang='lat'><strong>23.</strong></span> 
     </span>
    </p>
   </div>
  </div>
 </body>
</html>
