4059 6317
669 502 751 565 38
1754 489 2173 561 SERMONES
2213 490 2308 559 DE
2347 491 2746 560 TEMPORE.

670 648 825 698 rum
846 630 1148 712 curritur,
1175 631 1497 715 implendo
1536 633 1601 698 et
1643 628 1983 715 operando.
2039 627 2208 706 Quot

673 738 1547 823 enimbonaoperafeceris,
1575 736 1987 822 totpassibus
2014 734 2096 818 (a)
2124 734 2207 799 ad

674 863 884 930 regna
909 844 1186 912 coetestia
1209 846 1438 912 curris.
1460 848 1480 885 ¹
1504 847 1621 915 Sic
1644 848 1918 924 currite,
1946 849 2023 910 ut
2049 856 2210 909 eom-

670 951 1107 1040 prehendam.
1141 952 1261 1020 Per
1287 954 1455 1020 hanc
1494 955 1670 1022 viam
1696 951 1876 1019 veuit
1906 949 2214 1016 Dominus

676 1065 741 1128 te
762 1061 1142 1128 confirmare
1158 1062 1231 1146 (b)
1254 1079 1371 1146 per
1390 1062 1668 1146 gratiam
1695 1060 1967 1144 Spiritus
1983 1057 2209 1138 saneti,

676 1188 761 1238 ne
797 1168 1096 1235 deficias:
1135 1169 1209 1238 Si
1248 1170 1550 1238 dimisero
1592 1185 1691 1237 eos
1707 1167 1968 1251 jejunos
1989 1215 2007 1248 ,
2046 1165 2216 1246 deti-

678 1277 851 1345 cient
871 1278 951 1344 in
977 1277 1093 1345 via
1117 1279 1145 1315 ¹
1165 1299 1192 1346 .·
1213 1278 1329 1343 ubi
1354 1281 1594 1362 septem
1619 1273 1894 1361 panibus
1917 1322 1935 1356 ,
1981 1273 2219 1338 scilicet

680 1385 924 1468 septem
948 1382 1268 1450 donorum
1292 1383 1569 1468 Spiritus
1594 1382 1798 1448 sancti
1812 1430 1832 1460 ,
1856 1379 2058 1446 reficit
2084 1378 2218 1444 ani·

682 1509 882 1557 mam.
939 1489 1094 1570 Quis
1141 1491 1302 1558 vidit
1344 1508 1634 1576 unquam
1696 1486 2027 1554 comedere
2077 1486 2222 1552 dor·

684 1599 988 1666 mientem
1001 1601 1035 1664 ¹?
1061 1598 1234 1667 Pane
1259 1599 1466 1683 igitur
1490 1598 1719 1682 gratiae
1739 1613 1872 1666 non
1891 1594 2219 1673 reficieris,

686 1705 811 1772 nisi
832 1705 1014 1790 prius
1038 1706 1118 1772 de
1150 1722 1377 1772 somno
1402 1703 1690 1790 ,torporis
1715 1707 1779 1770 et
1808 1701 2223 1786 negligentiae

688 1812 1045 1879 surrexeris
1062 1816 1086 1854 ¹
1115 1831 1133 1877 ε
1166 1811 1364 1896 Surae
1384 1862 1401 1894 ,
1432 1810 1713 1891 concede,
1745 1808 2017 1894 arandis
2056 1809 2226 1876 enim

690 1926 889 1993 restat
938 1922 1065 1992 tibi
1106 1924 1242 1991 via.
1289 1921 1452 1989 Vere
1494 1920 1767 2006 orandis
1793 1939 1817 1983 .·
1860 1918 2007 2003 quis
2054 1916 2228 1982 enim

692 2049 917 2100 omnes
952 2047 1212 2116 passus,
1240 2030 1475 2115 quibus
1501 2030 1759 2098 venitur
1795 2028 1876 2094 ad
1905 2027 2106 2094 vitam
2138 2043 2226 2092 ae-

693 2143 945 2206 ternam
966 2187 986 2221 ,
1014 2155 1393 2205 enumerare
1418 2141 1622 2221 potest
1643 2138 1677 2201 ¹?

774 2246 863 2313 De
887 2246 1077 2314 tertio
1106 2253 1182 2330 (c)
1200 2248 1224 2284 ⁸
1256 2270 1273 2313 t
1299 2247 1574 2316 Delicaii
1594 2248 1725 2314 mei
1749 2244 2233 2314 ambulaverunt

696 2357 846 2426 vias
888 2372 1148 2439 asperas
1168 2405 1188 2438 ,
1220 2358 1340 2421 etc.
1389 2354 1599 2420 Etiam
1640 2367 1882 2436 asperae
1913 2353 2067 2416 sunt
2109 2349 2233 2415 viae

697 2463 1208 2550 persecutionum
1253 2466 1318 2527 et
1354 2461 1837 2527 tribulationum
1859 2506 1877 2540 ,
1919 2475 2080 2543 quas
2117 2456 2236 2522 ho-

698 2572 907 2639 mines
931 2572 1133 2637 sancti
1155 2571 1225 2636 in
1253 2587 1516 2655 corpore
1554 2570 1712 2635 etin
1758 2569 2003 2649 anima,
2054 2570 2122 2652 et
2165 2566 2235 2631 in

699 2682 895 2748 rebus
930 2679 1267 2763 patiuntur
1291 2697 1313 2746 z
1337 2679 1408 2743 in
1439 2677 1676 2762 quibus
1712 2696 1826 2761 per
1864 2675 2237 2760 patientiam

702 2786 1162 2853 ambulandum
1187 2788 1303 2851 est.
1348 2785 1474 2850 Sed
1499 2784 1657 2849 dicis
1688 2806 1703 2849 :
1736 2783 2056 2867 quomodo
2093 2799 2235 2867 pos-

704 2909 847 2961 sum
897 2893 1209 2978 patienter
1260 2894 1592 2958 ambulare
1606 2941 1626 2974 ,
1671 2909 1821 2957 cum
1869 2891 1961 2956 ita
2016 2909 2241 2975 aspera

708 3003 902 3070 verba
944 3001 1104 3067 mibi
1146 3001 1391 3067 dederit
1439 3001 1578 3067 sine
1622 3018 1816 3066 causa
1835 3002 1869 3065 Ἰ
1905 3000 2083 3067 Certe
2132 3001 2241 3067 illa

704 3111 906 3177 verba
932 3109 1111 3194 ponit
1146 3108 1434 3174 diabolus
1459 3123 1576 3193 pro
1611 3107 1874 3192 laqueis.
1914 3108 2242 3174 Sustineas

706 3219 982 3286 verbum
1029 3233 1327 3300 asperum
1376 3216 1653 3301 proximi
1704 3216 1837 3298 tui,
1888 3220 1966 3283 ut
2014 3218 2247 3285 evadas

709 3325 982 3392 verbum
998 3341 1296 3408 asperum
1317 3323 1566 3405 Christi,
1590 3324 1669 3390 de
1686 3341 1819 3407 quo
1835 3324 1905 3390 in
1927 3323 2237 3391 PsaImo‘:

712 3435 852 3519 Ipse
874 3432 1165 3501 liberabit
1193 3448 1290 3500 me
1320 3432 1397 3501 de
1423 3433 1644 3517 laqueo
1682 3434 2052 3501 venantium
2067 3485 2084 3517 ,
2117 3441 2179 3504 et
2206 3453 2249 3504 a

713 3540 896 3611 verbo
920 3554 1179 3630 aspero,
1209 3539 1381 3623 quod
1406 3538 1578 3604 est⁸2
1605 3540 1703 3607 Ite
1724 3588 1742 3621 ,
1774 3539 2104 3609 maledicti
2121 3590 2142 3622 ,
2173 3544 2250 3609 in

716 3649 928 3734 ionem
957 3647 1287 3714 oeterrmm.
1316 3644 1646 3711 Psalmista
1665 3645 1690 3684 '¹
1723 3667 1739 3712 ε
1769 3641 2037 3730 Propter
2063 3649 2253 3718 verba

720 3755 1034 3825 labiorum
1059 3758 1333 3833 tuorum,
1363 3768 1474 3837 eqo
1500 3751 1827 3821 custodivi
1852 3755 1999 3821 vias
2023 3754 2248 3824 duras.

722 3863 959 3944 Quare,
1006 3862 1202 3928 miser
1249 3861 1441 3926 bomo
1468 3909 1491 3942 ,
1532 3861 1873 3945 impatiens
1919 3880 1988 3928 es
2036 3868 2256 3931 contra

723 3990 865 4052 eos,
918 3970 1030 4055 qui
1071 3969 1187 4034 tibi
1231 3967 1558 4034 serviunt?
1608 3967 1966 4035 Bernardus
1987 3975 2011 4013 ⁸
2045 3993 2061 4036 ε
2095 3972 2257 4050 Quid

724 4077 851 4144 uisi
876 4077 1117 4143 servire
1143 4076 1373 4156 dicam,
1394 4076 1506 4159 qui
1535 4075 1693 4141 mihi
1720 4077 1885 4142 radit
1912 4082 2127 4161 caput,
2154 4079 2260 4144 vel

726 4185 1220 4252 calceamentum
1249 4183 1476 4266 tergit,
1503 4184 1605 4249 vel
1632 4187 1871 4249 terram
1896 4187 2118 4251 rorat?
2145 4187 2260 4252 Ca·

728 4297 845 4378 put
866 4289 1062 4373 radit,
1087 4291 1201 4375 qui
1216 4289 1589 4374 temporalia
1609 4291 1772 4356 tollit
1795 4312 1812 4356 2
1841 4292 2264 4358 calceamenta

727 4397 954 4483 tergit,
992 4399 1103 4483 qui
1140 4415 1370 4482 corpus
1403 4398 1700 4464 verberat
1730 4421 1746 4463 z
1778 4402 2016 4464 terram
2053 4406 2260 4485 rorat,

731 4507 845 4593 qui
868 4523 1076 4591 usque
1099 4507 1181 4572 ad
1206 4505 1520 4589 lacrymas
1548 4505 1833 4573 tribulat.
1870 4527 1901 4567 n
1939 4508 2061 4575 Per
2099 4509 2265 4576 hanc

730 4611 905 4682 viam
934 4614 1109 4682 venit
1147 4613 1456 4680 Dominus
1486 4614 1567 4679 de
1607 4613 1778 4680 fonte
1814 4615 2265 4684 misericordiae

732 4741 867 4790 suae
890 4721 1219 4787 hominem
1243 4720 1620 4786 consolando
1645 4722 2023 4803 refrigerare
2048 4728 2268 4790 contra

734 4834 962 4896 aestum
984 4825 1407 4895 tribulationis
1427 4827 1718 4911 exemplo
1735 4843 1852 4894 suo
1871 4831 1897 4871 ·
1917 4851 1933 4894 :
1960 4831 2144 4898 Iesus
2174 4834 2271 4913 fa-

736 4937 985 5021 tiqatus
1009 4952 1094 5004 ecc
1113 4938 1344 5005 itinere
1370 4931 1622 5002 sedebat
1645 4945 1833 5018 super
1852 4937 2111 5018 sontem.

816 5045 906 5112 De
926 5045 1154 5129 quarto
1166 5043 1253 5129 (d)
1263 5046 1308 5087 ¹⁰
1324 5064 1340 5109 ε
1358 5042 1631 5111 Ambula
1642 5059 1761 5126 per
1772 5047 1951 5112 viam
1963 5045 2056 5113 ad
2067 5046 2272 5131 splen-

804 5207 869 5257 ¹l
910 5206 1048 5271 Con,
1077 5217 1162 5271 1x,
1195 5208 1273 5258 24.
1310 5231 1364 5242 -
1396 5206 1419 5240 ¹
1444 5205 1623 5268 Marc„
1650 5217 1777 5271 vm,
1805 5207 1851 5258 3.
1880 5233 1944 5245 —
1970 5208 1994 5245 ⁸
2027 5209 2093 5260 ΙΙΙ
2132 5205 2273 5277 aeq„

836 5312 857 5340 ,
877 5281 925 5328 5.
948 5301 1008 5315 —
1035 5278 1058 5313 ὅ
1081 5277 1226 5341 Bar„
1260 5288 1329 5342 iv,
1351 5273 1431 5327 26.
1456 5301 1513 5312 —
1540 5276 1560 5307 ⁸
1578 5275 1716 5326 Psal.
1747 5288 1833 5340 xc,
1861 5279 1908 5328 3.
1928 5305 1990 5316 —
2017 5277 2042 5310 ⁰
2066 5280 2270 5341 Halm..

848 5382 867 5410 ,
896 5347 975 5398 4¹.
1003 5373 1065 5387 —
1097 5348 1121 5386 ‘¹
1148 5343 1285 5398 Peal.
1321 5357 1428 5406 xv1,
1459 5345 1505 5397 t.
1535 5373 1597 5383 —
1634 5348 1653 5379 ⁸
1677 5345 1831 5398 Bern.
1857 5375 1920 5387 —
1952 5350 1973 5381 ⁰
1999 5350 2166 5412 Joan„
2197 5363 2269 5415 lv,

779 5453 793 5468 .
908 5415 951 5455 ί·
976 5420 1121 5485 Bm,
1148 5431 1218 5483 tv,
1247 5419 1296 5470 2.
1324 5446 1386 5458 —
1411 5418 1452 5455 ¹¹
1478 5415 1591 5480 lob,
1618 5425 1848 5479 num,
1878 5421 1956 5473 24.
1980 5447 2045 5459 —
2070 5422 2112 5457 ¹¹
2137 5422 2272 5485 Luc„

876 5489 1000 5563 ,ἢ
1026 5516 1088 5540 -.-
1118 5485 1157 5527 ¹⁸
1180 5491 1351 5557 prov„
1382 5493 1519 5564 xxx,
1547 5487 1623 5543 η.
1652 5513 1714 5540 -z-
1740 5490 1787 5536 ²⁸
1811 5490 1946 5557 Luc„
1974 5503 2077 5557 vti,
2111 5497 2184 5556 ιι.
2208 5520 2271 5536 --

742 5285 849 5397 ΞΕ

742 5420 881 5550 s?

2315 628 2532 695 dorem
2558 627 2698 711 effus
2722 631 2944 697 contra
2968 627 3183 695 lumen
3207 627 3367 711 eius,
3395 626 3629 694 scilicet
3650 628 3835 711 legis.

2318 734 2389 799 In
2413 736 2536 802 hac
2560 736 2668 803 via
2688 785 2706 819 ,
2735 739 2977 820 quanto
3001 735 3145 819 plus
3170 738 3266 801 est
3291 735 3486 801 homo
3507 735 3579 800 in
3604 735 3842 800 lumine

2316 842 2698 926 cognitionis
2714 892 2735 924 ,
2786 847 2964 910 tanto
3005 843 3151 926 plus
3175 843 3538 909 accenditur
3572 845 3725 927 igne
3752 844 3848 909 di-

2316 951 2601 1017 lectionis
2627 952 2670 989 ’ί
2701 967 2721 1016 2
2754 949 2878 1019 Per
2906 967 3102 1035 quam
3128 952 3308 1018 viam
3349 953 3688 1036 sparqitur
3713 953 3846 1032 litat,

2320 1057 2648 1127 dividitur
2674 1063 2867 1127 cestus
2892 1074 3084 1141 super
3108 1062 3368 1126 terram.
3395 1059 3519 1123 Per
3538 1058 3712 1125 hanc
3736 1060 3856 1142 igi-

2320 1169 2430 1231 tur
2452 1167 2628 1231 viam
2653 1166 2831 1232 venit
2861 1163 3167 1231 Dominus
3192 1166 3274 1231 ad
3304 1183 3590 1232 amorem
3620 1184 3733 1231 cor
3757 1166 3858 1232 in-

2323 1273 2655 1338 flammare
2671 1274 2715 1311 ¹⁸
2733 1294 2749 1339 z
2769 1273 2991 1342 Nonne
3011 1286 3119 1341 cor
3142 1279 3434 1342 nostrum
3462 1272 3704 1341 ardeus
3729 1278 3864 1343 erat

2326 1383 2403 1449 in
2428 1381 2647 1462 uobis,
2675 1383 2796 1447 ete.

2407 1487 2559 1554 Haec
2590 1491 2794 1571 potest
2839 1505 2975 1553 esse
3014 1487 3125 1552 illa
3161 1487 3562 1573 quadruplex
3600 1490 3747 1565 via,
3791 1489 3870 1555 de

2329 1613 2459 1680 qua
2474 1596 2520 1634 ¹⁸
2536 1615 2553 1661 ε
2578 1596 2733 1663 Tria
2748 1605 2901 1664 sunt
2911 1593 3079 1663 mihi
3095 1593 3422 1680 difficilia,
3443 1601 3562 1663 etc.
3589 1598 3723 1667 Via
3739 1600 3869 1666 vin

2333 1706 2403 1770 in
2430 1705 2858 1774 adolescentia
2881 1708 2978 1771 est
2997 1705 3106 1772 via
3129 1705 3563 1771 conversionis
3581 1705 3631 1744 ¹⁸
3655 1727 3673 1770 z
3699 1705 3870 1773 Ado-

2334 1811 2585 1890 lescens,
2604 1812 2729 1880 tibi
2736 1811 2902 1892 dieo,
2914 1827 3126 1895 surae.
3139 1812 3438 1879 “Bonum
3451 1812 3874 1891 estvirostum

2331 1920 2917 2006 portaveritjuqum
2928 1919 3440 1988 abadotescentia
3449 1934 3595 2001 sua,
3607 1921 3731 1984 etc.
3753 1918 3876 1986 Via

2335 2029 2613 2096 navisin
2621 2030 2792 2095 mari
2799 2031 2895 2092 est
2909 2027 3522 2095 viaactionis2activi
3533 2028 3715 2093 enim
3729 2045 3876 2094 eum

2338 2136 2681 2203 virtutibus
2720 2135 3037 2202 bonorum
3081 2149 3352 2220 operum
3408 2137 3728 2218 navigant
3765 2153 3876 2221 per

2342 2263 2520 2311 mare
2546 2245 2771 2310 mundi
2789 2243 3088 2328 periculis
3111 2244 3348 2311 multis.
3378 2243 3557 2312 Unde
3577 2247 3877 2313 ardenter

2340 2353 2640 2419 invocare
2654 2353 2881 2419 debent
2894 2354 3095 2419 Deum
3119 2353 3195 2419 ¹⁸:
3221 2354 3508 2436 Domine,
3531 2355 3722 2422 salva
3739 2371 3872 2437 nos,

2337 2463 2651 2545 perimus.
2692 2462 2820 2530 Via
2851 2461 3093 2530 colubri
3132 2477 3326 2546 super
3367 2470 3621 2547 petram
3657 2467 3753 2530 est
3778 2465 3881 2530 via

2343 2570 2672 2653 passionis,
2694 2574 2952 2653 propter
2977 2569 3278 2635 duritiam
3298 2573 3516 2654 patrm,
3535 2576 3599 2636 et
3624 2577 3881 2655 propter

2343 2676 2749 2761 prudentiam
2767 2677 3031 2743 colubri.
3049 2677 3317 2744 Coluber
3331 2678 3505 2743 enim
3522 2696 3758 2763 corpus
3769 2698 3880 2763 pro

2347 2784 2548 2867 capite
2556 2784 2840 2867 exponit:
2855 2784 2946 2850 sic
2957 2789 3096 2865 nos,
3113 2789 3188 2850 ut
3200 2789 3395 2869 caput
3402 2789 3696 2852 nostrum
3710 2785 3882 2853 Chri·

2349 2897 2516 2959 stum
2541 2894 2892 2973 teneamus,
2926 2891 3208 2976 corporis
3229 2892 3552 2975 passiones
3569 2895 3882 2961 sustinere

2350 3004 2654 3069 debemus
2679 3003 2722 3040 ¹⁷
2757 3003 3016 3071 :Estote
3039 3001 3382 3086 prudentes
3411 3004 3581 3072 sicut
3629 3020 3882 3088 serpen-

2354 3116 2443 3177 tes
2467 3157 2485 3189 ,
2514 3116 2635 3175 etc.
2681 3109 2808 3177 Via
2834 3110 3072 3194 aquiloe
3094 3112 3171 3178 iu
3210 3110 3360 3179 coelo
3389 3114 3487 3176 est
3514 3111 3588 3195 (e)
3631 3116 3887 3198 propter

2353 3221 2613 3285 acutum
2639 3219 2849 3286 visum
2876 3219 3140 3303 aquilae,
3170 3223 3234 3285 et
3259 3220 3461 3285 altum
3487 3221 3776 3288 volatum
3804 3223 3884 3286 ¹⁸:

2356 3326 2690 3411 Numquid
2736 3326 2826 3393 ad
2875 3333 3262 3410 proeceptum
3315 3330 3496 3394 tuum
3539 3323 3891 3397 elevabitur

2357 3435 2603 3518 aquila,
2620 3439 2678 3502 et
2703 3436 2778 3501 iu
2799 3432 3032 3501 arduis
3055 3439 3239 3516 ponet
3261 3433 3495 3501 nidum
3515 3437 3750 3503 suum?
3773 3441 3888 3502 etc.

2484 3658 2562 3735 IN
2603 3656 2895 3735 VIGILIA
2937 3653 3430 3734 NATIVITATIS
3473 3657 3771 3738 DOMINI.

2785 3836 3074 3908 SERMO
3117 3836 3468 3908 PRIMUS.

2455 3971 2632 4039 Vade
2658 3969 2747 4040 ad
2768 3970 3097 4057 populum,
3128 3976 3190 4040 et
3212 3971 3558 4055 sanctifica
3583 3972 3759 4041 illos.
3790 3971 3904 4042 Ho-

2369 4077 2476 4148 die
2521 4087 2583 4149 ec
2624 4096 2768 4147 cras
2807 4080 3019 4147 lavent
3045 4081 3417 4147 vestimenta
3444 4093 3615 4147 sua:
3666 4087 3734 4149 et
3774 4082 3908 4149 sint

2365 4191 2588 4273 parati
2612 4190 2690 4256 iu
2731 4187 2899 4255 diem
2943 4189 3226 4256 tertium.
3260 4189 3342 4253 1η
3366 4187 3475 4254 die
3516 4190 3690 4255 enim
3717 4191 3906 4258 tertio

2372 4295 2696 4363 descendet
2726 4297 3035 4362 Dominus
3058 4310 3271 4363 coram
3297 4297 3475 4363 omni
3509 4294 3684 4378 plebe
3717 4312 3908 4380 super

2373 4407 2641 4472 montem
2660 4403 2864 4469 Sinai
2905 4403 2973 4465 ¹⁹.
3022 4401 3198 4466 Circa
3242 4402 3614 4468 descensum
3658 4401 3908 4467 Domini

2375 4509 2453 4576 ad
2480 4528 2597 4575 nos
2623 4528 2736 4594 per
2761 4512 2905 4593 ejus
2930 4507 3327 4574 nativitatem
3345 4556 3366 4588 ,
3405 4523 3603 4592 quam
3627 4508 3697 4572 in
3723 4508 3910 4573 tertio

2376 4618 2499 4699 die,
2531 4617 2655 4682 Deo
2680 4616 2896 4697 dante,
2927 4615 3385 4682 celebrabimus
3401 4663 3417 4694 ‚
3448 4615 3746 4682 dicentur
3771 4615 3910 4681 haec

2375 4725 2535 4789 tria:
2556 4723 2859 4806 temporis
2881 4723 3248 4806 assignatio,
3280 4721 3370 4788 ibi
3395 4745 3411 4789 ε
3440 4725 3522 4789 Iu
3547 4722 3658 4791 die
3685 4725 3876 4792 tertio
3890 4746 3907 4802 ;

2378 4831 2859 4915 suscipientium
2895 4830 3274 4914 praeparatio
3298 4879 3320 4911 ,
3360 4830 3449 4894 ibi
3495 4851 3511 4894 ε
3553 4832 3917 4914 sanctifica

2379 4937 2524 5007 illos
2541 4987 2563 5018 ‚
2594 4942 2747 5016 etc.;
2797 4935 3094 5003 veniendi
3134 4936 3535 5018 certificatio,
3585 4937 3677 5003 ibi
3708 4959 3726 5003 ε
3760 4937 3914 5006 Des·

2379 5046 2600 5115 cendet
2624 5046 2941 5114 Dominus
2956 5094 2973 5126 ,
3002 5048 3122 5110 etc.

2381 5195 2425 5231 ¹⁸
2453 5193 2645 5254 Three,
2681 5204 2759 5254 m,
2789 5195 2868 5243 27.
2898 5217 2960 5229 —
2992 5192 3032 5228 ¹·
3060 5189 3262 5256 naith„
3295 5201 3412 5254 vui,
3444 5193 3522 5243 25.
3558 5218 3622 5231 -
3655 5192 3690 5229 ¹¹¹
3717 5192 3920 5252 Ham„

2384 5277 2438 5328 x,
2471 5270 2543 5317 ιθ.
2573 5292 2634 5305 -
2665 5266 2709 5301 ¹⁸
2743 5264 2873 5327 lob..
2901 5275 3089 5328 xxxix,
3118 5263 3197 5314 27.
3230 5289 3285 5300 —
3326 5263 3367 5297 ¹⁸
3399 5261 3578 5327 evod,
3614 5275 3722 5328 xix,
3760 5268 3920 5315 to-tt.

2447 5346 2519 5412 (a)
2562 5345 2684 5397 coet.
2715 5344 2838 5396 edit.
2879 5343 3216 5410 passionibus.
3246 5365 3307 5382 -—
3332 5342 3396 5409 (b)
3433 5343 3556 5394 Item
3580 5342 3921 5396 conformare.

2383 5444 2445 5458 —
2465 5418 2525 5483 (e)
2554 5417 2669 5481 [ις.
2695 5417 2863 5469 tertia.
2901 5442 2955 5453 -
2977 5415 3052 5483 (d)
3078 5417 3194 5479 Leo.
3220 5420 3419 5484 quarta.
3447 5441 3508 5456 —
3539 5415 3815 5486 (e)su1spe.
3842 5414 3922 5471 via

2384 5488 2842 5553 contemplationis.
