<?xml version="1.0" encoding="UTF-8"?>
<!DOCTYPE html PUBLIC "-//W3C//DTD XHTML 1.0 Transitional//EN"
    "http://www.w3.org/TR/xhtml1/DTD/xhtml1-transitional.dtd">
<html xmlns="http://www.w3.org/1999/xhtml" xml:lang="en" lang="en">
 <head>
  <title>
</title>
<meta http-equiv="Content-Type" content="text/html;charset=utf-8" />
  <meta name='ocr-system' content='tesseract 3.04.00' />
  <meta name='ocr-capabilities' content='ocr_page ocr_carea ocr_par ocr_line ocrx_word'/>
</head>
<body>
  <div class='ocr_page' id='page_1' title='image "./srecardinalissb02peltgoog_0625.png"; bbox 0 0 4059 6317; ppageno 0'>
   <div class='ocr_carea' id='block_1_1' title="bbox 1256 434 2321 503">
    <p class='ocr_par' dir='ltr' id='par_1_1' title="bbox 1256 434 2321 503">
     <span class='ocr_line' id='line_1_1' title="bbox 1256 434 2321 503; baseline -0.001 -2"><span class='ocrx_word' id='word_1_1' title='bbox 1256 435 1358 502; x_wconf 86' lang='lat' dir='ltr'><strong>DE</strong></span> <span class='ocrx_word' id='word_1_2' title='bbox 1399 435 1467 501; x_wconf 90' lang='lat' dir='ltr'><strong>S.</strong></span> <span class='ocrx_word' id='word_1_3' title='bbox 1506 434 1763 503; x_wconf 86' lang='lat' dir='ltr'>PETRO</span> <span class='ocrx_word' id='word_1_4' title='bbox 1804 436 1909 502; x_wconf 82' lang='lat' dir='ltr'><strong>An</strong></span> <span class='ocrx_word' id='word_1_5' title='bbox 1950 434 2321 502; x_wconf 81' lang='lat' dir='ltr'>VINCULA.</span> 
     </span>
    </p>
   </div>
   <div class='ocr_carea' id='block_1_2' title="bbox 109 565 1748 4500">
    <p class='ocr_par' dir='ltr' id='par_1_2' title="bbox 109 565 1748 4500">
     <span class='ocr_line' id='line_1_2' title="bbox 173 565 1733 646; baseline 0.003 -21"><span class='ocrx_word' id='word_1_6' title='bbox 173 565 325 642; x_wconf 86' lang='lat' dir='ltr'><strong>gine</strong></span> <span class='ocrx_word' id='word_1_7' title='bbox 361 566 701 642; x_wconf 74' lang='lat' dir='ltr'><strong>insignitam</strong></span> <span class='ocrx_word' id='word_1_8' title='bbox 718 610 739 641; x_wconf 95' lang='lat'><strong>,</strong></span> <span class='ocrx_word' id='word_1_9' title='bbox 782 566 865 625; x_wconf 87' lang='lat' dir='ltr'><strong>ad</strong></span> <span class='ocrx_word' id='word_1_10' title='bbox 901 568 1136 627; x_wconf 84' lang='lat' dir='ltr'><strong>terrena</strong></span> <span class='ocrx_word' id='word_1_11' title='bbox 1179 572 1513 645; x_wconf 85' lang='lat' dir='ltr'><strong>convertat,</strong></span> <span class='ocrx_word' id='word_1_12' title='bbox 1550 576 1733 646; x_wconf 84' lang='lat' dir='ltr'><strong>seque</strong></span> 
     </span>
     <span class='ocr_line' id='line_1_3' title="bbox 177 660 1732 738; baseline 0.001 -18"><span class='ocrx_word' id='word_1_13' title='bbox 177 664 375 721; x_wconf 78' lang='lat' dir='ltr'><strong>totam</strong></span> <span class='ocrx_word' id='word_1_14' title='bbox 410 660 685 735; x_wconf 72' lang='lat' dir='ltr'><strong>subjiciat</strong></span> <span class='ocrx_word' id='word_1_15' title='bbox 725 665 924 735; x_wconf 70' lang='lat' dir='ltr'><strong>terrm,</strong></span> <span class='ocrx_word' id='word_1_16' title='bbox 960 668 1146 737; x_wconf 72' lang='lat' dir='ltr'><strong>quam</strong></span> <span class='ocrx_word' id='word_1_17' title='bbox 1184 662 1389 723; x_wconf 81' lang='lat' dir='ltr'><strong>calcat.</strong></span> <span class='ocrx_word' id='word_1_18' title='bbox 1419 664 1575 735; x_wconf 87' lang='lat' dir='ltr'>Quid</span> <span class='ocrx_word' id='word_1_19' title='bbox 1601 660 1732 738; x_wconf 85' lang='lat' dir='ltr'><strong>tibi,</strong></span> 
     </span>
     <span class='ocr_line' id='line_1_4' title="bbox 173 748 1734 832; baseline 0 -15"><span class='ocrx_word' id='word_1_20' title='bbox 173 759 396 830; x_wconf 88' lang='lat' dir='ltr'><strong>homo,</strong></span> <span class='ocrx_word' id='word_1_21' title='bbox 439 748 787 831; x_wconf 86' lang='lat' dir='ltr'><strong>dignissima</strong></span> <span class='ocrx_word' id='word_1_22' title='bbox 829 763 1129 832; x_wconf 85' lang='lat' dir='ltr'><strong>creatura,</strong></span> <span class='ocrx_word' id='word_1_23' title='bbox 1177 768 1317 819; x_wconf 85' lang='lat' dir='ltr'><strong>cum</strong></span> <span class='ocrx_word' id='word_1_24' title='bbox 1343 760 1545 819; x_wconf 70' lang='lat' dir='ltr'><strong>terra?</strong></span> <span class='ocrx_word' id='word_1_25' title='bbox 1571 760 1734 818; x_wconf 90' lang='lat' dir='ltr'><strong>Unde</strong></span> 
     </span>
     <span class='ocr_line' id='line_1_5' title="bbox 175 844 1733 928; baseline 0.001 -17"><span class='ocrx_word' id='word_1_26' title='bbox 175 853 292 912; x_wconf 88' lang='lat' dir='ltr'><strong>tibi</strong></span> <span class='ocrx_word' id='word_1_27' title='bbox 319 860 460 912; x_wconf 82' lang='lat' dir='ltr'><strong>cum</strong></span> <span class='ocrx_word' id='word_1_28' title='bbox 486 856 645 911; x_wconf 79' lang='lat' dir='ltr'><strong>terra</strong></span> <span class='ocrx_word' id='word_1_29' title='bbox 669 844 794 911; x_wconf 80' lang='lat' dir='ltr'><strong>tam</strong></span> <span class='ocrx_word' id='word_1_30' title='bbox 829 852 995 912; x_wconf 82' lang='lat' dir='ltr'><strong>fortis</strong></span> <span class='ocrx_word' id='word_1_31' title='bbox 1036 854 1323 928; x_wconf 78' lang='lat' dir='ltr'><strong>amicitia,</strong></span> <span class='ocrx_word' id='word_1_32' title='bbox 1353 866 1491 913; x_wconf 83' lang='lat' dir='ltr'><strong>cum</strong></span> <span class='ocrx_word' id='word_1_33' title='bbox 1517 866 1733 928; x_wconf 77' lang='lat' dir='ltr'><strong>grava-</strong></span> 
     </span>
     <span class='ocr_line' id='line_1_6' title="bbox 174 948 1735 1024; baseline 0.002 -18"><span class='ocrx_word' id='word_1_34' title='bbox 174 952 277 1007; x_wconf 85' lang='lat' dir='ltr'><strong>tus</strong></span> <span class='ocrx_word' id='word_1_35' title='bbox 300 960 380 1007; x_wconf 86' lang='lat' dir='ltr'><strong>ex</strong></span> <span class='ocrx_word' id='word_1_36' title='bbox 408 960 482 1006; x_wconf 84' lang='lat' dir='ltr'><strong>ea</strong></span> <span class='ocrx_word' id='word_1_37' title='bbox 506 962 632 1007; x_wconf 92' lang='lat' dir='ltr'><strong>non</strong></span> <span class='ocrx_word' id='word_1_38' title='bbox 658 948 853 1024; x_wconf 88' lang='lat' dir='ltr'><strong>possis</strong></span> <span class='ocrx_word' id='word_1_39' title='bbox 878 949 1197 1008; x_wconf 87' lang='lat' dir='ltr'><strong>ascendere</strong></span> <span class='ocrx_word' id='word_1_40' title='bbox 1232 950 1314 1009; x_wconf 91' lang='lat' dir='ltr'><strong>ad</strong></span> <span class='ocrx_word' id='word_1_41' title='bbox 1338 953 1455 1009; x_wconf 76' lang='lat' dir='ltr'><strong>tuae</strong></span> <span class='ocrx_word' id='word_1_42' title='bbox 1478 949 1735 1009; x_wconf 85' lang='lat' dir='ltr'><strong>beatitu-</strong></span> 
     </span>
     <span class='ocr_line' id='line_1_7' title="bbox 179 1038 1737 1118; baseline 0.001 -18"><span class='ocrx_word' id='word_1_43' title='bbox 179 1041 348 1100; x_wconf 87' lang='lat' dir='ltr'><strong>dinis</strong></span> <span class='ocrx_word' id='word_1_44' title='bbox 372 1040 599 1114; x_wconf 88' lang='lat' dir='ltr'><strong>locum,</strong></span> <span class='ocrx_word' id='word_1_45' title='bbox 636 1041 745 1100; x_wconf 90' lang='lat' dir='ltr'><strong>sed</strong></span> <span class='ocrx_word' id='word_1_46' title='bbox 784 1041 1149 1116; x_wconf 81' lang='lat' dir='ltr'>demergaris</span> <span class='ocrx_word' id='word_1_47' title='bbox 1185 1042 1313 1117; x_wconf 87' lang='lat' dir='ltr'><strong>ejus</strong></span> <span class='ocrx_word' id='word_1_48' title='bbox 1357 1038 1627 1118; x_wconf 88' lang='lat' dir='ltr'><strong>pondere</strong></span> <span class='ocrx_word' id='word_1_49' title='bbox 1656 1043 1737 1102; x_wconf 89' lang='lat' dir='ltr'><strong>ad</strong></span> 
     </span>
     <span class='ocr_line' id='line_1_8' title="bbox 177 1135 1741 1212; baseline 0.002 -19"><span class='ocrx_word' id='word_1_50' title='bbox 177 1135 531 1193; x_wconf 74' lang='lat' dir='ltr'><strong>infernum?</strong></span> <span class='ocrx_word' id='word_1_51' title='bbox 553 1138 722 1207; x_wconf 91' lang='lat' dir='ltr'><strong>Puto,</strong></span> <span class='ocrx_word' id='word_1_52' title='bbox 752 1136 934 1208; x_wconf 88' lang='lat' dir='ltr'><strong>dices,</strong></span> <span class='ocrx_word' id='word_1_53' title='bbox 964 1136 1134 1212; x_wconf 85' lang='lat' dir='ltr'><strong>quod</strong></span> <span class='ocrx_word' id='word_1_54' title='bbox 1158 1139 1406 1212; x_wconf 87' lang='lat' dir='ltr'><strong>propter</strong></span> <span class='ocrx_word' id='word_1_55' title='bbox 1431 1137 1656 1195; x_wconf 80' lang='lat' dir='ltr'><strong>victum</strong></span> <span class='ocrx_word' id='word_1_56' title='bbox 1684 1140 1741 1196; x_wconf 92' lang='lat' dir='ltr'><strong>et</strong></span> 
     </span>
     <span class='ocr_line' id='line_1_9' title="bbox 180 1220 1735 1305; baseline 0.002 -20"><span class='ocrx_word' id='word_1_57' title='bbox 180 1229 470 1288; x_wconf 83' lang='lat' dir='ltr'><strong>vestitum</strong></span> <span class='ocrx_word' id='word_1_58' title='bbox 511 1231 668 1287; x_wconf 86' lang='lat' dir='ltr'><strong>terra</strong></span> <span class='ocrx_word' id='word_1_59' title='bbox 713 1222 966 1302; x_wconf 60' lang='lat' dir='ltr'><strong>indiges</strong></span> <span class='ocrx_word' id='word_1_60' title='bbox 1017 1220 1135 1289; x_wconf 79' lang='lat' dir='ltr'><strong>Sed</strong></span> <span class='ocrx_word' id='word_1_61' title='bbox 1171 1229 1266 1288; x_wconf 79' lang='lat' dir='ltr'><strong>fac</strong></span> <span class='ocrx_word' id='word_1_62' title='bbox 1308 1228 1458 1289; x_wconf 86' lang='lat' dir='ltr'><strong>sicut</strong></span> <span class='ocrx_word' id='word_1_63' title='bbox 1480 1230 1688 1305; x_wconf 87' lang='lat' dir='ltr'><strong>planta</strong></span> <span class='ocrx_word' id='word_1_64' title='bbox 1720 1249 1735 1288; x_wconf 89' lang='lat'>:</span> 
     </span>
     <span class='ocr_line' id='line_1_10' title="bbox 180 1322 1741 1398; baseline 0.001 -16"><span class='ocrx_word' id='word_1_65' title='bbox 180 1322 390 1382; x_wconf 89' lang='lat' dir='ltr'><strong>solum</strong></span> <span class='ocrx_word' id='word_1_66' title='bbox 412 1322 632 1396; x_wconf 87' lang='lat' dir='ltr'><strong>pedem</strong></span> <span class='ocrx_word' id='word_1_67' title='bbox 656 1325 791 1381; x_wconf 89' lang='lat' dir='ltr'><strong>tene</strong></span> <span class='ocrx_word' id='word_1_68' title='bbox 817 1322 882 1381; x_wconf 91' lang='lat' dir='ltr'><strong>in</strong></span> <span class='ocrx_word' id='word_1_69' title='bbox 905 1325 1083 1394; x_wconf 87' lang='lat' dir='ltr'><strong>terra,</strong></span> <span class='ocrx_word' id='word_1_70' title='bbox 1113 1323 1181 1381; x_wconf 90' lang='lat' dir='ltr'><strong>id</strong></span> <span class='ocrx_word' id='word_1_71' title='bbox 1212 1328 1318 1396; x_wconf 86' lang='lat' dir='ltr'><strong>est,</strong></span> <span class='ocrx_word' id='word_1_72' title='bbox 1346 1324 1547 1398; x_wconf 78' lang='lat' dir='ltr'><strong>accipe</strong></span> <span class='ocrx_word' id='word_1_73' title='bbox 1566 1340 1642 1382; x_wconf 87' lang='lat' dir='ltr'><strong>ex</strong></span> <span class='ocrx_word' id='word_1_74' title='bbox 1669 1340 1741 1383; x_wconf 89' lang='lat' dir='ltr'><strong>ea</strong></span> 
     </span>
     <span class='ocr_line' id='line_1_11' title="bbox 181 1408 1745 1491; baseline 0 -16"><span class='ocrx_word' id='word_1_75' title='bbox 181 1416 630 1489; x_wconf 86' lang='lat' dir='ltr'><strong>necessaria,.et</strong></span> <span class='ocrx_word' id='word_1_76' title='bbox 655 1408 882 1475; x_wconf 80' lang='lat' dir='ltr'><strong>dimitte</strong></span> <span class='ocrx_word' id='word_1_77' title='bbox 910 1408 1246 1491; x_wconf 80' lang='lat' dir='ltr'><strong>superflua,</strong></span> <span class='ocrx_word' id='word_1_78' title='bbox 1282 1433 1417 1491; x_wconf 80' lang='lat' dir='ltr'><strong>quae</strong></span> <span class='ocrx_word' id='word_1_79' title='bbox 1461 1417 1569 1475; x_wconf 88' lang='lat' dir='ltr'><strong>tihi</strong></span> <span class='ocrx_word' id='word_1_80' title='bbox 1606 1419 1745 1475; x_wconf 88' lang='lat' dir='ltr'><strong>sunt</strong></span> 
     </span>
     <span class='ocr_line' id='line_1_12' title="bbox 183 1510 1739 1586; baseline 0.001 -18"><span class='ocrx_word' id='word_1_81' title='bbox 183 1512 251 1570; x_wconf 92' lang='lat' dir='ltr'><strong>in</strong></span> <span class='ocrx_word' id='word_1_82' title='bbox 290 1511 554 1569; x_wconf 90' lang='lat' dir='ltr'><strong>ruinam.</strong></span> <span class='ocrx_word' id='word_1_83' title='bbox 600 1513 748 1569; x_wconf 83' lang='lat' dir='ltr'><strong>Nam</strong></span> <span class='ocrx_word' id='word_1_84' title='bbox 789 1513 847 1569; x_wconf 84' lang='lat' dir='ltr'><strong>et</strong></span> <span class='ocrx_word' id='word_1_85' title='bbox 870 1511 1078 1586; x_wconf 89' lang='lat' dir='ltr'><strong>planta</strong></span> <span class='ocrx_word' id='word_1_86' title='bbox 1119 1511 1251 1585; x_wconf 86' lang='lat' dir='ltr'><strong>ipsa</strong></span> <span class='ocrx_word' id='word_1_87' title='bbox 1284 1511 1333 1568; x_wconf 85' lang='lat' dir='ltr'><strong>si</strong></span> <span class='ocrx_word' id='word_1_88' title='bbox 1370 1510 1739 1586; x_wconf 87' lang='lat' dir='ltr'><strong>superfluum</strong></span> 
     </span>
     <span class='ocr_line' id='line_1_13' title="bbox 183 1596 1742 1681; baseline 0 -18"><span class='ocrx_word' id='word_1_89' title='bbox 183 1606 510 1664; x_wconf 85' lang='lat' dir='ltr'><strong>humorem</strong></span> <span class='ocrx_word' id='word_1_90' title='bbox 538 1604 859 1676; x_wconf 72' lang='lat' dir='ltr'><strong>attraxerit,</strong></span> <span class='ocrx_word' id='word_1_91' title='bbox 887 1604 986 1662; x_wconf 75' lang='lat' dir='ltr'><strong>vel</strong></span> <span class='ocrx_word' id='word_1_92' title='bbox 1012 1596 1078 1662; x_wconf 88' lang='lat' dir='ltr'><strong>in</strong></span> <span class='ocrx_word' id='word_1_93' title='bbox 1105 1621 1168 1663; x_wconf 90' lang='lat' dir='ltr'><strong>se</strong></span> <span class='ocrx_word' id='word_1_94' title='bbox 1190 1606 1489 1681; x_wconf 79' lang='lat' dir='ltr'><strong>putrescit,</strong></span> <span class='ocrx_word' id='word_1_95' title='bbox 1503 1606 1602 1663; x_wconf 76' lang='lat' dir='ltr'><strong>vel</strong></span> <span class='ocrx_word' id='word_1_96' title='bbox 1627 1622 1742 1680; x_wconf 90' lang='lat' dir='ltr'><strong>pu-</strong></span> 
     </span>
     <span class='ocr_line' id='line_1_14' title="bbox 184 1697 1743 1774; baseline 0.001 -17"><span class='ocrx_word' id='word_1_97' title='bbox 184 1699 381 1757; x_wconf 82' lang='lat' dir='ltr'><strong>tridos</strong></span> <span class='ocrx_word' id='word_1_98' title='bbox 431 1697 654 1756; x_wconf 79' lang='lat' dir='ltr'><strong>fructus</strong></span> <span class='ocrx_word' id='word_1_99' title='bbox 703 1697 862 1757; x_wconf 80' lang='lat' dir='ltr'><strong>facit.</strong></span> <span class='ocrx_word' id='word_1_100' title='bbox 916 1699 1082 1757; x_wconf 91' lang='lat' dir='ltr'><strong>Unde</strong></span> <span class='ocrx_word' id='word_1_101' title='bbox 1122 1699 1478 1774; x_wconf 81' lang='lat' dir='ltr'><strong>amygdalus</strong></span> <span class='ocrx_word' id='word_1_102' title='bbox 1518 1714 1588 1758; x_wconf 91' lang='lat' dir='ltr'><strong>ex</strong></span> <span class='ocrx_word' id='word_1_103' title='bbox 1629 1700 1743 1758; x_wconf 89' lang='lat' dir='ltr'><strong>hu-</strong></span> 
     </span>
     <span class='ocr_line' id='line_1_15' title="bbox 185 1792 1746 1867; baseline 0 -15"><span class='ocrx_word' id='word_1_104' title='bbox 185 1806 362 1852; x_wconf 87' lang='lat' dir='ltr'><strong>more</strong></span> <span class='ocrx_word' id='word_1_105' title='bbox 405 1792 745 1867; x_wconf 82' lang='lat' dir='ltr'><strong>superfluo,</strong></span> <span class='ocrx_word' id='word_1_106' title='bbox 786 1804 969 1867; x_wconf 82' lang='lat' dir='ltr'><strong>quem</strong></span> <span class='ocrx_word' id='word_1_107' title='bbox 1009 1792 1274 1864; x_wconf 78' lang='lat' dir='ltr'><strong>attraxit,</strong></span> <span class='ocrx_word' id='word_1_108' title='bbox 1316 1792 1656 1867; x_wconf 79' lang='lat' dir='ltr'><strong>sterilescit,</strong></span> <span class='ocrx_word' id='word_1_109' title='bbox 1687 1796 1746 1852; x_wconf 88' lang='lat' dir='ltr'><strong>et</strong></span> 
     </span>
     <span class='ocr_line' id='line_1_16' title="bbox 185 1885 1744 1962; baseline -0.001 -16"><span class='ocrx_word' id='word_1_110' title='bbox 185 1888 450 1946; x_wconf 69' lang='lat' dir='ltr'><strong>tructam</strong></span> <span class='ocrx_word' id='word_1_111' title='bbox 475 1898 602 1944; x_wconf 86' lang='lat' dir='ltr'><strong>non</strong></span> <span class='ocrx_word' id='word_1_112' title='bbox 626 1885 767 1945; x_wconf 79' lang='lat' dir='ltr'><strong>facit</strong></span> <span class='ocrx_word' id='word_1_113' title='bbox 782 1928 804 1959; x_wconf 98' lang='lat'><strong>,</strong></span> <span class='ocrx_word' id='word_1_114' title='bbox 825 1886 999 1959; x_wconf 86' lang='lat' dir='ltr'><strong>juxta</strong></span> <span class='ocrx_word' id='word_1_115' title='bbox 1026 1885 1195 1960; x_wconf 85' lang='lat' dir='ltr'><strong>quod</strong></span> <span class='ocrx_word' id='word_1_116' title='bbox 1227 1886 1622 1962; x_wconf 76' lang='lat' dir='ltr'><strong>Philosophus</strong></span> <span class='ocrx_word' id='word_1_117' title='bbox 1653 1886 1744 1945; x_wconf 88' lang='lat' dir='ltr'><strong>dl-</strong></span> 
     </span>
     <span class='ocr_line' id='line_1_17' title="bbox 190 1978 1745 2054; baseline -0.002 -13"><span class='ocrx_word' id='word_1_118' title='bbox 190 1981 271 2041; x_wconf 89' lang='lat' dir='ltr'><strong>cit</strong></span> <span class='ocrx_word' id='word_1_119' title='bbox 302 1983 315 2013; x_wconf 86' lang='lat'>⁸</span> <span class='ocrx_word' id='word_1_120' title='bbox 349 1999 366 2039; x_wconf 77' lang='lat' dir='ltr'><strong><em>z</em></strong></span> <span class='ocrx_word' id='word_1_121' title='bbox 407 1996 436 2037; x_wconf 76' lang='grc' dir='ltr'><strong>α</strong></span> <span class='ocrx_word' id='word_1_122' title='bbox 463 1980 648 2039; x_wconf 84' lang='lat' dir='ltr'><strong>Debet</strong></span> <span class='ocrx_word' id='word_1_123' title='bbox 679 1978 962 2038; x_wconf 81' lang='lat' dir='ltr'><strong>inradice</strong></span> <span class='ocrx_word' id='word_1_124' title='bbox 979 1979 1268 2054; x_wconf 84' lang='lat' dir='ltr'><strong>perforari</strong></span> <span class='ocrx_word' id='word_1_125' title='bbox 1283 1979 1487 2052; x_wconf 79' lang='lat' dir='ltr'><strong>clavis,</strong></span> <span class='ocrx_word' id='word_1_126' title='bbox 1508 1982 1575 2038; x_wconf 87' lang='lat' dir='ltr'><strong>ut</strong></span> <span class='ocrx_word' id='word_1_127' title='bbox 1598 1981 1745 2038; x_wconf 84' lang='lat' dir='ltr'><strong>dum</strong></span> 
     </span>
     <span class='ocr_line' id='line_1_18' title="bbox 115 2072 1746 2150; baseline -0.001 -17"><span class='ocrx_word' id='word_1_128' title='bbox 115 2121 120 2125; x_wconf 88' lang='lat'>.</span> <span class='ocrx_word' id='word_1_129' title='bbox 189 2075 417 2133; x_wconf 85' lang='lat' dir='ltr'><strong>humor</strong></span> <span class='ocrx_word' id='word_1_130' title='bbox 440 2073 774 2150; x_wconf 85' lang='lat' dir='ltr'><strong>superfluus</strong></span> <span class='ocrx_word' id='word_1_131' title='bbox 799 2073 941 2131; x_wconf 90' lang='lat' dir='ltr'><strong>inde</strong></span> <span class='ocrx_word' id='word_1_132' title='bbox 969 2073 1207 2144; x_wconf 81' lang='lat' dir='ltr'><strong>exierit,</strong></span> <span class='ocrx_word' id='word_1_133' title='bbox 1233 2072 1455 2132; x_wconf 85' lang='lat' dir='ltr'><strong>humor</strong></span> <span class='ocrx_word' id='word_1_134' title='bbox 1478 2086 1746 2131; x_wconf 85' lang='lat' dir='ltr'><strong>necessa-</strong></span> 
     </span>
     <span class='ocr_line' id='line_1_19' title="bbox 189 2160 1745 2243; baseline -0.002 -16"><span class='ocrx_word' id='word_1_135' title='bbox 189 2168 317 2227; x_wconf 89' lang='lat' dir='ltr'><strong>rius</strong></span> <span class='ocrx_word' id='word_1_136' title='bbox 339 2169 447 2243; x_wconf 82' lang='lat' dir='ltr'><strong>qui</strong></span> <span class='ocrx_word' id='word_1_137' title='bbox 470 2167 773 2238; x_wconf 80' lang='lat' dir='ltr'><strong>remansit,</strong></span> <span class='ocrx_word' id='word_1_138' title='bbox 796 2167 945 2226; x_wconf 89' lang='lat' dir='ltr'><strong>dum</strong></span> <span class='ocrx_word' id='word_1_139' title='bbox 983 2181 1021 2225; x_wconf 90' lang='lat' dir='ltr'><strong>a</strong></span> <span class='ocrx_word' id='word_1_140' title='bbox 1060 2160 1256 2225; x_wconf 77' lang='lat' dir='ltr'><strong>calore</strong></span> <span class='ocrx_word' id='word_1_141' title='bbox 1292 2166 1512 2242; x_wconf 76' lang='lat' dir='ltr'><strong>plantae</strong></span> <span class='ocrx_word' id='word_1_142' title='bbox 1543 2166 1745 2241; x_wconf 82' lang='lat' dir='ltr'><strong>diges-</strong></span> 
     </span>
     <span class='ocr_line' id='line_1_20' title="bbox 191 2260 1747 2335; baseline -0.001 -14"><span class='ocrx_word' id='word_1_143' title='bbox 191 2266 287 2321; x_wconf 84' lang='lat' dir='ltr'><strong>tus</strong></span> <span class='ocrx_word' id='word_1_144' title='bbox 307 2260 488 2320; x_wconf 82' lang='lat' dir='ltr'><strong>fuerit</strong></span> <span class='ocrx_word' id='word_1_145' title='bbox 502 2304 524 2334; x_wconf 94' lang='lat'><strong>,</strong></span> <span class='ocrx_word' id='word_1_146' title='bbox 551 2264 817 2320; x_wconf 82' lang='lat' dir='ltr'><strong>vertatur</strong></span> <span class='ocrx_word' id='word_1_147' title='bbox 841 2261 906 2319; x_wconf 88' lang='lat' dir='ltr'><strong>in</strong></span> <span class='ocrx_word' id='word_1_148' title='bbox 938 2260 1214 2319; x_wconf 83' lang='lat' dir='ltr'><strong>fructum.</strong></span> <span class='ocrx_word' id='word_1_149' title='bbox 1243 2262 1389 2320; x_wconf 87' lang='lat' dir='ltr'><strong>Sunt</strong></span> <span class='ocrx_word' id='word_1_150' title='bbox 1414 2274 1559 2335; x_wconf 82' lang='lat' dir='ltr'><strong>ergo</strong></span> <span class='ocrx_word' id='word_1_151' title='bbox 1578 2305 1597 2334; x_wconf 94' lang='lat'><strong>,</strong></span> <span class='ocrx_word' id='word_1_152' title='bbox 1625 2260 1747 2319; x_wconf 86' lang='lat' dir='ltr'><strong>fra-</strong></span> 
     </span>
     <span class='ocr_line' id='line_1_21' title="bbox 191 2352 1743 2430; baseline -0.003 -15"><span class='ocrx_word' id='word_1_153' title='bbox 191 2360 334 2430; x_wconf 89' lang='lat' dir='ltr'><strong>tres,</strong></span> <span class='ocrx_word' id='word_1_154' title='bbox 370 2352 708 2429; x_wconf 81' lang='lat' dir='ltr'><strong>abjicienda</strong></span> <span class='ocrx_word' id='word_1_155' title='bbox 736 2354 1066 2429; x_wconf 85' lang='lat' dir='ltr'><strong>superflua,</strong></span> <span class='ocrx_word' id='word_1_156' title='bbox 1109 2354 1457 2429; x_wconf 86' lang='lat' dir='ltr'><strong>accipienda</strong></span> <span class='ocrx_word' id='word_1_157' title='bbox 1480 2355 1612 2413; x_wconf 87' lang='lat' dir='ltr'><strong>sola</strong></span> <span class='ocrx_word' id='word_1_158' title='bbox 1636 2368 1743 2412; x_wconf 89' lang='lat' dir='ltr'><strong>ne-</strong></span> 
     </span>
     <span class='ocr_line' id='line_1_22' title="bbox 109 2447 1748 2523; baseline -0.004 -12"><span class='ocrx_word' id='word_1_159' title='bbox 109 2458 116 2465; x_wconf 78' lang='lat'><strong>·</strong></span> <span class='ocrx_word' id='word_1_160' title='bbox 193 2451 487 2522; x_wconf 78' lang='lat' dir='ltr'><strong>cessaria,</strong></span> <span class='ocrx_word' id='word_1_161' title='bbox 527 2450 577 2508; x_wconf 87' lang='lat' dir='ltr'><strong>si</strong></span> <span class='ocrx_word' id='word_1_162' title='bbox 602 2449 884 2508; x_wconf 77' lang='lat' dir='ltr'><strong>volumus</strong></span> <span class='ocrx_word' id='word_1_163' title='bbox 927 2447 1119 2507; x_wconf 79' lang='lat' dir='ltr'><strong>facere</strong></span> <span class='ocrx_word' id='word_1_164' title='bbox 1159 2462 1341 2523; x_wconf 89' lang='lat' dir='ltr'><strong>opera</strong></span> <span class='ocrx_word' id='word_1_165' title='bbox 1380 2453 1613 2507; x_wconf 87' lang='lat' dir='ltr'><strong>matura</strong></span> <span class='ocrx_word' id='word_1_166' title='bbox 1633 2491 1653 2520; x_wconf 97' lang='lat'><strong>,</strong></span> <span class='ocrx_word' id='word_1_167' title='bbox 1690 2450 1748 2506; x_wconf 90' lang='lat' dir='ltr'><strong>et</strong></span> 
     </span>
     <span class='ocr_line' id='line_1_23' title="bbox 195 2541 1747 2619; baseline -0.002 -15"><span class='ocrx_word' id='word_1_168' title='bbox 195 2549 317 2604; x_wconf 84' lang='lat' dir='ltr'><strong>Deo</strong></span> <span class='ocrx_word' id='word_1_169' title='bbox 342 2546 604 2619; x_wconf 82' lang='lat' dir='ltr'><strong>accepta.</strong></span> <span class='ocrx_word' id='word_1_170' title='bbox 635 2546 784 2602; x_wconf 86' lang='lat' dir='ltr'><strong>Nam</strong></span> <span class='ocrx_word' id='word_1_171' title='bbox 819 2541 901 2601; x_wconf 89' lang='lat' dir='ltr'><strong>ad</strong></span> <span class='ocrx_word' id='word_1_172' title='bbox 927 2542 1418 2616; x_wconf 85' lang='lat' dir='ltr'><strong>congregandum</strong></span> <span class='ocrx_word' id='word_1_173' title='bbox 1444 2542 1747 2616; x_wconf 83' lang='lat' dir='ltr'><strong>superflua</strong></span> 
     </span>
     <span class='ocr_line' id='line_1_24' title="bbox 193 2635 1745 2712; baseline -0.004 -13"><span class='ocrx_word' id='word_1_174' title='bbox 193 2655 320 2699; x_wconf 92' lang='lat' dir='ltr'><strong>non</strong></span> <span class='ocrx_word' id='word_1_175' title='bbox 358 2638 520 2712; x_wconf 86' lang='lat' dir='ltr'><strong>cogit</strong></span> <span class='ocrx_word' id='word_1_176' title='bbox 563 2641 777 2696; x_wconf 84' lang='lat' dir='ltr'><strong>natura</strong></span> <span class='ocrx_word' id='word_1_177' title='bbox 789 2679 810 2709; x_wconf 95' lang='lat'><strong>,</strong></span> <span class='ocrx_word' id='word_1_178' title='bbox 857 2636 965 2695; x_wconf 89' lang='lat' dir='ltr'><strong>sed</strong></span> <span class='ocrx_word' id='word_1_179' title='bbox 1010 2636 1257 2695; x_wconf 86' lang='lat' dir='ltr'><strong>avaritia</strong></span> <span class='ocrx_word' id='word_1_180' title='bbox 1300 2635 1447 2694; x_wconf 89' lang='lat' dir='ltr'><strong>sola.</strong></span> <span class='ocrx_word' id='word_1_181' title='bbox 1490 2638 1637 2695; x_wconf 80' lang='lat' dir='ltr'><strong>Nam</strong></span> <span class='ocrx_word' id='word_1_182' title='bbox 1649 2678 1669 2709; x_wconf 96' lang='lat'><strong>,</strong></span> <span class='ocrx_word' id='word_1_183' title='bbox 1696 2636 1745 2693; x_wconf 91' lang='lat' dir='ltr'><strong>si</strong></span> 
     </span>
     <span class='ocr_line' id='line_1_25' title="bbox 196 2722 1746 2807; baseline -0.004 -15"><span class='ocrx_word' id='word_1_184' title='bbox 196 2746 565 2807; x_wconf 85' lang='lat' dir='ltr'><strong>congregare</strong></span> <span class='ocrx_word' id='word_1_185' title='bbox 607 2731 750 2789; x_wconf 83' lang='lat' dir='ltr'><strong>talia</strong></span> <span class='ocrx_word' id='word_1_186' title='bbox 788 2722 939 2788; x_wconf 63' lang='lat' dir='ltr'><strong>efflet</strong></span> <span class='ocrx_word' id='word_1_187' title='bbox 981 2744 1056 2788; x_wconf 83' lang='lat' dir='ltr'><strong>ex</strong></span> <span class='ocrx_word' id='word_1_188' title='bbox 1090 2734 1341 2801; x_wconf 87' lang='lat' dir='ltr'><strong>natura,</strong></span> <span class='ocrx_word' id='word_1_189' title='bbox 1377 2728 1582 2804; x_wconf 88' lang='lat' dir='ltr'><strong>utique</strong></span> <span class='ocrx_word' id='word_1_190' title='bbox 1610 2745 1746 2788; x_wconf 89' lang='lat' dir='ltr'><strong>con·</strong></span> 
     </span>
     <span class='ocr_line' id='line_1_26' title="bbox 194 2823 1742 2900; baseline -0.003 -14"><span class='ocrx_word' id='word_1_191' title='bbox 194 2830 511 2900; x_wconf 81' lang='lat' dir='ltr'><strong>gregarent</strong></span> <span class='ocrx_word' id='word_1_192' title='bbox 535 2824 738 2884; x_wconf 85' lang='lat' dir='ltr'><strong>omnia</strong></span> <span class='ocrx_word' id='word_1_193' title='bbox 763 2824 961 2895; x_wconf 82' lang='lat' dir='ltr'><strong>bruta,</strong></span> <span class='ocrx_word' id='word_1_194' title='bbox 990 2840 1144 2898; x_wconf 83' lang='lat' dir='ltr'><strong>quae,</strong></span> <span class='ocrx_word' id='word_1_195' title='bbox 1171 2827 1238 2882; x_wconf 89' lang='lat' dir='ltr'><strong>nt</strong></span> <span class='ocrx_word' id='word_1_196' title='bbox 1266 2823 1409 2881; x_wconf 89' lang='lat' dir='ltr'><strong>dicit</strong></span> <span class='ocrx_word' id='word_1_197' title='bbox 1433 2825 1742 2882; x_wconf 54' lang='lat' dir='ltr'><strong>Damasco*</strong></span> 
     </span>
     <span class='ocr_line' id='line_1_27' title="bbox 193 2917 1747 2995; baseline -0.003 -15"><span class='ocrx_word' id='word_1_198' title='bbox 193 2936 345 2995; x_wconf 90' lang='lat' dir='ltr'><strong>nus,</strong></span> <span class='ocrx_word' id='word_1_199' title='bbox 387 2930 513 2979; x_wconf 85' lang='lat' dir='ltr'><strong>non</strong></span> <span class='ocrx_word' id='word_1_200' title='bbox 537 2921 782 2992; x_wconf 84' lang='lat' dir='ltr'><strong>regunt,</strong></span> <span class='ocrx_word' id='word_1_201' title='bbox 810 2918 918 2977; x_wconf 89' lang='lat' dir='ltr'><strong>sed</strong></span> <span class='ocrx_word' id='word_1_202' title='bbox 954 2921 1243 2991; x_wconf 80' lang='lat' dir='ltr'><strong>reguntur</strong></span> <span class='ocrx_word' id='word_1_203' title='bbox 1283 2933 1321 2977; x_wconf 90' lang='lat' dir='ltr'><strong>a</strong></span> <span class='ocrx_word' id='word_1_204' title='bbox 1347 2922 1560 2977; x_wconf 87' lang='lat' dir='ltr'><strong>natura</strong></span> <span class='ocrx_word' id='word_1_205' title='bbox 1590 2937 1606 2976; x_wconf 77' lang='grc' dir='ltr'><strong><em>ε</em></strong></span> <span class='ocrx_word' id='word_1_206' title='bbox 1637 2917 1747 2977; x_wconf 86' lang='lat' dir='ltr'><strong>sed</strong></span> 
     </span>
     <span class='ocr_line' id='line_1_28' title="bbox 192 3011 1745 3087; baseline -0.003 -13"><span class='ocrx_word' id='word_1_207' title='bbox 192 3030 319 3074; x_wconf 89' lang='lat' dir='ltr'><strong>non</strong></span> <span class='ocrx_word' id='word_1_208' title='bbox 374 3015 743 3087; x_wconf 87' lang='lat' dir='ltr'><strong>congregant</strong></span> <span class='ocrx_word' id='word_1_209' title='bbox 794 3012 898 3071; x_wconf 90' lang='lat' dir='ltr'><strong>illa</strong></span> <span class='ocrx_word' id='word_1_210' title='bbox 952 3030 967 3069; x_wconf 79' lang='lat' dir='ltr'><strong><em>z</em></strong></span> <span class='ocrx_word' id='word_1_211' title='bbox 1009 3028 1153 3086; x_wconf 85' lang='lat' dir='ltr'><strong>ergo</strong></span> <span class='ocrx_word' id='word_1_212' title='bbox 1210 3011 1592 3086; x_wconf 85' lang='lat' dir='ltr'><strong>congregatio</strong></span> <span class='ocrx_word' id='word_1_213' title='bbox 1641 3015 1745 3071; x_wconf 89' lang='lat' dir='ltr'><strong>tua</strong></span> 
     </span>
     <span class='ocr_line' id='line_1_29' title="bbox 191 3106 1745 3184; baseline -0.003 -16"><span class='ocrx_word' id='word_1_214' title='bbox 191 3122 346 3184; x_wconf 78' lang='lat' dir='ltr'><strong>pura</strong></span> <span class='ocrx_word' id='word_1_215' title='bbox 373 3111 464 3168; x_wconf 86' lang='lat' dir='ltr'><strong>est</strong></span> <span class='ocrx_word' id='word_1_216' title='bbox 489 3107 755 3167; x_wconf 84' lang='lat' dir='ltr'><strong>avaritia.</strong></span> <span class='ocrx_word' id='word_1_217' title='bbox 781 3109 931 3165; x_wconf 80' lang='lat' dir='ltr'><strong>Nam</strong></span> <span class='ocrx_word' id='word_1_218' title='bbox 968 3106 1083 3167; x_wconf 83' lang='lat' dir='ltr'><strong>hoc</strong></span> <span class='ocrx_word' id='word_1_219' title='bbox 1121 3110 1210 3166; x_wconf 86' lang='lat' dir='ltr'><strong>est</strong></span> <span class='ocrx_word' id='word_1_220' title='bbox 1254 3106 1422 3182; x_wconf 88' lang='lat' dir='ltr'><strong>quod</strong></span> <span class='ocrx_word' id='word_1_221' title='bbox 1464 3107 1745 3165; x_wconf 82' lang='lat' dir='ltr'><strong>Dominus</strong></span> 
     </span>
     <span class='ocr_line' id='line_1_30' title="bbox 194 3189 1743 3278; baseline -0.002 -15"><span class='ocrx_word' id='word_1_222' title='bbox 194 3204 392 3278; x_wconf 72' lang='lat' dir='ltr'><strong>arguit</strong></span> <span class='ocrx_word' id='word_1_223' title='bbox 425 3189 465 3262; x_wconf 72' lang='grc' dir='ltr'><strong>εἰ</strong></span> <span class='ocrx_word' id='word_1_224' title='bbox 487 3201 708 3262; x_wconf 78' lang='lat' dir='ltr'><strong>minori</strong></span> <span class='ocrx_word' id='word_1_225' title='bbox 731 3200 756 3235; x_wconf 83' lang='lat'><strong>¹</strong></span> <span class='ocrx_word' id='word_1_226' title='bbox 784 3218 802 3259; x_wconf 69' lang='grc' dir='ltr'><strong><em>ε</em></strong></span> <span class='ocrx_word' id='word_1_227' title='bbox 837 3221 868 3257; x_wconf 71' lang='grc' dir='ltr'><strong>α</strong></span> <span class='ocrx_word' id='word_1_228' title='bbox 892 3201 1082 3261; x_wconf 76' lang='lat' dir='ltr'><strong>Nolite</strong></span> <span class='ocrx_word' id='word_1_229' title='bbox 1097 3245 1117 3274; x_wconf 91' lang='lat'><strong>,</strong></span> <span class='ocrx_word' id='word_1_230' title='bbox 1139 3223 1170 3257; x_wconf 76' lang='lat'><strong>»</strong></span> <span class='ocrx_word' id='word_1_231' title='bbox 1207 3202 1422 3277; x_wconf 78' lang='lat' dir='ltr'><strong>inquit,</strong></span> <span class='ocrx_word' id='word_1_232' title='bbox 1459 3222 1484 3255; x_wconf 83' lang='grc'><strong>«</strong></span> <span class='ocrx_word' id='word_1_233' title='bbox 1510 3202 1743 3262; x_wconf 74' lang='lat' dir='ltr'><strong>solliciti</strong></span> 
     </span>
     <span class='ocr_line' id='line_1_31' title="bbox 197 3296 1743 3375; baseline -0.002 -18"><span class='ocrx_word' id='word_1_234' title='bbox 197 3314 321 3357; x_wconf 87' lang='lat' dir='ltr'><strong>esse</strong></span> <span class='ocrx_word' id='word_1_235' title='bbox 358 3298 440 3375; x_wconf 87' lang='grc' dir='ltr'><strong>(α)</strong></span> <span class='ocrx_word' id='word_1_236' title='bbox 477 3297 629 3373; x_wconf 85' lang='lat' dir='ltr'><strong>quid</strong></span> <span class='ocrx_word' id='word_1_237' title='bbox 671 3296 1039 3356; x_wconf 73' lang='lat' dir='ltr'><strong>manducetis</strong></span> <span class='ocrx_word' id='word_1_238' title='bbox 1053 3338 1075 3369; x_wconf 98' lang='lat'><strong>,</strong></span> <span class='ocrx_word' id='word_1_239' title='bbox 1120 3297 1225 3354; x_wconf 90' lang='lat' dir='ltr'><strong>aut</strong></span> <span class='ocrx_word' id='word_1_240' title='bbox 1267 3296 1505 3370; x_wconf 85' lang='lat' dir='ltr'><strong>corpori</strong></span> <span class='ocrx_word' id='word_1_241' title='bbox 1546 3298 1743 3355; x_wconf 81' lang='lat' dir='ltr'><strong>vestro</strong></span> 
     </span>
     <span class='ocr_line' id='line_1_32' title="bbox 197 3388 1739 3467; baseline -0.003 -17"><span class='ocrx_word' id='word_1_242' title='bbox 197 3391 344 3467; x_wconf 86' lang='lat' dir='ltr'><strong>quid</strong></span> <span class='ocrx_word' id='word_1_243' title='bbox 387 3391 789 3461; x_wconf 74' lang='lat' dir='ltr'><strong>induamini,»</strong></span> <span class='ocrx_word' id='word_1_244' title='bbox 826 3396 935 3449; x_wconf 87' lang='lat' dir='ltr'><strong>etc.</strong></span> <span class='ocrx_word' id='word_1_245' title='bbox 964 3409 994 3444; x_wconf 75' lang='grc' dir='ltr'>ι</span> <span class='ocrx_word' id='word_1_246' title='bbox 1032 3388 1341 3464; x_wconf 85' lang='lat' dir='ltr'><strong>Respicite,</strong></span> <span class='ocrx_word' id='word_1_247' title='bbox 1389 3409 1416 3442; x_wconf 72' lang='lat' dir='ltr'><strong>&gt;t</strong></span> <span class='ocrx_word' id='word_1_248' title='bbox 1463 3390 1657 3463; x_wconf 88' lang='lat' dir='ltr'><strong>inquit</strong></span> <span class='ocrx_word' id='word_1_249' title='bbox 1697 3388 1739 3463; x_wconf 85' lang='lat'><strong>⁸,</strong></span> 
     </span>
     <span class='ocr_line' id='line_1_33' title="bbox 201 3482 1739 3558; baseline 0.001 -19"><span class='ocrx_word' id='word_1_250' title='bbox 201 3503 231 3539; x_wconf 76' lang='grc' dir='ltr'>ι</span> <span class='ocrx_word' id='word_1_251' title='bbox 244 3483 514 3544; x_wconf 75' lang='lat' dir='ltr'><strong>volatilia</strong></span> <span class='ocrx_word' id='word_1_252' title='bbox 531 3483 686 3556; x_wconf 84' lang='lat' dir='ltr'><strong>coeli,</strong></span> <span class='ocrx_word' id='word_1_253' title='bbox 716 3503 745 3540; x_wconf 71' lang='lat' dir='ltr'><strong>n</strong></span> <span class='ocrx_word' id='word_1_254' title='bbox 767 3488 878 3542; x_wconf 88' lang='lat' dir='ltr'><strong>etc.</strong></span> <span class='ocrx_word' id='word_1_255' title='bbox 912 3502 943 3541; x_wconf 69' lang='grc' dir='ltr'><strong>α</strong></span> <span class='ocrx_word' id='word_1_256' title='bbox 965 3482 1252 3558; x_wconf 85' lang='lat' dir='ltr'><strong>Respicite</strong></span> <span class='ocrx_word' id='word_1_257' title='bbox 1269 3482 1396 3540; x_wconf 85' lang='lat' dir='ltr'><strong>lilia</strong></span> <span class='ocrx_word' id='word_1_258' title='bbox 1406 3482 1555 3555; x_wconf 85' lang='lat' dir='ltr'><strong>agri,</strong></span> <span class='ocrx_word' id='word_1_259' title='bbox 1574 3503 1604 3536; x_wconf 79' lang='lat'>»</span> <span class='ocrx_word' id='word_1_260' title='bbox 1630 3486 1739 3540; x_wconf 89' lang='lat' dir='ltr'><strong>etc.</strong></span> 
     </span>
     <span class='ocr_line' id='line_1_34' title="bbox 194 3574 1743 3652; baseline -0.003 -15"><span class='ocrx_word' id='word_1_261' title='bbox 194 3580 343 3652; x_wconf 87' lang='lat' dir='ltr'><strong>Lege</strong></span> <span class='ocrx_word' id='word_1_262' title='bbox 397 3581 457 3636; x_wconf 90' lang='lat' dir='ltr'><strong>et</strong></span> <span class='ocrx_word' id='word_1_263' title='bbox 498 3576 761 3652; x_wconf 83' lang='lat' dir='ltr'><strong>praedica</strong></span> <span class='ocrx_word' id='word_1_264' title='bbox 790 3577 993 3635; x_wconf 88' lang='lat' dir='ltr'><strong>omnia</strong></span> <span class='ocrx_word' id='word_1_265' title='bbox 1025 3592 1218 3651; x_wconf 85' lang='lat' dir='ltr'><strong>usque</strong></span> <span class='ocrx_word' id='word_1_266' title='bbox 1249 3575 1330 3634; x_wconf 91' lang='lat' dir='ltr'><strong>ad</strong></span> <span class='ocrx_word' id='word_1_267' title='bbox 1358 3574 1539 3633; x_wconf 88' lang='lat' dir='ltr'><strong>finem</strong></span> <span class='ocrx_word' id='word_1_268' title='bbox 1584 3576 1743 3651; x_wconf 89' lang='lat' dir='ltr'><strong>capi-</strong></span> 
     </span>
     <span class='ocr_line' id='line_1_35' title="bbox 194 3669 1739 3748; baseline -0.001 -17"><span class='ocrx_word' id='word_1_269' title='bbox 194 3672 323 3742; x_wconf 87' lang='lat' dir='ltr'><strong>tuli,</strong></span> <span class='ocrx_word' id='word_1_270' title='bbox 350 3671 498 3748; x_wconf 81' lang='lat' dir='ltr'><strong>quia</strong></span> <span class='ocrx_word' id='word_1_271' title='bbox 523 3670 676 3728; x_wconf 86' lang='lat' dir='ltr'><strong>miro</strong></span> <span class='ocrx_word' id='word_1_272' title='bbox 703 3670 890 3728; x_wconf 90' lang='lat' dir='ltr'><strong>modo</strong></span> <span class='ocrx_word' id='word_1_273' title='bbox 917 3671 1056 3728; x_wconf 87' lang='lat' dir='ltr'><strong>sunt</strong></span> <span class='ocrx_word' id='word_1_274' title='bbox 1075 3669 1349 3745; x_wconf 88' lang='lat' dir='ltr'><strong>pulchra,</strong></span> <span class='ocrx_word' id='word_1_275' title='bbox 1378 3672 1437 3728; x_wconf 88' lang='lat' dir='ltr'><strong>et</strong></span> <span class='ocrx_word' id='word_1_276' title='bbox 1479 3669 1739 3730; x_wconf 77' lang='lat' dir='ltr'><strong>aedifica-</strong></span> 
     </span>
     <span class='ocr_line' id='line_1_36' title="bbox 195 3763 1741 3840; baseline -0.001 -16"><span class='ocrx_word' id='word_1_277' title='bbox 195 3767 368 3837; x_wconf 85' lang='lat' dir='ltr'><strong>toria,</strong></span> <span class='ocrx_word' id='word_1_278' title='bbox 396 3780 511 3840; x_wconf 89' lang='lat' dir='ltr'><strong>pro</strong></span> <span class='ocrx_word' id='word_1_279' title='bbox 535 3763 957 3823; x_wconf 74' lang='lat' dir='ltr'><strong>confundenda</strong></span> <span class='ocrx_word' id='word_1_280' title='bbox 986 3764 1253 3822; x_wconf 85' lang='lat' dir='ltr'><strong>humana</strong></span> <span class='ocrx_word' id='word_1_281' title='bbox 1279 3764 1544 3835; x_wconf 85' lang='lat' dir='ltr'><strong>avaritia.</strong></span> <span class='ocrx_word' id='word_1_282' title='bbox 1575 3764 1741 3823; x_wconf 91' lang='lat' dir='ltr'><strong>Unde</strong></span> 
     </span>
     <span class='ocr_line' id='line_1_37' title="bbox 196 3854 1742 3933; baseline -0.001 -15"><span class='ocrx_word' id='word_1_283' title='bbox 196 3858 567 3930; x_wconf 76' lang='lat' dir='ltr'><strong>Ambrosius,</strong></span> <span class='ocrx_word' id='word_1_284' title='bbox 595 3873 900 3933; x_wconf 79' lang='lat' dir='ltr'><strong>exponens</strong></span> <span class='ocrx_word' id='word_1_285' title='bbox 925 3857 1054 3931; x_wconf 88' lang='lat' dir='ltr'><strong>illa,</strong></span> <span class='ocrx_word' id='word_1_286' title='bbox 1076 3858 1162 3916; x_wconf 88' lang='lat' dir='ltr'><strong>sic</strong></span> <span class='ocrx_word' id='word_1_287' title='bbox 1188 3857 1271 3916; x_wconf 92' lang='lat' dir='ltr'><strong>ait</strong></span> <span class='ocrx_word' id='word_1_288' title='bbox 1294 3854 1317 3891; x_wconf 76' lang='lat'>⁸</span> <span class='ocrx_word' id='word_1_289' title='bbox 1344 3876 1359 3916; x_wconf 71' lang='grc' dir='ltr'><strong>ς</strong></span> <span class='ocrx_word' id='word_1_290' title='bbox 1385 3861 1742 3932; x_wconf 77' lang='lat' dir='ltr'><strong>«Nunquam</strong></span> 
     </span>
     <span class='ocr_line' id='line_1_38' title="bbox 194 3952 1739 4024; baseline -0.001 -13"><span class='ocrx_word' id='word_1_291' title='bbox 194 3952 472 4012; x_wconf 70' lang='lat' dir='ltr'><strong>humente</strong></span> <span class='ocrx_word' id='word_1_292' title='bbox 495 3952 630 4010; x_wconf 71' lang='lat' dir='ltr'><strong>vitae</strong></span> <span class='ocrx_word' id='word_1_293' title='bbox 655 3952 1018 4011; x_wconf 81' lang='lat' dir='ltr'><strong>necessarius</strong></span> <span class='ocrx_word' id='word_1_294' title='bbox 1061 3953 1260 4012; x_wconf 86' lang='lat' dir='ltr'><strong>deficit</strong></span> <span class='ocrx_word' id='word_1_295' title='bbox 1282 3968 1426 4011; x_wconf 86' lang='lat' dir='ltr'><strong>usus</strong></span> <span class='ocrx_word' id='word_1_296' title='bbox 1453 3952 1739 4024; x_wconf 84' lang='lat' dir='ltr'><strong>alimenti,</strong></span> 
     </span>
     <span class='ocr_line' id='line_1_39' title="bbox 196 4045 1734 4118; baseline -0.003 -11"><span class='ocrx_word' id='word_1_297' title='bbox 196 4048 308 4107; x_wconf 88' lang='lat' dir='ltr'><strong>nisi</strong></span> <span class='ocrx_word' id='word_1_298' title='bbox 332 4065 474 4107; x_wconf 91' lang='lat' dir='ltr'><strong>cum</strong></span> <span class='ocrx_word' id='word_1_299' title='bbox 514 4046 741 4105; x_wconf 82' lang='lat' dir='ltr'><strong>venerit</strong></span> <span class='ocrx_word' id='word_1_300' title='bbox 785 4045 914 4104; x_wconf 79' lang='lat' dir='ltr'><strong>dies</strong></span> <span class='ocrx_word' id='word_1_301' title='bbox 952 4046 1269 4106; x_wconf 85' lang='lat' dir='ltr'><strong>moriendi.</strong></span> <span class='ocrx_word' id='word_1_302' title='bbox 1317 4046 1676 4118; x_wconf 78' lang='lat' dir='ltr'><strong>Absurdum,</strong></span> <span class='ocrx_word' id='word_1_303' title='bbox 1705 4066 1734 4101; x_wconf 70' lang='lat' dir='ltr'>n</span> 
     </span>
     <span class='ocr_line' id='line_1_40' title="bbox 197 4140 1741 4217; baseline 0 -17"><span class='ocrx_word' id='word_1_304' title='bbox 197 4142 410 4217; x_wconf 84' lang='lat' dir='ltr'><strong>inquit,</strong></span> <span class='ocrx_word' id='word_1_305' title='bbox 448 4144 583 4201; x_wconf 75' lang='lat' dir='ltr'><strong>«est</strong></span> <span class='ocrx_word' id='word_1_306' title='bbox 606 4145 673 4200; x_wconf 87' lang='lat' dir='ltr'><strong>ut</strong></span> <span class='ocrx_word' id='word_1_307' title='bbox 701 4141 890 4200; x_wconf 79' lang='lat' dir='ltr'><strong>victus</strong></span> <span class='ocrx_word' id='word_1_308' title='bbox 913 4141 1092 4200; x_wconf 86' lang='lat' dir='ltr'><strong>nobis</strong></span> <span class='ocrx_word' id='word_1_309' title='bbox 1133 4140 1370 4216; x_wconf 87' lang='lat' dir='ltr'><strong>copiam</strong></span> <span class='ocrx_word' id='word_1_310' title='bbox 1403 4140 1741 4200; x_wconf 78' lang='lat' dir='ltr'><strong>defuturam</strong></span> 
     </span>
     <span class='ocr_line' id='line_1_41' title="bbox 199 4234 1737 4312; baseline -0.001 -19"><span class='ocrx_word' id='word_1_311' title='bbox 199 4236 530 4310; x_wconf 84' lang='lat' dir='ltr'><strong>credamus,</strong></span> <span class='ocrx_word' id='word_1_312' title='bbox 555 4236 662 4312; x_wconf 83' lang='lat' dir='ltr'><strong>qui</strong></span> <span class='ocrx_word' id='word_1_313' title='bbox 684 4236 893 4309; x_wconf 81' lang='lat' dir='ltr'><strong>jugem</strong></span> <span class='ocrx_word' id='word_1_314' title='bbox 920 4234 1105 4293; x_wconf 81' lang='lat' dir='ltr'><strong>vitam</strong></span> <span class='ocrx_word' id='word_1_315' title='bbox 1122 4250 1159 4293; x_wconf 90' lang='lat' dir='ltr'><strong>a</strong></span> <span class='ocrx_word' id='word_1_316' title='bbox 1185 4236 1302 4293; x_wconf 90' lang='lat' dir='ltr'><strong>Deo</strong></span> <span class='ocrx_word' id='word_1_317' title='bbox 1331 4234 1737 4309; x_wconf 79' lang='lat' dir='ltr'><strong>accepimus.»</strong></span> 
     </span>
     <span class='ocr_line' id='line_1_42' title="bbox 198 4330 1740 4390; baseline 0 -2"><span class='ocrx_word' id='word_1_318' title='bbox 198 4333 263 4388; x_wconf 79' lang='lat' dir='ltr'><strong>Et</strong></span> <span class='ocrx_word' id='word_1_319' title='bbox 314 4330 487 4390; x_wconf 84' lang='lat' dir='ltr'><strong>addit</strong></span> <span class='ocrx_word' id='word_1_320' title='bbox 537 4332 560 4367; x_wconf 83' lang='lat'>⁸</span> <span class='ocrx_word' id='word_1_321' title='bbox 618 4348 633 4388; x_wconf 90' lang='lat'><strong>:</strong></span> <span class='ocrx_word' id='word_1_322' title='bbox 672 4350 703 4386; x_wconf 77' lang='grc' dir='ltr'><strong>α</strong></span> <span class='ocrx_word' id='word_1_323' title='bbox 730 4330 1079 4388; x_wconf 67' lang='lat' dir='ltr'><strong>Considerate</strong></span> <span class='ocrx_word' id='word_1_324' title='bbox 1127 4331 1383 4387; x_wconf 76' lang='lat' dir='ltr'><strong>volatilia</strong></span> <span class='ocrx_word' id='word_1_325' title='bbox 1432 4332 1572 4388; x_wconf 78' lang='lat' dir='ltr'><strong>coeli.</strong></span> <span class='ocrx_word' id='word_1_326' title='bbox 1626 4332 1740 4388; x_wconf 75' lang='lat' dir='ltr'><strong>Ma-</strong></span> 
     </span>
     <span class='ocr_line' id='line_1_43' title="bbox 199 4420 1739 4500; baseline -0.001 -17"><span class='ocrx_word' id='word_1_327' title='bbox 199 4439 408 4498; x_wconf 81' lang='lat' dir='ltr'><strong>gnum,</strong></span> <span class='ocrx_word' id='word_1_328' title='bbox 430 4445 463 4480; x_wconf 80' lang='lat'><strong>»</strong></span> <span class='ocrx_word' id='word_1_329' title='bbox 495 4423 710 4500; x_wconf 84' lang='lat' dir='ltr'><strong>inquit,</strong></span> <span class='ocrx_word' id='word_1_330' title='bbox 744 4445 773 4478; x_wconf 89' lang='lat'>«</span> <span class='ocrx_word' id='word_1_331' title='bbox 793 4438 934 4482; x_wconf 87' lang='lat' dir='ltr'><strong>sane</strong></span> <span class='ocrx_word' id='word_1_332' title='bbox 971 4420 1028 4481; x_wconf 87' lang='lat' dir='ltr'><strong>et</strong></span> <span class='ocrx_word' id='word_1_333' title='bbox 1052 4427 1277 4498; x_wconf 86' lang='lat' dir='ltr'><strong>aptum,</strong></span> <span class='ocrx_word' id='word_1_334' title='bbox 1305 4424 1471 4498; x_wconf 86' lang='lat' dir='ltr'><strong>quod</strong></span> <span class='ocrx_word' id='word_1_335' title='bbox 1496 4423 1618 4482; x_wconf 88' lang='lat' dir='ltr'><strong>fide</strong></span> <span class='ocrx_word' id='word_1_336' title='bbox 1645 4440 1739 4482; x_wconf 62' lang='lat' dir='ltr'><strong>sen</strong></span> 
     </span>
    </p>
   </div>
   <div class='ocr_carea' id='block_1_3' title="bbox 57 4516 1739 4593">
    <p class='ocr_par' dir='ltr' id='par_1_3' title="bbox 57 4516 1739 4593">
     <span class='ocr_line' id='line_1_44' title="bbox 57 4516 1739 4593; baseline -0.002 -15"><span class='ocrx_word' id='word_1_337' title='bbox 57 4518 78 4545; x_wconf 71' lang='lat'>⁸</span> <span class='ocrx_word' id='word_1_338' title='bbox 198 4532 478 4592; x_wconf 80' lang='lat' dir='ltr'><strong>quamur,</strong></span> <span class='ocrx_word' id='word_1_339' title='bbox 515 4517 881 4593; x_wconf 86' lang='lat' dir='ltr'><strong>exemplum.</strong></span> <span class='ocrx_word' id='word_1_340' title='bbox 911 4519 1059 4575; x_wconf 84' lang='lat' dir='ltr'><strong>Nam</strong></span> <span class='ocrx_word' id='word_1_341' title='bbox 1080 4559 1099 4588; x_wconf 95' lang='lat'><strong>,</strong></span> <span class='ocrx_word' id='word_1_342' title='bbox 1128 4516 1178 4573; x_wconf 89' lang='lat' dir='ltr'><strong>si</strong></span> <span class='ocrx_word' id='word_1_343' title='bbox 1203 4517 1544 4576; x_wconf 84' lang='lat' dir='ltr'><strong>volatilibus</strong></span> <span class='ocrx_word' id='word_1_344' title='bbox 1583 4518 1739 4591; x_wconf 88' lang='lat' dir='ltr'><strong>coeli,</strong></span> 
     </span>
    </p>
   </div>
   <div class='ocr_carea' id='block_1_4' title="bbox 196 4609 1742 5049">
    <p class='ocr_par' dir='ltr' id='par_1_4' title="bbox 196 4609 1742 5049">
     <span class='ocr_line' id='line_1_45' title="bbox 196 4609 1741 4689; baseline -0.001 -19"><span class='ocrx_word' id='word_1_345' title='bbox 196 4613 416 4685; x_wconf 79' lang='lat' dir='ltr'><strong>quibus</strong></span> <span class='ocrx_word' id='word_1_346' title='bbox 451 4612 687 4671; x_wconf 88' lang='lat' dir='ltr'><strong>nullum</strong></span> <span class='ocrx_word' id='word_1_347' title='bbox 720 4616 806 4670; x_wconf 87' lang='lat' dir='ltr'><strong>est</strong></span> <span class='ocrx_word' id='word_1_348' title='bbox 841 4609 1183 4670; x_wconf 87' lang='lat' dir='ltr'><strong>exercitium</strong></span> <span class='ocrx_word' id='word_1_349' title='bbox 1225 4610 1616 4670; x_wconf 85' lang='lat' dir='ltr'><strong>cultivationis</strong></span> <span class='ocrx_word' id='word_1_350' title='bbox 1643 4613 1741 4689; x_wconf 85' lang='lat' dir='ltr'><strong>(b),</strong></span> 
     </span>
     <span class='ocr_line' id='line_1_46' title="bbox 197 4703 1742 4779; baseline -0.001 -13"><span class='ocrx_word' id='word_1_351' title='bbox 197 4707 398 4772; x_wconf 86' lang='lat' dir='ltr'><strong>nullus</strong></span> <span class='ocrx_word' id='word_1_352' title='bbox 425 4707 502 4766; x_wconf 90' lang='lat' dir='ltr'><strong>de</strong></span> <span class='ocrx_word' id='word_1_353' title='bbox 518 4705 803 4765; x_wconf 87' lang='lat' dir='ltr'><strong>messium</strong></span> <span class='ocrx_word' id='word_1_354' title='bbox 823 4703 1201 4763; x_wconf 76' lang='lat' dir='ltr'><strong>foecunditate</strong></span> <span class='ocrx_word' id='word_1_355' title='bbox 1218 4708 1562 4779; x_wconf 85' lang='lat' dir='ltr'><strong>proventus,</strong></span> <span class='ocrx_word' id='word_1_356' title='bbox 1573 4707 1742 4765; x_wconf 89' lang='lat' dir='ltr'><strong>inde-</strong></span> 
     </span>
     <span class='ocr_line' id='line_1_47' title="bbox 197 4796 1741 4873; baseline 0.001 -17"><span class='ocrx_word' id='word_1_357' title='bbox 197 4798 490 4860; x_wconf 83' lang='lat' dir='ltr'><strong>ficientem</strong></span> <span class='ocrx_word' id='word_1_358' title='bbox 516 4802 717 4858; x_wconf 89' lang='lat' dir='ltr'><strong>tamen</strong></span> <span class='ocrx_word' id='word_1_359' title='bbox 746 4798 953 4857; x_wconf 85' lang='lat' dir='ltr'><strong>divina</strong></span> <span class='ocrx_word' id='word_1_360' title='bbox 974 4797 1352 4873; x_wconf 79' lang='lat' dir='ltr'><strong>providentia</strong></span> <span class='ocrx_word' id='word_1_361' title='bbox 1375 4796 1623 4872; x_wconf 89' lang='lat' dir='ltr'><strong>largitur</strong></span> <span class='ocrx_word' id='word_1_362' title='bbox 1637 4799 1741 4858; x_wconf 85' lang='lat' dir='ltr'><strong>ali-</strong></span> 
     </span>
     <span class='ocr_line' id='line_1_48' title="bbox 198 4890 1739 4969; baseline 0.002 -19"><span class='ocrx_word' id='word_1_363' title='bbox 198 4897 486 4969; x_wconf 88' lang='lat' dir='ltr'><strong>moniam,</strong></span> <span class='ocrx_word' id='word_1_364' title='bbox 514 4906 730 4953; x_wconf 76' lang='lat' dir='ltr'><strong>verum</strong></span> <span class='ocrx_word' id='word_1_365' title='bbox 758 4895 863 4963; x_wconf 89' lang='lat' dir='ltr'><strong>est,</strong></span> <span class='ocrx_word' id='word_1_366' title='bbox 892 4890 1059 4967; x_wconf 83' lang='lat' dir='ltr'><strong>quod</strong></span> <span class='ocrx_word' id='word_1_367' title='bbox 1088 4906 1269 4950; x_wconf 82' lang='lat' dir='ltr'><strong>causa</strong></span> <span class='ocrx_word' id='word_1_368' title='bbox 1293 4892 1510 4966; x_wconf 75' lang='lat' dir='ltr'><strong>inopias</strong></span> <span class='ocrx_word' id='word_1_369' title='bbox 1526 4897 1739 4953; x_wconf 64' lang='lat' dir='ltr'><strong>nostrie</strong></span> 
     </span>
     <span class='ocr_line' id='line_1_49' title="bbox 200 4988 646 5049; baseline 0 -6"><span class='ocrx_word' id='word_1_370' title='bbox 200 4988 445 5049; x_wconf 80' lang='lat' dir='ltr'><strong>avaritia</strong></span> <span class='ocrx_word' id='word_1_371' title='bbox 471 4990 577 5047; x_wconf 85' lang='lat' dir='ltr'><strong>est.</strong></span> <span class='ocrx_word' id='word_1_372' title='bbox 613 5006 646 5043; x_wconf 71' lang='lat' dir='ltr'><strong>n</strong></span> 
     </span>
    </p>
   </div>
   <div class='ocr_carea' id='block_1_5' title="bbox 201 5150 1738 5439">
    <p class='ocr_par' dir='ltr' id='par_1_5' title="bbox 201 5150 1738 5439">
     <span class='ocr_line' id='line_1_50' title="bbox 262 5150 1737 5224; baseline -0.001 -15"><span class='ocrx_word' id='word_1_373' title='bbox 262 5156 276 5190; x_wconf 82' lang='lat'><strong>¹</strong></span> <span class='ocrx_word' id='word_1_374' title='bbox 307 5159 483 5224; x_wconf 61' lang='lat' dir='ltr'><strong>Arist„</strong></span> <span class='ocrx_word' id='word_1_375' title='bbox 509 5156 570 5207; x_wconf 69' lang='lat' dir='ltr'><strong>da</strong></span> <span class='ocrx_word' id='word_1_376' title='bbox 606 5155 837 5220; x_wconf 68' lang='lat' dir='ltr'><strong>Plautia,</strong></span> <span class='ocrx_word' id='word_1_377' title='bbox 873 5155 961 5205; x_wconf 88' lang='lat' dir='ltr'><strong>lib.</strong></span> <span class='ocrx_word' id='word_1_378' title='bbox 993 5154 1089 5217; x_wconf 82' lang='lat' dir='ltr'><strong>m,</strong></span> <span class='ocrx_word' id='word_1_379' title='bbox 1122 5170 1167 5207; x_wconf 86' lang='lat' dir='ltr'><strong>c.</strong></span> <span class='ocrx_word' id='word_1_380' title='bbox 1198 5160 1244 5220; x_wconf 81' lang='lat' dir='ltr'><strong>i,</strong></span> <span class='ocrx_word' id='word_1_381' title='bbox 1273 5154 1406 5207; x_wconf 81' lang='lat' dir='ltr'><strong>circa</strong></span> <span class='ocrx_word' id='word_1_382' title='bbox 1431 5154 1541 5220; x_wconf 82' lang='lat' dir='ltr'><strong>fln.;</strong></span> <span class='ocrx_word' id='word_1_383' title='bbox 1568 5150 1737 5209; x_wconf 77' lang='lat' dir='ltr'><strong>‘rhec-</strong></span> 
     </span>
     <span class='ocr_line' id='line_1_51' title="bbox 203 5225 1738 5294; baseline 0.002 -17"><span class='ocrx_word' id='word_1_384' title='bbox 203 5225 414 5294; x_wconf 63' lang='lat' dir='ltr'><strong>plima,</strong></span> <span class='ocrx_word' id='word_1_385' title='bbox 433 5229 495 5279; x_wconf 83' lang='lat' dir='ltr'><strong>de</strong></span> <span class='ocrx_word' id='word_1_386' title='bbox 521 5226 710 5289; x_wconf 72' lang='lat' dir='ltr'><strong>Plant„</strong></span> <span class='ocrx_word' id='word_1_387' title='bbox 730 5226 819 5277; x_wconf 91' lang='lat' dir='ltr'><strong>lib.</strong></span> <span class='ocrx_word' id='word_1_388' title='bbox 844 5226 907 5291; x_wconf 83' lang='lat' dir='ltr'><strong>n,</strong></span> <span class='ocrx_word' id='word_1_389' title='bbox 933 5240 979 5279; x_wconf 87' lang='lat' dir='ltr'><strong>e.</strong></span> <span class='ocrx_word' id='word_1_390' title='bbox 1007 5238 1185 5278; x_wconf 57' lang='grc' dir='ltr'>ηιμ-</span> <span class='ocrx_word' id='word_1_391' title='bbox 1213 5228 1234 5258; x_wconf 88' lang='lat'>²</span> <span class='ocrx_word' id='word_1_392' title='bbox 1259 5228 1466 5291; x_wconf 63' lang='lat' dir='ltr'><strong>Mami„</strong></span> <span class='ocrx_word' id='word_1_393' title='bbox 1493 5237 1567 5294; x_wconf 70' lang='lat' dir='ltr'><strong>vr,</strong></span> <span class='ocrx_word' id='word_1_394' title='bbox 1594 5233 1738 5280; x_wconf 80' lang='lat'><strong>25.—</strong></span> 
     </span>
     <span class='ocr_line' id='line_1_52' title="bbox 201 5294 1737 5364; baseline 0.004 -18"><span class='ocrx_word' id='word_1_395' title='bbox 201 5294 226 5339; x_wconf 64' lang='lat'>⁸</span> <span class='ocrx_word' id='word_1_396' title='bbox 248 5297 393 5364; x_wconf 69' lang='lat' dir='ltr'><strong>thid„</strong></span> <span class='ocrx_word' id='word_1_397' title='bbox 427 5303 508 5358; x_wconf 73' lang='lat'><strong>25,</strong></span> <span class='ocrx_word' id='word_1_398' title='bbox 531 5301 611 5352; x_wconf 76' lang='lat'><strong>28.</strong></span> <span class='ocrx_word' id='word_1_399' title='bbox 635 5325 698 5337; x_wconf 92' lang='lat'>—</span> <span class='ocrx_word' id='word_1_400' title='bbox 716 5297 736 5329; x_wconf 80' lang='lat'><strong><em>⁴</em></strong></span> <span class='ocrx_word' id='word_1_401' title='bbox 763 5297 1024 5362; x_wconf 66' lang='lat' dir='ltr'><strong>Ambros„</strong></span> <span class='ocrx_word' id='word_1_402' title='bbox 1043 5299 1099 5348; x_wconf 71' lang='lat' dir='ltr'><strong>in</strong></span> <span class='ocrx_word' id='word_1_403' title='bbox 1115 5299 1229 5350; x_wconf 73' lang='lat' dir='ltr'><strong>Luc.</strong></span> <span class='ocrx_word' id='word_1_404' title='bbox 1257 5298 1461 5362; x_wconf 81' lang='lat' dir='ltr'><strong>iib.v11‚</strong></span> <span class='ocrx_word' id='word_1_405' title='bbox 1489 5303 1737 5352; x_wconf 57' lang='lat'><strong>2123.—</strong></span> 
     </span>
     <span class='ocr_line' id='line_1_53' title="bbox 205 5367 1733 5439; baseline 0.005 -23"><span class='ocrx_word' id='word_1_406' title='bbox 205 5367 631 5424; x_wconf 67' lang='lat' dir='ltr'><strong>*tbid.n.12;.—</strong></span> <span class='ocrx_word' id='word_1_407' title='bbox 665 5371 686 5406; x_wconf 66' lang='grc' dir='ltr'><strong>θ</strong></span> <span class='ocrx_word' id='word_1_408' title='bbox 707 5369 847 5431; x_wconf 68' lang='lat' dir='ltr'><strong>Luc„</strong></span> <span class='ocrx_word' id='word_1_409' title='bbox 865 5381 953 5436; x_wconf 66' lang='grc' dir='ltr'><strong>ιν,</strong></span> <span class='ocrx_word' id='word_1_410' title='bbox 981 5372 1059 5432; x_wconf 82' lang='lat'><strong>17,</strong></span> <span class='ocrx_word' id='word_1_411' title='bbox 1076 5372 1151 5437; x_wconf 79' lang='lat'><strong>18,</strong></span> <span class='ocrx_word' id='word_1_412' title='bbox 1169 5374 1314 5423; x_wconf 81' lang='lat'><strong>20‚-</strong></span> <span class='ocrx_word' id='word_1_413' title='bbox 1331 5373 1525 5435; x_wconf 75' lang='lat' dir='ltr'><strong>⁷Rone.,</strong></span> <span class='ocrx_word' id='word_1_414' title='bbox 1550 5385 1609 5439; x_wconf 82' lang='grc' dir='ltr'>ιι,</span> <span class='ocrx_word' id='word_1_415' title='bbox 1626 5376 1733 5425; x_wconf 73' lang='lat'><strong>4-6.</strong></span> 
     </span>
    </p>
   </div>
   <div class='ocr_carea' id='block_1_6' title="bbox 3266 438 3385 501">
    <p class='ocr_par' dir='ltr' id='par_1_6' title="bbox 3266 438 3385 501">
     <span class='ocr_line' id='line_1_54' title="bbox 3266 438 3385 501; baseline 0 0"><span class='ocrx_word' id='word_1_416' title='bbox 3266 438 3385 501; x_wconf 80' lang='lat'><strong>583</strong></span> 
     </span>
    </p>
   </div>
   <div class='ocr_carea' id='block_1_7' title="bbox 1842 568 3392 1022">
    <p class='ocr_par' dir='ltr' id='par_1_7' title="bbox 1842 568 3392 1022">
     <span class='ocr_line' id='line_1_55' title="bbox 1914 568 3384 645; baseline -0.001 -15"><span class='ocrx_word' id='word_1_417' title='bbox 1914 570 2135 642; x_wconf 85' lang='lat' dir='ltr'><strong>Tertio,</strong></span> <span class='ocrx_word' id='word_1_418' title='bbox 2183 571 2553 645; x_wconf 86' lang='lat' dir='ltr'><strong>surgendum</strong></span> <span class='ocrx_word' id='word_1_419' title='bbox 2597 573 2683 629; x_wconf 87' lang='lat' dir='ltr'><strong>est</strong></span> <span class='ocrx_word' id='word_1_420' title='bbox 2736 585 2775 629; x_wconf 83' lang='lat' dir='ltr'><strong>a</strong></span> <span class='ocrx_word' id='word_1_421' title='bbox 2818 570 3064 644; x_wconf 89' lang='lat' dir='ltr'><strong>peccato</strong></span> <span class='ocrx_word' id='word_1_422' title='bbox 3116 568 3384 640; x_wconf 82' lang='lat' dir='ltr'><strong>luxuriae,</strong></span> 
     </span>
     <span class='ocr_line' id='line_1_56' title="bbox 1842 665 3392 741; baseline 0 -17"><span class='ocrx_word' id='word_1_423' title='bbox 1842 682 1952 740; x_wconf 86' lang='lat' dir='ltr'><strong>per</strong></span> <span class='ocrx_word' id='word_1_424' title='bbox 1974 665 2144 741; x_wconf 88' lang='lat' dir='ltr'><strong>quod</strong></span> <span class='ocrx_word' id='word_1_425' title='bbox 2169 681 2281 725; x_wconf 90' lang='lat' dir='ltr'><strong>nos</strong></span> <span class='ocrx_word' id='word_1_426' title='bbox 2307 669 2462 725; x_wconf 90' lang='lat' dir='ltr'><strong>totos</strong></span> <span class='ocrx_word' id='word_1_427' title='bbox 2486 665 2810 738; x_wconf 82' lang='lat' dir='ltr'><strong>inficimus,</strong></span> <span class='ocrx_word' id='word_1_428' title='bbox 2841 670 2898 724; x_wconf 91' lang='lat' dir='ltr'><strong>et</strong></span> <span class='ocrx_word' id='word_1_429' title='bbox 2933 680 3152 741; x_wconf 89' lang='lat' dir='ltr'><strong>corpus</strong></span> <span class='ocrx_word' id='word_1_430' title='bbox 3178 668 3237 724; x_wconf 89' lang='lat' dir='ltr'><strong>et</strong></span> <span class='ocrx_word' id='word_1_431' title='bbox 3263 666 3392 724; x_wconf 89' lang='lat' dir='ltr'><strong>ani-</strong></span> 
     </span>
     <span class='ocr_line' id='line_1_57' title="bbox 1843 756 3391 832; baseline 0.001 -15"><span class='ocrx_word' id='word_1_432' title='bbox 1843 772 2008 817; x_wconf 87' lang='lat' dir='ltr'><strong>mam</strong></span> <span class='ocrx_word' id='word_1_433' title='bbox 2042 759 2433 818; x_wconf 87' lang='lat' dir='ltr'><strong>maculamus.</strong></span> <span class='ocrx_word' id='word_1_434' title='bbox 2479 756 2786 818; x_wconf 80' lang='lat' dir='ltr'><strong>Luxuriosi</strong></span> <span class='ocrx_word' id='word_1_435' title='bbox 2832 759 2990 818; x_wconf 90' lang='lat' dir='ltr'><strong>enim</strong></span> <span class='ocrx_word' id='word_1_436' title='bbox 3006 803 3025 832; x_wconf 95' lang='lat'><strong>,</strong></span> <span class='ocrx_word' id='word_1_437' title='bbox 3056 774 3226 818; x_wconf 85' lang='lat' dir='ltr'><strong>more</strong></span> <span class='ocrx_word' id='word_1_438' title='bbox 3268 772 3391 818; x_wconf 80' lang='lat' dir='ltr'><strong>sca·</strong></span> 
     </span>
     <span class='ocr_line' id='line_1_58' title="bbox 1842 852 3391 927; baseline 0.001 -16"><span class='ocrx_word' id='word_1_439' title='bbox 1842 853 2127 920; x_wconf 85' lang='lat' dir='ltr'><strong>hrenum,</strong></span> <span class='ocrx_word' id='word_1_440' title='bbox 2152 868 2387 927; x_wconf 90' lang='lat' dir='ltr'><strong>semper</strong></span> <span class='ocrx_word' id='word_1_441' title='bbox 2412 852 2477 911; x_wconf 90' lang='lat' dir='ltr'><strong>in</strong></span> <span class='ocrx_word' id='word_1_442' title='bbox 2511 853 2865 912; x_wconf 88' lang='lat' dir='ltr'><strong>stercoribus</strong></span> <span class='ocrx_word' id='word_1_443' title='bbox 2882 855 3039 926; x_wconf 86' lang='lat' dir='ltr'><strong>sunt,</strong></span> <span class='ocrx_word' id='word_1_444' title='bbox 3061 858 3120 912; x_wconf 90' lang='lat' dir='ltr'><strong>et</strong></span> <span class='ocrx_word' id='word_1_445' title='bbox 3132 855 3391 912; x_wconf 85' lang='lat' dir='ltr'><strong>stercora</strong></span> 
     </span>
     <span class='ocr_line' id='line_1_59' title="bbox 1846 946 3391 1022; baseline 0 -17"><span class='ocrx_word' id='word_1_446' title='bbox 1846 946 2124 1006; x_wconf 75' lang='lat' dir='ltr'><strong>contInue</strong></span> <span class='ocrx_word' id='word_1_447' title='bbox 2162 947 2513 1020; x_wconf 76' lang='lat' dir='ltr'><strong>revolvunt,</strong></span> <span class='ocrx_word' id='word_1_448' title='bbox 2544 950 2602 1006; x_wconf 87' lang='lat' dir='ltr'><strong>et</strong></span> <span class='ocrx_word' id='word_1_449' title='bbox 2639 947 2790 1005; x_wconf 89' lang='lat' dir='ltr'><strong>adeo</strong></span> <span class='ocrx_word' id='word_1_450' title='bbox 2820 946 3016 1005; x_wconf 85' lang='lat' dir='ltr'><strong>infecti</strong></span> <span class='ocrx_word' id='word_1_451' title='bbox 3038 951 3194 1019; x_wconf 84' lang='lat' dir='ltr'><strong>sunt,</strong></span> <span class='ocrx_word' id='word_1_452' title='bbox 3224 947 3391 1022; x_wconf 75' lang='lat' dir='ltr'><strong>quod</strong></span> 
     </span>
    </p>
   </div>
   <div class='ocr_carea' id='block_1_8' title="bbox 1846 1038 3629 1208">
    <p class='ocr_par' dir='ltr' id='par_1_8' title="bbox 1846 1038 3629 1208">
     <span class='ocr_line' id='line_1_60' title="bbox 1847 1038 3629 1100; baseline 0 -1"><span class='ocrx_word' id='word_1_453' title='bbox 1847 1043 2176 1099; x_wconf 84' lang='lat' dir='ltr'><strong>stercorum</strong></span> <span class='ocrx_word' id='word_1_454' title='bbox 2208 1038 2479 1100; x_wconf 85' lang='lat' dir='ltr'><strong>foetorem</strong></span> <span class='ocrx_word' id='word_1_455' title='bbox 2508 1056 2635 1099; x_wconf 88' lang='lat' dir='ltr'><strong>non</strong></span> <span class='ocrx_word' id='word_1_456' title='bbox 2679 1040 2952 1098; x_wconf 88' lang='lat' dir='ltr'><strong>sentiunt.</strong></span> <span class='ocrx_word' id='word_1_457' title='bbox 3001 1040 3242 1099; x_wconf 83' lang='lat' dir='ltr'><strong>ciconia</strong></span> <span class='ocrx_word' id='word_1_458' title='bbox 3288 1050 3393 1099; x_wconf 86' lang='lat' dir='ltr'><strong>eo-</strong></span> <span class='ocrx_word' id='word_1_459' title='bbox 3473 1058 3629 1100; x_wconf 70' lang='lat' dir='ltr'><strong>axem-</strong></span> 
     </span>
     <span class='ocr_line' id='line_1_61' title="bbox 1846 1115 3559 1208; baseline -0.002 -15"><span class='ocrx_word' id='word_1_460' title='bbox 1846 1134 2080 1208; x_wconf 85' lang='lat' dir='ltr'><strong>gnoscit</strong></span> <span class='ocrx_word' id='word_1_461' title='bbox 2116 1133 2421 1206; x_wconf 86' lang='lat' dir='ltr'><strong>foetorem,</strong></span> <span class='ocrx_word' id='word_1_462' title='bbox 2470 1138 2528 1193; x_wconf 91' lang='lat' dir='ltr'><strong>et</strong></span> <span class='ocrx_word' id='word_1_463' title='bbox 2570 1134 2747 1192; x_wconf 85' lang='lat' dir='ltr'><strong>sentit</strong></span> <span class='ocrx_word' id='word_1_464' title='bbox 2795 1133 3041 1208; x_wconf 87' lang='lat' dir='ltr'><strong>quando</strong></span> <span class='ocrx_word' id='word_1_465' title='bbox 3089 1150 3197 1191; x_wconf 88' lang='lat' dir='ltr'><strong>sua</strong></span> <span class='ocrx_word' id='word_1_466' title='bbox 3240 1140 3394 1192; x_wconf 73' lang='lat' dir='ltr'><strong>uxor</strong></span> <span class='ocrx_word' id='word_1_467' title='bbox 3418 1115 3559 1173; x_wconf 49' lang='lat'><strong>9¹⁰²*</strong></span> 
     </span>
    </p>
   </div>
   <div class='ocr_carea' id='block_1_9' title="bbox 1847 1222 3404 3465">
    <p class='ocr_par' dir='ltr' id='par_1_9' title="bbox 1847 1222 3404 3465">
     <span class='ocr_line' id='line_1_62' title="bbox 1849 1222 3395 1301; baseline 0 -16"><span class='ocrx_word' id='word_1_468' title='bbox 1849 1227 2120 1287; x_wconf 85' lang='lat' dir='ltr'><strong>adultera</strong></span> <span class='ocrx_word' id='word_1_469' title='bbox 2171 1226 2313 1301; x_wconf 82' lang='lat' dir='ltr'><strong>fuit3</strong></span> <span class='ocrx_word' id='word_1_470' title='bbox 2370 1229 2428 1286; x_wconf 90' lang='lat' dir='ltr'><strong>et</strong></span> <span class='ocrx_word' id='word_1_471' title='bbox 2476 1227 2656 1286; x_wconf 86' lang='lat' dir='ltr'><strong>miser</strong></span> <span class='ocrx_word' id='word_1_472' title='bbox 2707 1223 2894 1287; x_wconf 89' lang='lat' dir='ltr'><strong>homo</strong></span> <span class='ocrx_word' id='word_1_473' title='bbox 2948 1227 3101 1286; x_wconf 89' lang='lat' dir='ltr'><strong>adeo</strong></span> <span class='ocrx_word' id='word_1_474' title='bbox 3146 1222 3395 1286; x_wconf 70' lang='lat' dir='ltr'><strong>iniectus</strong></span> 
     </span>
     <span class='ocr_line' id='line_1_63' title="bbox 1850 1318 3396 1398; baseline -0.001 -18"><span class='ocrx_word' id='word_1_475' title='bbox 1850 1322 2062 1394; x_wconf 85' lang='lat' dir='ltr'><strong>existit,</strong></span> <span class='ocrx_word' id='word_1_476' title='bbox 2093 1318 2260 1397; x_wconf 87' lang='lat' dir='ltr'><strong>quod</strong></span> <span class='ocrx_word' id='word_1_477' title='bbox 2300 1322 2571 1381; x_wconf 79' lang='lat' dir='ltr'><strong>foetorem</strong></span> <span class='ocrx_word' id='word_1_478' title='bbox 2603 1321 2917 1398; x_wconf 78' lang='lat' dir='ltr'><strong>proprium</strong></span> <span class='ocrx_word' id='word_1_479' title='bbox 2955 1332 3082 1380; x_wconf 86' lang='lat' dir='ltr'><strong>non</strong></span> <span class='ocrx_word' id='word_1_480' title='bbox 3121 1320 3396 1392; x_wconf 72' lang='lat' dir='ltr'><strong>advertit,</strong></span> 
     </span>
     <span class='ocr_line' id='line_1_64' title="bbox 1850 1410 3395 1491; baseline -0.001 -17"><span class='ocrx_word' id='word_1_481' title='bbox 1850 1434 1988 1474; x_wconf 91' lang='lat' dir='ltr'><strong>cum</strong></span> <span class='ocrx_word' id='word_1_482' title='bbox 2014 1415 2213 1476; x_wconf 83' lang='lat' dir='ltr'><strong>foeteat</strong></span> <span class='ocrx_word' id='word_1_483' title='bbox 2236 1416 2460 1489; x_wconf 87' lang='lat' dir='ltr'><strong>magis,</strong></span> <span class='ocrx_word' id='word_1_484' title='bbox 2487 1428 2672 1491; x_wconf 85' lang='lat' dir='ltr'><strong>quam</strong></span> <span class='ocrx_word' id='word_1_485' title='bbox 2698 1415 2972 1491; x_wconf 79' lang='lat' dir='ltr'><strong>putridus</strong></span> <span class='ocrx_word' id='word_1_486' title='bbox 3001 1410 3182 1473; x_wconf 77' lang='lat' dir='ltr'><strong>canis·</strong></span> <span class='ocrx_word' id='word_1_487' title='bbox 3220 1419 3395 1489; x_wconf 78' lang='lat' dir='ltr'><strong>Ergo,</strong></span> 
     </span>
     <span class='ocr_line' id='line_1_65' title="bbox 1849 1509 3397 1585; baseline -0.001 -17"><span class='ocrx_word' id='word_1_488' title='bbox 1849 1511 2076 1584; x_wconf 61' lang='lat' dir='ltr'><strong>fratres„</strong></span> <span class='ocrx_word' id='word_1_489' title='bbox 2103 1510 2471 1585; x_wconf 87' lang='lat' dir='ltr'><strong>surgendum</strong></span> <span class='ocrx_word' id='word_1_490' title='bbox 2499 1512 2587 1568; x_wconf 89' lang='lat' dir='ltr'><strong>est</strong></span> <span class='ocrx_word' id='word_1_491' title='bbox 2623 1525 2662 1568; x_wconf 90' lang='lat' dir='ltr'><strong>a</strong></span> <span class='ocrx_word' id='word_1_492' title='bbox 2702 1509 3089 1585; x_wconf 81' lang='lat' dir='ltr'><strong>turpitudine,</strong></span> <span class='ocrx_word' id='word_1_493' title='bbox 3119 1510 3397 1584; x_wconf 81' lang='lat' dir='ltr'><strong>exemplo</strong></span> 
     </span>
     <span class='ocr_line' id='line_1_66' title="bbox 1849 1604 3401 1680; baseline -0.001 -18"><span class='ocrx_word' id='word_1_494' title='bbox 1849 1604 1959 1662; x_wconf 92' lang='lat' dir='ltr'><strong>filii</strong></span> <span class='ocrx_word' id='word_1_495' title='bbox 1984 1604 2255 1679; x_wconf 82' lang='lat' dir='ltr'><strong>prodigi,</strong></span> <span class='ocrx_word' id='word_1_496' title='bbox 2292 1604 2396 1680; x_wconf 88' lang='lat' dir='ltr'><strong>qui</strong></span> <span class='ocrx_word' id='word_1_497' title='bbox 2433 1605 2672 1677; x_wconf 91' lang='lat' dir='ltr'><strong>omnia,</strong></span> <span class='ocrx_word' id='word_1_498' title='bbox 2727 1620 2862 1679; x_wconf 77' lang='lat' dir='ltr'><strong>quae</strong></span> <span class='ocrx_word' id='word_1_499' title='bbox 2888 1618 2925 1661; x_wconf 86' lang='lat' dir='ltr'><strong>a</strong></span> <span class='ocrx_word' id='word_1_500' title='bbox 2960 1605 3128 1679; x_wconf 89' lang='lat' dir='ltr'><strong>patre</strong></span> <span class='ocrx_word' id='word_1_501' title='bbox 3162 1618 3401 1679; x_wconf 83' lang='lat' dir='ltr'><strong>accepe-</strong></span> 
     </span>
     <span class='ocr_line' id='line_1_67' title="bbox 1850 1695 3398 1773; baseline -0.002 -16"><span class='ocrx_word' id='word_1_502' title='bbox 1850 1701 1960 1771; x_wconf 87' lang='lat' dir='ltr'><strong>rat,</strong></span> <span class='ocrx_word' id='word_1_503' title='bbox 1992 1698 2297 1758; x_wconf 87' lang='lat' dir='ltr'><strong>luxuriose</strong></span> <span class='ocrx_word' id='word_1_504' title='bbox 2327 1702 2790 1773; x_wconf 80' lang='lat' dir='ltr'><strong>consumpserat.</strong></span> <span class='ocrx_word' id='word_1_505' title='bbox 2821 1698 2978 1757; x_wconf 77' lang='lat' dir='ltr'><strong>Audi</strong></span> <span class='ocrx_word' id='word_1_506' title='bbox 3009 1716 3024 1755; x_wconf 70' lang='grc' dir='ltr'><strong>ε</strong></span> <span class='ocrx_word' id='word_1_507' title='bbox 3053 1701 3188 1772; x_wconf 86' lang='lat' dir='ltr'><strong>post</strong></span> <span class='ocrx_word' id='word_1_508' title='bbox 3209 1695 3398 1755; x_wconf 85' lang='lat' dir='ltr'><strong>multa</strong></span> 
     </span>
     <span class='ocr_line' id='line_1_68' title="bbox 1854 1791 3401 1868; baseline -0.001 -18"><span class='ocrx_word' id='word_1_509' title='bbox 1854 1809 1988 1868; x_wconf 80' lang='lat' dir='ltr'><strong>quoe</strong></span> <span class='ocrx_word' id='word_1_510' title='bbox 2012 1791 2231 1852; x_wconf 82' lang='lat' dir='ltr'><strong>fecerat</strong></span> <span class='ocrx_word' id='word_1_511' title='bbox 2255 1793 2298 1866; x_wconf 81' lang='lat'><strong>⁸,</strong></span> <span class='ocrx_word' id='word_1_512' title='bbox 2322 1811 2353 1847; x_wconf 67' lang='lat' dir='ltr'><strong>a</strong></span> <span class='ocrx_word' id='word_1_513' title='bbox 2377 1802 2649 1851; x_wconf 80' lang='lat' dir='ltr'><strong>reversus</strong></span> <span class='ocrx_word' id='word_1_514' title='bbox 2678 1791 2759 1850; x_wconf 88' lang='lat' dir='ltr'><strong>ad</strong></span> <span class='ocrx_word' id='word_1_515' title='bbox 2783 1806 2846 1850; x_wconf 85' lang='lat' dir='ltr'><strong>se</strong></span> <span class='ocrx_word' id='word_1_516' title='bbox 2873 1791 3094 1868; x_wconf 87' lang='lat' dir='ltr'><strong>ipsum,</strong></span> <span class='ocrx_word' id='word_1_517' title='bbox 3108 1791 3193 1849; x_wconf 83' lang='lat' dir='ltr'><strong>ait</strong></span> <span class='ocrx_word' id='word_1_518' title='bbox 3225 1809 3240 1848; x_wconf 89' lang='lat'><strong>:</strong></span> <span class='ocrx_word' id='word_1_519' title='bbox 3266 1793 3401 1850; x_wconf 89' lang='lat' dir='ltr'><strong>Sur-</strong></span> 
     </span>
     <span class='ocr_line' id='line_1_69' title="bbox 1852 1886 3399 1962; baseline -0.001 -16"><span class='ocrx_word' id='word_1_520' title='bbox 1852 1900 2022 1961; x_wconf 84' lang='lat' dir='ltr'><strong>gam,</strong></span> <span class='ocrx_word' id='word_1_521' title='bbox 2062 1890 2120 1945; x_wconf 89' lang='lat' dir='ltr'><strong>et</strong></span> <span class='ocrx_word' id='word_1_522' title='bbox 2161 1887 2267 1946; x_wconf 89' lang='lat' dir='ltr'><strong>ibo</strong></span> <span class='ocrx_word' id='word_1_523' title='bbox 2296 1887 2375 1946; x_wconf 90' lang='lat' dir='ltr'><strong>ad</strong></span> <span class='ocrx_word' id='word_1_524' title='bbox 2414 1890 2647 1962; x_wconf 87' lang='lat' dir='ltr'><strong>patrem</strong></span> <span class='ocrx_word' id='word_1_525' title='bbox 2690 1894 2927 1956; x_wconf 86' lang='lat' dir='ltr'><strong>meum,</strong></span> <span class='ocrx_word' id='word_1_526' title='bbox 2975 1889 3033 1944; x_wconf 87' lang='lat' dir='ltr'><strong>et</strong></span> <span class='ocrx_word' id='word_1_527' title='bbox 3071 1886 3267 1944; x_wconf 86' lang='lat' dir='ltr'><strong>dicam</strong></span> <span class='ocrx_word' id='word_1_528' title='bbox 3295 1887 3350 1944; x_wconf 87' lang='lat' dir='ltr'><strong>ei</strong></span> <span class='ocrx_word' id='word_1_529' title='bbox 3383 1906 3399 1945; x_wconf 88' lang='lat'><strong>:</strong></span> 
     </span>
     <span class='ocr_line' id='line_1_70' title="bbox 1852 1980 3400 2055; baseline -0.001 -16"><span class='ocrx_word' id='word_1_530' title='bbox 1852 1983 2042 2052; x_wconf 87' lang='lat' dir='ltr'><strong>Pater,</strong></span> <span class='ocrx_word' id='word_1_531' title='bbox 2070 1981 2313 2055; x_wconf 86' lang='lat' dir='ltr'><strong>peccavi</strong></span> <span class='ocrx_word' id='word_1_532' title='bbox 2358 1981 2424 2038; x_wconf 88' lang='lat' dir='ltr'><strong>in</strong></span> <span class='ocrx_word' id='word_1_533' title='bbox 2457 1980 2674 2038; x_wconf 89' lang='lat' dir='ltr'><strong>coelum</strong></span> <span class='ocrx_word' id='word_1_534' title='bbox 2686 2022 2707 2052; x_wconf 97' lang='lat'><strong>,</strong></span> <span class='ocrx_word' id='word_1_535' title='bbox 2736 1984 2795 2038; x_wconf 93' lang='lat' dir='ltr'><strong>et</strong></span> <span class='ocrx_word' id='word_1_536' title='bbox 2821 1994 3025 2038; x_wconf 85' lang='lat' dir='ltr'><strong>eoram</strong></span> <span class='ocrx_word' id='word_1_537' title='bbox 3051 1982 3128 2038; x_wconf 88' lang='lat' dir='ltr'><strong>te.</strong></span> <span class='ocrx_word' id='word_1_538' title='bbox 3157 1998 3188 2035; x_wconf 71' lang='grc' dir='ltr'><strong>ιο</strong></span> <span class='ocrx_word' id='word_1_539' title='bbox 3219 1981 3267 2039; x_wconf 86' lang='grc' dir='ltr'><strong>Ο</strong></span> <span class='ocrx_word' id='word_1_540' title='bbox 3294 1981 3400 2055; x_wconf 79' lang='lat' dir='ltr'><strong>qui</strong></span> 
     </span>
     <span class='ocr_line' id='line_1_71' title="bbox 1853 2072 3399 2149; baseline -0.001 -17"><span class='ocrx_word' id='word_1_541' title='bbox 1853 2075 1936 2133; x_wconf 89' lang='lat' dir='ltr'><strong>sic</strong></span> <span class='ocrx_word' id='word_1_542' title='bbox 1962 2074 2200 2146; x_wconf 80' lang='lat' dir='ltr'><strong>faceret,</strong></span> <span class='ocrx_word' id='word_1_543' title='bbox 2229 2074 2334 2148; x_wconf 85' lang='lat' dir='ltr'><strong>qni</strong></span> <span class='ocrx_word' id='word_1_544' title='bbox 2361 2075 2444 2134; x_wconf 91' lang='lat' dir='ltr'><strong>sic</strong></span> <span class='ocrx_word' id='word_1_545' title='bbox 2471 2074 2799 2149; x_wconf 84' lang='lat' dir='ltr'><strong>poeniteret,</strong></span> <span class='ocrx_word' id='word_1_546' title='bbox 2830 2073 2937 2148; x_wconf 86' lang='lat' dir='ltr'><strong>qui</strong></span> <span class='ocrx_word' id='word_1_547' title='bbox 2959 2072 3044 2131; x_wconf 86' lang='lat' dir='ltr'><strong>sic</strong></span> <span class='ocrx_word' id='word_1_548' title='bbox 3064 2076 3190 2132; x_wconf 90' lang='lat' dir='ltr'><strong>toto</strong></span> <span class='ocrx_word' id='word_1_549' title='bbox 3217 2074 3399 2132; x_wconf 90' lang='lat' dir='ltr'><strong>corde</strong></span> 
     </span>
     <span class='ocr_line' id='line_1_72' title="bbox 1855 2166 3404 2243; baseline -0.001 -17"><span class='ocrx_word' id='word_1_550' title='bbox 1855 2169 1935 2226; x_wconf 90' lang='lat' dir='ltr'><strong>ad</strong></span> <span class='ocrx_word' id='word_1_551' title='bbox 1978 2172 2163 2227; x_wconf 85' lang='lat' dir='ltr'><strong>Deum</strong></span> <span class='ocrx_word' id='word_1_552' title='bbox 2217 2168 2446 2242; x_wconf 86' lang='lat' dir='ltr'><strong>patrem</strong></span> <span class='ocrx_word' id='word_1_553' title='bbox 2499 2168 2747 2239; x_wconf 84' lang='lat' dir='ltr'><strong>rediret,</strong></span> <span class='ocrx_word' id='word_1_554' title='bbox 2795 2167 2900 2242; x_wconf 87' lang='lat' dir='ltr'><strong>qui</strong></span> <span class='ocrx_word' id='word_1_555' title='bbox 2953 2166 3038 2225; x_wconf 89' lang='lat' dir='ltr'><strong>sic</strong></span> <span class='ocrx_word' id='word_1_556' title='bbox 3089 2171 3404 2243; x_wconf 83' lang='lat' dir='ltr'><strong>peccatum</strong></span> 
     </span>
     <span class='ocr_line' id='line_1_73' title="bbox 1853 2261 3398 2337; baseline 0 -18"><span class='ocrx_word' id='word_1_557' title='bbox 1853 2276 2027 2320; x_wconf 90' lang='lat' dir='ltr'><strong>suum</strong></span> <span class='ocrx_word' id='word_1_558' title='bbox 2052 2261 2290 2335; x_wconf 87' lang='lat' dir='ltr'><strong>diceret,</strong></span> <span class='ocrx_word' id='word_1_559' title='bbox 2315 2261 2420 2336; x_wconf 86' lang='lat' dir='ltr'><strong>qui</strong></span> <span class='ocrx_word' id='word_1_560' title='bbox 2446 2261 2531 2318; x_wconf 85' lang='lat' dir='ltr'><strong>sio</strong></span> <span class='ocrx_word' id='word_1_561' title='bbox 2556 2261 2860 2320; x_wconf 88' lang='lat' dir='ltr'><strong>humiliter</strong></span> <span class='ocrx_word' id='word_1_562' title='bbox 2883 2262 3124 2320; x_wconf 82' lang='lat' dir='ltr'><strong>veniam</strong></span> <span class='ocrx_word' id='word_1_563' title='bbox 3155 2264 3398 2337; x_wconf 83' lang='lat' dir='ltr'><strong>peteret,</strong></span> 
     </span>
     <span class='ocr_line' id='line_1_74' title="bbox 1853 2355 3397 2430; baseline -0.002 -15"><span class='ocrx_word' id='word_1_564' title='bbox 1853 2358 1939 2430; x_wconf 89' lang='lat' dir='ltr'><strong>ut,</strong></span> <span class='ocrx_word' id='word_1_565' title='bbox 1968 2357 2119 2415; x_wconf 87' lang='lat' dir='ltr'><strong>sicut</strong></span> <span class='ocrx_word' id='word_1_566' title='bbox 2145 2356 2271 2428; x_wconf 91' lang='lat' dir='ltr'><strong>ille,</strong></span> <span class='ocrx_word' id='word_1_567' title='bbox 2297 2356 2528 2430; x_wconf 82' lang='lat' dir='ltr'><strong>largam</strong></span> <span class='ocrx_word' id='word_1_568' title='bbox 2569 2355 3039 2414; x_wconf 87' lang='lat' dir='ltr'><strong>misericordiam</strong></span> <span class='ocrx_word' id='word_1_569' title='bbox 3077 2355 3397 2415; x_wconf 76' lang='lat' dir='ltr'><strong>inveniret!</strong></span> 
     </span>
     <span class='ocr_line' id='line_1_75' title="bbox 1853 2449 3401 2525; baseline -0.002 -14"><span class='ocrx_word' id='word_1_570' title='bbox 1853 2456 2001 2511; x_wconf 78' lang='lat' dir='ltr'><strong>Nam</strong></span> <span class='ocrx_word' id='word_1_571' title='bbox 2017 2495 2039 2525; x_wconf 94' lang='lat'><strong>,</strong></span> <span class='ocrx_word' id='word_1_572' title='bbox 2085 2454 2151 2508; x_wconf 92' lang='lat' dir='ltr'><strong>ut</strong></span> <span class='ocrx_word' id='word_1_573' title='bbox 2202 2450 2428 2509; x_wconf 88' lang='lat' dir='ltr'><strong>ibidem</strong></span> <span class='ocrx_word' id='word_1_574' title='bbox 2469 2450 2743 2521; x_wconf 89' lang='lat' dir='ltr'><strong>habetur,</strong></span> <span class='ocrx_word' id='word_1_575' title='bbox 2792 2467 2821 2504; x_wconf 76' lang='grc' dir='ltr'><strong>α</strong></span> <span class='ocrx_word' id='word_1_576' title='bbox 2860 2451 3007 2509; x_wconf 89' lang='lat' dir='ltr'><strong>dum</strong></span> <span class='ocrx_word' id='word_1_577' title='bbox 3049 2450 3247 2509; x_wconf 78' lang='lat' dir='ltr'><strong>adhuc</strong></span> <span class='ocrx_word' id='word_1_578' title='bbox 3298 2449 3401 2508; x_wconf 88' lang='lat' dir='ltr'><strong>ille</strong></span> 
     </span>
     <span class='ocr_line' id='line_1_76' title="bbox 1852 2544 3402 2620; baseline 0.001 -18"><span class='ocrx_word' id='word_1_579' title='bbox 1852 2545 2033 2618; x_wconf 84' lang='lat' dir='ltr'><strong>longe</strong></span> <span class='ocrx_word' id='word_1_580' title='bbox 2061 2548 2231 2617; x_wconf 90' lang='lat' dir='ltr'><strong>esset,</strong></span> <span class='ocrx_word' id='word_1_581' title='bbox 2257 2546 2427 2620; x_wconf 90' lang='lat' dir='ltr'><strong>pater</strong></span> <span class='ocrx_word' id='word_1_582' title='bbox 2451 2561 2593 2602; x_wconf 90' lang='lat' dir='ltr'><strong>suus</strong></span> <span class='ocrx_word' id='word_1_583' title='bbox 2620 2544 2794 2603; x_wconf 87' lang='lat' dir='ltr'><strong>illum</strong></span> <span class='ocrx_word' id='word_1_584' title='bbox 2817 2544 3049 2617; x_wconf 77' lang='lat' dir='ltr'><strong>videns,</strong></span> <span class='ocrx_word' id='word_1_585' title='bbox 3068 2544 3402 2603; x_wconf 84' lang='lat' dir='ltr'><strong>misericor·</strong></span> 
     </span>
     <span class='ocr_line' id='line_1_77' title="bbox 1854 2638 3401 2713; baseline -0.001 -16"><span class='ocrx_word' id='word_1_586' title='bbox 1854 2639 1955 2697; x_wconf 89' lang='lat' dir='ltr'><strong>dia</strong></span> <span class='ocrx_word' id='word_1_587' title='bbox 1981 2642 2180 2697; x_wconf 88' lang='lat' dir='ltr'><strong>motus</strong></span> <span class='ocrx_word' id='word_1_588' title='bbox 2207 2643 2315 2711; x_wconf 91' lang='lat' dir='ltr'><strong>est,</strong></span> <span class='ocrx_word' id='word_1_589' title='bbox 2342 2641 2400 2696; x_wconf 88' lang='lat' dir='ltr'><strong>et</strong></span> <span class='ocrx_word' id='word_1_590' title='bbox 2422 2653 2681 2709; x_wconf 88' lang='lat' dir='ltr'><strong>currens,</strong></span> <span class='ocrx_word' id='word_1_591' title='bbox 2709 2650 2885 2713; x_wconf 87' lang='lat' dir='ltr'><strong>super</strong></span> <span class='ocrx_word' id='word_1_592' title='bbox 2900 2638 3123 2697; x_wconf 87' lang='lat' dir='ltr'><strong>collum</strong></span> <span class='ocrx_word' id='word_1_593' title='bbox 3150 2639 3278 2712; x_wconf 85' lang='lat' dir='ltr'><strong>ejus</strong></span> <span class='ocrx_word' id='word_1_594' title='bbox 3306 2653 3401 2696; x_wconf 92' lang='lat' dir='ltr'><strong>ce-</strong></span> 
     </span>
     <span class='ocr_line' id='line_1_78' title="bbox 1854 2731 3402 2808; baseline -0.001 -16"><span class='ocrx_word' id='word_1_595' title='bbox 1854 2733 2017 2805; x_wconf 90' lang='lat' dir='ltr'><strong>cidit,</strong></span> <span class='ocrx_word' id='word_1_596' title='bbox 2036 2753 2064 2789; x_wconf 78' lang='lat'>»</span> <span class='ocrx_word' id='word_1_597' title='bbox 2096 2735 2154 2792; x_wconf 89' lang='lat' dir='ltr'><strong>et</strong></span> <span class='ocrx_word' id='word_1_598' title='bbox 2174 2732 2345 2791; x_wconf 89' lang='lat' dir='ltr'><strong>dulce</strong></span> <span class='ocrx_word' id='word_1_599' title='bbox 2373 2733 2645 2791; x_wconf 85' lang='lat' dir='ltr'><strong>osculum</strong></span> <span class='ocrx_word' id='word_1_600' title='bbox 2672 2732 2787 2791; x_wconf 88' lang='lat' dir='ltr'><strong>sibi</strong></span> <span class='ocrx_word' id='word_1_601' title='bbox 2816 2732 3002 2805; x_wconf 88' lang='lat' dir='ltr'><strong>dedit,</strong></span> <span class='ocrx_word' id='word_1_602' title='bbox 3025 2732 3181 2791; x_wconf 87' lang='lat' dir='ltr'><strong>stola</strong></span> <span class='ocrx_word' id='word_1_603' title='bbox 3206 2731 3402 2808; x_wconf 85' lang='lat' dir='ltr'><strong>prima</strong></span> 
     </span>
     <span class='ocr_line' id='line_1_79' title="bbox 1851 2822 3399 2901; baseline -0.001 -16"><span class='ocrx_word' id='word_1_604' title='bbox 1851 2827 2021 2885; x_wconf 89' lang='lat' dir='ltr'><strong>illum</strong></span> <span class='ocrx_word' id='word_1_605' title='bbox 2062 2826 2287 2895; x_wconf 89' lang='lat' dir='ltr'><strong>induit,</strong></span> <span class='ocrx_word' id='word_1_606' title='bbox 2335 2826 2626 2885; x_wconf 87' lang='lat' dir='ltr'><strong>annulum</strong></span> <span class='ocrx_word' id='word_1_607' title='bbox 2670 2825 2737 2885; x_wconf 89' lang='lat' dir='ltr'><strong>in</strong></span> <span class='ocrx_word' id='word_1_608' title='bbox 2780 2836 2966 2885; x_wconf 89' lang='lat' dir='ltr'><strong>manu</strong></span> <span class='ocrx_word' id='word_1_609' title='bbox 3000 2822 3159 2885; x_wconf 85' lang='lat' dir='ltr'><strong>illius</strong></span> <span class='ocrx_word' id='word_1_610' title='bbox 3181 2825 3399 2901; x_wconf 78' lang='lat' dir='ltr'><strong>posuit,</strong></span> 
     </span>
     <span class='ocr_line' id='line_1_80' title="bbox 1852 2919 3400 2995; baseline 0 -18"><span class='ocrx_word' id='word_1_611' title='bbox 1852 2920 2252 2979; x_wconf 87' lang='lat' dir='ltr'><strong>calceamenta</strong></span> <span class='ocrx_word' id='word_1_612' title='bbox 2279 2920 2343 2978; x_wconf 91' lang='lat' dir='ltr'><strong>in</strong></span> <span class='ocrx_word' id='word_1_613' title='bbox 2368 2919 2625 2995; x_wconf 89' lang='lat' dir='ltr'><strong>pedibus</strong></span> <span class='ocrx_word' id='word_1_614' title='bbox 2650 2920 2836 2993; x_wconf 89' lang='lat' dir='ltr'><strong>dedit,</strong></span> <span class='ocrx_word' id='word_1_615' title='bbox 2858 2922 2915 2979; x_wconf 87' lang='lat' dir='ltr'><strong>et</strong></span> <span class='ocrx_word' id='word_1_616' title='bbox 2940 2934 3229 2994; x_wconf 87' lang='lat' dir='ltr'><strong>magnum</strong></span> <span class='ocrx_word' id='word_1_617' title='bbox 3251 2934 3400 2978; x_wconf 86' lang='lat' dir='ltr'><strong>con-</strong></span> 
     </span>
     <span class='ocr_line' id='line_1_81' title="bbox 1850 3013 3398 3089; baseline 0.001 -18"><span class='ocrx_word' id='word_1_618' title='bbox 1850 3014 2082 3072; x_wconf 82' lang='lat' dir='ltr'><strong>vivium</strong></span> <span class='ocrx_word' id='word_1_619' title='bbox 2106 3013 2193 3072; x_wconf 90' lang='lat' dir='ltr'><strong>illi</strong></span> <span class='ocrx_word' id='word_1_620' title='bbox 2222 3014 2470 3089; x_wconf 81' lang='lat' dir='ltr'><strong>paravit.</strong></span> <span class='ocrx_word' id='word_1_621' title='bbox 2502 3015 2715 3075; x_wconf 87' lang='lat' dir='ltr'><strong>Omnia</strong></span> <span class='ocrx_word' id='word_1_622' title='bbox 2739 3016 2851 3074; x_wconf 88' lang='lat' dir='ltr'><strong>ista</strong></span> <span class='ocrx_word' id='word_1_623' title='bbox 2885 3015 3072 3074; x_wconf 81' lang='lat' dir='ltr'><strong>verba</strong></span> <span class='ocrx_word' id='word_1_624' title='bbox 3112 3029 3398 3088; x_wconf 88' lang='lat' dir='ltr'><strong>magnam</strong></span> 
     </span>
     <span class='ocr_line' id='line_1_82' title="bbox 1851 3107 3404 3184; baseline -0.001 -18"><span class='ocrx_word' id='word_1_625' title='bbox 1851 3107 2170 3167; x_wconf 85' lang='lat' dir='ltr'><strong>ostendunt</strong></span> <span class='ocrx_word' id='word_1_626' title='bbox 2197 3123 2324 3166; x_wconf 89' lang='lat' dir='ltr'><strong>esse</strong></span> <span class='ocrx_word' id='word_1_627' title='bbox 2359 3107 2457 3166; x_wconf 86' lang='lat' dir='ltr'><strong>Dei</strong></span> <span class='ocrx_word' id='word_1_628' title='bbox 2493 3107 2865 3167; x_wconf 82' lang='lat' dir='ltr'><strong>clementiam</strong></span> <span class='ocrx_word' id='word_1_629' title='bbox 2878 3152 2898 3182; x_wconf 94' lang='lat'><strong>,</strong></span> <span class='ocrx_word' id='word_1_630' title='bbox 2944 3124 3078 3184; x_wconf 78' lang='lat' dir='ltr'><strong>quoe</strong></span> <span class='ocrx_word' id='word_1_631' title='bbox 3104 3123 3229 3166; x_wconf 89' lang='lat' dir='ltr'><strong>non</strong></span> <span class='ocrx_word' id='word_1_632' title='bbox 3256 3107 3404 3182; x_wconf 86' lang='lat' dir='ltr'><strong>abji-</strong></span> 
     </span>
     <span class='ocr_line' id='line_1_83' title="bbox 1852 3201 3403 3277; baseline 0 -18"><span class='ocrx_word' id='word_1_633' title='bbox 1852 3202 1959 3274; x_wconf 91' lang='lat' dir='ltr'><strong>cit,</strong></span> <span class='ocrx_word' id='word_1_634' title='bbox 1989 3215 2115 3259; x_wconf 89' lang='lat' dir='ltr'><strong>non</strong></span> <span class='ocrx_word' id='word_1_635' title='bbox 2155 3201 2505 3274; x_wconf 89' lang='lat' dir='ltr'><strong>contemnit,</strong></span> <span class='ocrx_word' id='word_1_636' title='bbox 2547 3202 2656 3262; x_wconf 90' lang='lat' dir='ltr'><strong>sed</strong></span> <span class='ocrx_word' id='word_1_637' title='bbox 2697 3202 2945 3261; x_wconf 91' lang='lat' dir='ltr'><strong>dulciter</strong></span> <span class='ocrx_word' id='word_1_638' title='bbox 2977 3201 3220 3277; x_wconf 86' lang='lat' dir='ltr'><strong>suscipit</strong></span> <span class='ocrx_word' id='word_1_639' title='bbox 3242 3201 3403 3259; x_wconf 88' lang='lat' dir='ltr'><strong>filios</strong></span> 
     </span>
     <span class='ocr_line' id='line_1_84' title="bbox 1849 3295 3397 3370; baseline 0 -17"><span class='ocrx_word' id='word_1_640' title='bbox 1849 3296 2220 3370; x_wconf 88' lang='lat' dir='ltr'><strong>poenitentes,</strong></span> <span class='ocrx_word' id='word_1_641' title='bbox 2251 3299 2308 3354; x_wconf 91' lang='lat' dir='ltr'><strong>et</strong></span> <span class='ocrx_word' id='word_1_642' title='bbox 2350 3297 2430 3354; x_wconf 87' lang='lat' dir='ltr'><strong>ad</strong></span> <span class='ocrx_word' id='word_1_643' title='bbox 2461 3310 2635 3354; x_wconf 90' lang='lat' dir='ltr'><strong>suam</strong></span> <span class='ocrx_word' id='word_1_644' title='bbox 2679 3295 3151 3355; x_wconf 88' lang='lat' dir='ltr'><strong>misericordiam</strong></span> <span class='ocrx_word' id='word_1_645' title='bbox 3196 3304 3397 3354; x_wconf 79' lang='lat' dir='ltr'><strong>rever·</strong></span> 
     </span>
     <span class='ocr_line' id='line_1_85' title="bbox 1847 3389 3397 3465; baseline -0.001 -17"><span class='ocrx_word' id='word_1_646' title='bbox 1847 3392 2053 3449; x_wconf 86' lang='lat' dir='ltr'><strong>tentes.</strong></span> <span class='ocrx_word' id='word_1_647' title='bbox 2082 3389 2325 3449; x_wconf 80' lang='lat' dir='ltr'><strong>Flavius</strong></span> <span class='ocrx_word' id='word_1_648' title='bbox 2352 3390 2511 3448; x_wconf 90' lang='lat' dir='ltr'><strong>enim</strong></span> <span class='ocrx_word' id='word_1_649' title='bbox 2540 3391 2619 3449; x_wconf 87' lang='lat' dir='ltr'><strong>ad</strong></span> <span class='ocrx_word' id='word_1_650' title='bbox 2648 3393 2880 3465; x_wconf 90' lang='lat' dir='ltr'><strong>tempus</strong></span> <span class='ocrx_word' id='word_1_651' title='bbox 2906 3406 2944 3448; x_wconf 89' lang='lat' dir='ltr'><strong>a</strong></span> <span class='ocrx_word' id='word_1_652' title='bbox 2961 3391 3113 3449; x_wconf 82' lang='lat' dir='ltr'><strong>mari</strong></span> <span class='ocrx_word' id='word_1_653' title='bbox 3139 3389 3363 3449; x_wconf 86' lang='lat' dir='ltr'><strong>recedit</strong></span> <span class='ocrx_word' id='word_1_654' title='bbox 3377 3408 3397 3464; x_wconf 81' lang='lat'><em>3</em></span> 
     </span>
    </p>
   </div>
   <div class='ocr_carea' id='block_1_10' title="bbox 1841 3576 3397 5250">
    <p class='ocr_par' dir='ltr' id='par_1_10' title="bbox 1841 3576 3397 5250">
     <span class='ocr_line' id='line_1_86' title="bbox 1847 3576 3392 3652; baseline 0 -17"><span class='ocrx_word' id='word_1_655' title='bbox 1847 3576 2004 3636; x_wconf 89' lang='lat' dir='ltr'><strong>intra</strong></span> <span class='ocrx_word' id='word_1_656' title='bbox 2034 3578 2099 3652; x_wconf 86' lang='lat' dir='ltr'><strong>(c)</strong></span> <span class='ocrx_word' id='word_1_657' title='bbox 2139 3593 2280 3637; x_wconf 89' lang='lat' dir='ltr'><strong>suos</strong></span> <span class='ocrx_word' id='word_1_658' title='bbox 2314 3578 2478 3636; x_wconf 91' lang='lat' dir='ltr'><strong>sinus</strong></span> <span class='ocrx_word' id='word_1_659' title='bbox 2512 3577 2823 3651; x_wconf 84' lang='lat' dir='ltr'><strong>recolligit.</strong></span> <span class='ocrx_word' id='word_1_660' title='bbox 2854 3581 2949 3637; x_wconf 86' lang='lat' dir='ltr'><strong>Est</strong></span> <span class='ocrx_word' id='word_1_661' title='bbox 2973 3590 3139 3652; x_wconf 86' lang='lat' dir='ltr'><strong>ergo,</strong></span> <span class='ocrx_word' id='word_1_662' title='bbox 3167 3577 3392 3649; x_wconf 79' lang='lat' dir='ltr'><strong>fratreS,</strong></span> 
     </span>
     <span class='ocr_line' id='line_1_87' title="bbox 1847 3671 3397 3747; baseline 0 -18"><span class='ocrx_word' id='word_1_663' title='bbox 1847 3674 2158 3746; x_wconf 87' lang='lat' dir='ltr'><strong>peccatum</strong></span> <span class='ocrx_word' id='word_1_664' title='bbox 2184 3671 2413 3744; x_wconf 79' lang='lat' dir='ltr'><strong>grande</strong></span> <span class='ocrx_word' id='word_1_665' title='bbox 2441 3675 2499 3730; x_wconf 92' lang='lat' dir='ltr'><strong>et</strong></span> <span class='ocrx_word' id='word_1_666' title='bbox 2523 3671 2784 3730; x_wconf 88' lang='lat' dir='ltr'><strong>immane</strong></span> <span class='ocrx_word' id='word_1_667' title='bbox 2825 3675 2949 3730; x_wconf 88' lang='lat' dir='ltr'><strong>tam</strong></span> <span class='ocrx_word' id='word_1_668' title='bbox 2972 3671 3140 3747; x_wconf 89' lang='lat' dir='ltr'><strong>pium</strong></span> <span class='ocrx_word' id='word_1_669' title='bbox 3167 3674 3397 3747; x_wconf 89' lang='lat' dir='ltr'><strong>patrem</strong></span> 
     </span>
     <span class='ocr_line' id='line_1_88' title="bbox 1848 3764 3394 3841; baseline 0.001 -17"><span class='ocrx_word' id='word_1_670' title='bbox 1848 3765 2176 3838; x_wconf 85' lang='lat' dir='ltr'><strong>offendere,</strong></span> <span class='ocrx_word' id='word_1_671' title='bbox 2205 3766 2312 3841; x_wconf 85' lang='lat' dir='ltr'><strong>qui</strong></span> <span class='ocrx_word' id='word_1_672' title='bbox 2338 3780 2450 3823; x_wconf 88' lang='lat' dir='ltr'><strong>nos</strong></span> <span class='ocrx_word' id='word_1_673' title='bbox 2466 3764 2621 3839; x_wconf 84' lang='lat' dir='ltr'><strong>fecit,</strong></span> <span class='ocrx_word' id='word_1_674' title='bbox 2647 3782 2760 3825; x_wconf 90' lang='lat' dir='ltr'><strong>nos</strong></span> <span class='ocrx_word' id='word_1_675' title='bbox 2772 3765 3043 3838; x_wconf 89' lang='lat' dir='ltr'><strong>redemit,</strong></span> <span class='ocrx_word' id='word_1_676' title='bbox 3064 3766 3248 3841; x_wconf 82' lang='lat' dir='ltr'><strong>quiet</strong></span> <span class='ocrx_word' id='word_1_677' title='bbox 3271 3767 3394 3825; x_wconf 86' lang='lat' dir='ltr'><strong>tota</strong></span> 
     </span>
     <span class='ocr_line' id='line_1_89' title="bbox 1847 3858 3392 3934; baseline 0 -17"><span class='ocrx_word' id='word_1_678' title='bbox 1847 3859 1947 3917; x_wconf 90' lang='lat' dir='ltr'><strong>die</strong></span> <span class='ocrx_word' id='word_1_679' title='bbox 1972 3858 2340 3918; x_wconf 82' lang='lat' dir='ltr'><strong>offendentes</strong></span> <span class='ocrx_word' id='word_1_680' title='bbox 2364 3875 2502 3917; x_wconf 91' lang='lat' dir='ltr'><strong>eum</strong></span> <span class='ocrx_word' id='word_1_681' title='bbox 2533 3860 2790 3933; x_wconf 83' lang='lat' dir='ltr'><strong>benigne</strong></span> <span class='ocrx_word' id='word_1_682' title='bbox 2828 3859 3070 3934; x_wconf 85' lang='lat' dir='ltr'><strong>suscipit</strong></span> <span class='ocrx_word' id='word_1_683' title='bbox 3094 3862 3392 3918; x_wconf 70' lang='lat' dir='ltr'><strong>reverten-</strong></span> 
     </span>
     <span class='ocr_line' id='line_1_90' title="bbox 1846 3952 3392 4027; baseline 0 -16"><span class='ocrx_word' id='word_1_684' title='bbox 1846 3958 1950 4012; x_wconf 89' lang='lat' dir='ltr'><strong>tes.</strong></span> <span class='ocrx_word' id='word_1_685' title='bbox 1979 3954 2095 4013; x_wconf 87' lang='lat' dir='ltr'><strong>Sed</strong></span> <span class='ocrx_word' id='word_1_686' title='bbox 2133 3955 2331 4013; x_wconf 89' lang='lat' dir='ltr'><strong>notate</strong></span> <span class='ocrx_word' id='word_1_687' title='bbox 2376 3971 2392 4011; x_wconf 90' lang='lat'><strong>:</strong></span> <span class='ocrx_word' id='word_1_688' title='bbox 2432 3952 2536 4027; x_wconf 89' lang='lat' dir='ltr'><strong>qui</strong></span> <span class='ocrx_word' id='word_1_689' title='bbox 2562 3953 2661 4013; x_wconf 85' lang='lat' dir='ltr'><strong>hic</strong></span> <span class='ocrx_word' id='word_1_690' title='bbox 2700 3958 2924 4012; x_wconf 88' lang='lat' dir='ltr'><strong>tantam</strong></span> <span class='ocrx_word' id='word_1_691' title='bbox 2968 3952 3392 4027; x_wconf 79' lang='lat' dir='ltr'><strong>benignitatem</strong></span> 
     </span>
     <span class='ocr_line' id='line_1_91' title="bbox 1847 4046 3391 4121; baseline 0 -15"><span class='ocrx_word' id='word_1_692' title='bbox 1847 4049 2170 4106; x_wconf 89' lang='lat' dir='ltr'><strong>contemnit</strong></span> <span class='ocrx_word' id='word_1_693' title='bbox 2177 4089 2199 4119; x_wconf 93' lang='lat'><strong>,</strong></span> <span class='ocrx_word' id='word_1_694' title='bbox 2242 4051 2301 4105; x_wconf 90' lang='lat' dir='ltr'><strong>et</strong></span> <span class='ocrx_word' id='word_1_695' title='bbox 2326 4048 2406 4108; x_wconf 89' lang='lat' dir='ltr'><strong>ad</strong></span> <span class='ocrx_word' id='word_1_696' title='bbox 2445 4064 2585 4105; x_wconf 89' lang='lat' dir='ltr'><strong>eum</strong></span> <span class='ocrx_word' id='word_1_697' title='bbox 2633 4064 2756 4106; x_wconf 90' lang='lat' dir='ltr'><strong>non</strong></span> <span class='ocrx_word' id='word_1_698' title='bbox 2807 4047 2996 4120; x_wconf 88' lang='lat' dir='ltr'><strong>redit,</strong></span> <span class='ocrx_word' id='word_1_699' title='bbox 3045 4046 3391 4121; x_wconf 79' lang='lat' dir='ltr'><strong>gravissime</strong></span> 
     </span>
     <span class='ocr_line' id='line_1_92' title="bbox 1848 4140 3393 4215; baseline -0.001 -15"><span class='ocrx_word' id='word_1_700' title='bbox 1848 4157 1985 4200; x_wconf 88' lang='lat' dir='ltr'><strong>eum</strong></span> <span class='ocrx_word' id='word_1_701' title='bbox 2010 4141 2200 4215; x_wconf 90' lang='lat' dir='ltr'><strong>punit.</strong></span> <span class='ocrx_word' id='word_1_702' title='bbox 2229 4140 2394 4199; x_wconf 92' lang='lat' dir='ltr'><strong>Unde</strong></span> <span class='ocrx_word' id='word_1_703' title='bbox 2421 4140 2636 4199; x_wconf 89' lang='lat' dir='ltr'><strong>dicitur</strong></span> <span class='ocrx_word' id='word_1_704' title='bbox 2664 4144 2687 4179; x_wconf 86' lang='lat'>⁷</span> <span class='ocrx_word' id='word_1_705' title='bbox 2714 4158 2731 4200; x_wconf 70' lang='grc' dir='ltr'><strong><em>ε</em></strong></span> <span class='ocrx_word' id='word_1_706' title='bbox 2771 4160 2801 4196; x_wconf 74' lang='grc' dir='ltr'>α</span> <span class='ocrx_word' id='word_1_707' title='bbox 2827 4147 2915 4200; x_wconf 81' lang='lat' dir='ltr'><strong>An</strong></span> <span class='ocrx_word' id='word_1_708' title='bbox 2943 4141 3178 4200; x_wconf 81' lang='lat' dir='ltr'><strong>divitias</strong></span> <span class='ocrx_word' id='word_1_709' title='bbox 3219 4141 3393 4200; x_wconf 90' lang='lat' dir='ltr'><strong>boni-</strong></span> 
     </span>
     <span class='ocr_line' id='line_1_93' title="bbox 1845 4234 3391 4310; baseline -0.001 -16"><span class='ocrx_word' id='word_1_710' title='bbox 1845 4236 1978 4294; x_wconf 85' lang='lat' dir='ltr'><strong>tatis</strong></span> <span class='ocrx_word' id='word_1_711' title='bbox 2006 4235 2162 4308; x_wconf 80' lang='lat' dir='ltr'><strong>ejus,</strong></span> <span class='ocrx_word' id='word_1_712' title='bbox 2213 4238 2269 4293; x_wconf 91' lang='lat' dir='ltr'><strong>et</strong></span> <span class='ocrx_word' id='word_1_713' title='bbox 2294 4234 2588 4309; x_wconf 71' lang='lat' dir='ltr'><strong>patientiae</strong></span> <span class='ocrx_word' id='word_1_714' title='bbox 2604 4276 2625 4306; x_wconf 94' lang='lat'><strong>,</strong></span> <span class='ocrx_word' id='word_1_715' title='bbox 2669 4237 2727 4292; x_wconf 88' lang='lat' dir='ltr'><strong>et</strong></span> <span class='ocrx_word' id='word_1_716' title='bbox 2763 4235 3224 4308; x_wconf 78' lang='lat' dir='ltr'><strong>longanimitatis</strong></span> <span class='ocrx_word' id='word_1_717' title='bbox 3263 4238 3391 4310; x_wconf 82' lang='lat' dir='ltr'><strong>ejus</strong></span> 
     </span>
     <span class='ocr_line' id='line_1_94' title="bbox 1847 4328 3390 4403; baseline 0.001 -16"><span class='ocrx_word' id='word_1_718' title='bbox 1847 4328 2222 4388; x_wconf 75' lang='lat' dir='ltr'><strong>contemnis?</strong></span> <span class='ocrx_word' id='word_1_719' title='bbox 2273 4329 2516 4402; x_wconf 84' lang='lat' dir='ltr'><strong>Ignoras</strong></span> <span class='ocrx_word' id='word_1_720' title='bbox 2566 4328 2854 4403; x_wconf 87' lang='lat' dir='ltr'><strong>quoniam</strong></span> <span class='ocrx_word' id='word_1_721' title='bbox 2896 4328 3232 4402; x_wconf 80' lang='lat' dir='ltr'><strong>benignitas</strong></span> <span class='ocrx_word' id='word_1_722' title='bbox 3291 4331 3390 4389; x_wconf 88' lang='lat' dir='ltr'><strong>Dei</strong></span> 
     </span>
     <span class='ocr_line' id='line_1_95' title="bbox 1847 4420 3391 4500; baseline 0 -16"><span class='ocrx_word' id='word_1_723' title='bbox 1847 4425 1927 4485; x_wconf 89' lang='lat' dir='ltr'><strong>ad</strong></span> <span class='ocrx_word' id='word_1_724' title='bbox 1945 4425 2353 4500; x_wconf 88' lang='lat' dir='ltr'><strong>poenitentiam</strong></span> <span class='ocrx_word' id='word_1_725' title='bbox 2388 4427 2443 4483; x_wconf 92' lang='lat' dir='ltr'><strong>te</strong></span> <span class='ocrx_word' id='word_1_726' title='bbox 2486 4420 2776 4483; x_wconf 75' lang='lat' dir='ltr'><strong>adduclt?</strong></span> <span class='ocrx_word' id='word_1_727' title='bbox 2819 4424 3157 4483; x_wconf 89' lang='lat' dir='ltr'><strong>Secundum</strong></span> <span class='ocrx_word' id='word_1_728' title='bbox 3193 4427 3391 4484; x_wconf 74' lang='lat' dir='ltr'><strong>autem</strong></span> 
     </span>
     <span class='ocr_line' id='line_1_96' title="bbox 1847 4517 3391 4593; baseline 0 -15"><span class='ocrx_word' id='word_1_729' title='bbox 1847 4519 2128 4578; x_wconf 87' lang='lat' dir='ltr'><strong>duritiam</strong></span> <span class='ocrx_word' id='word_1_730' title='bbox 2162 4521 2329 4577; x_wconf 88' lang='lat' dir='ltr'><strong>tuam</strong></span> <span class='ocrx_word' id='word_1_731' title='bbox 2367 4520 2426 4576; x_wconf 90' lang='lat' dir='ltr'><strong>et</strong></span> <span class='ocrx_word' id='word_1_732' title='bbox 2458 4533 2563 4576; x_wconf 89' lang='lat' dir='ltr'><strong>cor</strong></span> <span class='ocrx_word' id='word_1_733' title='bbox 2604 4517 3010 4593; x_wconf 83' lang='lat' dir='ltr'><strong>impoenitens,</strong></span> <span class='ocrx_word' id='word_1_734' title='bbox 3036 4518 3391 4578; x_wconf 81' lang='lat' dir='ltr'><strong>thesaurizas</strong></span> 
     </span>
     <span class='ocr_line' id='line_1_97' title="bbox 1846 4610 3391 4687; baseline -0.001 -15"><span class='ocrx_word' id='word_1_735' title='bbox 1846 4612 1955 4672; x_wconf 89' lang='lat' dir='ltr'><strong>tibi</strong></span> <span class='ocrx_word' id='word_1_736' title='bbox 1979 4612 2133 4671; x_wconf 87' lang='lat' dir='ltr'><strong>iram</strong></span> <span class='ocrx_word' id='word_1_737' title='bbox 2154 4612 2218 4669; x_wconf 90' lang='lat' dir='ltr'><strong>in</strong></span> <span class='ocrx_word' id='word_1_738' title='bbox 2245 4610 2344 4670; x_wconf 90' lang='lat' dir='ltr'><strong>die</strong></span> <span class='ocrx_word' id='word_1_739' title='bbox 2365 4612 2469 4669; x_wconf 83' lang='lat' dir='ltr'><strong>irae</strong></span> <span class='ocrx_word' id='word_1_740' title='bbox 2490 4654 2510 4685; x_wconf 95' lang='lat'><strong>,</strong></span> <span class='ocrx_word' id='word_1_741' title='bbox 2543 4614 2599 4669; x_wconf 92' lang='lat' dir='ltr'><strong>et</strong></span> <span class='ocrx_word' id='word_1_742' title='bbox 2630 4610 3000 4669; x_wconf 82' lang='lat' dir='ltr'><strong>revelationis</strong></span> <span class='ocrx_word' id='word_1_743' title='bbox 3027 4612 3106 4687; x_wconf 78' lang='lat' dir='ltr'><strong>(d)</strong></span> <span class='ocrx_word' id='word_1_744' title='bbox 3129 4612 3272 4687; x_wconf 85' lang='lat' dir='ltr'><strong>justi</strong></span> <span class='ocrx_word' id='word_1_745' title='bbox 3299 4614 3391 4687; x_wconf 85' lang='lat' dir='ltr'><strong>ju-</strong></span> 
     </span>
     <span class='ocr_line' id='line_1_98' title="bbox 1847 4704 3389 4781; baseline 0.001 -17"><span class='ocrx_word' id='word_1_746' title='bbox 1847 4705 1988 4765; x_wconf 88' lang='lat' dir='ltr'><strong>dicii</strong></span> <span class='ocrx_word' id='word_1_747' title='bbox 2038 4706 2139 4763; x_wconf 86' lang='lat' dir='ltr'><strong>Dei</strong></span> <span class='ocrx_word' id='word_1_748' title='bbox 2157 4748 2177 4779; x_wconf 95' lang='lat'><strong>,</strong></span> <span class='ocrx_word' id='word_1_749' title='bbox 2221 4705 2325 4780; x_wconf 88' lang='lat' dir='ltr'><strong>qui</strong></span> <span class='ocrx_word' id='word_1_750' title='bbox 2374 4704 2578 4764; x_wconf 90' lang='lat' dir='ltr'><strong>reddit</strong></span> <span class='ocrx_word' id='word_1_751' title='bbox 2630 4704 2952 4780; x_wconf 86' lang='lat' dir='ltr'><strong>unicuique</strong></span> <span class='ocrx_word' id='word_1_752' title='bbox 2997 4705 3166 4779; x_wconf 87' lang='lat' dir='ltr'><strong>juxta</strong></span> <span class='ocrx_word' id='word_1_753' title='bbox 3206 4720 3389 4781; x_wconf 77' lang='lat' dir='ltr'><strong>opera</strong></span> 
     </span>
     <span class='ocr_line' id='line_1_99' title="bbox 1845 4797 3391 4874; baseline 0.001 -16"><span class='ocrx_word' id='word_1_754' title='bbox 1845 4816 1974 4871; x_wconf 89' lang='lat' dir='ltr'><strong>sua,</strong></span> <span class='ocrx_word' id='word_1_755' title='bbox 1998 4819 2027 4855; x_wconf 60' lang='grc' dir='ltr'>υ</span> <span class='ocrx_word' id='word_1_756' title='bbox 2071 4802 2181 4857; x_wconf 92' lang='lat' dir='ltr'><strong>etc.</strong></span> <span class='ocrx_word' id='word_1_757' title='bbox 2219 4800 2451 4868; x_wconf 88' lang='lat' dir='ltr'><strong>Quanto</strong></span> <span class='ocrx_word' id='word_1_758' title='bbox 2496 4797 2656 4857; x_wconf 91' lang='lat' dir='ltr'><strong>enim</strong></span> <span class='ocrx_word' id='word_1_759' title='bbox 2693 4802 2968 4874; x_wconf 86' lang='lat' dir='ltr'><strong>peccator</strong></span> <span class='ocrx_word' id='word_1_760' title='bbox 3015 4798 3270 4874; x_wconf 89' lang='lat' dir='ltr'><strong>amplius</strong></span> <span class='ocrx_word' id='word_1_761' title='bbox 3309 4802 3391 4860; x_wconf 87' lang='lat' dir='ltr'><strong>ad</strong></span> 
     </span>
     <span class='ocr_line' id='line_1_100' title="bbox 1846 4892 3391 4969; baseline 0 -17"><span class='ocrx_word' id='word_1_762' title='bbox 1846 4892 2256 4969; x_wconf 66' lang='lat' dir='ltr'><strong>poenitentiam</strong></span> <span class='ocrx_word' id='word_1_763' title='bbox 2284 4894 2653 4967; x_wconf 79' lang='lat' dir='ltr'><strong>expectatur,</strong></span> <span class='ocrx_word' id='word_1_764' title='bbox 2693 4894 2893 4966; x_wconf 90' lang='lat' dir='ltr'><strong>tanto,</strong></span> <span class='ocrx_word' id='word_1_765' title='bbox 2927 4892 3043 4950; x_wconf 88' lang='lat' dir='ltr'><strong>nisi</strong></span> <span class='ocrx_word' id='word_1_766' title='bbox 3091 4896 3391 4952; x_wconf 84' lang='lat' dir='ltr'><strong>converta-</strong></span> 
     </span>
     <span class='ocr_line' id='line_1_101' title="bbox 1843 4986 3392 5062; baseline 0 -16"><span class='ocrx_word' id='word_1_767' title='bbox 1843 4994 1957 5061; x_wconf 87' lang='lat' dir='ltr'><strong>tur,</strong></span> <span class='ocrx_word' id='word_1_768' title='bbox 2002 4987 2244 5062; x_wconf 83' lang='lat' dir='ltr'><strong>gravius</strong></span> <span class='ocrx_word' id='word_1_769' title='bbox 2266 4986 2564 5061; x_wconf 87' lang='lat' dir='ltr'><strong>punietur.</strong></span> <span class='ocrx_word' id='word_1_770' title='bbox 2607 4989 2755 5044; x_wconf 84' lang='lat' dir='ltr'><strong>Nam</strong></span> <span class='ocrx_word' id='word_1_771' title='bbox 2784 4986 2925 5060; x_wconf 88' lang='lat' dir='ltr'><strong>quia</strong></span> <span class='ocrx_word' id='word_1_772' title='bbox 2952 4986 3233 5044; x_wconf 86' lang='lat' dir='ltr'><strong>Dominus</strong></span> <span class='ocrx_word' id='word_1_773' title='bbox 3254 4994 3392 5062; x_wconf 87' lang='lat' dir='ltr'><strong>post</strong></span> 
     </span>
     <span class='ocr_line' id='line_1_102' title="bbox 1841 5078 3390 5157; baseline -0.001 -16"><span class='ocrx_word' id='word_1_774' title='bbox 1841 5082 2185 5157; x_wconf 86' lang='lat' dir='ltr'><strong>passionem</strong></span> <span class='ocrx_word' id='word_1_775' title='bbox 2203 5094 2374 5140; x_wconf 90' lang='lat' dir='ltr'><strong>suam</strong></span> <span class='ocrx_word' id='word_1_776' title='bbox 2401 5079 2797 5155; x_wconf 85' lang='lat' dir='ltr'><strong>quadraginta</strong></span> <span class='ocrx_word' id='word_1_777' title='bbox 2821 5078 3061 5140; x_wconf 87' lang='lat' dir='ltr'><strong>duobus</strong></span> <span class='ocrx_word' id='word_1_778' title='bbox 3087 5080 3257 5139; x_wconf 88' lang='lat' dir='ltr'><strong>annis</strong></span> <span class='ocrx_word' id='word_1_779' title='bbox 3274 5123 3296 5152; x_wconf 93' lang='lat'><strong>,</strong></span> <span class='ocrx_word' id='word_1_780' title='bbox 3325 5087 3390 5141; x_wconf 91' lang='lat' dir='ltr'><strong>ut</strong></span> 
     </span>
     <span class='ocr_line' id='line_1_103' title="bbox 1841 5168 3389 5250; baseline -0.001 -16"><span class='ocrx_word' id='word_1_781' title='bbox 1841 5176 2107 5235; x_wconf 90' lang='lat' dir='ltr'><strong>redirent</strong></span> <span class='ocrx_word' id='word_1_782' title='bbox 2152 5168 2234 5234; x_wconf 88' lang='lat' dir='ltr'><strong>ad</strong></span> <span class='ocrx_word' id='word_1_783' title='bbox 2281 5174 2720 5250; x_wconf 87' lang='lat' dir='ltr'><strong>poenitentiam,</strong></span> <span class='ocrx_word' id='word_1_784' title='bbox 2759 5172 3069 5232; x_wconf 78' lang='lat' dir='ltr'><strong>Iudaicum</strong></span> <span class='ocrx_word' id='word_1_785' title='bbox 3094 5174 3389 5250; x_wconf 86' lang='lat' dir='ltr'><strong>populum</strong></span> 
     </span>
    </p>
   </div>
   <div class='ocr_carea' id='block_1_11' title="bbox 1842 5298 3388 5438">
    <p class='ocr_par' dir='ltr' id='par_1_11' title="bbox 1842 5298 3388 5438">
     <span class='ocr_line' id='line_1_104' title="bbox 1905 5298 3388 5366; baseline 0.004 -16"><span class='ocrx_word' id='word_1_786' title='bbox 1905 5300 1975 5366; x_wconf 83' lang='grc' dir='ltr'><strong>(α)</strong></span> <span class='ocrx_word' id='word_1_787' title='bbox 2018 5300 2141 5353; x_wconf 83' lang='lat' dir='ltr'><strong>Coet.</strong></span> <span class='ocrx_word' id='word_1_788' title='bbox 2177 5298 2300 5350; x_wconf 81' lang='lat' dir='ltr'><strong>edit.</strong></span> <span class='ocrx_word' id='word_1_789' title='bbox 2338 5300 2420 5350; x_wconf 77' lang='lat' dir='ltr'><strong>hic</strong></span> <span class='ocrx_word' id='word_1_790' title='bbox 2466 5299 2582 5352; x_wconf 83' lang='lat' dir='ltr'><strong>add.</strong></span> <span class='ocrx_word' id='word_1_791' title='bbox 2619 5299 2863 5352; x_wconf 85' lang='lat' dir='ltr'><strong>dicentes.</strong></span> <span class='ocrx_word' id='word_1_792' title='bbox 2891 5327 2952 5339; x_wconf 90' lang='lat'>—</span> <span class='ocrx_word' id='word_1_793' title='bbox 2984 5300 3050 5366; x_wconf 84' lang='lat' dir='ltr'><strong>(b)</strong></span> <span class='ocrx_word' id='word_1_794' title='bbox 3080 5300 3163 5353; x_wconf 74' lang='lat' dir='ltr'><strong>Al.</strong></span> <span class='ocrx_word' id='word_1_795' title='bbox 3204 5302 3388 5356; x_wconf 88' lang='lat' dir='ltr'><strong>cultio-</strong></span> 
     </span>
     <span class='ocr_line' id='line_1_105' title="bbox 1842 5371 3292 5438; baseline 0.001 -14"><span class='ocrx_word' id='word_1_796' title='bbox 1842 5372 1940 5424; x_wconf 84' lang='lat' dir='ltr'><strong>nis.</strong></span> <span class='ocrx_word' id='word_1_797' title='bbox 1964 5399 2027 5411; x_wconf 91' lang='lat'>—</span> <span class='ocrx_word' id='word_1_798' title='bbox 2058 5372 2116 5438; x_wconf 78' lang='lat' dir='ltr'><strong>(c)</strong></span> <span class='ocrx_word' id='word_1_799' title='bbox 2146 5372 2271 5424; x_wconf 77' lang='lat' dir='ltr'><strong>coet.</strong></span> <span class='ocrx_word' id='word_1_800' title='bbox 2312 5371 2434 5423; x_wconf 76' lang='lat' dir='ltr'><strong>edit.</strong></span> <span class='ocrx_word' id='word_1_801' title='bbox 2462 5371 2612 5424; x_wconf 77' lang='lat' dir='ltr'><strong>intra.</strong></span> <span class='ocrx_word' id='word_1_802' title='bbox 2635 5400 2698 5413; x_wconf 93' lang='lat'>—</span> <span class='ocrx_word' id='word_1_803' title='bbox 2722 5372 2795 5438; x_wconf 83' lang='lat' dir='ltr'><strong>(d)</strong></span> <span class='ocrx_word' id='word_1_804' title='bbox 2823 5373 2948 5425; x_wconf 81' lang='lat' dir='ltr'><strong>Item</strong></span> <span class='ocrx_word' id='word_1_805' title='bbox 2973 5374 3292 5428; x_wconf 69' lang='lat' dir='ltr'><strong>reverentias.</strong></span> 
     </span>
    </p>
   </div>
   <div class='ocr_carea' id='block_1_12' title="bbox 1847 3416 3641 3556">
    <p class='ocr_par' dir='ltr' id='par_1_12' title="bbox 1847 3416 3641 3556">
     <span class='ocr_line' id='line_1_106' title="bbox 1847 3416 3641 3556; baseline -0.005 -15"><span class='ocrx_word' id='word_1_806' title='bbox 1847 3483 1975 3555; x_wconf 82' lang='lat' dir='ltr'><strong>sed,</strong></span> <span class='ocrx_word' id='word_1_807' title='bbox 2007 3483 2154 3542; x_wconf 84' lang='lat' dir='ltr'><strong>dum</strong></span> <span class='ocrx_word' id='word_1_808' title='bbox 2182 3484 2263 3542; x_wconf 77' lang='lat' dir='ltr'><strong>aa</strong></span> <span class='ocrx_word' id='word_1_809' title='bbox 2289 3483 2442 3542; x_wconf 80' lang='lat' dir='ltr'><strong>iuna</strong></span> <span class='ocrx_word' id='word_1_810' title='bbox 2479 3484 2666 3554; x_wconf 75' lang='lat' dir='ltr'><strong>redit,</strong></span> <span class='ocrx_word' id='word_1_811' title='bbox 2701 3498 2825 3541; x_wconf 84' lang='lat' dir='ltr'><strong>non</strong></span> <span class='ocrx_word' id='word_1_812' title='bbox 2869 3498 3007 3541; x_wconf 71' lang='lat' dir='ltr'><strong>eum</strong></span> <span class='ocrx_word' id='word_1_813' title='bbox 3038 3484 3260 3556; x_wconf 83' lang='lat' dir='ltr'><strong>abjicit,</strong></span> <span class='ocrx_word' id='word_1_814' title='bbox 3291 3483 3398 3541; x_wconf 78' lang='lat' dir='ltr'><strong>sea</strong></span> <span class='ocrx_word' id='word_1_815' title='bbox 3425 3416 3641 3533; x_wconf 51' lang='lat' dir='ltr'>xnssm‘</span> 
     </span>
    </p>
   </div>
  </div>
 </body>
</html>
