4059 6317
638 444 755 506 198

724 574 812 640 De
840 572 1119 639 secundo
1145 574 1164 609 ¹
1199 596 1215 639 z
1255 596 1286 635 α
1327 572 1442 640 Vir
1484 571 1744 656 quidam
1791 569 1971 635 venit
2011 570 2181 636 defe-

643 700 793 748 rens
820 680 961 748 viro
987 679 1098 743 Dei
1125 696 1325 763 panes
1365 679 1794 762 primitiarum
1814 727 1836 758 ,
1882 682 1946 742 et
1990 694 2187 759 panes

643 788 1045 865 hordeaceos,
1075 791 1142 851 et
1160 787 1561 853 frumentum
1591 805 1837 853 novum
1855 786 1925 851 in
1951 804 2127 869 pera,
2145 806 2176 845 n

644 899 755 982 qui
806 916 1002 981 panes
1048 896 1426 963 miraculose
1469 896 1873 981 multiplicati
1917 904 2072 961 sunt
2105 896 2183 960 ad

644 1009 996 1073 satietatem
1019 1010 1276 1072 centum
1303 1006 1598 1072 virorum
1647 1030 1663 1071 ε
1700 1012 1764 1072 et
1799 1006 2092 1072 similiter
2118 1006 2188 1070 in

647 1116 998 1199 Evangelio
1024 1116 1332 1200 quinque,
1373 1120 1435 1181 et
1486 1121 1731 1202 septem
1771 1134 1969 1200 panes
1997 1118 2042 1179 ¹.
2074 1115 2191 1180 Hic

650 1224 1095 1307 multiplicatio
1122 1224 1195 1289 fit
1222 1223 1415 1288 etiam
1456 1224 1738 1307 corporis
1783 1223 2039 1302 Christi,
2078 1222 2191 1305 qui

648 1333 718 1396 in
751 1330 969 1395 multis
999 1330 1150 1396 locis
1177 1334 1275 1396 est
1291 1331 1509 1411 simul,
1538 1335 1601 1395 et
1630 1331 1851 1411 semel,
1883 1335 1946 1395 et
1970 1330 2193 1395 multis

653 1438 1079 1517 sumentibus,
1111 1438 1274 1504 sicut
1299 1438 1390 1503 illi
1415 1457 1613 1522 panes
1650 1439 1720 1502 in
1758 1437 1976 1503 multis
2009 1440 2196 1501 erant

654 1545 1005 1612 edentibus,
1047 1545 1160 1611 Vir
1202 1547 1410 1611 ferens
1460 1564 1658 1630 panes
1675 1595 1693 1625 ,
1744 1550 1841 1610 est
1885 1544 2189 1610 Christus,

601 1738 606 1743 Ι
656 1654 1100 1721 consideratur
1112 1657 1327 1721 autem
1346 1673 1578 1739 corpus
1596 1653 1824 1719 Christi
1840 1652 2194 1718 secundum

656 1765 895 1827 statum
924 1761 1397 1839 incarnationis,
1434 1762 1613 1826 etsie
1647 1779 1764 1844 per
1799 1761 2197 1829 frumentum

658 1887 906 1935 novum
945 1867 1348 1951 significatur
1388 1869 1411 1905 ⁸
1458 1891 1474 1933 ι
1530 1890 1560 1929 α
1600 1869 1851 1935 Creavit
1891 1868 2198 1932 Dominus

659 1994 933 2056 novum,
963 1998 995 2036 υ
1028 1979 1148 2060 etc.
1193 1974 1349 2040 Item
1388 1975 1743 2042 secundum
1783 1979 2019 2040 statum
2048 1995 2198 2059 pas-

660 2087 878 2166 sionis),
910 2090 975 2151 et
1001 2087 1090 2151 sic
1115 2104 1231 2170 per
1253 2104 1489 2170 panem
1522 2068 1992 2151 hordeaceum!
2043 2086 2194 2150 hor-

661 2195 966 2260 deaceum
1011 2194 1184 2258 enim
1228 2195 1585 2260 aculeatum
1604 2244 1621 2275 ,
1653 2197 1717 2259 et
1743 2211 2042 2277 asperum
2069 2198 2193 2274 est3

662 2302 837 2367 unde
885 2302 1077 2367 etiam
1119 2304 1406 2386 quinque
1444 2321 1643 2387 panes
1689 2302 2072 2368 hordeaceos
2122 2302 2201 2367 de

665 2409 953 2494 quinque
974 2410 1350 2475 vulneribus
1373 2411 1637 2494 quidam
1662 2415 2012 2495 exponunt.
2042 2409 2201 2476 Item

664 2518 1016 2583 secundum
1058 2521 1299 2583 statum
1322 2518 1800 2584 resurrectionis
1816 2568 1834 2598 ,
1866 2523 1929 2584 et
1972 2518 2064 2582 sic
2090 2536 2203 2601 per

663 2643 861 2709 panes
886 2626 1318 2708 primitiarum
1350 2626 1371 2660 ⁸
1399 2645 1416 2690 z
1455 2649 1486 2687 a
1531 2626 1815 2692 Christus
1853 2628 2204 2693 resurrexit

661 2751 705 2797 a
731 2732 1008 2798 mortuis
1029 2733 1329 2816 primitiae
1356 2734 1833 2800 dormientium.
1859 2756 1889 2795 ι)

750 2840 836 2905 De
876 2841 1088 2920 tertio,
1131 2841 1363 2906 dicitur
1391 2841 1469 2906 de
1495 2842 1632 2906 Elia
1658 2842 1680 2877 ⁸
1711 2865 1726 2905 :
1769 2866 1801 2904 a
1826 2842 2010 2909 Corvi
2041 2861 2203 2927 quo·

666 2967 791 3032 que
818 2948 1184 3015 deferebant
1226 2948 1285 3011 ei
1327 2966 1560 3031 panem
1605 2954 1670 3014 et
1708 2968 1932 3015 carnes
1976 2970 2165 3016 mane
2181 3002 2198 3033 ,

668 3054 959 3119 similiter
983 3051 1218 3137 panem
1244 3059 1307 3120 et
1346 3072 1566 3120 carnes
1610 3075 1893 3140 vespere.
1923 3079 1956 3116 n
2005 3057 2205 3122 Mira-

668 3160 796 3225 bile
822 3165 916 3226 est
940 3162 1111 3244 quod
1130 3181 1360 3246 panem
1381 3181 1496 3247 per
1516 3181 1782 3231 corvum
1806 3166 2207 3231 ministrabat

670 3269 995 3348 DominuS,
1026 3288 1157 3335 non
1183 3289 1297 3353 per
1332 3272 1680 3354 hominem,
1712 3274 1876 3338 sicut
1916 3273 2207 3339 mirabile

670 3380 767 3441 est
800 3378 972 3458 quod
1006 3394 1238 3461 corpus
1275 3397 1467 3444 suum
1511 3398 1621 3464 per
1649 3381 2039 3446 sacerdotem
2082 3385 2203 3444 mi-

670 3485 916 3564 nistret,
946 3484 1117 3567 quod
1141 3485 1359 3568 angeli
1395 3486 1507 3551 vix
1550 3487 1735 3569 digni
1783 3493 1935 3554 sunt
1976 3489 2207 3554 minis-

671 3597 876 3671 trare3
923 3597 988 3657 et
1026 3593 1384 3659 mirabilius
1433 3595 1601 3678 quod
1648 3614 1764 3679 per
1816 3601 2205 3680 peccatore5‚

672 3701 784 3785 qui
811 3719 927 3784 per
947 3720 1171 3766 corvos
1189 3705 1449 3785 propter
1466 3703 1774 3770 vitiorum
1799 3705 2210 3787 nigredinem

674 3811 833 3874 forte
859 3809 1329 3891 significantur.
1369 3809 1486 3874 Hic
1528 3815 1626 3875 est
1664 3830 1928 3891 corvus,
1975 3815 2092 3896 qui
2132 3814 2212 3879 ad

676 3936 888 3983 arcam
914 3916 1207 3982 Ecclesiae
1252 3937 1382 3982 non
1431 3921 1793 3985 revertitur.
1852 3920 2213 3989 ostenditur

674 4044 833 4107 ergo
860 4024 1014 4090 mali
1042 4025 1320 4090 ministri
1355 4026 1705 4108 indignitas
1738 4028 1806 4093 in
1832 4048 2047 4096 corvo.
2078 4033 2214 4097 Au-

675 4133 975 4215 gustinus
1003 4132 1026 4167 ⁶
1067 4154 1082 4197 ε
1136 4155 1167 4194 α
1212 4132 1445 4198 Anima
1489 4135 1831 4217 peccatoris
1868 4157 2062 4205 corvo
2109 4141 2210 4204 ni-

679 4241 859 4322 grior
886 4245 999 4306 est.
1033 4264 1062 4301 n
1101 4239 1258 4305 Item
1281 4244 1658 4308 sacramenti
1685 4246 1920 4310 veritas
1944 4247 2013 4311 in
2040 4249 2217 4331 pani-

675 4351 820 4429 buS,
843 4349 911 4413 in
932 4349 1233 4415 carnibus
1262 4368 1280 4414 ε
1309 4351 1378 4413 in
1404 4369 1592 4433 pane,
1621 4358 1877 4437 propter
1899 4356 2211 4438 speciem3

677 4457 747 4521 in
774 4457 1072 4521 carnibus
1097 4460 1358 4540 propter
1380 4476 1545 4538 rem,
1567 4478 1715 4543 quae
1733 4465 1827 4524 est
1852 4480 2008 4527 vera
2034 4464 2217 4528 Chri-

677 4565 757 4629 sti
804 4582 972 4628 caro.
1017 4563 1195 4629 Unde
1245 4564 1269 4599 ‘¹
1319 4587 1334 4629 :
1387 4588 1418 4625 t<
1462 4565 1758 4632 Verbum
1787 4586 1934 4633 caro
1979 4571 2217 4637 factum

679 4675 795 4737 est.
838 4693 869 4732 ιι
921 4670 1063 4737 Non
1110 4674 1297 4755 putes
1336 4683 1494 4755 ergo
1535 4675 1780 4740 malum
1824 4677 2218 4745 sacerdotem

681 4797 812 4845 non
840 4780 1146 4845 conficere
1165 4829 1182 4860 ,
1227 4798 1378 4845 cum
1404 4780 1623 4848 videas
1660 4802 1925 4851 corvum
1953 4803 2086 4851 non
2113 4806 2218 4853 so-

682 4887 822 4952 lum
862 4905 1092 4971 panem
1139 4888 1537 4970 ministrare,
1588 4891 1700 4956 sed
1734 4891 1925 4958 etiam
1970 4911 2212 4959 carnes.

688 4994 846 5060 Item
869 4996 1246 5060 sacramenti
1272 4996 1645 5063 durabilitas
1684 4999 1756 5063 in
1795 5019 2018 5080 mane,
2061 5006 2125 5066 et
2151 5002 2219 5066 in

683 5120 971 5186 vespere,
1014 5121 1126 5186 per
1153 5122 1299 5186 quae
1331 5104 1666 5169 exordium
1717 5112 1778 5170 et
1818 5109 1962 5171 finis
2005 5108 2216 5173 Eccle-

751 5303 768 5335 1
799 5302 864 5350 lv
901 5302 1037 5367 Κεφ,
1067 5313 1138 5364 xv,
1168 5304 1245 5351 42.
1273 5328 1336 5339 —
1367 5300 1386 5332 ²
1416 5303 1580 5362 Joan„
1610 5314 1681 5367 vn,
1710 5307 1767 5368 93
1797 5305 2000 5367 Manli„
2030 5319 2101 5368 xv,
2132 5311 2220 5373 133

689 5383 773 5435 xv,
805 5374 863 5423 36
874 5388 893 5436 ;
915 5375 1091 5437 Marc„
1122 5386 1199 5435 vl,
1227 5375 1314 5437 323
1346 5374 1481 5436 Luc„
1508 5387 1583 5438 lx,
1616 5378 1693 5427 10.
1712 5402 1774 5413 —
1798 5378 1819 5413 ⁸
1844 5379 2044 5439 larem„
2069 5391 2219 5445 xxxl,

688 5443 765 5497 32.
785 5469 848 5480 —
873 5443 933 5493 δΙ
961 5445 1095 5510 Cor„
1118 5457 1206 5509 κν,
1229 5449 1306 5497 20.
1328 5473 1392 5484 —
1415 5448 1435 5483 ⁸
1459 5448 1521 5497 ΙΙΙ
1551 5448 1687 5523 Περ..
1712 5460 1840 5529 xvu,
1864 5452 1911 5500 6.
1936 5475 1997 5488 —
2024 5452 2044 5481 ⁶
2067 5453 2221 5515 Aug„

1731 431 2151 502 SERMONES
2192 433 2296 501 DE
2334 435 2727 504 TEMPORE.

2292 572 2404 637 siae
2431 573 2855 655 significatur.
2886 565 3071 639 Mane
3095 592 3251 640 vero
3274 578 3337 640 et
3372 593 3666 660 vespere,
3698 579 3768 641 et
3798 594 3838 640 a

2289 680 2600 764 principio
2629 681 2918 746 Ecclesiae
2963 699 3167 765 usque
3199 682 3279 747 ad
3324 684 3521 749 tinem
3538 732 3557 763 ,
3587 682 3713 748 hoc
3736 701 3839 746 sa-

2289 793 2688 854 cramentum
2719 788 3115 854 ministratur
3142 790 3165 826 ⁸
3202 811 3218 854 ε
3260 813 3290 851 α
3315 789 3658 855 Vobiscum
3684 808 3837 854 sum

2291 915 2498 980 usque
2525 898 2605 963 ad
2634 899 3273 978 consummationem,
3295 926 3300 930 ·
3323 923 3354 959 »
3388 904 3505 965 etc.

2373 1005 2460 1070 De
2501 1009 2730 1088 quarto
2755 1006 2778 1041 ⁹
2812 1027 2828 1071 ε
2868 1028 2899 1067 α
2940 1006 3241 1071 Ascendit
3286 1007 3457 1089 ignis
3500 1007 3578 1072 de
3610 1012 3798 1091 petra
3820 1057 3838 1089 ‚

2294 1115 2357 1177 et
2389 1130 2611 1177 carnes
2655 1131 3042 1196 azymosque
3086 1132 3282 1196 panes
3326 1116 3751 1198 consumpsit.
3804 1138 3836 1174 n

2296 1218 2390 1282 Ita
2416 1219 2485 1283 in
2510 1221 2634 1285 hoc
2670 1224 3066 1285 sacramento
3093 1221 3405 1285 mirabilis
3430 1223 3846 1305 consumptio

2296 1327 2738 1409 accidentium,
2768 1329 3026 1411 quando
3051 1347 3091 1392 a
3114 1328 3410 1393 dentibus
3436 1330 3844 1393 sumentium

2297 1440 2627 1519 sumptum
2656 1436 2870 1501 fuerit.
2915 1435 3041 1501 Sed
3067 1441 3219 1501 nota
3241 1438 3413 1520 quod
3438 1438 3506 1500 in
3547 1438 3712 1519 igne
3762 1438 3854 1500 si-

2301 1544 2646 1626 gnificatur
2689 1522 2964 1627 Spiritus
3015 1544 3217 1608 sancti
3266 1547 3539 1628 potestas
3574 1546 3623 1585 ¹⁰
3658 1565 3679 1609 t
3720 1568 3754 1605 α
3782 1545 3854 1610 Si

2300 1651 2455 1735 quid
2480 1649 2810 1716 residuum
2846 1651 3269 1732 superfuerit,
3317 1651 3460 1733 igni
3500 1652 3855 1717 combure-

2300 1762 2430 1838 tur,
2446 1779 2478 1818 »
2502 1757 2567 1822 id
2593 1762 2710 1833 est,
2732 1758 3088 1823 secundum
3114 1758 3495 1841 Gregorium
3520 1760 3586 1841 ¹¹,
3616 1782 3650 1820 α
3667 1760 3861 1843 quid-

2300 1866 2456 1949 quid
2479 1866 2557 1932 de
2585 1867 2709 1932 hoc
2734 1871 3128 1932 sacramento
3156 1868 3514 1951 intelligere
3539 1886 3677 1933 uon
3706 1887 3859 1950 pos·

2302 1992 2550 2055 sumuS,
2581 1974 2847 2058 Spiritui
2865 1978 3081 2040 sancto
3107 1975 3638 2041 committendum
3665 1981 3797 2040 est.
3818 1999 3850 2037 n

2305 2082 2466 2147 Item
2507 2081 2577 2147 in
2620 2088 2799 2165 petra
2836 2083 2984 2147 fidei
3029 2083 3300 2147 firmitas
3333 2105 3348 2147 :
3398 2083 3466 2147 in
3500 2083 3627 2147 hac
3670 2083 3861 2148 enim

2305 2192 2486 2273 petra
2517 2190 2764 2255 fortiter
2798 2194 2965 2254 stare
3002 2189 3335 2270 debemus3
3381 2190 3727 2255 Psalmista
3764 2191 3809 2227 ¹²
3843 2213 3858 2254 :

2313 2323 2345 2361 α
2407 2297 2641 2363 Statuit
2707 2316 2903 2381 supra
2968 2303 3214 2383 petram
3286 2299 3478 2381 pedes
3548 2316 3761 2364 meos,
3821 2322 3854 2359 n

2309 2404 2464 2471 Item
2493 2407 2563 2470 in
2591 2406 2835 2490 azymis
2859 2406 3131 2489 panibus
3160 2408 3439 2489 corporis
3466 2405 3704 2471 Christi
3736 2426 3862 2490 pu·-

2307 2514 2485 2594 ritas‚
2514 2518 2579 2578 et
2599 2532 2639 2578 a
2664 2515 2972 2579 fermento
2991 2515 3227 2598 peccati
3248 2514 3621 2579 immunitas
3649 2515 3869 2598 signi-

2307 2622 2535 2686 ficatur
2562 2623 2607 2659 ¹⁸
2655 2644 2671 2686 ε
2712 2646 2743 2684 α
2777 2621 2979 2686 Edent
3023 2639 3246 2686 carnes
3290 2626 3473 2686 nocte
3520 2621 3635 2686 illa
3678 2642 3868 2687 assas

2308 2730 2472 2812 igni,
2503 2751 2536 2790 n
2568 2733 2713 2809 etc„
2743 2731 2808 2794 id
2847 2735 2943 2795 est
2990 2748 3140 2795 cum
3184 2730 3609 2795 amaritudine
3655 2732 3867 2814 poeni·

2310 2837 2525 2902 tentiae
2561 2857 2578 2902 ε
2613 2857 2766 2902 nam
2793 2837 3209 2921 purissimum
3253 2856 3515 2921 corpuS,
3545 2838 3676 2902 nisi
3709 2859 3869 2922 pur-

2314 2947 2447 3028 gati
2475 2964 2589 3028 per
2607 2947 3069 3030 poenitentiam,
3092 2965 3350 3011 sumere
3361 2965 3491 3011 non
3516 2947 3863 3013 debemus.

2311 3055 2714 3137 Augustinus
2744 3053 2787 3090 ¹⁸
2816 3074 2831 3117 ε
2875 3079 2906 3116 α
2948 3053 3116 3118 Talis
3141 3056 3440 3120 convenit
3465 3074 3622 3120 cura
3649 3057 3868 3122 since·

2313 3162 2519 3226 ritatis
2544 3162 3037 3243 sacramentam,
3072 3161 3287 3245 qualia
3314 3166 3462 3226 sunt
3489 3182 3672 3227 sacra
3697 3165 3866 3247 ipsa,

2314 3269 2545 3353 quibus
2570 3270 2955 3335 exhibentur
2982 3272 3190 3335 officia
3223 3270 3567 3335 servitutis.
3608 3294 3640 3331 n
3679 3270 3872 3353 Ignis

2316 3395 2478 3459 ergo
2504 3377 2583 3442 de
2614 3382 2794 3460 petra
2817 3378 3199 3444 sacrificium
3226 3379 3566 3458 consumit,
3599 3382 3872 3463 quando

2316 3485 2474 3550 fides
2524 3486 2714 3550 firma
2774 3487 3002 3553 virtuti
3061 3485 3338 3570 Spiritus
3397 3489 3598 3551 sancti
3648 3492 3871 3555 totum

2318 3594 2676 3660 committit.

2851 3767 3143 3838 SERMO
3200 3769 3292 3840 VI
3298 3821 3316 3839 .

2400 3924 2713 3990 Paratum
2754 3938 2988 4005 panem
3028 3922 3106 3989 de
3153 3922 3303 3990 coelo
3350 3925 3735 4006 proestitistz·
3779 3929 3876 3994 eis

2320 4035 2463 4100 sine
2492 4031 2698 4098 labore
2726 4030 2793 4108 ¹⁸,
2823 4034 2941 4093 etc.
2976 4030 3279 4094 Mirabilis
3304 4030 3504 4113 hujus
3531 4033 3721 4114 panis
3748 4053 3872 4117 po-

2322 4139 2539 4216 tentia,
2575 4137 2678 4202 vel
2704 4136 2964 4201 effectus
2999 4138 3374 4216 ostenditur,
3404 4156 3556 4202 cum
3583 4138 3869 4205 dicitur:

2329 4250 2523 4314 Omne
2552 4244 3091 4323 delectamentum,
3131 4247 3251 4307 etc.
3291 4243 3387 4307 Ad
3435 4244 3610 4308 hunc
3646 4252 3873 4312 autem

2325 4355 2595 4442 pertinet
2647 4351 2945 4416 effectum
2970 4400 2988 4429 ‚
3054 4349 3342 4414 mirabile
3393 4350 3872 4435 subversionis,

2324 4459 2824 4538 confortationis,
2856 4458 3312 4537 delectationi5‚
3340 4460 3872 4526 transmissionis,

2325 4569 2683 4648 Considera,
2705 4569 2773 4632 in
2801 4585 2964 4651 pane
2991 4565 3275 4647 corporis
3296 4564 3545 4646 Christi,
3574 4567 3875 4633 mirabile

2327 4675 2757 4743 subversionis
2790 4675 2860 4738 in
2890 4674 3236 4757 perversis,
3284 4672 3576 4738 mirabile
3611 4677 3873 4741 confor-

2327 4786 2582 4852 tationis
2615 4786 2687 4848 in
2712 4782 2964 4863 attritis,
2996 4781 3284 4846 mirabile
3320 4782 3876 4865 contemplationis

2328 4896 2398 4960 in
2416 4892 2944 4976 contemplativiS‚
2971 4889 3263 4956 mirabile
3281 4888 3786 4954 transmissionis
3803 4891 3875 4955 in

2327 5003 2658 5071 damnetis,

2331 5170 2519 5216 Annot.
2552 5163 2605 5213 in
2631 5163 2739 5225 Job,
2776 5172 3002 5223 xxxvm,
3032 5161 3199 5225 quoad
3227 5174 3453 5211 sensum.
3491 5187 3554 5198 —
3590 5163 3607 5192 ⁷
3633 5161 3806 5226 Joan„
3836 5174 3872 5227 1,

2333 5241 2408 5288 ¹4.
2450 5263 2505 5274 -
2546 5236 2569 5272 ⁸
2594 5233 2800 5294 Mami„
2837 5244 3036 5295 xxvm,
3079 5235 3160 5282 20.
3197 5259 3251 5269 -
3299 5232 3322 5267 ⁹
3357 5230 3542 5293 Judic„
3580 5244 3658 5294 vi,
3696 5235 3780 5284 21.
3812 5258 3873 5270 —

2334 5310 2373 5346 ¹⁰
2400 5307 2583 5365 Emod„
2612 5319 2709 5370 κη,
2742 5310 2817 5357 10.
2841 5331 2902 5343 —
2930 5306 2968 5340 ¹¹
2998 5306 3172 5368 Greg.,
3200 5302 3406 5366 Mat-al„
3426 5303 3517 5354 lib.
3546 5306 3654 5367 xx,
3677 5317 3724 5353 c.
3760 5316 3872 5369 vm,

2330 5380 2396 5429 al.
2424 5392 2477 5442 x,
2508 5394 2562 5429 n.
2601 5382 2680 5430 19.
2710 5405 2772 5416 -
2807 5378 2841 5409 ¹²
2870 5376 3007 5427 Psal.
3033 5388 3208 5439 xxm,
3243 5377 3291 5425 3.
3320 5402 3384 5414 —
3409 5375 3455 5411 ¹⁸
3485 5375 3665 5435 Exod„
3692 5388 3791 5441 κη,
3822 5380 3870 5425 8.

2332 5475 2391 5488 -·
2419 5451 2453 5485 ¹⁴
2480 5456 2609 5515 Aug.
2641 5476 2699 5489 -—·
2734 5451 2773 5487 ¹⁸
2798 5448 2942 5516 Sap„
2970 5460 3077 5511 xlx,
3104 5450 3181 5497 20.
