4059 6317
714 448 834 510 376

711 580 843 645 cuti
881 577 1119 645 fuerint
1160 577 1485 658 homines,
1514 577 1780 644 reddent
1820 581 2135 648 rationem
2179 581 2249 646 in

709 688 814 753 die
839 686 1087 771 judicii.
1120 707 1153 747 n
1188 685 1236 752 Ο
1263 686 1530 751 Domine
1565 686 1769 752 Deus!
1810 688 1864 752 si
1909 688 2250 754 reddemus

707 795 1021 860 rationem
1047 794 1127 859 de
1152 793 1405 858 levibus
1420 794 1658 873 verbis,
1688 795 1845 879 quid
1862 796 1985 860 erit
2001 796 2081 862 de
2099 815 2247 880 gra-

706 901 896 968 vibus
918 900 1101 966 factis
1119 902 1153 964 ⁴?
1173 900 1229 964 si
1255 900 1332 965 de
1353 901 1806 984 quadraginta,
1836 901 1992 984 quid
2018 904 2142 968 erit
2164 905 2244 970 de

705 1009 878 1074 mille
902 1008 1199 1089 marchis,
1232 1007 1336 1073 vel
1362 1008 1580 1074 decem
1612 1008 1935 1073 millibus?
1963 1012 1983 1046 ¹
2022 1033 2055 1072 α
2082 1010 2242 1076 Cum

704 1117 994 1201 eoepisset
1009 1116 1318 1182 rationem
1334 1133 1594 1199 ponere,
1615 1114 1868 1181 oblatus
1884 1121 1981 1182 est
1995 1119 2053 1182 ei
2070 1137 2245 1184 unus

704 1226 819 1307 qui
855 1225 1124 1292 debebat
1161 1225 1378 1290 decem
1419 1223 1621 1288 millia
1663 1224 1920 1289 talenta.
1946 1245 1977 1284 t
2011 1225 2242 1292 Talen-

702 1338 843 1398 tum
886 1332 1062 1397 enim
1106 1335 1202 1397 est
1249 1331 1620 1414 poenitentia
1632 1377 1656 1410 ,
1704 1331 1807 1396 vel
1863 1332 2237 1416 satisfactio,

700 1459 899 1524 quam
942 1440 1189 1505 solvere
1230 1442 1532 1504 tenentur
1574 1456 1690 1521 pro
1736 1442 2011 1522 peccato.
2064 1442 2240 1509 Unde

699 1549 917 1615 decem
950 1548 1151 1612 millia
1180 1547 1449 1624 talenta,
1492 1551 1641 1610 sunt
1679 1548 2016 1629 condignae
2048 1551 2238 1615 satis-

699 1658 1000 1722 factiones
1027 1674 1144 1740 pro
1179 1656 1398 1747 decem
1432 1654 1884 1719 mandatorum
1926 1656 2238 1742 multipli-

698 1764 880 1830 cibus
906 1763 1541 1845 transgressionibus.
1570 1764 1659 1827 De
1678 1763 1782 1828 his
1801 1763 2016 1829 decem
2047 1767 2236 1832 milli—

700 1873 820 1937 bus
847 1873 1150 1938 dicitur²z
1192 1893 1223 1932 α
1250 1872 1457 1934 Aman
1479 1870 1771 1953 promisit
1792 1870 2010 1936 decem
2036 1867 2236 1940 millia

702 1980 962 2061 talenta,
1008 1984 1083 2044 ut
1119 1978 1393 2063 populus
1435 1979 1543 2044 Dei
1582 1979 2070 2047 interficeretur.
2102 2002 2133 2041 t
2181 1982 2231 2049 Ο

696 2090 893 2155 miser
929 2089 1155 2168 homo,
1184 2091 1258 2153 tu
1298 2088 1625 2171 proximos
1664 2086 1967 2152 interficis
2003 2107 2234 2174 corpo-

695 2198 932 2278 raliter,
962 2214 1094 2262 non
1125 2196 1335 2261 solum
1361 2194 1668 2275 faciende,
1695 2195 1800 2261 vel
1825 2199 2228 2264 consentien-

693 2306 796 2384 do,
834 2304 941 2368 sed
984 2303 1176 2369 etiam
1220 2301 1672 2367 subtrahendo.
1720 2302 2125 2385 Augustinus
2152 2308 2176 2344 ⁸
2208 2331 2225 2375 ε

702 2434 733 2473 α
758 2409 947 2475 Pasce
972 2409 1140 2474 fame
1163 2409 1540 2473 morientem
1567 2408 1661 2474 :si
1677 2427 1810 2474 non
1837 2412 2088 2494 pavisti,
2119 2432 2224 2480 oc-

691 2518 914 2585 cidisti.
940 2538 971 2577 t
1014 2515 1168 2581 Item
1194 2515 1497 2580 interficis
1519 2515 1949 2599 spiritualiter,
1980 2520 2060 2584 ad
2087 2539 2229 2603 pec-

691 2629 905 2690 catum
960 2622 1226 2688 mortale
1278 2622 1755 2706 quomodolibet
1804 2624 2166 2695 inducendo
2206 2651 2222 2694 ε

691 2735 1021 2801 Psalmista
1038 2734 1062 2769 ⁴
1089 2752 1162 2798 :c
1187 2732 1539 2798 Interficitis
1560 2733 1846 2800 universi
1869 2753 2008 2818 vos,
2037 2759 2069 2797 n
2101 2741 2223 2803 etc.

690 2842 1094 2924 Augustinus
1116 2847 1138 2883 ⁸
1171 2863 1187 2907 ε
1229 2862 1262 2902 c
1308 2839 1430 2919 Qui
1471 2840 1539 2905 in
1584 2846 1922 2925 conspectu
1964 2844 2226 2911 alterius

689 2951 855 3017 male
882 2952 1065 3031 vivit,
1091 2953 1406 3035 quantum
1434 2951 1505 3014 in
1530 2949 1640 3014 illo
1664 2954 1779 3028 est,
1805 2951 2011 3034 illum,
2037 2974 2219 3039 aquo

688 3061 1056 3140 attenditur,
1087 3059 1336 3124 occidit.
1363 3081 1395 3118 1>
1430 3059 1638 3123 Aman
1665 3058 1989 3125 diabolum
2017 3063 2221 3144 signi-

684 3169 835 3233 fleat
861 3191 876 3233 z
911 3168 1364 3250 Interpretatur
1388 3166 1562 3231 enim
1587 3168 1855 3249 iniquus
1891 3169 1967 3234 in
1994 3170 2219 3254 culpa,

562 3278 566 3283 ’
687 3275 791 3342 vel
818 3275 1236 3358 comprimens
1257 3276 1333 3340 in
1356 3289 1568 3356 poena.
1596 3272 1675 3338 Ut
1698 3291 1858 3356 ergo
1883 3295 2103 3343 secure
2125 3297 2225 3344 oc-

687 3382 881 3462 cidas,
910 3399 1132 3445 secure
1170 3381 1338 3445 male
1370 3380 1580 3445 facias.
1611 3381 1845 3461 Aman,
1869 3383 1934 3448 id
1967 3388 2066 3449 est
2090 3386 2224 3452 dia-

685 3487 902 3566 holus,
943 3488 1282 3572 pecuniam
1326 3488 1666 3571 promittit,
1708 3491 1968 3572 quaudo
2006 3497 2067 3559 te
2099 3495 2220 3559 suh

684 3613 796 3680 spe
815 3596 1048 3660 futurae
1065 3595 1501 3660 satisfactionis
1523 3614 1779 3678 peccare
1795 3598 1971 3678 facit3
1993 3605 2057 3664 et
2076 3620 2220 3683 pro·

684 3705 882 3769 mittit
905 3703 1122 3769 decem
1152 3703 1371 3782 millia,
1403 3703 1659 3786 quando
1678 3705 1753 3768 de
1778 3706 2079 3772 omnibus
2107 3710 2219 3775 De-

682 3812 892 3894 calogi
914 3812 1529 3893 transgressionibus
1551 3815 1613 3875 te
1631 3817 1704 3877 ut
1727 3831 1944 3878 secure
1966 3835 2211 3902 pecceS,

680 3920 1001 3988 defutura
1023 3920 1390 4003 poenitentia
1415 3924 1478 3983 et
1506 3920 1938 3987 misericordia
1964 3944 2209 4007 praesu-

678 4046 853 4093 mere
875 4028 1041 4092 facit.
1075 4026 1416 4109 Gregorius
1436 4026 1460 4062 ⁸
1485 4047 1501 4090 ε
1533 4049 1563 4087 α
1590 4027 1884 4094 Diabolus
1909 4033 2099 4098 modo
2127 4035 2210 4118 (a)

676 4134 946 4201 aliorum
973 4136 1119 4198 facit
1145 4134 1468 4216 graviora,
1490 4156 1522 4194 n
1558 4138 1675 4200 etc.
1706 4135 1979 4219 Require
1998 4140 2063 4205 in
2083 4159 2211 4207 ser-

674 4261 862 4308 mone
888 4261 1084 4326 supra
1107 4247 1130 4285 '¹
1153 4265 1168 4305 ε
1201 4242 1505 4325 Princeps
1527 4243 1779 4324 mundi,
1802 4251 1920 4311 etc.

749 4348 836 4413 De
866 4349 1142 4414 secundo
1169 4349 1400 4414 dicitur
1440 4350 1545 4415 hic
1581 4373 1596 4413 :
1645 4351 1859 4420 Redde
1894 4356 2207 4425 rationem

668 4456 1090 4524 villicationis
1136 4463 1287 4524 tuce.
1334 4456 1509 4521 Bona
1550 4457 1617 4521 in
1659 4477 1921 4543 corpore
1938 4512 1955 4543 ,
2001 4465 2106 4529 vel
2133 4467 2204 4533 in

667 4565 904 4645 anima,
924 4564 1029 4631 vel
1056 4566 1125 4629 in
1150 4565 1343 4630 rebus
1371 4565 1483 4630 tibi
1510 4568 1886 4649 commissiS‚
1921 4590 2225 4658 quorum⁸

663 4690 796 4736 non
820 4689 888 4736 es
915 4670 1147 4751 haeres,
1173 4672 1278 4738 vel
1303 4672 1618 4753 dominus,
1653 4675 1762 4738 sed
1790 4676 2058 4760 villicae,
2088 4683 2198 4749 de-

663 4778 776 4843 bes
801 4778 882 4843 ad
919 4779 1313 4845 voluntatem
1361 4780 1613 4846 Domini
1655 4782 2040 4867 dispensare.
2073 4791 2194 4869 Qui

661 4889 835 4951 enim
867 4887 1035 4953 vires
1062 4888 1368 4971 corporis,
1398 4890 1502 4955 vel
1531 4908 1756 4956 sensus
1789 4895 2022 4961 animae
2040 4946 2058 4976 ,
2089 4900 2193 4967 vel

656 5011 785 5073 res,
810 4994 914 5059 vel
942 4999 1216 5078 tempuS,
1246 4995 1351 5061 vel
1375 4995 1746 5080 hujusmodi
1770 5001 1936 5066 male
1957 5022 2191 5088 expen-

655 5099 770 5180 dit,
818 5101 987 5170 hona
1028 5102 1278 5168 Domini
1323 5103 1600 5188 dissipat.
1647 5106 1816 5174 Bene
1860 5109 1993 5175 dixi
2028 5136 2043 5176 :
2093 5116 2191 5182 vel

718 5227 730 5257 ¹
769 5225 967 5290 Mutila„
1005 5239 1166 5291 xvm,
1212 5229 1291 5280 24.
1330 5255 1392 5267 -
1429 5230 1448 5261 ²
1481 5231 1649 5296 Esth„
1694 5245 1780 5297 ιη,
1820 5237 1867 5286 9.
1911 5263 1974 5274 -
2014 5237 2039 5273 ⁸
2078 5241 2185 5292 lmo

652 5296 848 5360 Amba,
880 5297 941 5347 de
974 5297 1141 5350 alend-
1166 5313 1393 5365 pauper„
1421 5300 1507 5352 lib.
1544 5303 1635 5367 qui
1674 5304 2009 5371 desideratur,
2046 5310 2185 5363 citat.

648 5369 782 5431 apud
821 5369 1068 5433 Gratiam,
1111 5370 1232 5422 dist.
1267 5375 1357 5435 86,
1387 5385 1432 5422 c.
1459 5373 1537 5423 2¹.
1574 5401 1638 5413 —
1676 5380 1694 5408 ⁴
1731 5376 1869 5427 Psal.
1899 5392 2016 5444 nrt,
2047 5387 2093 5432 4.
2123 5409 2184 5421 —

646 5440 665 5471 ⁸
691 5441 820 5504 Aug.
850 5467 904 5477 --
945 5444 972 5508 ἦ
996 5445 1169 5512 Greg.,
1208 5445 1423 5508 Pastor„
1453 5450 1582 5508 part.
1617 5449 1709 5512 ΙΙΙ,
1741 5463 1785 5504 c,
1815 5452 1893 5503 29.
1925 5477 1986 5494 —·
2015 5455 2030 5484 ⁷
2064 5454 2177 5506 vid.

1801 444 2222 513 SERMONES
2260 447 2365 513 DE
2408 449 2804 522 TEMPORE.

2360 590 2624 672 tempus.
2667 592 2847 659 Sicut
2886 598 3060 664 enim
3098 601 3177 668 de
3215 605 3392 670 omni
3428 609 3631 675 verbo
3656 612 3866 697 otioso,

2359 692 2451 758 ita
2476 696 2553 761 de
2579 699 2755 764 omni
2780 705 3087 787 tempore,
3116 708 3311 776 homo
3332 713 3650 782 rationem
3675 721 3870 787 reddet

2355 799 2504 867 Deo.
2532 804 2875 873 Anselmus
2900 814 2924 850 ⁸
2956 833 2973 877 τ
3015 836 3046 874 α
3082 813 3392 900 Exigetur
3415 841 3458 887 a
3495 827 3562 887 te
3587 843 3781 908 usque
3800 830 3867 896 ad

2354 915 2754 979 momentum
2779 934 2971 984 omne
3015 926 3267 1008 tempus
3307 928 3569 995 vivendi
3610 932 3725 997 tibi
3759 935 3864 1000 im-

2354 1033 2648 1098 pensum,
2692 1023 2966 1104 qualiter
2995 1028 3186 1096 fuerit
3221 1051 3605 1117 expensum.
3652 1061 3684 1100 ο
3728 1039 3863 1125 Sed,

2350 1122 2501 1204 heu,
2533 1126 2798 1194 Domine
2833 1130 3029 1199 Deus!
3070 1138 3426 1207 timendum
3454 1149 3551 1210 est
3579 1168 3597 1211 ε
3628 1166 3757 1215 non
3779 1170 3868 1216 so-

2348 1230 2489 1296 lum
2517 1238 2830 1303 rationem
2855 1244 3195 1312 reddemus
3217 1248 3296 1316 de
3320 1251 3504 1318 bonis
3547 1255 3861 1340 dissipatis,

2347 1339 2457 1404 sed
2513 1342 2706 1409 etiam
2773 1347 2851 1412 de
2911 1349 3105 1417 lucris
3169 1356 3487 1425 bonorum
3556 1364 3864 1445 neglectis.

2348 1445 2370 1480 ⁹
2420 1469 2452 1508 α
2501 1447 2686 1514 Venit
2737 1453 3044 1524 Dominus
3094 1480 3429 1530 servorum
3478 1467 3776 1550 illorum,
3813 1477 3867 1538 et

2346 1556 2558 1638 posuit
2582 1559 2892 1626 rationem
2922 1584 3072 1631 cum
3094 1568 3207 1650 eis,
3234 1593 3266 1631 n
3295 1576 3441 1655 etc„
3470 1577 3588 1640 ubi
3618 1579 3866 1663 subjun-

2344 1664 2542 1746 gitur,
2582 1669 2753 1750 quod
2792 1671 2899 1738 ille
2935 1675 3274 1744 damnatus
3300 1685 3417 1760 est,
3456 1685 3571 1767 qui
3600 1705 3755 1753 cum
3784 1692 3868 1753 ta-

2341 1769 2514 1837 lento
2540 1774 2660 1839 sibi
2687 1779 2915 1844 tradito
2942 1782 3104 1847 nihil
3128 1785 3409 1854 lucratus
3433 1796 3550 1857 est.
3585 1793 3869 1881 Quinque

2342 1897 2500 1961 ergo
2527 1883 2766 1950 talenta
2791 1888 2871 1952 ad
2899 1888 3279 1959 lucrandum
3315 1896 3462 1962 data
3491 1906 3651 1965 sunt
3676 1905 3865 1985 nohis,

2341 1989 2631 2058 videlicet
2656 2000 2928 2078 naturae,
2971 1999 3269 2086 fortunae,
3308 2009 3631 2090 potentiae,
3679 2014 3869 2079 scien-

2340 2096 2446 2162 tiae
2475 2102 2538 2165 et
2563 2103 2813 2183 gratiae.
2849 2104 3100 2173 Donum
3128 2110 3403 2180 fortunae
3430 2114 3575 2182 dieo
3601 2118 3865 2187 divitias.

2338 2202 2427 2268 De
2453 2205 2557 2270 his
2583 2207 2838 2275 talentis
2871 2215 3234 2298 superbire,
3270 2222 3404 2284 tam
3442 2223 3713 2290 stultum
3753 2233 3865 2307 est,

2337 2330 2413 2376 ac
2447 2314 2503 2377 si
2535 2315 2731 2383 homo
2775 2319 2854 2385 de
2897 2322 3020 2387 hoc
3068 2326 3457 2410 superbiret,
3498 2334 3674 2415 quod
3716 2339 3868 2402 esset

2338 2421 2557 2488 multis
2581 2424 2807 2492 debitis
2830 2427 3175 2515 obligatus,
3217 2453 3367 2500 cum
3394 2439 3607 2520 potius
3636 2441 3723 2507 de
3758 2444 3867 2510 hoc

2334 2528 2590 2597 deberet
2622 2534 2969 2604 humiliari.
3002 2540 3344 2624 Gregorius
3370 2553 3417 2587 ¹⁰
3448 2570 3464 2613 ε
3506 2571 3539 2609 α
3564 2548 3729 2615 Cum
3759 2572 3863 2618 au·

2336 2640 2574 2717 gentur
2600 2640 2790 2722 dona,
2826 2646 3104 2714 rationes
3129 2652 3322 2717 etiam
3348 2663 3646 2723 crescunt
3668 2659 3863 2726 dono-

2332 2761 2503 2811 rum.
2536 2746 2740 2816 Tanto
2766 2771 2928 2835 ergo
2952 2774 3089 2821 esse
3115 2757 3449 2842 humilior,
3478 2785 3511 2823 n
3547 2769 3667 2831 etc.

2410 2853 2495 2919 De
2523 2858 2709 2924 tertio
2736 2861 2778 2896 ¹¹
2811 2883 2827 2922 ε
2869 2886 2900 2924 ιι
2932 2863 3190 2931 Obedite
3225 2870 3582 2952 praepositis
3621 2875 3863 2954 vestris,

2333 2966 2395 3026 et
2419 2965 2741 3048 subjacete
2761 2968 2873 3034 eis.
2902 2970 3028 3056 Ipsi
3055 2955 3228 3039 enim
3255 2977 3665 3061 pervigilant,
3686 2983 3865 3064 quasi

2331 3070 2642 3136 rationem
2681 3094 2800 3157 pro
2836 3079 3172 3146 animabus
3207 3085 3435 3149 vestris
3469 3087 3803 3153 reddituri.
3827 3112 3854 3151 ι

2331 3175 2379 3240 Ο
2407 3196 2604 3260 quam
2640 3183 3091 3263 gravissimam
3123 3190 3437 3256 rationem
3462 3212 3582 3277 pro
3619 3197 3859 3262 anima-

2328 3284 2450 3348 bus
2496 3287 2761 3354 reddent
2801 3293 3075 3374 praelati!
3125 3296 3277 3379 quia
3318 3317 3438 3383 pro
3476 3303 3697 3370 anima
3752 3323 3857 3370 ne·

2326 3392 2596 3474 glecta¹¹
2624 3418 2687 3460 :a
2715 3398 2965 3465 Custodi
2992 3402 3205 3469 virum
3230 3406 3429 3472 istum
3460 3431 3476 3474 ε
3507 3411 3623 3493 qui
3646 3412 3703 3476 si
3729 3414 3860 3497 lap-

2325 3516 2437 3563 sus
2464 3501 2673 3581 fuerit,
2700 3505 2820 3569 erit
2846 3508 3061 3573 anima
3094 3513 3204 3576 tua
3242 3530 3362 3595 pro
3395 3516 3613 3581 anima
3638 3522 3803 3603 ejus,
3821 3541 3849 3579 ι

2326 3603 2469 3671 Non
2507 3609 2715 3676 solum
2759 3618 2974 3680 autem
3022 3617 3459 3702 ecclesiastici,
3505 3625 3619 3689 sed
3671 3628 3857 3692 etiam

2325 3717 2632 3784 mundani
2660 3721 2907 3803 judices
2928 3725 3236 3791 rationem
3266 3728 3533 3796 reddent
3569 3752 3688 3816 pro
3720 3754 3853 3800 om-

2320 3824 2510 3890 nibus
2550 3828 2884 3894 animabus
2949 3831 3184 3916 injuste
3238 3838 3536 3919 perdItis,
3594 3842 3725 3908 imo
3779 3844 3854 3909 de

2292 3933 2619 3999 ·omnibus
2654 3936 2911 4017 judiciis
2945 3942 3009 4004 et
3046 3940 3225 4005 factis
3267 3942 3424 4008 suis.
3486 3944 3666 4013 Unde
3699 3949 3852 4015 bene

2317 4037 2791 4125 dicitur¹⁸quod
2818 4048 2949 4108 tres
2975 4045 3291 4132 principes
3316 4056 3501 4116 erant
3528 4053 3598 4117 in
3626 4073 3844 4138 regno,

2315 4146 2552 4228 quibus
2576 4153 2846 4232 satrapae
2883 4152 3197 4219 dehebant
3224 4157 3484 4225 reddere
3513 4161 3844 4229 rationem.

2313 4250 2591 4338 Principi
2620 4255 2990 4322 sacerdotali
3004 4261 3171 4326 ratio
3198 4264 3487 4331 redditur
3511 4267 3579 4332 in
3606 4272 3842 4336 confes-

2310 4358 2522 4439 sione;
2552 4361 2823 4445 principi
2859 4366 3228 4449 universali,
3272 4369 3339 4433 in
3376 4376 3664 4441 extrema
3688 4395 3839 4442 exa-

2309 4467 2659 4532 minatione
2683 4491 2701 4547 ;
2749 4469 3019 4555 principi
3066 4473 3394 4555 infernali,
3445 4479 3516 4543 in
3559 4487 3839 4549 extrema

2305 4574 2674 4657 quadrantis
2718 4578 3068 4644 exactione.
3137 4580 3211 4645 Et
3250 4587 3420 4650 certe
3462 4604 3599 4652 non
3636 4591 3837 4657 solum

2295 4682 2564 4765 judices,
2596 4683 2728 4748 imo
2754 4689 2820 4748 et
2852 4685 3123 4768 quilibet
3154 4688 3350 4756 homo
3384 4693 3607 4761 reddet
3644 4699 3831 4765 ratio-

2300 4807 2451 4855 nem
2478 4791 2556 4855 de
2574 4791 2877 4856 omnihus
2902 4794 3239 4861 animabus
3255 4817 3369 4882 per
3393 4819 3545 4868 eum
3566 4806 3831 4872 seductis

2299 4905 2362 4962 et
2379 4899 2662 4982 perditis,
2679 4903 2743 4964 et
2758 4902 3082 4984 praecipue
3101 4922 3215 4986 pro
3230 4907 3445 4972 anima
3473 4915 3728 4995 propria
3744 4916 3822 4982 ¹⁸:

2300 5029 2331 5068 α
2365 5006 2810 5092 Unusquisque
2841 5026 2957 5091 pro
2986 5027 3055 5075 se
3080 5011 3301 5078 reddet
3326 5015 3665 5086 rationem.
3685 5044 3714 5082 n

2293 5165 2428 5217 sup„
2460 5153 2611 5203 Dom.
2644 5153 2730 5217 111,
2756 5156 2874 5217 post
2900 5152 3081 5205 Pasch.
3108 5167 3262 5207 serm.
3291 5168 3350 5222 ιι,
3370 5171 3490 5225 pag.
3520 5165 3633 5229 2⁵4,
3658 5163 3754 5216 col.
3772 5169 3822 5216 2.

2290 5250 2356 5262 —
2378 5223 2402 5259 ⁸
2428 5222 2654 5274 Anselm.
2679 5249 2740 5261 —
2769 5226 2790 5260 ⁹
2816 5225 3020 5286 Manli„
3050 5237 3169 5288 xxv,
3206 5230 3264 5278 ¹9
3290 5233 3342 5280 et
3366 5244 3477 5296 seq.
3496 5259 3558 5272 -
3587 5236 3629 5272 ⁴⁰
3654 5237 3818 5302 Goeg„

2292 5298 2346 5346 in
2377 5296 2591 5359 Evanq„
2627 5295 2770 5348 hom.
2809 5307 2893 5356 tx,
2930 5309 2985 5347 n.
3031 5302 3075 5347 ί.
3104 5324 3161 5335 -—-
3208 5300 3248 5335 ¹¹
3293 5301 3466 5368 Helm,
3500 5316 3623 5371 ¹111,
3661 5307 3732 5360 17.
3759 5334 3820 5346 —

2290 5369 2331 5404 ¹²
2351 5368 2413 5418 ΙΙΙ
2435 5367 2573 5431 neq„
2594 5379 2688 5429 xx,
2713 5369 2792 5419 39.
2812 5393 2866 5404 —
2891 5366 2936 5404 ¹⁸
2957 5369 3111 5433 Dan„
3131 5381 3210 5433 Vl,
3230 5373 3358 5426 2.-
3375 5376 3420 5413 ¹⁸
3435 5376 3590 5435 Rom„
3613 5390 3718 5448 nr,
3739 5381 3815 5432 ¹2.

2352 5454 2417 5523 (a)
2446 5455 2566 5508 Coet.
2616 5457 2741 5512 edit.
2784 5456 3060 5511 malorum.
