4059 6317
667 513 785 574 172

662 644 884 711 minet.
927 667 959 708 ι»
994 645 1073 711 Et
1120 648 1278 731 quia
1315 650 1581 716 avaritia
1621 650 1831 716 reddit
1868 650 2199 716 hominem

662 752 960 817 callidum
999 758 1064 818 et
1113 758 1401 821 astutum
1443 757 1513 821 in
1539 757 1778 838 corde!‚
1837 759 2079 824 foedum
2127 757 2199 822 in

660 861 1133 925 conversatione
1153 909 1172 942 ,
1204 863 1458 928 aridum
1491 865 1562 927 in
1588 882 1778 947 opere
1798 913 1820 945 ‚
1869 865 2021 947 quia
2060 865 2199 929 sine

659 969 1095 1050 compassione
1149 991 1166 1034 ε
1225 969 1364 1035 ideo
1421 971 1655 1037 dicitur
1709 990 1942 1037 avarus
1998 973 2199 1055 affligi

660 1075 972 1158 sulphure
996 1077 1268 1158 foetoris,
1299 1078 1526 1144 ardore
1569 1080 1755 1159 solis,
1801 1081 1883 1146 ad
1931 1080 2199 1146 modum

658 1187 849 1249 terrae
872 1185 1070 1251 aridae
1094 1190 1158 1251 et
1183 1188 1530 1253 combustae
1551 1237 1569 1269 ‚
1615 1189 1707 1254 ita
1743 1193 1816 1253 ut
1860 1207 1992 1254 non
2026 1206 2197 1252 sera·

659 1294 799 1371 tur,
833 1293 984 1375 quia
1009 1311 1128 1359 nec
1155 1295 1334 1377 prius
1378 1300 1703 1362 saturatur
1728 1316 1842 1364 cor
1868 1298 2050 1362 avari
2080 1316 2197 1361 au·-

659 1417 760 1479 ro,
786 1418 983 1482 quam
1010 1404 1334 1467 saturatur
1351 1406 1545 1468 vento
1577 1424 1592 1468 :
1624 1407 1688 1469 et
1710 1403 1853 1469 ideo
1878 1421 2008 1469 non
2036 1405 2200 1469 sistit

660 1509 1011 1592 appetitus,
1056 1511 1210 1594 quia
1251 1530 1587 1595 nunquam
1627 1514 1873 1579 invenit
1915 1514 2195 1581 solidita-

660 1621 824 1697 tem,
875 1619 986 1683 sed
1035 1620 1247 1700 potius
1292 1620 1640 1686 vanitatem
1686 1621 1757 1685 in
1784 1622 2199 1705 prosperitate

662 1725 1010 1791 mundana.
1041 1724 1344 1791 Videntes
1369 1734 1585 1792 autem
1626 1729 1952 1812 peregrini
1975 1778 1993 1808 ‚
2046 1731 2197 1814 qui¹

669 1856 701 1895 α
732 1850 861 1898 non
887 1832 1126 1898 habent
1150 1833 1255 1898 hic
1293 1839 1656 1901 manentem
1688 1836 2009 1902 civitatem
2031 1886 2051 1916 ‚
2088 1838 2200 1904 sed

660 1940 944 2004 futuram
972 1939 1346 2023 inquirunt,
1363 1962 1394 2001 n
1424 1946 1685 2025 propter
1710 1942 1936 2025 plagas
1963 1944 2200 2027 quibus

659 2044 930 2111 afflictus
946 2051 1042 2110 est
1059 2064 1296 2112 avarus
1309 2094 1329 2125 ‚
1360 2049 1653 2131 exemplo
1683 2049 2041 2116 didicerunt
2068 2070 2202 2116 om-

512 2195 523 2211 .
658 2153 770 2216 nIa
793 2151 1113 2235 despicere
1139 2158 1396 2238 propter
1421 2173 1709 2220 amorem
1737 2156 1871 2222 Dei.

740 2258 974 2324 Ultimo
1002 2263 1259 2325 notatur
1285 2261 1523 2327 divinae
1549 2263 1848 2329 bonitatis
1876 2264 2157 2329 ostensio
2176 2310 2194 2342 ‚

658 2385 808 2431 cum
833 2366 983 2431 dicit
1012 2386 1029 2432 ε
1066 2367 1242 2449 Quia
1268 2368 1564 2438 videbant
1589 2372 1781 2454 siqua
1798 2418 1816 2450 ‚
1846 2388 1991 2455 quoe
2006 2372 2201 2452 facie-

662 2475 790 2543 bat.
805 2475 977 2540 Licet
986 2477 1356 2543 ostendatur
1368 2478 1585 2544 divina
1600 2481 1849 2545 bonitas
1862 2499 1977 2564 per
1994 2481 2197 2545 multa

661 2583 884 2667 signa:
913 2588 1161 2666 tamen,
1190 2590 1507 2669 quantum
1541 2589 1622 2653 ad
1650 2605 1964 2671 praesens,
1992 2592 2201 2672 potest

659 2689 782 2753 dici
810 2689 984 2772 quod
1010 2692 1361 2757 ostenditur
1389 2693 1608 2758 divina
1646 2694 1896 2759 bonitas
1921 2712 2038 2777 per
2079 2694 2202 2758 tria

661 2795 851 2876 signa
872 2843 891 2876 ,
921 2815 1070 2879 quae
1097 2797 1244 2862 fecit
1267 2817 1459 2881 super
1487 2800 1800 2883 triplicem
1828 2800 2199 2882 praedictam

659 2902 1109 2985 proprietatem
1148 2904 1256 2987 (a).
1303 2905 1464 2969 Nam
1506 2908 1717 2988 primo
1743 2908 1889 2973 fecit
1929 2908 2200 2990 signum

662 3009 911 3091 pietatis
950 3012 1015 3073 et
1056 3010 1412 3076 clementiae
1448 3013 1518 3075 in
1563 3014 1844 3094 gratuita
1887 3015 2202 3081 condona-

661 3113 838 3179 tione
863 3115 1249 3181 omnimodae
1275 3118 1627 3201 iniquitatis
1642 3167 1664 3199 ‚
1689 3125 1909 3187 contra
1935 3123 2203 3186 infirmi-

661 3224 856 3286 tatem
883 3222 1273 3289 diffidentiae.
1295 3223 1585 3292 Secundo
1611 3226 1756 3291 fecit
1773 3229 2034 3310 signum
2058 3229 2203 3293 cha-

662 3328 867 3393 ritatis
900 3332 967 3394 et
992 3331 1449 3396 benevolentiae
1490 3331 1558 3395 in
1595 3333 1976 3400 charitativa
2016 3336 2201 3402 exhi-

662 3434 901 3501 bitione
927 3438 1200 3522 propriae
1227 3440 1465 3518 carnis]
1510 3444 1732 3506 contra
1764 3442 2203 3508 infirmitatem

661 3545 947 3609 rancoris
967 3550 1030 3610 et
1047 3546 1334 3612 invidiae.
1355 3546 1567 3613 Tertio
1591 3549 1740 3613 fecit
1767 3549 2029 3632 signum
2048 3569 2204 3633 pau·

663 3652 921 3732 pertatis
948 3655 1012 3717 et
1036 3652 1269 3737 inopiae
1297 3654 1366 3718 in
1399 3655 1761 3721 voluntaria
1803 3656 2204 3739 despectione

663 3758 1008 3825 mundanae
1037 3762 1489 3843 prosperitatis,
1521 3765 1741 3828 contra
1765 3762 2206 3828 infirmitatem

662 3865 970 3931 avaritiae.
1006 3866 1223 3932 Primo
1248 3868 1396 3933 fecit
1419 3870 1681 3950 signum
1713 3870 1967 3953 pietatis
1995 3873 2060 3935 et
2088 3869 2207 3936 cle-

663 3972 918 4037 mentiae
938 3975 1007 4036 in
1028 3976 1310 4055 gratuita
1338 3976 1796 4041 condonatione
1817 3977 2205 4043 omnimodae

662 4078 1049 4163 iniquitatis3
1081 4081 1252 4146 unde
1277 4082 1512 4147 dicitur
1539 4082 1608 4147 in
1637 4082 1890 4149 Psalmo
1915 4084 1980 4147 ⁸:
2018 4108 2050 4145 α
2082 4084 2207 4150 Fac

663 4203 917 4250 mecum
945 4186 1209 4269 signum
1234 4189 1305 4252 in
1347 4189 1586 4253 bonum
1605 4237 1627 4268 ,
1675 4194 1750 4255 ut
1796 4190 2055 4256 videant
2094 4192 2208 4274 qui

667 4289 937 4356 oderunt
963 4309 1091 4372 me,
1120 4296 1186 4357 et
1210 4293 1690 4359 confundantur
1718 4317 1734 4359 :
1771 4296 2081 4378 quoniam
2109 4304 2204 4375 tu,

664 4397 964 4477 Domine,
984 4399 1288 4481 adjuvisti
1311 4419 1416 4466 me
1432 4450 1450 4480 ‚
1469 4407 1530 4466 et
1547 4403 1909 4469 consolatus
1926 4422 1996 4469 es
2022 4423 2148 4470 me.
2174 4425 2206 4464 n

664 4502 788 4568 Fac
816 4522 1070 4569 mecum
1098 4507 1367 4588 signum
1391 4508 1640 4591 pietatis
1666 4514 1729 4575 et
1760 4511 2210 4578 misericordiae

665 4609 734 4673 in
762 4611 1006 4676 bonum
1033 4613 1258 4678 salutis
1285 4619 1566 4695 aeternae,
1599 4621 1673 4681 ut
1692 4617 1953 4683 videant
1975 4619 2212 4684 daemo-

666 4734 779 4781 nes
798 4765 817 4795 ‚
845 4718 957 4801 qui
985 4719 1258 4785 oderunt
1298 4740 1401 4786 me
1428 4727 1687 4806 propter
1713 4725 2001 4806 rigorem
2027 4744 2213 4793 seve·

666 4821 871 4887 ritatis
891 4824 1187 4906 justitiae,
1214 4831 1280 4892 et
1295 4830 1765 4896 confundantur
1787 4838 2046 4916 propter
2067 4852 2211 4899 con-

667 4931 968 4995 stantiam
1007 4935 1364 4999 severitatis
1399 4935 1728 5001 humanae.
1762 4936 2077 5015 Quoniam
2102 4946 2206 5021 tu,

670 5035 967 5119 Domine,
998 5040 1098 5122 adi
1109 5041 1295 5105 uvisti
1329 5061 1471 5123 me,
1511 5048 1772 5127 propter
1808 5046 2214 5114 collationem

669 5145 1133 5212 corroborantis
1167 5149 1422 5230 gratiae‚
1466 5153 1531 5213 et
1569 5151 1929 5218 consolatus
1957 5172 2027 5219 es
2070 5174 2211 5236 me,

736 5270 749 5299 ¹
777 5268 951 5335 Heln„
984 5283 1103 5336 1111,
1135 5274 1211 5323 it.
1231 5299 1296 5311 —
1322 5273 1344 5309 ¹
1367 5272 1506 5325 Psal.
1537 5287 1728 5338 Lxxxv,
1762 5279 1839 5328 Π.
1869 5303 1931 5316 -
1965 5279 1984 5310 ⁸
2010 5280 2219 5342 lev-em..

679 5353 732 5402 L,
758 5343 804 5392 2.
828 5367 891 5381 —
918 5343 941 5379 ⁸
967 5344 1077 5395 lmo
1110 5348 1307 5409 auctor,
1336 5345 1567 5412 quisquis
1601 5348 1684 5412 sit,
1710 5349 1826 5400 libri
1852 5349 1913 5400 de
1942 5351 2146 5415 spiritu
2169 5355 2218 5404 et

675 5410 1221 5551 ffip&3.,vi¹riijt,ngr
1248 5417 1416 5483 Opera
1439 5420 1676 5485 August„
1704 5421 1937 5487 Append.
1967 5426 2095 5474 tom.
2129 5425 2216 5476 Vl.

1764 514 2180 582 SERMONES
2222 515 2324 583 DE
2364 514 2753 583 TEMPORE.

2308 668 2423 733 per
2449 651 2972 717 condonationem
2999 652 3373 737 iniquitatis.
3410 656 3501 722 De
3527 657 3651 724 hoc
3675 659 3843 727 simi·

2311 757 2458 823 liter
2482 760 2687 841 potest
2712 758 2859 837 dici,
2893 762 2959 824 et
2982 761 3219 843 exponi
3246 761 3403 828 illud
3426 764 3451 801 ⁸
3480 783 3497 828 ε
3524 786 3556 827 α
3580 765 3836 832 Annun-

2308 865 2459 931 tiate
2484 865 2555 930 in
2597 866 2896 947 gentibus
2910 918 2926 946 ,
2959 871 3023 931 et
3048 868 3339 933 auditum
3384 870 3565 936 facite
3580 920 3600 950 ,
3644 871 3842 939 levate

2306 974 2600 1055 signum,
2633 974 2971 1056 praedicate
2992 1021 3009 1051 ‚
3041 979 3104 1039 et
3131 975 3330 1039 nolite
3357 979 3585 1043 celare.
3612 1001 3643 1039 n
3681 978 3844 1044 Prae·
3940 994 3947 1011 ¹

2307 1079 2651 1161 dicatores,
2702 1084 2768 1145 et
2827 1080 3108 1145 maxime
3168 1082 3413 1164 praelati
3462 1086 3842 1164 sacerdotes,

2306 1188 2540 1255 debent
2564 1189 2910 1272 praedicare
2947 1188 3144 1253 verbo
3165 1236 3183 1267 ‚
3224 1193 3287 1254 et
3323 1191 3537 1256 levare
3566 1194 3729 1256 facto
3764 1192 3841 1257 il-

2305 1295 2419 1361 lud
2454 1297 2719 1379 signum
2762 1296 2998 1361 divinae
3036 1297 3483 1362 misericordias
3512 1299 3583 1362 in
3611 1301 3848 1365 condo-

2305 1403 2562 1468 natione
2585 1403 2989 1482 delictorum3
3020 1421 3138 1468 nec
3160 1403 3388 1469 debent
3410 1405 3569 1470 illud
3596 1407 3803 1472 celare
3823 1456 3842 1489 ,

2302 1511 2637 1577 vendendo
2666 1511 3162 1577 misericordiam
3191 1512 3299 1576 Dei
3325 1511 3656 1578 liberalem
3703 1533 3850 1597 pre-

2305 1619 2396 1684 tio
2422 1618 2754 1702 temporali
2786 1640 2802 1683 :
2834 1623 2910 1684 ut
2934 1619 3028 1683 sic
3054 1622 3409 1702 peccatores
3436 1620 3685 1703 experti
3714 1620 3849 1687 dul·

2308 1726 2596 1792 cedinem
2643 1726 2879 1790 divinae
2924 1724 3373 1790 misericordiae
3415 1727 3847 1806 annuntient,

2306 1837 2372 1898 et
2395 1833 2686 1899 auditum
2713 1833 2941 1897 faciant
2964 1833 3336 1898 timentibus
3361 1834 3650 1914 rigorem
3672 1853 3856 1900 seve-

2305 1939 2512 2005 ritatis
2545 1941 2847 2022 justitias,
2896 1939 3202 2022 quoniam
3249 1940 3508 2023 pronior
3548 1945 3647 2005 est
3684 1942 3855 2008 Deus

2306 2047 2387 2112 ad
2425 2046 2896 2127 miserandum,
2931 2066 3125 2129 quam
3154 2047 3238 2111 ad
3269 2049 3848 2114 condemnandum.

2309 2154 2486 2220 Unde
2534 2154 2940 2236 Augustinus
2993 2154 3016 2188 ⁸
3062 2154 3132 2217 in
3182 2152 3343 2219 libro
3396 2154 3474 2221 de
3529 2157 3779 2223 Anima
3834 2175 3856 2223 .·

2310 2285 2342 2324 α
2373 2260 2643 2326 Tardius
2672 2260 2988 2343 siquidem
3016 2259 3272 2325 videtur
3296 2260 3423 2326 Deo
3448 2262 3599 2326 dare
3626 2281 3850 2345 pecca·

2306 2369 2431 2434 tori
2458 2369 2733 2451 gratiam
2751 2413 2774 2446 ,
2823 2385 3019 2450 quam
3047 2367 3166 2450 ipsi
3196 2369 3506 2450 peccatori
3533 2370 3646 2452 qui
3676 2371 3856 2435 acci-

2305 2476 2400 2559 pit
2448 2475 2520 2558 (b)
2560 2496 2576 2539 ·.
2608 2475 2699 2539 sic
2755 2474 3009 2539 festinat
3062 2474 3391 2540 absolvere
3443 2494 3483 2539 a
3507 2481 3855 2557 tormento,

2306 2583 2480 2666 quod
2504 2582 2575 2667 (c)
2607 2582 2791 2665 quasi
2820 2581 2966 2664 plus
2993 2580 3207 2665 ipsum
3234 2581 3472 2646 cruciet
3498 2584 3860 2666 compassio

2308 2691 2523 2756 miseri
2546 2737 2563 2767 ‚
2616 2708 2815 2774 quam
2872 2689 3088 2772 ipsum
3132 2688 3445 2753 miserum
3501 2691 3861 2772 compassio

2304 2799 2428 2864 sui.
2478 2819 2510 2858 n
2560 2796 2849 2862 Secundo
2904 2796 3052 2861 fecit
3094 2796 3359 2878 signum
3410 2795 3745 2860 charitatis
3798 2802 3864 2862 et

2307 2904 2766 2970 benevolentias
2792 2903 2861 2966 in
2888 2902 3266 2967 charitativa
3291 2901 3685 2966 exhibitione
3707 2921 3850 2985 pro-

2307 3013 2466 3097 priae
2494 3011 2728 3092 carniS,
2760 3014 2984 3075 contra
3009 3010 3448 3075 infirmitatem
3479 3010 3771 3074 rancoris
3791 3014 3855 3076 et

2306 3118 2602 3195 invidiae3
2624 3116 2795 3182 unde
2817 3115 3082 3180 dicitur·
3113 3136 3129 3180 :
3160 3114 3374 3179 «Pone
3403 3132 3506 3179 me
3530 3119 3605 3178 ut
3628 3113 3849 3197 signa·

2307 3225 2526 3290 culum
2554 3241 2746 3307 super
2767 3227 3097 3301 cortuum,
3122 3225 3197 3286 ut
3217 3220 3620 3303 signaculum
3641 3238 3843 3304 snper

2308 3330 2643 3397 brachium
2669 3334 2889 3409 tuum,
2923 3330 3077 3412 quia
3118 3329 3297 3392 fortis
3324 3332 3419 3392 est
3442 3332 3517 3391 ut
3544 3344 3723 3391 mors
3753 3328 3851 3392 di-

2307 3439 2526 3518 lectio,
2557 3438 2720 3502 dura
2745 3436 2914 3500 sicut
2937 3437 3227 3500 infernus
3254 3433 3596 3498 aemulatio.
3624 3455 3659 3493 υ
3680 3433 3859 3499 Licet

2310 3562 2626 3627 magnum
2653 3545 2923 3625 signum
2948 3541 3276 3606 charitatis
3300 3545 3364 3604 et
3388 3539 3858 3605 benevolentia»,

2309 3654 2524 3718 fecerit
2546 3650 2746 3716 Filius
2775 3650 2883 3715 Dei
2931 3650 3000 3714 in
3025 3647 3459 3713 incarnatione
3480 3695 3500 3725 ,
3542 3647 3759 3713 dando
3788 3665 3858 3712 se

2310 3762 2378 3826 in
2406 3761 2663 3825 fratrem
2692 3755 2963 3822 humani
3008 3754 3261 3836 generis
3278 3800 3299 3832 ‚
3344 3758 3643 3817 naturam
3674 3772 3860 3819 assu·

2313 3868 2545 3934 mendo
2562 3914 2581 3943 ,
2603 3866 2672 3930 in
2701 3863 2992 3948 passione
3022 3859 3228 3925 dando
3256 3861 3415 3924 sein
3441 3860 3725 3943 pretinm
3754 3879 3865 3926 no-

2312 3980 2462 4040 strae
2489 3971 2943 4055 redemptionis
2960 4017 2978 4046 ‚
3004 3986 3261 4051 poenam
3289 3967 3696 4048 sustinend03
3731 3987 3864 4033 ma-

2307 4084 2419 4166 jus
2444 4085 2662 4145 tamen
2689 4079 2958 4160 signum
2979 4074 3330 4140 dilectionis
3355 4073 3507 4151 fuit,
3538 4091 3693 4138 cum
3721 4093 3864 4157 pro-

2314 4191 2527 4273 prium
2558 4203 2788 4269 eorpus
2825 4182 3084 4248 tradidit
3107 4180 3355 4245 homini
3380 4180 3451 4244 in
3491 4181 3714 4246 cibum
3757 4201 3861 4247 re·

2314 4295 2622 4362 fectionis.
2647 4292 2811 4358 Nam
2829 4291 2895 4354 in
2918 4289 3059 4354 aliis
3079 4288 3331 4353 duobus
3345 4287 3548 4351 modis
3571 4292 3673 4352 est
3687 4307 3866 4372 quae·

2314 4404 2465 4470 dam
2491 4399 2803 4485 separatio
2830 4402 2895 4461 et
2920 4394 3150 4461 divisio
3175 4394 3344 4457 inter
3369 4393 3624 4457 dantem
3655 4398 3722 4458 et
3750 4395 3861 4460 da·

2318 4514 2460 4576 tum
2483 4533 2501 4589 ;
2531 4509 2638 4573 sed
2660 4508 2781 4571 isto
2811 4503 3003 4573 modo
3031 4505 3128 4567 est
3150 4500 3459 4565 mirabilis
3480 4504 3544 4564 et
3570 4500 3866 4566 intermi-

2318 4617 2546 4683 nabilis
2570 4614 2726 4680 unio
2752 4613 2920 4676 inter
2948 4609 3232 4673 cibatum
3261 4611 3325 4671 et
3351 4608 3598 4686 cibum,
3630 4613 3697 4672 et
3719 4626 3868 4673 con·

2317 4725 2529 4792 versio
2584 4720 2778 4786 unius
2825 4721 2890 4783 et
2934 4715 3219 4780 alterius.
3276 4713 3354 4779 Et
3393 4715 3640 4779 ratione
3684 4716 3869 4780 istius

2321 4831 2577 4898 unionis
2600 4802 2751 4894 dicit
2776 4823 3062 4890 Christus
3106 4821 3339 4885 animae
3387 4823 3677 4902 gustanti
3716 4823 3864 4886 dul-

2322 4940 2610 5007 cedinem
2640 4930 3019 5000 sacramenti
3048 4927 3468 4994 Eucharistiae
3493 4935 3558 4994 et
3578 4932 3863 4995 amoris:

2324 5049 2496 5115 Pone
2521 5062 2626 5109 me
2655 5044 2728 5107 ut
2752 5037 3161 5122 signaculum
3201 5034 3526 5100 charitatis
3563 5041 3629 5101 et
3668 5037 3866 5103 bene·

2322 5152 2616 5221 volentiae
2639 5165 2831 5231 super
2856 5162 2965 5209 eor
2989 5148 3173 5207 tuum
3191 5189 3210 5221 ‚
3241 5143 3413 5225 quod
3435 5147 3530 5207 est
3554 5145 3626 5207 in
3653 5146 3866 5210 medio

2322 5261 2617 5338 homine,
2646 5257 2905 5340 propter
2940 5250 3251 5316 unionem
3277 5248 3598 5315 internam
3633 5251 3764 5315 cibi
3805 5258 3870 5319 et

2392 5421 2459 5487 (a)
2495 5422 2616 5486 Leq.
2658 5413 3018 5468 infirmitatem.
3046 5435 3110 5449 —
3149 5407 3218 5474 (ὁ)
3258 5408 3568 5492 Apud-Any.
3610 5414 3872 5475 peccatori

2329 5493 2584 5560 accipere.
2613 5515 2676 5529 -
2703 5487 2769 5554 (c)
2798 5483 2923 5536 [bid.
2956 5484 3217 5533 tormento
3247 5485 3573 5533 οοῑιεοιεηιιω
3597 5495 3724 5535 sum.
