4059 6317
794 500 919 567 212
1883 490 2300 560 SERMONES
2340 493 2441 560 DE
2480 492 2877 565 TEMPORE.

795 636 884 700 sis
907 632 1229 700 desideriis
1254 628 1636 696 anhelabant
1662 625 1998 692 accelerari
2024 627 2181 693 illud
2211 628 2324 693 be·

793 741 1091 807 neflcium
1117 736 1620 805 resurrectionis
1652 733 1935 812 Quorum
1958 740 2109 799 vota
2135 753 2325 800 exau-

791 849 970 914 diens
1017 847 1167 913 dicit
1214 845 1526 911 Dominus
1557 864 1573 908 ε
1604 842 1789 909 Nunc
1831 856 2148 924 exurqam
2174 863 2196 904 .-
2226 842 2327 906 lo-

791 959 1009 1041 quitur
1043 958 1112 1020 in
1148 956 1357 1039 prima
1383 970 1654 1038 persona
1672 999 1690 1030 ‚
1734 951 1917 1033 quasi
1951 953 2324 1034 potestatem

791 1065 1036 1130 habens
1064 1063 1338 1147 ponendi
1366 1062 1649 1126 animam
1676 1078 1861 1124 suam
1888 1059 1956 1122 in
1981 1059 2275 1142 passione
2303 1104 2322 1134 ‚

792 1175 856 1237 et
909 1174 1147 1238 iterum
1192 1169 1487 1235 sumendi
1536 1186 1677 1234 eam
1728 1169 1800 1232 in
1841 1166 2319 1231 resurrectione.

790 1277 916 1345 Sed
965 1280 1127 1345 dicet
1174 1278 1436 1343 forsitan
1491 1274 1799 1340 naturalis
1841 1271 2258 1356 philosophus
2304 1291 2320 1333 ε

791 1387 1120 1466 Quomodo
1152 1387 1381 1471 poterit
1417 1385 1539 1450 boc
1565 1383 1701 1448 fieri
1723 1429 1740 1461 ,
1786 1386 1862 1446 ut
1908 1398 2139 1462 corpus
2180 1378 2319 1443 ani·

790 1497 957 1561 male
978 1546 996 1577 ‚
1026 1500 1091 1561 et
1133 1514 1216 1560 ex
1243 1492 1572 1560 contrariis
1596 1487 2018 1572 compositum
2039 1536 2056 1565 ‚
2103 1486 2186 1549 sit
2220 1485 2324 1548 in-

789 1603 1150 1668 dissolubile
1171 1651 1189 1683 ,
1220 1606 1281 1666 et
1307 1603 1612 1684 perpetuo
1660 1594 1946 1660 durabile
1966 1595 1998 1657 ‘1
2026 1592 2104 1657 Et
2140 1591 2322 1655 theo-

786 1710 979 1793 logus
1002 1733 1018 1776 :
1046 1709 1114 1775 Si
1135 1709 1237 1774 vis
1259 1712 1335 1774 ut
1358 1706 1813 1788 argumentum
1855 1705 2043 1765 tuum
2059 1699 2128 1763 in
2145 1699 2321 1764 omni

788 1819 1057 1884 materia
1080 1819 1328 1893 teneat,
1369 1813 1452 1878 ad
1491 1811 1693 1876 multa
1723 1807 2233 1874 inconvenientia
2258 1812 2320 1871 te

787 1926 1116 1992 adducam.
1162 1924 1324 1990 Nam
1362 1922 1570 2005 primo
1613 1918 1714 1982 vis
1756 1917 1925 2000 quod
1972 1915 2137 1980 Deus
2191 1932 2320 1979 non

789 2035 985 2118 possit
1012 2033 1152 2117 plus
1173 2081 1195 2112 ,
1242 2048 1438 2114 quam
1482 2030 1744 2105 natura,
1792 2027 1855 2087 et
1898 2022 2112 2105 opifex
2154 2020 2321 2103 plus-

790 2161 985 2226 quam
1011 2158 1208 2224 opus‚
1238 2136 1412 2221 quod
1450 2131 1903 2199 inconveniens
1929 2148 2066 2194 esse
2104 2129 2321 2193 nullus

790 2249 1058 2313 dubitat.
1101 2246 1333 2327 Arguit
1376 2243 1566 2308 etiam
1605 2242 1694 2305 sic
1730 2261 1745 2304 ε
1787 2239 1897 2305 Est
1932 2236 2320 2320 impossibile

789 2355 1140 2421 secundum
1182 2355 1476 2416 naturam
1524 2367 1542 2413 ε
1591 2364 1749 2428 ergo
1799 2349 1893 2409 cst
1936 2344 2320 2427 impossibile

789 2462 1179 2547 simpliciter.
1198 2459 1601 2541 Consequens
1617 2472 1747 2520 non
1760 2452 2067 2535 sequitur.
2089 2449 2320 2515 Secun-

785 2572 943 2637 dum
987 2566 1437 2634 inconveniens
1488 2566 1612 2641 est,
1664 2560 1835 2643 quod
1878 2563 1952 2623 tu
1999 2558 2101 2621 vis
2147 2559 2318 2642 quod

785 2683 1015 2743 natura
1048 2677 1279 2741 habeat
1302 2673 1567 2739 virtutes
1602 2667 1876 2734 occultas
1894 2714 1916 2747 ,
1956 2671 2028 2731 ut
2064 2667 2132 2730 in
2164 2667 2314 2730 ada·

784 2789 1000 2850 mante
1029 2782 1347 2849 attrahere
1379 2781 1621 2844 ferrum
1640 2826 1658 2856 ,
1701 2781 1766 2840 et
1801 2775 1869 2838 in
1917 2773 2317 2837 salamandra

785 2910 932 2977 quae
958 2894 1369 2957 conservatur
1398 2888 1467 2951 in
1498 2886 1654 2967 igne
1675 2934 1692 2965 ‚
1724 2883 1874 2948 etin
1901 2882 2123 2947 multis
2149 2881 2310 2945 aliis.

784 2999 949 3065 Deus
988 3003 1204 3063 autem
1229 2997 1329 3061 vis
1356 2993 1529 3078 quod
1554 3010 1685 3056 non
1719 2990 1950 3055 habeat
1976 2989 2312 3067 virtutem,

782 3108 905 3171 nisi
927 3125 1118 3190 quam
1142 3105 1270 3170 tuis
1287 3103 1487 3169 oculis
1504 3100 1708 3185 possis
1730 3098 2089 3181 conspicere
2108 3118 2123 3160 ε
2143 3097 2315 3179 quod

780 3214 1138 3280 maximum
1175 3209 1626 3276 inconveniens
1662 3226 1798 3273 esse
1846 3208 2122 3282 constat,
2164 3223 2315 3269 cum

788 3345 820 3385 α
846 3340 1044 3406 parva
1069 3320 1147 3404 (α)
1171 3320 1333 3399 sint,
1364 3334 1511 3401 quae
1537 3315 1827 3381 videmus
1854 3331 2047 3396 opera
2072 3312 2145 3393 (b)
2171 3312 2310 3390 Dei,

780 3434 842 3495 et
868 3430 1031 3494 infra
1060 3429 1136 3510 (c)
1164 3424 1525 3492 abscondita
1552 3429 1703 3488 sunt
1728 3424 1977 3503 majora
2001 3420 2106 3483 his
2124 3468 2141 3498 ,
2172 3441 2203 3478 n
2226 3420 2311 3483 si-

777 3542 887 3602 cut
902 3536 1185 3602 dicitur¹.
1213 3533 1500 3598 Tertium
1520 3529 1970 3595 inconveniens
1992 3532 2110 3606 est,
2140 3527 2312 3609 quod

778 3644 878 3709 vis
921 3642 1093 3726 quod
1129 3641 1294 3705 Deus
1332 3638 1690 3723 promiserit
1727 3635 2150 3702 obedientiam
2192 3652 2312 3698 na·

777 3755 942 3816 turae
973 3771 990 3814 ι
1026 3748 1196 3832 quod
1221 3747 1278 3811 si
1305 3765 1536 3811 verum
1567 3747 1767 3822 esset,
1797 3760 1929 3807 non
1957 3740 2309 3805 illuminas-

774 3862 870 3923 set
896 3874 1174 3932 caecum,
1202 3872 1333 3919 non
1371 3851 1740 3916 mundasset
1763 3848 2096 3932 „leprosum
2118 3895 2140 3927 ,
2179 3864 2311 3911 non

774 3965 1135 4030 suscitasset
1161 3964 1510 4026 mortuum.
1537 3956 1774 4035 Quarto
1791 3954 2097 4038 supponis
2126 3954 2304 4034 falsa,

774 4073 1057 4157 procedis
1104 4088 1218 4154 per
1268 4069 1636 4133 inconcessa
1673 4113 1692 4144 ‚
1762 4063 2025 4128 dicendo
2078 4080 2310 4145 corpus

775 4178 1051 4244 animale
1077 4196 1213 4242 esse
1232 4224 1254 4256 ‚
1281 4181 1451 4241 etex
1479 4171 1810 4238 contrariis
1838 4168 2259 4253 compositum
2287 4190 2302 4232 z

773 4280 1070 4370 quianon
1096 4283 1396 4360 animale,
1426 4280 1536 4345 sed
1557 4276 1906 4362 spirituale,
1936 4281 2000 4340 et
2022 4277 2104 4340 ab
2131 4276 2306 4340 omni

772 4395 1213 4461 contrarietate
1238 4392 1564 4456 elevatum
1590 4406 1704 4471 per
1728 4387 2019 4452 habitum
2048 4385 2302 4467 gloriae,

767 4508 835 4567 et
861 4501 1239 4585 dispositum
1261 4499 1344 4563 ab
1362 4496 1577 4562 anima
1591 4495 1657 4558 in
1676 4497 2053 4577 perpetuum
2078 4492 2146 4556 in
2174 4492 2306 4556 vita

771 4611 1154 4675 conservari.
1186 4603 1510 4670 Sententia
1544 4602 1779 4666 horum
1807 4601 2159 4665 verborum
2195 4617 2305 4682 po-

771 4721 893 4782 test
910 4716 1050 4783 elici
1065 4733 1147 4779 ex
1159 4711 1372 4777 verbis
1393 4707 1741 4791 Augustini
1766 4707 1834 4770 in
1849 4706 2192 4789 Epistolam
2208 4705 2297 4789 (d)

767 4826 850 4890 ad
881 4825 1307 4898 Colossenses,
1338 4817 1452 4883 ubi
1479 4816 1631 4881 dicit
1654 4815 1743 4878 sic
1760 4815 1825 4877 ¹:
1854 4836 1886 4874 <1
1913 4813 2010 4878 Ex
2036 4832 2304 4879 consue-

768 4932 988 4997 tudine
1010 4947 1278 5013 operum
1327 4928 1771 5007 expertorum,
1817 4939 2008 5004 opera
2050 4921 2303 4986 Domini

766 5040 1094 5122 inexperta
1118 5033 1457 5099 infirmitas
1491 5030 1774 5095 humana
1813 5029 2018 5112 garrit
2048 5030 2258 5094 acrius
2274 5077 2297 5109 ,

764 5146 976 5211 dicens
1006 5165 1023 5208 ι
1055 5143 1123 5209 Si
1158 5159 1305 5208 caro
1330 5144 1447 5219 est,
1478 5143 1542 5204 et
1567 5137 1834 5220 sanguis
1864 5157 1880 5198 :
1912 5136 1967 5201 si
1992 5137 2292 5218 sanguiS,

822 5344 843 5379 ¹
870 5342 1050 5407 Eccli„
1077 5354 1238 5407 xmu,
1266 5342 1345 5391 36.
1373 5364 1436 5377 —
1461 5334 1480 5368 ²
1503 5337 1634 5402 Aug.
1663 5362 1724 5372 —
1750 5335 1772 5370 ⁸
1799 5335 1816 5385 1
1851 5334 1992 5396 Cor..
2016 5344 2104 5398 xv,
2134 5333 2213 5383 16.
2234 5357 2296 5370 —

757 5415 782 5451 ὅ
806 5415 954 5480 ibid„
982 5418 1061 5466 53.
1087 5442 1151 5453 —
1175 5415 1199 5450 ⁸
1225 5414 1245 5464 1
1278 5410 1462 5474 Thess..
1490 5419 1562 5472 iv,
1591 5409 1669 5459 13.
1698 5431 1760 5445 —
1786 5406 1809 5442 ⁸
1832 5404 1941 5470 Job,
1970 5416 2092 5468 xix,
2122 5407 2203 5454 25.
2232 5429 2292 5441 —·

757 5488 780 5525 '¹
807 5488 828 5537 1
856 5487 1039 5551 Thess„
1069 5499 1141 5550 ιν,
1178 5488 1252 5538 ¹2.

2435 635 2499 696 et
2522 634 2730 698 caeteri
2768 634 3076 699 humores
3114 657 3131 700 z
3171 638 3236 699 et
3270 636 3327 700 si
3364 636 3575 701 caeteri
3610 635 3914 715 humores,

2435 755 2593 819 ergo
2617 742 2960 824 corruptio.
2993 740 3232 807 Eodem
3252 742 3440 808 modo
3468 741 3619 807 dicit
3647 760 3664 805 ε
3698 740 3761 806 Si
3778 742 3919 807 ilam-

2435 862 2544 908 ma
2564 849 2688 924 est,
2716 847 2893 911 ardet
2922 870 2936 912 :
2967 849 3019 911 si
3046 849 3253 926 ardet,
3282 849 3449 912 urit:
3480 866 3641 930 ergo
3666 855 3785 913 tres
3803 867 3923 930 pue-

2432 968 2538 1015 ros
2558 951 2626 1014 in
2654 953 2900 1018 camino
2928 954 3097 1036 ignis
3108 955 3403 1020 incendit.
3425 954 3493 1020 Si
3516 973 3678 1036 ergo
3690 955 3813 1018 cred
3822 956 3862 1017 is
3872 955 3923 1018 id

2433 1058 2837 1141 miraculum,
2870 1080 3068 1144 quare
3094 1063 3173 1128 de
3192 1063 3382 1127 rebus
3412 1062 3798 1127 mirabilibus
3813 1080 3923 1125 am-

2433 1165 2602 1247 bigis
2616 1168 2650 1231 ?
2669 1167 2848 1245 Quod
2862 1169 2917 1232 si
2934 1187 3062 1233 non
3079 1170 3304 1249 credis,
3322 1169 3355 1234 J
3359 1168 3693 1235 udaeorum
3711 1169 3927 1233 eriscae·

2433 1273 2567 1337 cior
2579 1274 2878 1339 caecitate.
2903 1297 2935 1336 ι
2960 1276 3139 1341 Valet
3164 1294 3322 1358 ergo
3343 1276 3559 1342 divina
3586 1274 3850 1358 potentia
3865 1274 3929 1338 de

2436 1382 2747 1464 corporali
2772 1387 3004 1448 natura
3026 1388 3322 1449 manente
3340 1430 3356 1460 ,
3384 1383 3638 1448 auferre
3666 1400 3819 1466 quas
3837 1399 3933 1445 vo·

2435 1486 2626 1553 luerit
2650 1489 2985 1571 qualitates
3001 1538 3021 1569 ,
3054 1509 3129 1554 ac
3176 1508 3290 1573 per
3316 1490 3438 1555 hoc
3463 1488 3633 1554 valet
3678 1488 3934 1553 mortalia

2432 1597 2757 1677 membra,
2800 1598 3181 1663 mortalitate
3217 1602 3497 1674 semota,
3544 1596 3820 1661 stabilire
3850 1595 3939 1660 vi·

2435 1720 2595 1784 gore
2620 1752 2638 1783 ‚
2686 1708 2762 1769 ut
2804 1723 2958 1769 vera
2990 1706 3070 1769 sit
3097 1705 3342 1786 effigies
3360 1752 3382 1784 ‚
3412 1703 3591 1769 nulla
3638 1704 3726 1768 sit
3750 1703 3932 1779 labes;

2432 1829 2588 1875 vera
2613 1811 2696 1874 sit
2718 1812 2948 1891 motio,
2978 1812 3158 1877 nulla
3182 1812 3266 1875 sit
3302 1811 3628 1892 fatigatio;
3664 1828 3816 1875 vera
3846 1827 3940 1874 co-

2432 1917 2725 1983 medendi
2752 1923 3047 2001 potestaS‚
3064 1918 3240 1983 nulla
3257 1918 3577 1983 esuriendi
3603 1917 3935 1983 necessitas.

2431 2022 2640 2089 Tertio
2697 2032 2832 2090 erat
2886 2026 3298 2091 desideranda
3362 2026 3745 2090 resurrectio
3791 2025 3938 2101 ista,

2428 2136 2686 2214 propter
2710 2133 3256 2215 exemplaritatem
3283 2136 3517 2199 nostrae
3548 2133 3944 2198 resurrectio-

2428 2238 2530 2302 nis
2547 2286 2567 2318 ,
2620 2239 2755 2304 sive
2810 2240 3218 2305 necessitatis.
3269 2240 3557 2305 Christus
3575 2288 3595 2320 ,
3658 2248 3845 2323 caput
3894 2245 3948 2303 et

2428 2345 2757 2429 exemplar
2781 2352 3018 2412 nostrae
3055 2347 3536 2413 resurrectionis
3554 2394 3572 2424 ,
3600 2349 3687 2412 ad
3713 2348 3837 2412 boc
3856 2364 3946 2410 re-

2428 2452 2743 2533 surrexit,
2770 2459 2848 2518 ut
2870 2471 2987 2519 nos
3012 2456 3155 2536 ejus
3186 2455 3473 2520 membra
3505 2455 3583 2519 de
3610 2459 3831 2520 nostra
3852 2472 3948 2518 re·

2426 2560 2813 2624 surrectione
2830 2560 3205 2626 certificaret
3224 2583 3240 2625 ε
3259 2561 3539 2644 alioquin
3561 2566 3954 2627 monstruoae

2426 2684 2528 2731 res
2552 2672 2717 2731 esset
2739 2714 2758 2746 ,
2786 2667 2841 2730 si
2866 2671 3054 2750 caput
3078 2672 3442 2749 resurgeret
3462 2669 3603 2733 sine
3631 2668 3948 2733 membris.

2426 2776 2503 2835 Et
2559 2778 2816 2857 propter
2855 2775 2980 2839 hoc
3028 2776 3339 2856 arguebat
3386 2776 3731 2858 Apostolus
3783 2775 3957 2841 valde

2426 2881 2589 2946 bene
2612 2887 2675 2946 et
2698 2883 3030 2947 efficaciter
3052 2887 3273 2947 contra
3298 2882 3468 2965 illos,
3501 2885 3617 2967 qui
3641 2885 3958 2967 negabant

2422 2991 2949 3057 resurrectionem
2970 3039 2990 3071 ,
3043 2992 3257 3056 dicens
3281 2995 3304 3032 ⁸
3337 3012 3356 3057 ε
3393 3017 3425 3055 <1
3451 2991 3521 3059 Si
3552 2995 3801 3060 mortui
3839 3011 3959 3057 non

2422 3104 2821 3180 resurgunt,
2849 3118 2970 3164 nec
2995 3099 3280 3165 Christus
3305 3104 3687 3168 resurrexit.
3710 3124 3743 3163 υ
3782 3101 3853 3167 Si
3876 3119 3964 3166 er·

2425 3222 2514 3285 go
2527 3223 2781 3270 necesse
2797 3211 2891 3270 est
2907 3206 3230 3273 Christum
3247 3211 3700 3291 resurrexisse,
3721 3209 3874 3294 quia
3896 3208 3960 3289 (e)

2421 3315 2567 3375 ante
2616 3312 2768 3390 fuit,
2820 3313 2944 3378 hoc
2988 3314 3377 3398 impossibile
3420 3320 3515 3381 est
3556 3335 3698 3382 non
3740 3317 3961 3394 fuisse,

2419 3436 2672 3483 necesse
2707 3424 2802 3484 est
2848 3438 3006 3502 ergo
3050 3427 3339 3487 mortuos
3380 3441 3752 3505 resurgere.
3798 3423 3967 3488 Unde

2419 3525 2635 3589 statim
2663 3527 2952 3609 sequitur
2977 3532 3002 3566 ⁸
3033 3550 3048 3592 ε
3087 3551 3118 3588 α
3145 3528 3403 3611 Oportet
3430 3534 3654 3594 autem
3683 3532 3817 3597 hoc
3842 3549 3971 3596 cor·

2417 3632 2722 3714 ruptibile
2759 3633 3028 3698 induere
3072 3636 3617 3719 incorruptionem
3638 3686 3656 3709 .
3704 3643 3775 3702 et
3802 3656 3968 3703 mor-

2415 3740 2542 3803 tale
2568 3740 2691 3803 hoc
2726 3740 2995 3805 induere
3022 3743 3589 3808 immortalitatem.
3615 3766 3649 3804 ι»
3684 3744 3876 3810 Unde
3898 3745 3973 3808 ad

2413 3845 2822 3912 inserendam
2860 3849 3158 3914 cordibus
3199 3850 3480 3914 fidelium
3519 3851 3729 3916 fidem
3766 3869 3975 3917 resur-

2414 3953 2708 4018 rectionis
2726 4004 2743 4033 ,
2786 3959 2850 4020 et
2884 3956 2965 4021 ad
3001 3956 3422 4022 amovendam
3466 3957 3974 4039 ambiguitatem

2413 4059 2778 4126 diffidentiae
2824 4068 2887 4126 et
2931 4062 3385 4146 desperationis
3406 4110 3425 4140 ‚
3482 4063 3636 4129 dicit
3692 4066 3720 4099 ⁸
3770 4089 3789 4130 ι
3830 4088 3863 4126 c
3909 4062 3977 4129 Si

2413 4167 2586 4231 enim
2628 4169 2945 4234 credimus
2980 4170 3151 4253 quod
3187 4169 3372 4235 Jesus
3411 4176 3723 4237 mortuus
3751 4177 3886 4252 est,
3916 4176 3977 4236 et

2410 4276 2802 4353 resurrexit,
2832 4278 2921 4340 ita
2948 4281 3011 4341 et
3046 4276 3211 4342 Deus
3237 4296 3345 4343 eos
3365 4324 3387 4357 ,
3419 4279 3533 4361 qui
3561 4279 3981 4346 dormierunt

2411 4399 2527 4463 per
2573 4381 2830 4461 lesum,
2875 4383 3142 4449 adducet
3174 4402 3322 4448 cum
3368 4402 3470 4449 eo.
3504 4406 3537 4445 n
3575 4385 3773 4453 Hanc
3814 4405 3978 4470 ergo

2411 4490 2666 4552 firmam
2690 4489 2991 4554 fiduciam
3016 4508 3168 4554 cum
3194 4490 3380 4556 beato
3406 4491 3529 4556 Job
3557 4499 3581 4535 ⁸
3608 4494 3976 4574 habentes,

2409 4614 2540 4660 non
2557 4596 2862 4661 debemus
2875 4599 3132 4679 propter
3152 4595 3424 4680 alicujus
3435 4599 3589 4663 boni
3609 4600 3980 4668 Christiani

2409 4708 2681 4768 mortem
2722 4704 3110 4783 contristari,
3161 4726 3193 4766 α
3219 4704 3381 4768 sicut
3429 4709 3494 4770 et
3539 4710 3815 4790 caeteri,
3870 4710 3983 4794 qui

2411 4828 2593 4893 spem
2624 4830 2754 4876 non
2781 4810 3021 4876 habent
3044 4810 3091 4875 ⁷.
3111 4832 3143 4871 ιι

2487 4916 2775 4984 Secundo
2796 4919 3084 5002 sequitur
3110 4919 3343 5002 captivi
3369 4919 3663 4988 hominis
3689 4928 3987 5007 perfecta

2403 5021 2712 5105 liberatio,
2743 5044 2892 5090 cum
2914 5026 3127 5091 subdit
3157 5048 3173 5092 ε
3204 5027 3478 5093 Salvum
3502 5045 3599 5095 me
3628 5031 3759 5111 fac
3790 5053 3818 5099 .·
3847 5054 3990 5119 per·

2402 5131 2560 5197 fecte
2600 5152 2876 5217 namque
2920 5134 3209 5199 Christus
3257 5134 3568 5201 miserum
3608 5138 3984 5208 hominem

2400 5237 2716 5322 liberavit,
2749 5241 2886 5308 sive
2914 5241 3206 5322 salvavit,
3235 5260 3312 5308 eo
3338 5243 3511 5324 quod
3558 5246 3803 5326 primo
3853 5251 3985 5317 sal·

2466 5401 2532 5466 (α)
2574 5402 2692 5468 Leq.
2733 5417 2910 5467 pauca.
2956 5429 3017 5441 —
3064 5402 3133 5468 (ὁ)
3180 5403 3298 5469 Leq.
3347 5417 3581 5468 operum.
3614 5433 3694 5446 —
3753 5411 3821 5479 (c)
3865 5412 3989 5480 [ις.

2398 5473 2575 5524 multa.
2606 5502 2659 5511 -
2693 5475 2773 5540 (d)
2809 5477 2933 5527 coet.
2960 5475 3082 5526 edit.
3116 5474 3359 5539 Epistola.
3384 5502 3447 5514 —
3477 5477 3541 5541 (e)
3568 5477 3785 5545 Suppz.
3818 5488 3982 5551 quod.
