4059 6317
1018 488 1105 554 IN
1142 483 1629 556 NA‘nvlTATE
1672 481 1945 552 DOMINI
1961 534 1985 566 ,
2029 483 2293 554 Sulmo
2343 486 2422 554 ΙΙ.
3236 497 3317 563 45

172 633 274 701 Dei
290 630 747 713 interpretatur,
781 624 959 709 quod
984 623 1285 690 convenit
1310 621 1563 706 angelis
1589 622 1608 658 ¹
1645 642 1663 686 :

172 738 365 824 Amuli
414 752 623 806 eonem
676 748 933 818 semper
978 732 1207 799 vident
1259 733 1491 813 faciem
1540 730 1669 795 Pa·

174 852 294 927 ms,
319 851 432 913 etc.
460 842 801 927 Gregorius
833 859 920 907 ex
944 839 1145 907 verbo
1171 839 1471 924 praedicto
1499 837 1665 903 Deu-

173 954 467 1021 teronomii
506 953 695 1017 infert
718 956 745 991 ¹
768 947 946 1033 quod
984 950 1079 1012 tot
1111 946 1405 1012 homines
1430 945 1513 1010 ad
1547 962 1665 1009 an·

172 1064 431 1146 gelorum
465 1061 714 1127 ordines
747 1059 1185 1134 assumentur,
1222 1056 1380 1137 quot
1404 1069 1671 1117 corrue-

171 1177 313 1237 runt.
342 1170 502 1235 Deus
524 1164 947 1234 tamen.novit
971 1180 1316 1229 numerum
1343 1157 1675 1225 salvando-

171 1297 312 1344 rum.
340 1276 639 1359 Reliquiae
667 1290 829 1356 ergo
858 1274 1134 1336 fratrum
1158 1268 1240 1334 ad
1279 1268 1447 1333 filios
1477 1266 1673 1332 Israel

170 1386 614 1462 convertuntur,
636 1382 795 1446 dum
810 1381 1135 1444 bonorum
1157 1375 1389 1440 animae
1406 1374 1475 1439 in
1498 1373 1675 1439 coelis

173 1493 639 1574 conjunguntur,
681 1492 747 1552 et
797 1504 914 1571 per
957 1502 1067 1550 eos
1112 1481 1418 1565 angelicae
1462 1480 1672 1546 ruinae

173 1604 532 1683 reparantur.
561 1596 902 1662 Benedicta
925 1593 1010 1657 sit
1033 1595 1201 1656 terra
1216 1636 1238 1670 ,
1254 1606 1405 1673 quae
1422 1587 1676 1670 angelis

175 1715 223 1775 et
240 1709 591 1774 hominihus
620 1708 813 1772 talem
840 1704 1066 1786 utique
1091 1703 1522 1785 reparatorem
1559 1717 1670 1781 pe-

174 1817 323 1901 perit.
382 1815 721 1882 Anselmus
756 1814 780 1849 ⁸
816 1832 833 1876 ε
872 1835 903 1887 α
933 1810 981 1877 Ο
1010 1809 1271 1875 foemina
1298 1805 1677 1872 mirabiliter

172 1925 518 2008 singularis,
578 1926 644 1988 et
688 1918 1105 2002 singulariter
1154 1914 1501 1993 mirabilis,
1564 1931 1677 1997 per

174 2051 339 2115 quam
370 2032 680 2098 elementa
722 2030 1143 2105 renovantur,
1183 2024 1432 2088 inferna
1471 2040 1679 2087 reme-

177 2140 421 2219 diantur,
458 2137 760 2204 homines
783 2135 1137 2212 salvantur,
1179 2130 1401 2212 angeli
1448 2130 1677 2196 reinte-

180 2250 455 2329 granmrl
484 2269 519 2305 ι

239 2354 608 2438 nequarto·
640 2375 658 2417 ι
686 2355 1011 2434 Εατεεεω
1036 2355 1172 2426 est,
1208 2352 1273 2413 et
1315 2350 1546 2412 caetera
1579 2364 1681 2411 us-

178 2481 281 2544 qne
306 2485 324 2527 ι
346 2461 725 2528 Percussisti
749 2463 949 2541 caput
972 2456 1052 2524 de
1077 2455 1261 2523 domo
1286 2455 1504 2536 impii.
1534 2452 1680 2518 Gre-

180 2571 373 2650 gorius
401 2575 463 2632 ⁸:
502 2592 534 2630 α
559 2568 721 2634 Eece
765 2569 855 2646 (a)
896 2567 1087 2647 caput
1130 2562 1503 2646 iniquorum
1548 2576 1683 2624 om-

178 2672 331 2737 nium
355 2672 639 2739 diabolus
672 2675 791 2736 oet.
817 2692 852 2731 n
885 2669 935 2733 Ο
969 2686 1167 2750 quam
1191 2663 1494 2732 deformis
1519 2666 1682 2728 esset

178 2780 343 2846 homo
359 2830 379 2862 ‚
407 2780 518 2864 qui
539 2783 737 2863 eaput
768 2776 909 2859 lupi
934 2775 1233 2840 haberet!
1272 2772 1354 2837 Et
1376 2775 1545 2837 certe
1570 2771 1682 2836 de-

182 2889 407 2955 formior
425 2894 517 2954 est
536 2887 781 2966 anima,
809 2887 1002 2968 cujus
1029 2887 1219 2966 eaput
1243 2886 1340 2948 est
1365 2879 1677 2946 diabolus.

181 2993 375 3062 Contra
396 2996 515 3064 hoc
540 2999 734 3078 eaput
768 3009 1075 3075 egressus
1099 2994 1196 3056 est
1220 2988 1417 3054 Filius
1459 2987 1567 3052 Dei
1613 2989 1681 3052 in

179 3104 481 3185 praelium·
516 3103 885 3169 :Dominus
928 3101 1094 3166 sicut
1123 3100 1231 3165 vir
1274 3095 1466 3177 fortis
1511 3111 1686 3178 eare-

179 3212 369 3281 dietur
380 3233 404 3279 .·
416 3215 586 3280 sicut
601 3212 714 3278 vir
731 3207 1063 3291 proeliator
1080 3202 1420 3272 suscitabit
1444 3202 1680 3270 zelum.

180 3319 293 3386 Hoc
312 3327 490 3405 caput
512 3319 808 3386 Christus
823 3316 1009 3398 ligno
1030 3312 1362 3398 percussit,
1380 3316 1451 3377 ut
1472 3311 1684 3394 ipsum

176 3426 463 3495 Christum
486 3446 608 3513 pro
633 3427 841 3510 capite
855 3424 1229 3489 habeamus,
1259 3420 1483 3488 Omnis
1508 3427 1531 3463 ‘¹
1550 3421 1689 3489 viri

176 3542 347 3620 cam
389 3537 683 3604 Christus
728 3539 847 3602 est.
896 3531 1019 3598 Sed
1062 3530 1249 3595 multi
1297 3529 1684 3594 monstruosi

176 3643 379 3710 volunt
398 3644 637 3710 hahere
658 3641 853 3707 ambo
880 3639 1104 3723 capita,
1123 3637 1237 3722 qui
1269 3637 1503 3720 partim
1533 3637 1683 3717 Deo,

174 3752 384 3832 partim
426 3750 681 3817 diaholo
718 3747 1050 3826 serviunt;
1099 3745 1208 3810 sed
1250 3761 1386 3808 non
1424 3745 1689 3827 pomunt

174 3863 495 3943 utrumque
544 3855 745 3922 simul
784 3854 1067 3920 habere·
1103 3874 1119 3915 ε
1162 3851 1313 3926 Quoe
1354 3853 1689 3920 conventio

180 3963 396 4034 christi
413 3965 503 4034 ad
527 3962 792 4031 Belial?

716 4138 1005 4212 SERMO
1048 4140 1128 4209 ΙΙ.
1220 4171 1227 4177 ·

199 4277 205 4281 ’
246 4291 573 4358 Abscissus
591 4287 865 4371 estlapis
884 4284 962 4352 de
979 4287 1189 4352 monte
1211 4279 1689 4358 ammonitum,

180 4406 229 4466 a
240 4400 545 4481 percussit
570 4401 850 4464 statuam
866 4398 912 4457 ⁹.
940 4391 1014 4456 In
1036 4391 1141 4456 his
1166 4389 1381 4456 verbis
1392 4387 1691 4454 nativitas

178 4504 394 4571 christi
417 4504 840 4590 pulcherrime
862 4502 1206 4583 figuratur,
1235 4496 1349 4581 qui
1373 4495 1451 4562 de
1472 4498 1692 4561 monte

180 4599 506 4695 virginalis
541 4609 951 4677 sublimitatis
1001 4605 1319 4672 abscissus
1363 4603 1502 4668 sine
1552 4621 1695 4668 ma-

175 4723 351 4788 nibus
388 4721 721 4806 amplexus
760 4716 968 4784 virilis
983 4763 1008 4796 ,
1053 4712 1364 4798 percussit
1415 4714 1693 4777 statuam

175 4829 473 4896 humana
515 4827 831 4896 vanitatis.
877 4821 1240 4888 Ostenditur
1263 4819 1415 4903 qui,
1458 4840 1499 4884 a
1523 4836 1691 4903 quo,

178 4938 517 5022 quomodo,
556 4936 637 5002 ad
671 4932 827 5019 quid
864 4929 1177 4995 ahoeissus
1208 4927 1356 4992 fuit.
1398 4926 1559 5004 Qui?
1586 4925 1699 4991 Est

182 5044 353 5130 lapis.
399 5045 485 5110 De
528 5048 693 5126 qno?
737 5039 972 5105 Monte.
1020 5036 1097 5101 Et
1143 5035 1504 5120 quomodo?
1544 5033 1699 5101 Sine

242 5208 259 5242 ¹
279 5206 476 5266 lauh„
503 5216 656 5268 xvm,
691 5206 836 5253 10.—
860 5201 879 5231 ²
900 5196 1411 5266 Greg.—⁸An=elm.,
1437 5196 1578 5249 Orat.
1605 5209 1697 5262 m,

187 5277 246 5329 al.
272 5290 341 5340 u,
358 5292 475 5344 pag.
502 5279 611 5340 28¹,
633 5273 954 5326 ει·.)1.9θ.’>.-ι
977 5273 1180 5336 Babae„
1200 5282 1282 5334 111,
1313 5271 1455 5319 13.—
1480 5268 1502 5304 ⁸
1526 5270 1700 5333 Greg„

187 5352 474 5416 inme„
506 5348 651 5399 hom.
690 5355 814 5407 xvr,
849 5356 902 5393 n.
945 5348 989 5393 l.
1022 5370 1077 5381 —
1114 5345 1137 5378 ⁸
1178 5344 1299 5405 Ian„
1342 5351 1484 5403 ¹211,
1528 5343 1604 5392 13.
1638 5364 1701 5378 —

188 5421 205 5452 ’
229 5422 247 5472 l
272 5422 409 5484 Gon,
440 5432 511 5483 xi,
536 5422 587 5470 3.
613 5444 681 5456 -
708 5417 731 5447 ⁸
764 5415 804 5464 ll
845 5414 975 5476 cvr„
1002 5428 1072 5478 vt,
1106 5418 1183 5465 ¹5.
1211 5439 1273 5452 —
1297 5414 1320 5445 ⁸
1348 5413 1500 5471 Dan„
1530 5423 1590 5475 11,
1621 5413 1699 5462 34.

191 5518 241 5530 -
268 5495 309 5528 ¹⁰
339 5491 507 5555 lach„
537 5502 611 5554 ιν,
648 5490 699 5540 Ί.
732 5511 795 5523 --
830 5486 871 5520 ¹¹
897 5486 1027 5552 Sap„
1054 5499 1152 5550 vn,
1189 5489 1267 5536 11.
1292 5509 1354 5523 ·-·
1391 5484 1431 5518 ¹²
1458 5487 1613 5547 Aug„
1647 5484 1701 5532 in

1777 619 2097 686 manibus.
2128 620 2225 688 Ad
2251 622 2450 706 quid?
2479 620 2640 701 Quia
2667 625 2975 707 percussit
3003 629 3312 694 statuam.

1776 725 1844 792 ln
1862 728 2073 811 primo
2084 776 2106 809 ,
2126 729 2442 795 nascentis
2458 731 2843 814 perpetuitas
2865 755 2881 810 ;
2907 732 2974 797 in
2998 735 3275 801 secundo
3290 784 3311 816 ,

1777 835 2084 919 parientis
2107 836 2386 919 dignitas
2408 860 2425 917 ;
2457 837 2527 902 in
2556 839 2743 904 tertio
2762 888 2780 920 ,
2809 838 3163 906 nativitatis
3189 842 3319 907 sin-

1778 942 2123 1024 gularitas3
2161 944 2231 1007 in
2276 948 2544 1028 quarto,
2591 945 2662 1009 in
2714 944 2958 1010 Christo
3013 946 3322 1012 credentis

1780 1048 2019 1114 utilitas
2042 1049 2466 1133 significatur.

1859 1156 1949 1222 De
1976 1157 2187 1239 primo
2211 1157 2539 1223 considera
2554 1206 2576 1240 ,
2606 1160 2778 1242 quod
2802 1159 2966 1245 lapis
3005 1165 3101 1227 est
3137 1160 3319 1227 Chri-

1781 1268 1949 1344 stus,
1978 1264 2092 1346 qui
2135 1265 2322 1330 nobis
2364 1265 2553 1331 datus
2581 1269 2716 1347 est,
2764 1270 2839 1332 ut
2881 1267 3020 1351 ipso
3049 1268 3324 1335 Ecclesia

1780 1372 2103 1453 firmetur,
2130 1377 2193 1437 et
2219 1373 2525 1438 fundetur
2543 1377 2849 1457 tanquam
2871 1393 3067 1459 supra
3091 1377 3325 1460 prima-

1782 1480 1955 1544 rium
1978 1480 2273 1564 lapidem.
2291 1479 2338 1517 ¹⁰
2359 1480 2604 1550 Educet
2618 1481 2896 1564 lapidem
2907 1484 3322 1565 primarium,

1788 1585 2026 1651 scilicet
2057 1586 2126 1654 in
2163 1587 2435 1652 aedifleio
2478 1588 2778 1671 positum.
2829 1589 3078 1668 Quanto
3119 1592 3327 1673 maJor

1785 1711 2062 1778 persona
2084 1694 2275 1760 fuerit
2291 1743 2309 1775 ,
2342 1698 2519 1759 tanto
2549 1697 2795 1779 majora
2822 1696 2990 1762 dona
3015 1714 3205 1781 super
3235 1699 3327 1782 ip-

1794 1819 1943 1866 sum
1969 1802 2157 1866 offert
2181 1802 2260 1867 ad
2288 1806 2580 1886 sumptus
2598 1803 2874 1869 fabricae.
2897 1803 3003 1869 Sic
3027 1804 3193 1869 Deus
3213 1804 3328 1869 Pa-

1790 1910 1888 1973 ter
1920 1925 2162 1990 magna
2191 1909 2358 1973 dona
2383 1910 2744 1991 gratiarum
2770 1929 2918 1976 cum
2945 1910 3103 1976 Filio
3145 1911 3328 1977 nobis

1786 2015 1962 2079 misit
1987 2016 2027 2050 ¹¹
2056 2038 2071 2079 ε
2113 2015 2434 2084 Venerunt
2460 2018 2628 2084 mihi
2651 2020 2869 2085 omnia
2896 2018 3059 2086 bona
3080 2021 3327 2101 pariter

1784 2138 1929 2189 cum
1954 2123 2067 2191 illo
2094 2124 2197 2206 (b).
2230 2124 2317 2189 De
2344 2125 2578 2208 quibus
2594 2125 2779 2190 bonis
2805 2127 3212 2208 Augustinus
3238 2129 3323 2189 ¹²:

1795 2252 1826 2292 ι
1851 2229 2209 2297 Teneamus
2237 2251 2355 2298 nos
2391 2235 2471 2299 ad
2508 2235 2861 2301 humanam
2890 2236 3282 2301 nativitatem
3300 2284 3324 2316 ,

1786 2355 1904 2422 per
1920 2357 2117 2421 quam
2138 2340 2327 2405 nohis
2343 2340 2508 2406 Deus
2531 2342 2793 2408 donavit
2811 2343 3090 2425 gratiam
3117 2360 3326 2421 suam,

1789 2463 1904 2528 per
1932 2445 2134 2528 ipsam
2181 2448 2350 2513 levat
2386 2452 2665 2514 mentem
2681 2497 2704 2529 ,
2752 2467 2868 2532 per
2901 2449 3108 2532 ipsam
3149 2454 3333 2515 curat

1790 2557 2237 2634 aegrotantem,
2250 2573 2364 2638 per
2379 2555 2582 2638 ipsam
2596 2562 2857 2622 coronat
2871 2556 3286 2623 laborantem.
3295 2578 3328 2620 ι

1792 2658 1908 2724 Hic
1937 2666 2154 2726 autem
2186 2662 2349 2745 lapis
2384 2669 2480 2728 est
2515 2664 2653 2728 sine
2681 2664 2980 2730 manibus
3018 2664 3332 2729 abscissus

1788 2766 2337 2850 ingincarnatione3
2356 2771 2455 2834 bis
2476 2771 2658 2852 virga
2677 2772 3073 2854 percussus¹⁸
3096 2773 3165 2836 in
3192 2789 3333 2856 pas-

1790 2874 2002 2955 sione;
2054 2881 2246 2960 caput
2290 2877 2516 2960 anguli
2561 2879 2764 2945 tactus
2817 2879 2889 2944 in
2941 2880 3327 2946 ascensione.

1793 2980 2127 3049 psalmista
2169 2984 2215 3021 ²⁸
2250 3007 2265 3050 :
2309 2985 2616 3067 Lapidem
2643 3032 2666 3064 ,
2717 3003 2903 3069 quem
2954 2987 3331 3070 reprobave-

1791 3096 1979 3170 runt,
2008 3095 2128 3156 etc.
2161 3091 2463 3174 Angelus
2490 3096 2586 3158 est
2612 3094 2727 3158 ubi
2747 3094 2873 3160 duo
2893 3094 3161 3176 parietes
3185 3111 3331 3159 eon-

1791 3196 2082 3262 veniunt.
2115 3198 2187 3263 ln
2228 3200 2432 3282 capite
2472 3219 2631 3283 ergo
2666 3202 2944 3267 duorum
2977 3201 3290 3285 parietum
3310 3247 3329 3280 ,

1790 3302 1856 3368 id
1904 3309 1999 3370 est
2043 3305 2424 3387 angelorum
2465 3313 2530 3372 et
2574 3308 2910 3374 hominum
2925 3356 2947 3388 ,
2991 3309 3193 3375 factus
3239 3313 3335 3374 est

1794 3408 2104 3476 Christus.

1872 3516 1961 3582 De
1988 3518 2267 3584 secundo
2292 3522 2475 3599 nota,
2515 3519 2689 3602 quod
2715 3520 2944 3604 triplex
2985 3525 3080 3586 est
3105 3537 3291 3586 mons
3309 3567 3329 3598 ,

1792 3623 1871 3688 de
1903 3642 2035 3708 quo
2069 3626 2231 3710 lapis
2266 3626 2372 3692 ille
2400 3630 2605 3710 potest
2630 3626 2752 3691 dici
2780 3626 3117 3693 abscissus·
3147 3626 3333 3694 Mons

1793 3744 1968 3809 enim
2004 3742 2102 3805 est
2143 3752 2483 3820 synagoga
2503 3733 2547 3770 ¹‘
2578 3755 2596 3798 ι
2628 3734 2875 3801 Montes
2923 3734 3165 3814 Gelboe,
3210 3753 3332 3801 nec

1792 3868 1903 3916 ros
1925 3866 2046 3913 nee
2084 3845 2304 3929 pluvia
2321 3891 2339 3923 ,
2379 3849 2501 3908 etc.
2533 3841 2866 3907 Pluraliter
2907 3840 3058 3906 dicit
3094 3847 3332 3910 montes

1792 3959 2053 4040 propter
2089 3952 2304 4037 plures
2344 3949 2716 4016 Judaeorum
2756 3972 2772 4013 ε
2816 3948 2925 4013 sed
2952 3947 3059 4012 isti
3084 3953 3334 4014 montes

1795 4066 2054 4148 propter
2078 4058 2442 4143 superbiam
2467 4055 2912 4136 humiliantur,
2944 4056 3108 4121 sicut
3132 4056 3291 4121 viles
3309 4102 3331 4134 ‚

1796 4171 1861 4236 id
1886 4173 1983 4235 est
2021 4166 2321 4244 humiles,
2365 4162 2726 4229 exaltantur
2743 4163 2788 4199 ²⁸
2821 4185 2837 4226 ε
2875 4162 3099 4229 Omnis
3138 4164 3334 4230 vallis

1797 4275 2187 4361 implebitur,
2206 4280 2267 4340 et
2291 4273 2498 4341 omnis
2525 4286 2705 4338 mons
2734 4274 2794 4337 et
2818 4269 2998 4338 collis
3017 4318 3040 4350 ,
3063 4274 3182 4336 etc.
3211 4269 3335 4335 Ros

1797 4390 1893 4452 est
1921 4383 2163 4467 gratia,
2197 4380 2414 4464 pluvia
2440 4378 2725 4444 doctrina
2742 4424 2765 4456 ,
2806 4378 2998 4443 fortes
3031 4377 3102 4460 (c)
3138 4377 3334 4443 Israel

1797 4496 1951 4558 sunt
1975 4489 2302 4575 prophetae
2329 4490 2394 4551 et
2432 4483 2696 4569 apostoli
2739 4484 2822 4549 ab
2859 4484 2953 4548 eis
2989 4484 3293 4550 interfecti
3309 4533 3331 4564 ,

1798 4602 1929 4665 imo
1956 4603 2021 4664 et
2050 4598 2185 4680 ipse
2211 4593 2515 4660 Christus
2547 4591 2596 4657 Ο
2626 4595 2783 4674 quot
2807 4590 2996 4656 hodie
3020 4591 3090 4655 in
3118 4594 3335 4656 monte

1799 4706 2114 4791 superbiae
2138 4703 2473 4787 privantur
2496 4715 2640 4763 rore
2668 4697 2928 4780 gratiael
2959 4697 3148 4779 Lapis
3172 4717 3334 4781 ergo

1799 4816 1879 4882 de
1904 4817 2124 4883 monte
2148 4810 2491 4886 abscissus,
2521 4804 2675 4889 quia
2691 4805 2975 4870 Christus
2995 4805 3073 4871 de
3099 4806 3336 4889 populo

1800 4922 2062 4991 Judaieo
2089 4921 2279 4982 natus
2304 4918 2423 4979 est.
2451 4912 2609 4976 ltem
2647 4929 2833 4975 mons
2860 4915 2954 4975 est
2978 4910 3332 4995 Scriptura.

1804 5031 2098 5097 Psalmus
2124 5028 2168 5067 ¹⁷
2200 5047 2217 5087 ι
2246 5024 2422 5089 Inter
2461 5017 2739 5086 medium
2769 5020 3110 5101 montium,
3139 5019 3206 5084 id
3239 5025 3337 5085 est

1804 5173 1944 5227 Psal.
1984 5178 2210 5228 cxnvm,
2237 5179 2292 5216 n.
2322 5166 2377 5228 8,
2407 5166 2459 5214 et
2491 5161 2614 5212 alias
2643 5161 2849 5226 passim.
2879 5186 2941 5200 --
2973 5161 3019 5197 ¹⁸
3044 5161 3216 5226 Nm,
3247 5176 3336 5224 xx,

1807 5252 1884 5299 Η.
1909 5271 1971 5283 -
2001 5244 2035 5274 ⁸⁴
2057 5240 2193 5293 Psal.
2222 5247 2384 5299 cxvii,
2407 5238 2485 5286 22.
2504 5260 2557 5271 —
2591 5235 2629 5268 ⁸⁵
2657 5233 2699 5284 ll
2725 5235 2861 5297 Rea„
2892 5244 2930 5295 ι,
2957 5236 3115 5285 2¹.-
3138 5234 3178 5270 ¹⁶
3201 5238 3336 5300 Luc„

1805 5330 1887 5381 111,
1913 5320 1961 5368 5.
1988 5340 2055 5352 -
2074 5312 2116 5347 ¹⁷
2144 5309 2281 5362 Psal.
2308 5318 2422 5371 cui,
2453 5308 2529 5358 10.

1873 5407 1938 5469 (a)
1988 5400 2136 5466 Apud
2177 5400 2327 5461 Gra-9.
2374 5396 2564 5461 ἱερέων·
2603 5395 2767 5445 Certe.
2816 5420 2879 5432 -
2927 5395 2996 5459 (b)
3027 5397 3175 5462 vulg,
3219 5399 3333 5451 110„

1812 5479 2100 5543 -(c)Coet.
2144 5471 2473 5524 edil.l'outes.
