4059 6317
1027 502 1269 569 FERlA
1306 500 1389 568 IV
1431 498 1629 568 POST
1672 498 2006 568 PASCHA.
2056 500 2318 571 SERMO
2361 504 2439 570 11.

169 639 517 707 mercenarii
540 643 712 719 sut,
742 639 855 723 qni
870 638 941 704 in
958 656 1114 704 cura
1128 639 1493 703 animarum
1513 652 1677 701 mer-

167 747 357 813 cedem
380 746 814 830 temporalem,
832 764 960 812 non
970 746 1334 812 aeternalem
1348 746 1671 827 quaerunt.

171 854 276 933 Isti,
303 854 480 938 quasi
502 853 692 919 vituli
717 853 1017 935 saginati,
1048 853 1270 919 lascivi
1292 856 1466 931 sunt,
1496 855 1560 915 et
1585 850 1673 913 si·

170 961 284 1026 mul
304 961 564 1043 fugiunt
592 963 612 998 ¹
643 979 661 1025 ε
691 983 724 1023 α
749 961 1174 1026 Meroenarius
1201 963 1415 1026 autem
1434 1009 1452 1038 ‚
1482 980 1514 1019 υ
1548 962 1669 1023 etc.

169 1067 350 1133 Simul
384 1069 638 1152 reprobi
680 1068 976 1151 fugiunt,
1002 1072 1119 1134 etc.
1149 1068 1434 1150 Fugiunt
1462 1069 1675 1131 autem

169 1175 333 1239 simul
377 1176 458 1241 ad
498 1176 907 1259 iniquitates,
965 1175 1256 1241 Psalmus
1294 1175 1316 1210 ⁸
1358 1195 1373 1238 z
1414 1196 1445 1233 α
1470 1171 1678 1237 Simul
1721 1224 1725 1230 .

169 1281 394 1349 inutiles
417 1283 558 1349 facti
587 1288 761 1363 mnt,
789 1305 821 1344 υ
857 1287 975 1349 ete.
1010 1281 1222 1348 Simul
1242 1298 1497 1365 quoque
1526 1282 1678 1343 sunt

170 1388 343 1467 electi,
369 1389 533 1455 sicut
555 1390 668 1455 hie
692 1390 964 1455 dicitur:
999 1390 1206 1457 Erant
1228 1389 1426 1456 simul
1451 1388 1679 1455 Simon

170 1496 400 1575 Ραηιε,
446 1500 566 1561 ete.
612 1501 638 1538 ⁸
671 1520 704 1559 α
730 1496 984 1563 Stemus
1026 1497 1242 1562 simul.
1289 1517 1320 1556 n
1367 1494 1677 1562 Standum

171 1603 481 1685 estinacie‚
497 1623 634 1669 non
644 1604 996 1670 cadendum
1022 1604 1046 1639 ⁸
1078 1626 1094 1668 z
1126 1604 1447 1687 «Accipite
1472 1621 1678 1668 arma-

171 1715 355 1776 turam
377 1711 519 1791 Dei,
548 1716 625 1776 ut
658 1712 909 1794 possitis
933 1711 1227 1776 resistere
1256 1710 1324 1774 in
1351 1710 1454 1775 die
1483 1709 1675 1787 male,

171 1823 224 1885 et
242 1819 305 1884 in
326 1820 622 1884 omnibus
655 1819 912 1903 perfecti
953 1824 1141 1899 stare.
1169 1841 1201 1880 υ
1237 1819 1435 1883 Arma
1461 1824 1680 1882 nostra

170 1927 412 1993 virtutes
433 1932 611 1993 sunt.
639 1926 784 1993 Non
806 1927 1017 1993 solum
1044 1932 1261 1993 autem
1290 1928 1483 1992 simul
1511 1932 1681 1992 stan-

169 2034 335 2116 dum,
377 2035 484 2100 sed
521 2035 719 2100 etiam
748 2034 1137 2100 currendum
1160 2036 1182 2071 ⁸
1217 2057 1232 2101 ε
1269 2057 1302 2099 α
1329 2035 1680 2101 Currebant

169 2143 278 2208 duo
316 2143 524 2208 simul.
554 2165 586 2204 n
618 2142 835 2224 Stant,
866 2143 981 2226 qui
1009 2142 1181 2207 malo
1206 2143 1508 2208 resistunt
1542 2144 1679 2207 for-

170 2250 326 2328 titer;
355 2255 418 2315 at
444 2267 602 2315 vero
626 2248 718 2313 illi
750 2249 911 2314 bene
936 2254 1229 2329 currunt,
1268 2249 1382 2332 qui
1407 2249 1475 2313 in
1509 2251 1680 2315 bono

170 2357 479 2439 proficiunt
496 2358 838 2421 ferventer.
857 2354 1219 2421 Bernardus
1245 2364 1269 2399 ⁸
1301 2375 1316 2417 ε
1348 2378 1380 2416 α
1406 2357 1677 2436 Currite,

170 2463 386 2543 stanes,
412 2465 567 2548 quia
593 2482 726 2528 non
752 2463 961 2527 solum
990 2464 1229 2546 angeli,
1251 2463 1361 2528 sed
1383 2463 1516 2547 ipse
1543 2463 1682 2530 Cre-

171 2575 290 2637 ator
310 2572 688 2655 angelorum
715 2588 834 2635 nos
861 2576 1172 2652 expectat.
1203 2593 1234 2631 n

235 2679 311 2744 De
330 2680 606 2745 secundo
621 2727 642 2756 ‚
679 2678 874 2743 simul
900 2679 1091 2743 etiam
1121 2679 1274 2744 mali
1306 2684 1459 2745 sunt
1485 2680 1554 2744 in
1579 2680 1677 2743 in-

171 2787 355 2865 ferno,
399 2792 472 2852 ut
512 2786 900 2851 aeternaliter
943 2792 1249 2868 pereant;
1288 2786 1577 2852 Psalmus
1605 2794 1627 2831 '¹
1660 2811 1675 2853 ε

180 2917 207 2955 ι
227 2894 414 2959 Simul
435 2894 765 2976 insipien8‚
797 2896 861 2957 et
884 2892 1117 2957 stultus
1144 2893 1463 2974 peribunt,
1494 2898 1559 2960 et
1588 2914 1682 2960 re-

169 3002 427 3085 linquent
451 3001 681 3066 alienis
708 3000 967 3066 divitias
992 3018 1162 3078 suas;
1190 3022 1220 3059 n
1254 3001 1488 3068 scilicet
1514 3022 1675 3087 quo·

171 3108 318 3173 niam
361 3126 474 3191 per
498 3126 608 3173 eas
639 3106 804 3171 nihil
836 3108 989 3171 boni
1023 3124 1139 3189 pro
1173 3108 1508 3173 animabus
1546 3110 1682 3174 suis

172 3214 238 3279 de
256 3215 402 3299 ipsis
430 3214 700 3280 faciunt.
746 3213 954 3279 Simul
979 3217 1196 3279 autem
1221 3218 1371 3280 sunt
1399 3216 1682 3282 damnati

169 3321 484 3404 tripliciter,
516 3321 758 3386 scilicet
783 3339 932 3386 cum
952 3322 1302 3388 immundis
1325 3324 1677 3402 vermibus,

167 3430 339 3495 simul
378 3448 526 3496 cum
577 3429 898 3495 damnatis
959 3430 1394 3513 peccatoribus
1423 3478 1442 3509 ‚
1487 3433 1681 3498 simul

167 3554 294 3603 eum
314 3538 672 3604 crudelibus
697 3538 1124 3603 daemonibus.
1150 3537 1355 3604 Simul
1380 3557 1530 3604 cum
1554 3541 1683 3604 im-

166 3649 397 3714 mundis
433 3648 768 3715 vermibus
804 3648 874 3711 in
899 3647 1189 3730 sepulcro
1217 3647 1241 3682 ⁸
1274 3670 1289 3712 ε
1328 3671 1360 3711 α
1388 3648 1512 3714 lste
1538 3666 1678 3714 mo-

165 3755 311 3822 ritur
323 3757 520 3837 dives,
547 3775 767 3835 sanus,
791 3761 853 3821 et
870 3756 1193 3836 robustae,
1207 3777 1239 3815 n
1255 3760 1401 3837 etc„
1421 3774 1630 3840 usque
1660 3778 1677 3822 t

173 3885 200 3923 ι
219 3863 412 3930 Simul
433 3866 506 3929 in
531 3864 802 3947 pulvere
820 3864 1159 3942 dormient,
1183 3867 1248 3928 et
1268 3881 1518 3928 vermes
1535 3881 1683 3948 ope·

165 3971 312 4038 rient
342 3992 469 4039 eos.
512 3995 546 4032 r>
592 3972 838 4055 corpus
874 3989 1050 4036 nunc
1075 3975 1370 4054 opertum
1398 3973 1683 4055 pulchris

165 4080 443 4159 vestibus,
495 4080 567 4144 in
619 4077 911 4161 sepulcro
950 4078 1272 4162 operietur
1327 4079 1679 4146 vermibus.

162 4183 303 4253 Caro
333 4205 506 4253 nunc
543 4190 679 4251 tam
709 4184 972 4264 florida,
1004 4189 1136 4249 tam
1175 4185 1431 4266 lasciva,
1460 4193 1678 4271 putre-

164 4291 294 4359 dine
334 4300 396 4360 et
450 4293 787 4361 vermibus
840 4297 1272 4358 eonsumetur.
1321 4294 1345 4329 ⁸
1390 4298 1423 4356 ἐι
1450 4294 1677 4361 Putre·

163 4398 1218 4483 diuidixi,»etc.Be1-nardus¹⁰:

196 4600 312 4652 Post
335 4599 597 4651 bominem
613 4599 824 4663 vermis,
847 4600 966 4663 post
981 4610 1214 4649 vermem
1235 4598 1390 4650 toetor
1407 4602 1459 4652 et
1476 4599 1678 4653 horror.

331 4670 411 4724 Sic
435 4672 490 4722 in
517 4670 786 4723 bominem
811 4671 1030 4721 vertitur
1050 4671 1220 4721 omnis
1250 4671 1429 4723 homo-

228 4835 429 4900 Simul
453 4851 710 4919 quoque
736 4836 888 4898 sunt
904 4832 1185 4898 damnati
1205 4852 1353 4899 cum
1368 4835 1684 4901 damnatis

163 4941 540 5021 bominibus3
566 4958 847 5024 quornm
861 4941 1054 5005 simul
1071 4941 1434 5007 societatem
1452 4943 1682 5010 abhor-

164 5066 291 5115 ms
313 5049 646 5135 propheta,
675 5048 907 5113 clamat
929 5048 1010 5113 ad
1037 5048 1379 5114 Dominum
1410 5050 1451 5087 ¹¹
1476 5069 1494 5114 ε
1531 5073 1563 5113 α
1588 5049 1682 5117 Ne

163 5155 334 5222 simul
375 5156 594 5221 trabas
619 5154 704 5237 (α)
722 5172 827 5218 me
846 5171 996 5219 cum
1022 5154 1477 5237 peccatoribus,
1506 5177 1540 5217 υ
1556 5162 1677 5222 etc.

218 5282 413 5346 Um„
436 5293 491 5346 x,
519 5282 600 5333 12.
629 5305 690 5318 --
716 5278 735 5309 ⁸
761 5278 900 5329 Psat.
929 5290 1061 5342 1111,
1087 5286 1137 5330 3.
1169 5305 1223 5316 -
1247 5278 1269 5314 ⁸
1309 5280 1421 5346 lob,
1447 5292 1571 5345 ιιι,
1603 5286 1678 5334 12.

168 5353 259 5391 -⁸
283 5353 483 5419 Epioe-e„
513 5365 603 5416 vl,
632 5353 711 5403 ¹3.
739 5374 804 5388 -
839 5351 863 5387 ⁸
892 5350 1059 5414 Im,
1087 5362 1186 5415 xx,
1221 5355 1267 5403 4.
1297 5378 1360 5389 —
1388 5354 1412 5389 ⁸
1436 5354 1589 5405 Bern.
1616 5381 1679 5395 —

167 5422 186 5457 ἲ
208 5423 329 5476 Paul.
357 5436 550 5486 xum,
586 5426 754 5475 10-11.
787 5448 841 5459 --
873 5420 897 5456 ⁸
926 5421 1049 5482 Ιοό,
1078 5434 1199 5485 xxi,
1236 5424 1399 5476 23-26.
1428 5452 1492 5463 —
1524 5428 1545 5457 ⁸
1569 5426 1677 5490 lob,

169 5505 284 5563 xm,
307 5499 384 5549 u.
411 5522 472 5539 -
493 5498 538 5539 ιο
559 5497 718 5548 Rern.
745 5518 804 5530 -
839 5494 879 5531 ²¹
901 5494 1038 5550 Ptol.
1063 5506 1234 5559 nvn,
1260 5499 1311 5549 3.
1332 5521 1394 5535 —
1417 5498 1458 5532 ¹²
1474 5497 1677 5561 Hatria„

3207 509 3326 571 229

1784 635 1946 714 Quia
1967 638 2143 703 enim
2161 638 2268 704 hic
2289 640 2480 707 simul
2500 640 2776 724 colligati
2798 640 3035 706 suntin
3050 642 3326 725 poena¹¹z

1792 766 1824 805 α
1839 742 2131 826 Colligite
2150 745 2481 828 zizaniam,
2507 753 2568 814 et
2585 748 2842 831 alligate
2859 766 3001 812 eam
3015 749 3097 832 (b)
3112 749 3180 813 in
3199 748 3330 813 tas-

1783 852 2017 918 ciculos
2044 854 2124 919 ad
2151 857 2681 923 comburendum.
2712 879 2743 918 n
2779 856 2895 922 llic
2920 857 3073 923 socii
3113 856 3326 942 culpa·

1785 978 1957 1040 rum,
1978 960 2068 1024 ibi
2097 962 2620 1046 sociipoenarum.
2653 964 2762 1031 Vis
2787 983 2945 1046 ergo
2975 982 3104 1030 non
3134 964 3327 1031 simul

1783 1084 1920 1131 esse
1938 1085 2087 1132 cum
2115 1067 2428 1133 damnatis
2455 1069 2524 1134 in
2549 1070 2798 1135 inferno
2827 1071 2897 1135 iu
2921 1070 3170 1155 poenis?
3196 1090 3328 1138 non

1785 1174 1869 1238 sis
1894 1174 1999 1239 hic
2025 1174 2222 1240 simul
2253 1195 2398 1240 cum
2423 1178 2515 1241 eis
2545 1179 2614 1243 in
2641 1179 2867 1262 culpis.
2906 1177 3112 1245 Simul
3141 1181 3328 1246 insu-

1785 1299 1899 1364 per
1926 1286 2080 1346 sunt
2103 1281 2386 1347 damnati
2412 1302 2560 1349 cum
2586 1284 3036 1350 crudelissimis
3079 1285 3320 1352 daemo-

1785 1389 1979 1454 nibus
2005 1390 2051 1426 ¹⁸
2083 1410 2151 1454 :u
2177 1389 2668 1470 Abscindentur‚
2698 1392 3099 1458 excutientur
3126 1397 3191 1458 et
3216 1411 3326 1459 re-

1783 1495 2154 1579 linquentur
2179 1496 2375 1561 simul
2405 1498 2634 1563 avibus
2660 1499 2998 1579 montium,
3022 1504 3084 1564 et
3101 1499 3326 1564 bestiis

1784 1606 1994 1668 terrae.
2024 1625 2056 1663 n
2089 1603 2562 1671 Abscindentur
2592 1605 2661 1669 in
2690 1609 2905 1672 monte
2932 1605 3213 1672 damnati
3239 1608 3323 1671 ab

1785 1710 2006 1775 amicis
2050 1714 2114 1775 et
2156 1710 2455 1776 omnibus
2481 1714 2934 1795 temporalibus
2949 1734 2967 1792 ;
3000 1716 3331 1780 excutien-

1786 1821 1894 1882 tur
1935 1836 2163 1882 eorum
2207 1817 2441 1883 animae
2487 1818 2565 1884 de
2611 1820 2908 1886 cordibus
2957 1823 3072 1902 (c);
3130 1821 3325 1888 relin-

1787 1929 2066 2008 quentur
2113 1924 2305 1989 simul
2342 1925 2569 1991 avibus
2592 1975 2614 2006 ,
2644 1927 2707 1992 id
2735 1931 2870 2010 est,
2900 1929 3323 1995 daemonibuS.

1789 2031 2055 2115 Propter
2080 2032 2201 2097 hoc
2228 2034 2318 2097 ait
2345 2031 2704 2099 Bernardus
2726 2035 2771 2071 ¹⁸
2806 2057 2820 2099 ε
2848 2059 2880 2099 α
2907 2036 3082 2103 Mors
3109 2052 3327 2119 pecca-

1790 2145 2002 2206 torum
2039 2140 2323 2222 pessima
2365 2141 2430 2204 ¹⁸.
2459 2139 2623 2206 Mala
2650 2142 2932 2225 quidem,
2962 2144 3219 2226 quando
3246 2143 3330 2209 ab

1787 2246 1911 2327 his»,
1943 2265 2091 2329 quae
2118 2247 2224 2312 hie
2248 2247 2648 2328 dilexerunt,
2680 2254 3091 2333 separantur3
3120 2252 3325 2334 pejor,

1788 2355 2043 2437 quando
2072 2372 2298 2419 eorum
2334 2356 2569 2421 animae
2596 2375 2637 2421 a
2663 2356 2967 2439 malignis
3006 2358 3332 2440 spiritibus

1786 2464 2203 2544 torquentum
2234 2462 2529 2545 pessima,
2555 2463 2810 2546 quando
2831 2481 3063 2547 eorpus
3090 2468 3155 2531 et
3184 2465 3331 2531 ani-

1788 2587 1895 2632 ma
1964 2569 2157 2633 simul
2215 2570 2473 2633 aeternis
2524 2570 2790 2652 ignibus
2839 2571 3242 2637 addicuntur.
3287 2594 3318 2633 n

1787 2675 1957 2742 Aves
1976 2716 2000 2752 ,-
2022 2679 2283 2759 propter
2320 2677 2752 2753 velocitatem;
2792 2679 3035 2760 bestiae,
3074 2684 3333 2764 propter

1787 2783 2226 2851 crudelitatem
2256 2807 2273 2850 t
2310 2786 2464 2868 quia
2488 2786 2555 2849 in
2583 2786 2978 2868 separatione
3013 2788 3325 2871 peccatri-

1788 2893 1879 2957 cis
1925 2892 2160 2957 animae
2194 2911 2235 2957 a
2273 2892 2461 2958 corde
2502 2891 2588 2976 (d)
2634 2911 2892 2973 eorum,
2933 2894 3332 2960 velocitatem

1787 2999 2155 3064 daemonum
2193 3000 2483 3082 eflugere
2507 3000 2894 3083 impossibile
2920 3005 3039 3081 est,
3069 3003 3332 3070 crudeli-

1790 3110 1984 3172 tatem
2038 3107 2348 3173 sustinere
2406 3106 2799 3173 intolerabile
2839 3108 2884 3145 ¹⁸
2926 3130 2943 3172 ι
2992 3131 3024 3170 α
3048 3108 3331 3175 Devora-

1786 3217 1952 3281 bunt
1977 3233 2089 3280 eos
2114 3233 2266 3283 aves
2303 3233 2524 3281 morsu
2561 3216 2993 3284 amarissimo..
3028 3238 3059 3277 n
3104 3217 3333 3283 Dentes

1787 3322 2137 3388 bestiarum
2169 3323 2381 3389 innuit
2406 3322 2700 3389 Psalmus
2724 3327 2771 3366 ¹⁷
2791 3344 2807 3389 ε
2837 3321 2929 3390 Ne
2950 3323 3162 3390 tradas
3183 3324 3328 3389 bes-

1786 3432 1913 3513 tiis»,
1937 3454 1969 3492 n
2004 3436 2127 3498 etc.

2348 3601 2638 3673 SERMO
2682 3602 2768 3671 Π.

1868 3755 2077 3822 Erant
2114 3754 2310 3821 simul
2349 3754 2568 3822 Simon
2609 3754 2834 3822 Petncs
2870 3756 2941 3836 ¹⁸,
2973 3759 3090 3822 etc.
3131 3756 3332 3824 Hodie

1787 3862 2029 3927 dictum
2072 3861 2194 3928 fuit
2236 3863 2408 3947 quod
2457 3862 2652 3928 simul
2709 3864 2862 3928 sunt
2912 3862 3210 3928 homines
3261 3865 3331 3930 in

1789 3970 2069 4051 mund0,
2100 3969 2295 4034 simul
2321 3970 2390 4034 in
2417 3969 2702 4051 inferno,
2735 3971 2928 4038 simul
2953 3971 3284 4055 injudicio
3305 4021 3323 4054 ‚

1788 4078 1983 4143 simul
2023 4077 2095 4141 in
2146 4076 2327 4142 coelo.
2373 4075 2591 4142 Prima
2632 4078 2762 4144 duo
2805 4078 2996 4144 hodie
3043 4081 3329 4163 exposite

1787 4190 1940 4251 sunt
1960 4233 1981 4265 ,
2013 4185 2092 4250 de
2122 4185 2262 4249 aliis
2287 4184 2538 4250 duobus
2567 4185 2916 4251 videamus.

1867 4293 2080 4360 Tertio
2122 4295 2326 4376 igitur
2368 4293 2560 4357 simul
2604 4299 2795 4358 erunt
2836 4296 3176 4379 injudicio
3197 4349 3215 4382 ‚
3263 4304 3330 4366 et

1786 4402 1937 4467 boni
1958 4451 1975 4484 ,
2008 4405 2071 4465 et
2099 4401 2251 4465 mali
2279 4401 2323 4437 ¹⁹
2354 4422 2370 4463 ε
2403 4423 2437 4461 α
2463 4398 2669 4465 Simul
2698 4402 2779 4467 ad
2816 4404 3131 4485 judicium
3174 4427 3323 4492 pro·

1787 4509 2194 4591 pinquemus.
2223 4529 2254 4567 1>
2294 4506 2373 4572 Ut
2399 4509 2618 4571 autem
2645 4505 2723 4572 de
2754 4507 2937 4575 bonis
2963 4515 3322 4595 taceamus,

1790 4617 1940 4682 mali
1959 4614 2402 4681 miserabiliter
2420 4617 2609 4679 erunt
2632 4613 2720 4678 ibi
2739 4615 2933 4682 simul
2958 4620 3320 4702 tripliciter:

1787 4725 1983 4789 simul
2008 4726 2197 4790 erunt
2231 4722 2480 4786 contusi
2497 4769 2519 4802 ‚
2564 4722 2758 4787 simul
2806 4725 3040 4808 stupidi
3061 4775 3078 4808 ,
3135 4728 3325 4794 simul

1787 4819 2091 4914 absorpti.
2125 4828 2334 4896 Simul
2359 4829 2606 4893 contusi
2644 4831 2791 4894 mali
2817 4878 2837 4912 ‚
2875 4833 3326 4901 universaliter

1787 4939 1854 5002 in
1908 4939 2200 5003 omnium
2257 4936 2597 5019 praesentia
2628 4959 2646 5016 ;
2696 4936 2892 5003 simul
2927 4940 3193 5023 stupidi,
3253 4942 3324 5009 in

1786 5044 2116 5111 communi
2140 5043 2490 5122 audientia;
2521 5044 2714 5109 simul
2740 5040 3054 5129 absorpti,
3088 5068 3126 5114 a
3153 5050 3324 5116 fero-

1788 5206 1912 5259 xm,
1941 5195 2017 5244 30.
2047 5218 2111 5229 —
2142 5190 2181 5226 ¹⁸
2210 5192 2332 5252 lea„
2360 5201 2520 5253 xvm,
2548 5193 2597 5240 5.
2623 5217 2684 5229 —
2715 5190 2759 5228 ¹⁸
2788 5193 2961 5257 Rern„
2989 5193 3153 5256 Sent..
3183 5199 3232 5248 6.
3258 5224 3321 5238 —

1786 5268 1831 5303 ¹⁸
1861 5264 1996 5317 Psal.
2028 5274 2229 5324 xxxm,
2256 5265 2332 5312 22.
2357 5286 2420 5298 —
2451 5262 2492 5293 ¹⁸
2516 5262 2685 5325 Deua,
2713 5274 2895 5328 xxxu,
2920 5267 2999 5315 24.
3027 5292 3091 5306 —
3117 5268 3158 5304 ¹⁷
3179 5268 3320 5322 Psal.

1788 5349 1977 5402 unu,
2007 5339 2083 5388 19.
2116 5360 2171 5372 —-
2203 5333 2245 5369 ¹⁸
2268 5334 2437 5395 loon..
2468 5345 2582 5397 ιιι,
2612 5337 2660 5386 2.
2691 5360 2755 5374 -
2780 5336 2822 5372 ¹⁸
2848 5336 2969 5398 lea„
2994 5349 3103 5400 ru,
3135 5344 3180 5394 ¹.

1850 5424 1913 5487 (a)
1957 5423 2082 5474 Goet.
2122 5420 2246 5471 edit.
2288 5420 2474 5471 tradas.
2496 5445 2559 5458 -
2588 5420 2657 5486 (ὁ)
2695 5421 2838 5489 Vulq.
2869 5422 3121 5482 zizania...
3149 5440 3228 5488 οι.
3263 5457 3318 5475 -

1794 5498 1854 5560 (c)
1884 5496 1999 5561 [ις.
2030 5492 2349 5562 corporibus.
2385 5517 2447 5531 -·
2480 5491 2550 5557 (d)
2576 5492 2689 5556 ὗες.
2719 5505 2957 5563 corpore.
