4059 6317
900 545 1280 614 DOMINIGA
1321 543 1378 612 ll
1419 541 1502 611 IN
1542 539 2190 624 QUADRAGEsmA.
2235 534 2500 613 SERMO
2537 546 2616 613 ΙΙ.

187 683 365 768 placet
387 680 510 747 Deo
537 679 883 747 eonversio
911 682 993 765 (α)
1021 685 1272 762 nostra,
1303 681 1561 766 quando
1580 680 1698 746 bo-

190 809 361 872 num,
408 788 580 873 quod
620 787 1041 869 inchoamus,
1085 791 1219 854 flne
1265 788 1698 873 perseveranti

185 899 568 982 complemus.
593 917 630 957 ι
661 896 743 962 Et
783 903 937 963 nota
973 898 1146 984 quod
1189 898 1269 963 de
1303 896 1540 981 triplici
1581 915 1697 962 vo-

185 1005 405 1071 luntate
441 1005 675 1070 dicitur
701 1006 722 1042 1
758 1023 776 1069 z
816 1027 849 1068 ι
875 1004 1333 1071 Reformamini
1367 1005 1433 1069 in
1463 1002 1699 1070 volun-

183 1117 294 1178 tate
314 1129 537 1177 sensus
562 1113 766 1179 vestri
780 1162 799 1194 ,
827 1117 901 1179 ut
934 1115 1246 1198 probetis,
1290 1129 1437 1196 quae
1474 1112 1559 1176 sit
1582 1127 1700 1176 vo-

182 1220 374 1286 luntas
398 1220 506 1286 Dei
531 1221 705 1286 bona
718 1269 740 1300 ,
771 1221 1190 1306 beneplacens
1210 1270 1228 1302 ,
1261 1224 1324 1287 et
1347 1220 1646 1304 perfecta.
1664 1239 1696 1279 s

3229 551 3351 614 155

1809 680 1986 745 salva
2011 699 2152 762 nos,
2185 682 2491 766 perimus.
2516 703 2548 743 ι»
2574 682 2888 749 Usitatum
2916 685 3189 750 verbum
3214 687 3345 750 est:

1812 787 1932 867 Qui
1958 790 2160 855 nescit
2182 807 2410 872 orare,
2441 793 2735 858 ascendat
2768 811 2968 859 mare.
3015 793 3139 860 Sed
3179 797 3349 860 certe

1809 896 2231 980 periculosius
2257 916 2435 964 mare
2459 902 2585 979 est,
2617 900 2684 964 in
2712 919 2841 983 quo
2867 901 3083 966 anima
3098 951 3116 982 ,
3146 919 3347 986 quam

1811 1002 1879 1067 in
1914 1021 2045 1087 quo
2072 1022 2301 1087 corpus
2335 1006 2778 1089 submergitur
2789 1027 2810 1088 ;
2848 1013 2912 1073 et
2951 1008 3094 1073 ideo
3133 1010 3346 1091 magis

1812 1109 2218 1176 clamandum
2269 1118 2385 1176 est.
2464 1112 2796 1178 Psalmista
2822 1115 2866 1153 11
2923 1137 2939 1180 :
2987 1136 3020 1177 ι
3064 1114 3224 1181 Veni
3276 1116 3347 1180 in

1812 1217 2215 1284 altitudinem
2294 1219 2491 1283 maris
2538 1267 2561 1299 ‚
2621 1223 2743 1284 etc.
2760 1268 2779 1297 ,
2844 1220 3129 1286 laboravi
3210 1222 3345 1287 cla-

184 1326 460 1393 Voluntas
485 1326 600 1392 Dei
625 1328 798 1392 bona
819 1331 946 1408 est,
973 1332 1049 1394 ut
1076 1345 1118 1393 a
1138 1328 1326 1393 malis
1352 1327 1700 1392 sanctifice·
1809 1344 2062 1405 mans‚n
2096 1328 2218 1391 etc.
2259 1325 2665 1408 Augustinus
2692 1327 2736 1364 ¹'
2762 1345 2781 1392 ι
2812 1351 2843 1389 α
2868 1326 2949 1394 Ut
2974 1328 3346 1410 liberemur,

185 1451 349 1513 mur3
402 1434 823 1518 beneplacens
838 1481 861 1513 ‚
917 1435 992 1500 u't
1033 1434 1280 1500 bonum
1325 1451 1668 1518 operemur
1680 1454 1699 1512 ;

187 1542 466 1623 perfecta,
494 1546 576 1607 ut
608 1542 682 1606 in
705 1545 983 1625 utroque
1010 1543 1492 1608 confirmemur.

251 1649 332 1715 Be
374 1652 705 1735 quarto²t
740 1674 773 1711 ι
805 1650 958 1716 Haee
1006 1653 1103 1716 est
1147 1653 1362 1715 autem
1407 1649 1706 1717 voluntas

186 1757 368 1824 Patris
389 1758 558 1838 mei,
587 1758 701 1842 qui
727 1758 903 1823 misit
924 1776 1030 1823 me
1049 1805 1066 1837 ‚
1092 1761 1168 1824 ut
1191 1756 1408 1824 omnis
1432 1756 1544 1842 qui
1565 1775 1706 1822 cre·

182 1868 345 1933 ditin
368 1885 517 1933 eum
534 1916 559 1948 ,
590 1888 624 1928 ι
646 1871 769 1932 ete.
819 1866 992 1933 Bene
1031 1867 1303 1933 dicitur:
1337 1866 1464 1945 Qui
1497 1864 1708 1933 credit

184 1976 248 2042 in
279 1991 433 2042 eum.
481 1973 554 2040 Si
576 1978 792 2039 autem
837 1974 1002 2039 seire
1025 1972 1342 2037 desideras
1368 1990 1453 2036 an
1489 1970 1707 2036 credas

185 2082 246 2146 in
269 2099 434 2162 eum,
455 2081 719 2146 attende
743 2079 897 2163 quid
924 2079 1156 2145 dicitur
1180 2080 1203 2116 1
1230 2101 1247 2144 :
1287 2100 1319 2142 α
1340 2076 1545 2161 Signa
1575 2095 1706 2158 eos,

185 2188 284 2271 qui
321 2188 384 2252 in
415 2205 521 2253 me
566 2187 838 2252 credunt
868 2186 970 2269 (b),
999 2207 1032 2246 s
1066 2189 1131 2250 et
1159 2188 1391 2250 caetera
1421 2201 1630 2267 usque
1686 2204 1703 2247 ε

193 2316 222 2355 ι
260 2297 407 2360 bene
451 2294 814 2360 habebunt.
857 2314 890 2353 s
923 2293 1199 2377 Require
1242 2292 1708 2376 expositionem

185 2402 244 2465 in
280 2401 492 2484 vigilia
542 2400 952 2466 pentecostes
965 2448 988 2481 ,
1021 2401 1088 2464 in
1115 2415 1411 2466 sermone
1442 2422 1458 2464 :
1494 2399 1708 2468 Nolite

186 2511 536 2576 mitri-stare
602 2508 926 2591 Spiritum
985 2512 1281 2575 sanctum
1307 2506 1355 2571 ⁵.
1413 2507 1713 2573 voluntas

186 2634 323 2697 ergo
341 2617 448 2682 Dei
474 2620 617 2696 est,
649 2619 726 2680 ut
753 2614 868 2698 qui
891 2614 1091 2678 credit
1112 2614 1182 2677 in
1211 2612 1448 2679 mium
1475 2614 1709 2679 habeat

191 2725 360 2788 vitam
393 2728 735 2789 aeternam.
763 2726 787 2763 ⁸
822 2743 854 2782 n
881 2720 1043 2787 Oves
1069 2721 1378 2805 propriae‚
1406 2741 1438 2780 ο
1470 2726 1589 2787 etc.

731 2901 1025 2973 SERMO
1065 2903 1152 2973 11.

258 3051 504 3119 Dimitte
531 3067 710 3130 eam,
740 3050 903 3132 quia
927 3050 1162 3116 clamat
1179 3055 1324 3133 post
1350 3064 1466 3117 nos
1502 3049 1548 3114 ⁸.
1578 3048 1717 3115 Cla-

195 3173 315 3220 mor
337 3156 650 3222 orationis
691 3157 974 3239 optimus
998 3156 1268 3222 nuntius
1295 3159 1391 3222 est
1422 3158 1501 3222 ad
1533 3173 1721 3223 aures

195 3261 305 3327 Dei.
333 3263 673 3342 Psalmus'¹
701 3284 718 3329 z
750 3285 782 3323 α
799 3263 1050 3330 Clamor
1073 3282 1258 3329 meus
1283 3264 1353 3328 in
1380 3269 1719 3348 conspectu

191 3372 312 3452 ejus
328 3418 346 3449 ,
371 3392 401 3431 ι
436 3376 558 3436 etc.
592 3370 946 3454 Gregorius
960 3373 985 3410 ⁸
1018 3391 1036 3435 t
1062 3392 1094 3432 α
1114 3369 1313 3437 Voces
1337 3371 1722 3438 valentiores

191 3478 341 3560 apud
389 3479 857 3544 sacratissimas
905 3495 1094 3543 aures
1145 3477 1256 3543 Dei
1302 3478 1543 3545 faciunt
1579 3495 1722 3545 non

190 3584 371 3650 multa
397 3587 643 3666 verba,
694 3585 804 3651 sed
847 3585 1176 3652 desideria.
1212 3608 1243 3646 n
1301 3585 1465 3652 Sunt
1505 3589 1722 3652 antem

188 3697 464 3776 quatuor,
526 3712 687 3779 qnae
737 3693 977 3760 faciunt
1027 3695 1320 3761 homines
1369 3695 1645 3761 clamare
1702 3717 1719 3760 t

188 3817 369 3883 aqua,
397 3801 613 3884 ignis,
648 3800 908 3882 gladius
926 3849 944 3878 ,
973 3800 1195 3867 bestia.
1225 3801 1331 3867 Sic
1357 3807 1421 3867 et
1446 3819 1565 3867 nos
1591 3802 1721 3867 cla-

190 3921 351 3973 mare
375 3908 695 3975 debemus
721 3911 981 3990 propter
1021 3927 1255 3992 squam
1280 3913 1346 3974 et
1384 3913 1723 3993 tempesta-

190 4017 307 4078 tem
320 4015 727 4098 spiritualem
744 4036 764 4094 ;
791 4019 1049 4099 propter
1066 4017 1291 4098 ignem
1316 4016 1688 4082 aeternalem
1705 4035 1723 4095 ;

191 4127 431 4206 propter
447 4123 749 4207 gladium
765 4121 1131 4205 judicialem
1149 4146 1167 4203 ;
1187 4128 1446 4208 propter
1459 4123 1729 4189 bestiam

194 4228 561 4296 infernalem
581 4278 604 4310 ,
641 4230 876 4295 scilicet
902 4230 1250 4297 diabolum.

259 4336 342 4403 De
365 4340 590 4422 primo
614 4337 640 4374 1
670 4358 685 4401 :
728 4358 760 4398 α
783 4336 956 4401 Mare
981 4337 1149 4417 ibat,
1180 4342 1244 4403 et
1269 4337 1731 4406 intumescebat

193 4459 368 4529 super
384 4463 524 4523 eos,
545 4447 616 4509 et
630 4443 1069 4510 clamaverunt
1082 4445 1160 4509 ad
1175 4443 1541 4525 Dominum,
1563 4466 1591 4506 ο
1604 4451 1726 4510 etc.

195 4548 342 4627 Quid
392 4557 491 4617 est
561 4552 788 4616 fluxus
836 4552 1169 4635 praesentis
1216 4551 1497 4619 miseriae
1535 4601 1553 4633 ,
1603 4553 1732 4619 nisi

196 4672 391 4740 mare,
421 4658 535 4725 vel
584 4675 755 4740 aqua
778 4707 795 4740 ,
841 4659 955 4724 ubi
996 4660 1475 4743 tempestatibus
1520 4666 1732 4726 tenta-

194 4763 428 4830 tionum
474 4766 706 4831 anima
754 4766 1145 4848 periclitatur
1166 4815 1183 4847 ‚
1233 4766 1365 4832 imo
1415 4768 1733 4850 peccando

196 4871 645 4966 submergetur
658 4874 692 4937 7
739 4872 888 4939 Ideo
923 4873 995 4937 in
1029 4871 1419 4939 orationibus
1468 4873 1559 4938 sic
1602 4875 1735 4941 ela-

198 4978 494 5043 mandum
521 4982 654 5059 oet,
684 4980 872 5062 quasi
896 4979 1092 5044 homo
1109 4982 1251 5062 jam
1292 4980 1621 5064 submergi
1650 4981 1733 5046 ti-

194 5091 424 5169 meret,
454 5088 629 5153 sicut
651 5086 885 5152 dicitur
924 5088 1002 5152 de
1030 5086 1218 5154 Petro
1239 5089 1330 5154 ¹⁰:
1368 5111 1401 5152 ι
1428 5089 1730 5173 Domine,

255 5249 271 5282 ¹
294 5249 453 5313 Rom„
481 5263 604 5315 ιιι,
633 5251 685 5301 2.
715 5276 780 5290 -
814 5251 837 5286 ²
857 5251 1023 5312 Joan„
1053 5262 1132 5316 vi,
1158 5254 1237 5303 39.
1266 5278 1329 5290 -
1358 5249 1378 5285 1
1405 5253 1588 5318 Mar-c„
1622 5266 1731 5318 xv1,

201 5322 272 5370 Π.
307 5348 360 5357 -
389 5323 408 5352 1
430 5322 560 5374 Vid.
602 5321 751 5383 intra,
798 5323 850 5373 iu
876 5321 958 5373 die
980 5326 1149 5373 sancto
1175 5319 1393 5387 Peme..
1421 5339 1573 5378 serm.
1605 5338 1644 5377 1.
1671 5353 1735 5366 —

197 5388 221 5424 ⁸
243 5392 401 5456 lom„
420 5406 487 5460 x,
519 5395 572 5445 4.
590 5417 655 5431 —
671 5393 694 5430 ⁸
720 5391 927 5455 luith„
943 5404 1031 5457 xv,
1051 5395 1131 5446 23.
1151 5419 1214 5433 —
1237 5393 1260 5430 ⁷
1291 5394 1429 5447 Paul.
1447 5408 1576 5459 xvn,
1606 5399 1656 5448 7.
1672 5422 1735 5437 —

203 5462 414 5528 ‘Greg.,
445 5464 676 5530 Hor-ul„
718 5464 811 5516 lib.
841 5476 975 5528 1111,
1002 5477 1058 5513 n.
1094 5466 1172 5516 48.
1199 5491 1261 5504 -
1284 5465 1308 5503 ¹
1332 5468 1464 5530 lon„
1492 5481 1530 5532 1,
1571 5471 1645 5520 ¹4.
1675 5497 1731 5507 —

206 5532 243 5567 κ
265 5534 469 5600 mmo,
491 5548 621 5601 VIII,
639 5538 797 5590 ²⁵·-
825 5537 862 5572 ιι
889 5533 1028 5591 pnt-
1047 5543 1231 5603 mln,
1257 5540 1309 5603 3,
1327 5541 1375 5590 ⁴·
1391 5565 1449 5578 -
1467 5537 1505 5572 ι’
1527 5541 1732 5606 ΑΕΒ.-

1813 1434 2169 1499 clamemus
2188 1483 2207 1513 ,
2238 1452 2321 1498 ne
2344 1435 2506 1500 forte
2536 1435 2602 1498 in
2639 1436 2956 1519 pressuris
2988 1436 3351 1501 consentia-

1814 1558 1961 1606 mus
1983 1540 2341 1623 iniquitati,
2370 1545 2435 1606 et
2458 1559 2611 1607 vere
2638 1542 3212 1627 irrecuperabiliter
3246 1544 3357 1608 ab-

1815 1647 2217 1712 sorbeamur.
2248 1668 2281 1708 s

1894 1757 1982 1822 De
2011 1754 2287 1822 secundo
2315 1756 2359 1794 ¹⁸
2389 1780 2405 1823 ε
2445 1780 2477 1820 α
2494 1757 2591 1824 Ad
2618 1762 2704 1838 te,
2734 1757 3020 1839 Domine,
3041 1757 3352 1840 clamabQ

1815 1865 1968 1947 quia
1995 1865 2169 1947 iguis
2195 1865 2466 1930 eomedit
2491 1866 2769 1950 speciosa
2794 1866 3045 1947 deserti,
3071 1889 3105 1928 ι
3140 1867 3205 1933 id
3234 1871 3352 1949 est,

1816 1972 1930 2055 huj
1939 1989 2016 2036 us
2041 1971 2265 2036 mundi
2282 2020 2300 2052 ‚
2331 1972 2494 2037 sicut
2520 1973 2843 2054 nobilitas,
2876 1975 3155 2057 potentia
3171 2023 3189 2055 ‚
3215 1969 3350 2058 g‘lo·

1789 2081 1946 2161 ‚ria,
1969 2082 2315 2163 juventus,
2347 2079 2751 2165 pulchritudo
2795 2082 2995 2165 hujus
3022 2083 3270 2149 mundi.
3304 2084 3357 2150 Ο

1816 2192 1974 2271 quot
1999 2191 2285 2271 potentes
2306 2235 2328 2268 ,
2368 2186 2613 2253 nobiles
2629 2234 2647 2266 ‚
2694 2188 3004 2269 gloriosos
3032 2192 3306 2274 ,iuvenes
3333 2240 3351 2269 ,

1818 2300 1882 2362 et
1906 2295 2205 2381 pulchras
2246 2296 2582 2374 mulieres,
2620 2301 2683 2361 et
2709 2296 2885 2362 viros
2916 2300 3053 2382 jam
3094 2300 3365 2366 eomedit

1818 2404 1995 2486 ignis
2019 2404 2275 2484 inferni,
2326 2420 2444 2487 per
2469 2403 2629 2484 duo,
2662 2403 2767 2470 vel
2794 2423 2909 2488 per
2936 2409 3063 2470 tres
3079 2455 3096 2487 ‚
3122 2407 3227 2473 vel
3249 2425 3365 2491 per

1820 2517 2117 2595 quatuor,
2146 2512 2251 2576 vel
2276 2529 2391 2594 per
2415 2511 2698 2593 quinque
2714 2559 2732 2591 ‚
2754 2512 2860 2577 vel
2887 2531 2999 2596 per
3023 2531 3139 2578 sex
3162 2512 3362 2579 millia

1820 2632 2138 2679 annorum
2156 2664 2173 2696 ,
2204 2614 2309 2680 vel
2333 2614 2493 2678 sorte
2516 2631 2633 2698 per
2658 2613 2874 2697 plura;
2904 2618 2970 2680 et
2991 2633 3126 2681 non
3153 2618 3363 2682 solum

1820 2724 2012 2804 tales„
2070 2724 2202 2790 imo
2246 2725 2464 2789 omnia
2500 2723 2685 2806 ligna
2732 2725 3057 2807 regionis,
3111 2727 3177 2791 id
3222 2732 3360 2808 est,

1821 2831 2134 2916 quoslibet
2161 2831 2318 2896 alios
2344 2835 2697 2914 peccatores
2722 2835 2739 2895 l
2771 2832 2817 2869 ¹⁸
2850 2854 2883 2893 α
2912 2832 3088 2916 Ignis
3113 2852 3367 2899 succen-

1824 2955 1934 3004 sus
1982 2942 2057 3022 (c)
2109 2943 2202 3003 est
2220 2984 2241 3017 ‚
2270 2960 2302 2999 n
2338 2943 2456 3003 etc.
2500 2938 2649 3004 Ideo
2694 2938 3102 3005 clamandum
3147 2946 3245 3006 est
3288 2942 3358 3007 in
3400 2989 3410 3000 .

1825 3048 2136 3113 oratione.
2168 3044 2406 3113 Versus
2436 3069 2453 3112 ε

1877 3211 2007 3260 Nam
2030 3211 2122 3260 tua
2148 3221 2233 3260 res
2257 3206 2442 3273 agitur,
2470 3207 2642 3274 paries
2668 3221 2785 3260 cum
2813 3207 3079 3273 proximus
3104 3209 3265 3263 ardet.

1826 3369 1967 3436 Iam
1983 3369 2155 3435 enim
2177 3370 2507 3453 proximus
2527 3370 2736 3453 paries
2749 3372 2900 3436 tuus
2914 3371 3114 3451 ardet,
3137 3372 3372 3438 scilicet

1829 3478 2100 3542 maritus
2117 3525 2134 3557 ‚
2166 3476 2271 3541 vel
2297 3493 2488 3556 uxor,
2518 3476 2622 3541 vel
2648 3477 2864 3555 trater,
2894 3478 3000 3544 vel
3033 3482 3241 3562 pater,
3266 3480 3371 3545 vel

1828 3587 1993 3652 alius
2018 3585 2353 3669 proximus
2377 3588 2557 3665 tuus,
2595 3585 2759 3649 forte
2801 3603 2917 3669 per
2953 3601 3199 3652 annum
3216 3636 3237 3667 ,
3266 3587 3370 3653 vel

1829 3694 2047 3759 decem
2068 3741 2085 3773 ,
2131 3692 2236 3757 vel
2261 3692 2499 3775 viginti
2549 3709 2752 3757 annos
2793 3693 2950 3758 arsit
2992 3693 3061 3757 in
3096 3694 3368 3775 inferno,

1830 3801 2055 3868 Nonne
2078 3800 2317 3864 times?
2356 3817 2571 3864 nonne
2606 3799 2843 3865 clamas
2862 3802 2895 3864 ’ἒ
2935 3800 3016 3866 Et
3056 3802 3215 3867 forte
3256 3819 3374 3886 pro

1832 3909 2069 3975 eisdem
2101 3907 2288 3973 bonis
2313 3907 2494 3972 ardet
2530 3910 2710 3991 pater
2735 3910 2887 3973 tuus
2907 3956 2927 3988 ,
2971 3926 3120 3991 quae
3156 3912 3229 3974 tu
3257 3910 3374 3974 ad-

1832 4018 1963 4081 huc
1985 4015 2217 4093 habes3
2249 4016 2313 4078 et
2347 4017 2421 4079 tu
2455 4033 2604 4078 cum
2633 4032 2710 4079 eo
2755 4032 2873 4097 pro
2926 4015 3164 4080 eisdem
3190 4015 3374 4081 bonis

1834 4122 2105 4199 ardebis.
2148 4121 2371 4187 Nonne
2397 4121 2675 4187 clamas?
2712 4119 3004 4186 Flamma
3042 4140 3196 4188 vero
3224 4139 3371 4187 suc-

1834 4230 2109 4295 cendens
2134 4228 2341 4311 ligna,
2373 4232 2467 4295 est
2492 4229 2623 4308 illa,
2675 4228 2754 4294 de
2781 4245 2910 4313 qua
2932 4229 2978 4266 ¹⁸
3004 4249 3020 4295 t
3059 4252 3092 4292 ι
3118 4230 3374 4295 Crucior

1835 4337 1905 4400 in
1926 4337 2051 4401 hac
2068 4336 2350 4400 flamma.
2375 4357 2407 4395 n
2434 4335 2753 4415 Peccator,
2782 4335 3019 4416 clama,
3048 4341 3112 4401 et
3137 4353 3373 4420 aquam

1834 4445 2267 4529 lacrymarum
2283 4443 2537 4523 fundas,
2555 4446 2628 4507 ut
2642 4443 2867 4524 ignem
2882 4460 3014 4507 non
3030 4444 3368 4525 gehenna»,

1835 4552 1944 4617 sed
1988 4550 2195 4635 culpae
2221 4550 2337 4616 tibi
2364 4550 2726 4632 extinguas·
2770 4548 3048 4615 Isidorus
3073 4551 3119 4594 ¹⁸
3153 4572 3169 4616 :
3205 4574 3238 4611 ι
3264 4550 3372 4615 Dei

1836 4657 2066 4726 servus
2090 4659 2340 4744 quoties
2358 4656 2641 4741 quolibet
2665 4658 2960 4739 tangitur
2984 4657 3162 4738 vitio,
3189 4657 3374 4722 toties

1837 4770 1915 4834 ad
1943 4769 2294 4833 orationem
2346 4783 2417 4830 se
2455 4764 2711 4830 subdat.
2738 4786 2770 4824 n
2797 4763 3125 4848 Frequens
3169 4764 3373 4829 oratio

1836 4876 2145 4941 vitiorum
2175 4873 2732 4957 impugnationem
2766 4870 3106 4953 extinguit.

1919 4977 2008 5046 De
2049 4979 2237 5045 tertio
2273 4980 2318 5016 ¹⁷
2352 5001 2368 5045 ε
2399 5003 2430 5040 α
2459 4979 2580 5044 Iste
2608 4981 2917 5043 exacutus
2941 4981 3038 5042 est
3082 4973 3369 5059 gladius,

1838 5091 1901 5154 et
1927 5088 2046 5154 iste
2083 5087 2342 5152 limatus
2384 5090 2481 5151 est
2497 5135 2514 5167 ‚
2554 5088 2629 5149 ut
2670 5085 2754 5149 sit
2790 5085 2857 5148 in
2904 5102 3103 5149 manu
3138 5083 3376 5148 interfl-

1839 5235 1882 5271 ί*
1907 5234 2055 5296 leel„
2085 5247 2125 5298 1,
2159 5235 2298 5285 ¹9.-
2323 5233 2361 5270 ¹⁸
2390 5233 2739 5294 Deut.‚xxxu,
2766 5233 2909 5283 22-
2929 5231 2971 5267 ¹¹
3000 5229 3136 5293 Luc„
3164 5232 3373 5289 unm.

1838 5329 1902 5346 -·-
1924 5307 1967 5344 ²⁸
1993 5304 2133 5368 leid„
2162 5305 2325 5370 Sem„
2348 5304 2440 5356 lib.
2475 5305 2540 5355 lll
2560 5335 2581 5367 ,
2604 5317 2650 5354 e.
2680 5311 2775 5354 vn.
2797 5325 2861 5341 -
2885 5302 2927 5339 ¹¹¹
2954 5300 3154 5363 Enoch,
3182 5311 3296 5365 m,
3325 5304 3375 5353 9.

1902 5393 1973 5461 (α)
2008 5396 2088 5446 tta
2118 5392 2260 5458 ma..
2284 5391 2406 5444 edu.
2443 5393 2610 5444 Pare.
2650 5394 2789 5443 ιοοι.
2827 5389 2967 5443 aaut.
3012 5389 3128 5442 ren.
3162 5403 3378 5442 eonver-

1839 5467 1987 5519 satio.
2023 5487 2085 5505 ⁴-
2123 5465 2190 5532 (b)
2232 5461 2384 5532 Vutq.
2419 5464 2508 5536 qui
2542 5462 2865 5518 Μαίη.
2895 5487 2959 5504 -
2994 5462 3063 5529 (ο)
3097 5461 3374 5518 000.σάῑῂ
