4059 6317
711 485 831 552 3⁷0

789 619 880 685 De
907 613 1094 682 tertio
1118 609 1350 679 dicitnr
1386 605 1495 673 hic
1530 624 1548 669 z
1595 599 1818 669 Omnis
1858 594 2070 669 arbor,
2109 599 2252 671 quoe

710 746 863 809 nan,
888 730 1007 794 etc-
1035 721 1381 806 Oquantus
1398 713 1575 797 ignis
1590 709 1734 788 erit,
1753 700 2011 789 quando
2028 708 2253 762 omnes

711 837 956 905 steriles
976 832 1257 908 arbores,
1278 839 1502 892 omnes
1523 816 1715 885 simul
1731 809 1914 894 impii
1939 801 2256 871 ardebunt

711 949 780 1012 in
807 944 1081 1020 inferne,
1108 938 1275 1004 sicut
1300 935 1494 1018 patet,
1509 925 1766 1013 quando
1780 932 2013 985 nemus
2035 913 2250 986 incen-

712 1056 910 1132 ditur,
939 1054 1003 1115 et
1021 1052 1119 1113 tot
1138 1043 1339 1109 millia
1364 1039 1669 1105 arborum
1695 1026 1890 1095 simul
1915 1019 2252 1093 ardebunt,

714 1167 777 1227 et
814 1161 1054 1244 quanto
1086 1154 1326 1238 plures,
1365 1150 1541 1212 tanto
1583 1133 1990 1206 horribilius!
2023 1129 2043 1165 ¹
2079 1151 2110 1190 α
2136 1124 2258 1189 Se-

715 1269 998 1336 cundum
1007 1264 1185 1329 enim
1198 1260 1376 1341 ligna
1387 1254 1613 1338 sylvae,
1629 1247 1749 1312 sici
1755 1243 1902 1326 gnis
1910 1234 2203 1304 ardescit.
2218 1253 2249 1292 n

717 1379 795 1445 Et
818 1375 931 1442 ubi
949 1376 1053 1438 'est
1081 1368 1266 1453 sylva
1295 1365 1370 1428 in
1406 1358 1675 1434 munde,
1721 1367 1872 1436 quae
1911 1345 2145 1412 habeat
2168 1342 2262 1403 tot

716 1486 1000 1559 arbores,
1025 1480 1182 1562 quot
1206 1475 1357 1538 sunt
1375 1468 1734 1552 peccatores
1755 1459 1822 1522 in
1850 1454 2123 1529 inferno,
2148 1446 2262 1510 sci-

715 1595 863 1659 licet
888 1584 1194 1662 haerefici,
1225 1582 1535 1662 raptores,
1563 1563 1871 1641 usurarii,
1900 1564 1998 1625 etc
2014 1559 2046 1621 ⁴?
2084 1553 2263 1619 Unde

716 1702 797 1767 de
826 1698 1127 1780 &henna
1143 1689 1375 1755 dicitur
1399 1685 1463 1745 ἐ
1489 1703 1520 1742 α
1541 1673 1926 1756 Praeparata,
1949 1660 2267 1748 profunda

718 1814 783 1874 et
822 1805 1105 1879 dilatata,
1149 1793 1544 1862 nutrimenta
1588 1785 1730 1867 ejus
1772 1777 1939 1859 ignis
1982 1775 2048 1836 et
2082 1770 2267 1850 ligna

721 1914 958 1982 multa:
976 1906 1405 1993 »proeparalffi
1425 1899 1505 1961 ut
1521 1893 1646 1957 cito
1673 1883 1936 1969 recipiat
1952 1902 1971 1959 ;
1989 1877 2265 1962 prolun-

722 2023 833 2102 da,
864 2023 937 2086 ut
959 2015 1182 2083 nullus
1206 2008 1435 2086 exeat3
1463 2000 1764 2073 dzwtata,
1803 1994 1878 2057 ut
1910 1985 2129 2054 omnia
2155 2000 2267 2047 ca·-

723 2134 875 2217 piat.
901 2126 1034 2205 lbi,
1070 2137 1218 2188 cum
1256 2116 1507 2188 arbore,
1551 2110 1770 2172 cortex
1794 2102 1859 2164 et
1884 2093 2050 2161 rami
2076 2087 2271 2155 simul

724 2236 1058 2312 ardebunt,
1088 2228 1156 2294 id
1180 2229 1273 2293 est
1297 2221 1516 2287 anima
1554 2217 1621 2279 et
1652 2224 1918 2292 eorpus,
1947 2200 2064 2285 qui
2093 2197 2272 2281 prius

726 2329 889 2412 aridi
932 2355 1049 2425 per
1109 2335 1363 2420 peccata
1413 2324 1696 2391 fuerunt.
1752 2309 2117 2381 Bernardus
2168 2304 2192 2339 ³
2249 2319 2268 2366 ε

735 2479 768 2517 α
791 2448 1086 2532 Singulis
1112 2437 1439 2514 membriS,
1470 2448 1619 2517 quae
1645 2441 1828 2491 arma
1855 2419 2119 2484 fuerunt
2146 2409 2283 2476 ini-

728 2560 1007 2646 quitatis,
1030 2549 1287 2634 singula
1303 2545 1568 2611 debetur
1584 2551 1798 2620 poena,
1829 2545 1947 2612 pro
1973 2521 2275 2607 qualitate

729 2670 835 2738 vel
874 2662 1226 2751 quantitate
1269 2645 1615 2718 commissi.
1667 2662 1698 2702 u
1754 2643 1832 2702 In
1875 2648 2008 2715 quo
2056 2630 2276 2694 autem

730 2776 1020 2844 membro
1073 2767 1329 2836 Creator
1380 2757 1528 2842 plus
1578 2746 1947 2821 offenditur,
1989 2737 2278 2821 peccator

703 2931 708 2934 -
732 2883 996 2968 gravius
1013 2870 1441 2958 torquebitur.

816 2993 904 3058 De
932 2990 1160 3072 quarto
1184 2982 1207 3018 ⁸
1235 3002 1253 3043 ι
1294 3000 1327 3038 α
1350 2972 1587 3039 Videns
1621 2962 1726 3029 fici
1758 2959 2055 3024 arborem
2082 2965 2281 3016 unam

738 3117 921 3167 secus
945 3096 1143 3172 viam,
1185 3085 1367 3152 venit
1404 3080 1486 3146 ad
1522 3092 1690 3151 eam,
1736 3073 1801 3134 et
1837 3063 2002 3130 nihil
2035 3056 2284 3124 invenit

741 3212 809 3275 in
836 3225 914 3272 ea
937 3203 1060 3268 nisi
1087 3198 1238 3264 folia
1259 3194 1534 3264 tantum,
1563 3185 1627 3246 et
1651 3177 1740 3243 ait
1767 3174 1861 3238 illi
1888 3195 1904 3236 z
1940 3168 2284 3248 Nunquam

743 3336 826 3383 ex
862 3321 928 3378 te
978 3309 1272 3374 nascatur
1315 3299 1559 3363 fructus
1603 3289 1674 3352 in
1723 3280 2207 3365 sempiternum.
2245 3295 2278 3332 υ

744 3424 933 3490 Ficus
956 3418 1100 3483 hoec
1124 3407 1448 3492 significat
1469 3397 1715 3465 malum
1732 3388 2185 3461 Christianum,
2208 3378 2288 3445 ad

747 3546 942 3615 quem
988 3522 1193 3607 judex
1245 3511 1556 3580 Dominus
1598 3501 1775 3570 venit
1825 3497 1893 3560 in
1946 3495 2155 3557 morte
2198 3489 2221 3524 ⁸
2266 3505 2285 3550 ε

756 3664 790 3702 α
815 3637 957 3716 Qua
994 3633 1158 3698 hora
1198 3642 1330 3690 non
1368 3614 1628 3703 putatiS,
1665 3631 1697 3671 n
1739 3611 1859 3672 etc.
1891 3602 2029 3681 Vae,
2059 3599 2113 3663 si
2138 3602 2295 3661 tunc

751 3745 1058 3814 Dominus
1084 3753 1218 3803 non
1250 3724 1569 3796 invenerit
1592 3720 1875 3784 fructum
1899 3712 2089 3776 bonae
2117 3704 2291 3780 vitae,

752 3855 860 3921 sed
882 3851 1034 3918 folia
1056 3848 1310 3911 tantum
1332 3833 1681 3902 verborum
1702 3827 1720 3887 l
1749 3827 1902 3887 tunc
1921 3810 2297 3882 certemale-

754 3964 983 4031 dicitur
1012 3956 1119 4038 (a),
1148 3955 1226 4017 ut
1247 3955 1587 4026 nunquam
1611 3952 1697 3999 ex
1722 3949 1800 3996 ea
1827 3929 2128 3999 nascatur
2160 3920 2298 3984 fru-

754 4077 895 4138 ctus
920 4056 1312 4151 poenitentiae
1354 4053 1426 4115 in
1466 4050 1803 4112 aeternum.
1832 4034 1933 4102 Ex
1957 4036 2112 4095 tunc
2137 4041 2299 4105 ergo

756 4191 1093 4259 nunquam
1140 4162 1416 4250 gratiam
1456 4152 1565 4220 Dei
1611 4144 1845 4233 poterit
1894 4149 2296 4220 recuperare,

759 4282 1018 4370 quando
1049 4276 1222 4341 ultra
1251 4285 1383 4334 non
1409 4258 1646 4347 poterit
1667 4251 1998 4339 poenitere.
2028 4244 2302 4310 Joannes

760 4390 1246 4475 Chrysostomus
1269 4382 1294 4419 ⁸
1328 4395 1345 4440 ε
1383 4396 1416 4434 α
1439 4369 1569 4436 Nec
1586 4356 1920 4430 resistendi
1935 4353 2166 4428 virtus,
2188 4367 2301 4412 ne-

760 4520 887 4587 que
914 4489 1204 4576 fugiendi
1228 4481 1512 4557 facultas,
1544 4486 1756 4554 neque
1779 4458 2171 4548 poenitentiae
2204 4454 2301 4518 lo·

761 4625 898 4685 cns,
924 4615 1131 4684 neque
1154 4581 1592 4660 satisfactionis
1605 4582 1859 4657 tempus
1885 4568 2045 4633 erit:
2075 4582 2158 4628 ex
2183 4580 2308 4625 an-

764 4947 898 4999 non
922 4922 1158 5011 poteris
1179 4918 1251 4980 in
1275 4911 1525 4976 inferno
1548 4901 1570 4935 ⁷
1603 4921 1622 4963 ι
1660 4920 1691 4959 α
1719 4895 2157 4972 Quaecumque
2192 4901 2304 4966 po-

766 5043 893 5107 test
901 5045 1132 5100 manus
1146 5030 1283 5102 tua,
1301 5015 1613 5083 instanter
1626 5018 1916 5089 operare,
1936 4995 2090 5080 quia
2102 5007 2310 5073 neque

829 5202 849 5237 ¹
882 5195 1056 5256 licen„
1084 5195 1271 5247 xxviii,
1301 5181 1377 5231 12.
1404 5171 1504 5213 --²
1533 5170 1653 5228 Iso„
1678 5173 1816 5227 xxx,
1836 5163 1913 5211 33.
1947 5183 2002 5195 --
2036 5155 2056 5187 ³
2084 5155 2311 5204 Rern.-

769 5273 793 5309 ⁸
824 5268 1017 5325 matth..
1047 5274 1158 5324 xxi,
1189 5261 1265 5308 19.
1287 5276 1351 5290 —
1374 5249 1397 5284 ⁸
1427 5247 1562 5306 Luc„
1589 5251 1685 5302 xn,
1716 5239 1795 5289 40.
1823 5257 1884 5272 -
1909 5231 1933 5266 ⁸
1959 5228 2225 5291 chrysost.
2252 5247 2307 5258 -

771 5348 794 5385 '¹
817 5341 1000 5404 Recte„
1033 5348 1084 5388 ιι
1102 5371 1118 5398 ,
1142 5334 1221 5382 10.
1245 5353 1305 5368 -
1332 5326 1352 5355 ⁸
1372 5317 1578 5375 natm„
1607 5325 1710 5374 vn,
1735 5313 1810 5360 Π.
1829 5333 1884 5344 -—
1906 5305 1928 5340 ⁹
1946 5304 2201 5363 Joan.,1v,
2227 5297 2310 5346 36.

774 5401 1391 5469 -101erem.‚xx=,14.-
1418 5392 1458 5429 ¹¹
1476 5391 1602 5450 Sup.
1624 5386 1737 5446 368,
1764 5382 1927 5441 col.2,
1945 5378 1998 5426 et
2014 5369 2240 5435 369‚eol.
2263 5373 2310 5417 ι.

774 5515 839 5531 -·
865 5487 904 5524 ¹²
937 5485 1080 5547 Sap„
1108 5488 1200 5537 ιιι,
1230 5476 1306 5524 tl.
1336 5493 1390 5505 -
1421 5463 1467 5499 ¹⁸
1495 5457 1642 5521 ibid„
1672 5456 1750 5507 13.
1783 5479 1838 5490 —-
1872 5450 1917 5486 ¹⁸
1946 5449 2110 5507 Joan„
2142 5453 2230 5505 xv,
2262 5442 2313 5492 8,

1806 447 2227 527 SERMONES
2265 445 2368 513 DE
2404 435 2803 509 TEMPORE.

2358 597 2544 662 opus,
2572 590 2779 656 neque
2804 566 2987 646 ratio,
3017 578 3226 646 neque
3249 555 3537 632 scientia,
3568 569 3775 638 neque
3798 569 3879 616 sa·

2361 685 2602 771 pientia
2657 679 2780 746 erit
2832 672 3002 759 apud
3046 670 3284 736 interos
3297 714 3314 747 ,
3368 682 3503 750 quo
3548 668 3625 730 tu
3672 679 3878 745 prope-

2362 811 2491 858 raS.
2522 811 2555 850 s

2909 948 3197 1022 SERMO
3244 945 3360 1015 111.

2450 1112 2671 1178 omnis
2690 1109 2878 1177 arbor
2892 1107 3056 1174 bona
3075 1104 3321 1184 fructus
3341 1097 3534 1164 bonos
3551 1094 3715 1174 facit
3726 1090 3770 1152 ⁸.
3786 1089 3888 1154 Bo-

2364 1242 2451 1289 na
2493 1220 2684 1286 arbor
2735 1222 2832 1282 est
2869 1216 3077 1280 bonus
3126 1210 3361 1286 homo;
3414 1208 3631 1270 bonus
3672 1200 3891 1263 trachis

2366 1331 2537 1396 bona
2578 1329 2734 1394 vita.
2775 1323 3043 1389 Fructus
3082 1321 3300 1381 autem
3325 1312 3584 1377 bonitas
3608 1307 3892 1391 probatur

2367 1437 2659 1514 utilitate,
2689 1427 3177 1512 multiplicitate,
3196 1416 3709 1494 delectabilitate,
3735 1413 3895 1478 dura·

2368 1545 2631 1611 bilitate.
2659 1539 2909 1605 Utilitas
2924 1537 2991 1598 in
3011 1529 3449 1605 retributione,
3480 1520 3897 1604 multiplicitas

2370 1653 2443 1717 in
2492 1648 2878 1733 operatione,
2936 1637 3381 1708 delectabilitas
3434 1633 3504 1696 in
3557 1627 3897 1702 devotione,

2372 1757 2746 1825 durabilitas
2765 1755 2834 1818 in
2851 1746 3399 1817 consummatione
3414 1744 3482 1806 et
3498 1751 3900 1823 perseveran-

2371 1870 2462 1934 tia
2485 1867 2762 1932 additur.

2454 1976 2542 2041 De
2572 1975 2780 2058 primo
2806 1977 2832 2011 ⁹
2866 1992 2881 2033 ε
2922 1992 2954 2030 α
2986 1965 3109 2045 Qui
3133 1961 3336 2038 metit,
3364 1955 3736 2024 mercedem
3759 1949 3903 2018 aed·

2375 2086 2492 2169 pit,
2522 2088 2587 2148 et
2617 2081 2692 2164 (b)
2724 2076 3080 2158 congregat
3109 2070 3389 2134 fructum
3413 2066 3483 2129 in
3510 2064 3725 2129 vitam
3751 2063 3906 2124 aeter-

2378 2211 2551 2258 nam.
2581 2211 2613 2250 ο
2644 2189 2803 2254 Ecce
2839 2183 3078 2249 utilitas
3121 2179 3447 2242 fructuum
3491 2166 3908 2253 spiritualium

2379 2303 2476 2366 est
2513 2298 2646 2363 vita
2680 2298 2941 2360 aeterna.
2969 2286 3387 2391 §engregant
3411 2283 3639 2344 autem
3667 2275 3908 2359 quidam

2380 2408 2663 2472 fructum
2692 2402 2760 2465 in
2788 2401 3059 2464 mortem
3101 2397 3411 2459 aeternam
3444 2388 3488 2422 ¹⁰
3531 2408 3548 2450 ι
3589 2408 3627 2446 c
3655 2382 3915 2450 visitabo

2382 2531 2576 2596 super
2613 2528 2730 2574 vos
2762 2509 2950 2591 juxta
2992 2504 3272 2567 fructum
3301 2495 3675 2561 studiorum
3699 2494 3915 2555 vestro-

2384 2640 2558 2700 rum,
2586 2618 2736 2683 dicit
2762 2613 3089 2689 Dominus,
3116 2612 3181 2671 et
3200 2601 3582 2671 succendam
3612 2599 3837 2681 ignem
3861 2595 3917 2658 in

2385 2730 2573 2807 saltu,
2592 2749 2625 2787 s
2660 2730 2778 2790 etc.
2808 2717 3136 2798 Quomodo
3160 2711 3337 2795 ignis
3374 2710 3445 2772 in
3485 2707 3663 2771 saltu
3710 2701 3920 2769 inferni

2388 2837 2629 2913 ardeat,
2642 2830 2901 2914 require
2922 2842 3117 2908 supra
3134 2824 3205 2886 in
3225 2818 3522 2903 proximo
3540 2830 3838 2879 sermone
3862 2811 3919 2870 ¹¹.

2389 2944 2549 3009 Item
2575 2939 2972 3022 congregant
2995 2931 3258 3016 quidam
3300 2926 3369 2990 in
3399 2925 3607 2988 vitam
3642 2919 3926 2985 transito-

2391 3052 2580 3131 riam,
2609 3049 2724 3132 qui
2750 3046 2855 3111 hic
2877 3040 3191 3123 recipiunt
3222 3031 3605 3110 mercedem,
3646 3030 3765 3113 qui
3798 3036 3924 3090 tan-

2394 3166 2535 3226 tum
2562 3175 2755 3224 causa
2779 3149 3028 3218 timoris
3054 3143 3322 3222 servilia,
3346 3143 3453 3207 vel
3468 3155 3697 3204 amore
3714 3133 3925 3209 laudis,

2395 3269 2500 3334 vel
2524 3266 2618 3332 rei
2644 3258 3036 3345 temporam,
3064 3252 3170 3321 vel
3200 3251 3270 3315 in
3297 3252 3468 3313 statu
3495 3245 3744 3329 peccati
3773 3257 3930 3305 mor-

2397 3375 2566 3453 talis,
2595 3373 2764 3438 bona
2789 3383 2983 3451 opera
3004 3362 3265 3428 faciunt.
3295 3356 3385 3422 De
3406 3354 3654 3437 quibus
3684 3353 3733 3393 ι’
3764 3372 3824 3414 :n
3845 3347 3935 3411 Sa-

2399 3482 2704 3568 pientiam
2726 3482 2791 3543 et
2810 3471 3212 3556 disciplinam
3234 3464 3347 3549 qui
3374 3460 3721 3544 abjiciunt,
3738 3455 3936 3522 infelix

2402 3594 2499 3657 est
2524 3594 2590 3655 et
2614 3603 2819 3654 vacua
2846 3598 2988 3666 spes
3013 3579 3300 3653 illorum,
3330 3576 3395 3636 et
3417 3569 3677 3634 labores
3697 3567 3937 3631 illorum

2404 3699 2542 3762 sine
2568 3696 2778 3760 fructu
2807 3695 2870 3755 et
2894 3685 3149 3752 inutilia
3174 3697 3370 3764 opera
3393 3677 3682 3753 illorum,
3714 3696 3748 3733 n
3784 3669 3938 3735 scili-

2405 3809 2505 3870 cet
2530 3804 2611 3869 ad
2638 3802 2838 3869 vitam
2861 3801 3195 3862 aeternam.
3224 3789 3382 3853 Item
3408 3784 3520 3850 alii
3545 3781 3941 3864 congregant

2407 3914 2651 3978 fructus
2677 3910 2746 3972 in
2773 3907 3068 3980 mortem,
3096 3899 3168 3962 in
3192 3896 3395 3963 vitam
3432 3890 3506 3973 (c)
3556 3907 3695 3954 non
3728 3881 3941 3951 transi-

2407 4020 2666 4096 toriam,
2704 4014 2813 4080 sed
2854 4013 3186 4085 aeternam,
3222 4002 3337 4087 qui
3373 3997 3736 4064 secundum
3770 4006 3944 4074 opera

2410 4124 2737 4192 meritoria
2769 4120 3032 4196 faciunt,
3079 4114 3250 4178 sicut
3284 4107 3522 4174 animae
3559 4105 3805 4167 sanctae
3848 4101 3890 4138 ²⁸
3928 4117 3941 4158 ι

2418 4260 2452 4300 α
2478 4234 2658 4300 Felix
2684 4228 2938 4305 sterilis,
2964 4247 2995 4286 υ
3029 4228 3149 4288 etc.
3177 4234 3386 4302 usque
3415 4237 3433 4279 ι
3473 4236 3506 4275 ⁴1
3531 4211 3795 4278 habebit
3821 4208 3943 4271 sru-

2412 4347 2627 4422 ctum,
2653 4361 2684 4400 1>
2719 4341 2840 4403 etc.
2889 4334 3000 4417 (d),
3036 4355 3069 4393 a
3094 4328 3461 4395 animarum
3500 4321 3889 4384 sanctarum.
3912 4332 3938 4369 n

2494 4450 2582 4515 De
2610 4443 2888 4512 secundo
2909 4441 2953 4477 ¹⁸
2981 4461 3048 4504 :a
3078 4437 3150 4501 ln
3174 4436 3299 4500 hoc
3322 4428 3706 4496 clarificatus
3728 4427 3822 4487 est
3847 4418 3947 4485 Pa·

2414 4563 2515 4624 ter
2540 4573 2748 4635 meus,
2778 4555 2851 4618 ut
2876 4551 3156 4614 fructum
3194 4540 3556 4625 plurimum
3595 4530 3893 4598 afferatis.
3913 4547 3939 4584 n

2286 4667 2301 4681 ⁶
2418 4665 2656 4730 Parum
2683 4675 2937 4726 curares
2961 4655 3041 4720 de
3067 4633 3317 4727 arbore,
3354 4661 3504 4728 quae
3541 4660 3674 4706 non
3710 4637 3951 4704 afferret

2418 4774 2545 4839 nisi
2579 4771 2706 4835 duo
2744 4765 2850 4834 vel
2886 4765 3013 4828 tria
3054 4776 3248 4841 poma
3290 4776 3307 4819 ε
3350 4750 3647 4817 similiter
3682 4748 3764 4812 de
3804 4757 3951 4825 agno

2420 4899 2553 4946 non
2569 4878 2809 4943 terente
2829 4870 2953 4936 nisi
2971 4869 3124 4944 du0,
3145 4862 3251 4930 vel
3268 4860 3391 4928 tria
3409 4875 3637 4940 grana.
3661 4854 3767 4920 Sic
3785 4857 3850 4916 et
3864 4856 3948 4925 tu,

2421 4990 2475 5052 si
2511 5003 2644 5052 non
2675 4982 2776 5048 vis
2812 4973 3133 5043 contemni
3158 4990 3198 5036 a
3224 4969 3383 5046 Deo,
3411 4983 3544 5029 non
3567 4978 3827 5047 paucos,
3854 4953 3955 5020 sed

2422 5093 2659 5160 multos
2698 5089 3020 5153 bonorum
3060 5093 3335 5162 operum
3374 5073 3624 5138 fructus
3657 5070 3822 5142 ferre
3853 5062 3955 5128 de-

2490 5289 2559 5358 (a)
2585 5289 2702 5352 Lep.
2730 5281 3084 5352 maledicetur.
3107 5301 3170 5315 -—
3207 5271 3276 5336 (b)
3314 5270 3437 5322 Cart.
3472 5267 3596 5318 edit.
3628 5262 3742 5317 add.
3770 5260 3874 5327 qui.
3898 5282 3954 5296 --

2428 5365 2495 5429 (c)
2525 5365 2639 5426 [ις.
2676 5370 2785 5409 non
2814 5356 2867 5405 in
2892 5356 3146 5409 mortem,
3173 5346 3267 5396 sed
3296 5343 3352 5396 in
3378 5341 3557 5403 vitam,
3588 5337 3667 5390 vel
3690 5340 3805 5402 po&
3829 5343 3954 5384 mor·

2424 5442 2559 5500 tem,
2587 5437 2746 5484 eut.-
2774 5428 2847 5494 (d)
2879 5426 3004 5479 Gaet.
3032 5420 3154 5474 edu.
3180 5417 3231 5469 id
3254 5417 3349 5468 est.
