4059 6317
652 493 772 554 cot

651 624 757 684 ille
780 624 993 684 iterum
1016 623 1352 682 verberavit
1375 637 1545 695 eam,
1588 625 1647 681 et
1670 625 1811 680 tunc
1837 620 2096 696 Angelus
2128 620 2192 679 in

1647 484 2069 552 SERMONES
2110 484 2211 549 DE
2251 482 2603 552 SANCTIS.
2648 486 2854 554 XLVI.

2370 622 2677 695 Secundo,
2718 623 2991 683 resistunt
3030 623 3419 696 adversariis,
3457 626 3517 683 et
3551 622 3843 699 repellunt

652 723 906 794 augusto
931 718 1067 777 loco
1082 759 1103 789 ,
1130 716 1237 776 ubi
1263 732 1373 776 nec
1399 716 1480 775 ad
1507 716 1812 776 dexteram
1826 757 1847 787 ,
1873 731 2069 790 neque
2113 714 2190 773 ad
2299 714 2536 774 hostilia
2567 720 2944 776 tentamenta.
2976 721 3123 777 Nam
3140 760 3158 790 ,
3188 722 3252 776 ut
3279 718 3422 777 dicit
3446 717 3756 793 Apostolus
3771 721 3793 754 δ
3819 738 3836 776 :

652 813 944 872 sinistram
972 813 1205 887 poterat
1245 810 1550 883 declinari,
1580 811 1796 871 obvius
1821 809 1991 869 stetit.
2021 812 2192 868 Cum·

653 924 773 984 que
807 907 1048 966 vidisset
1083 906 1251 965 asina
1284 909 1531 965 stantem
1569 905 1889 979 Angelum,
1935 902 2197 961 concidit

543 1038 550 1043 ·
653 1002 766 1061 sub
801 1001 1058 1077 pedibus
1095 1000 1380 1071 sedentis,
1427 999 1533 1075 qui
1568 999 1750 1057 iratus
1789 996 2195 1055 vehementius

653 1096 918 1156 wdebat
941 1095 1090 1155 fuste
1116 1094 1302 1153 latera
1326 1094 1472 1168 ejus.
1518 1093 1875 1169 Aperuitque
1914 1090 2196 1149 Dominus

653 1206 723 1250 os
743 1190 942 1261 asinae,
971 1195 1029 1248 et
1047 1189 1245 1248 locuta
1270 1194 1395 1247 est:
1431 1208 1459 1243 α
1474 1187 1628 1258 Quid
1649 1186 1760 1245 feci
1787 1185 1914 1258 tibi,
1943 1201 2049 1243 cur
2066 1200 2197 1260 per-

654 1285 803 1343 cutis
829 1301 925 1343 me
943 1286 973 1342 ⁴?
992 1303 1021 1339 s
1058 1287 1168 1343 etc.
1209 1282 1425 1342 Deinde
1449 1281 1640 1341 dixit:
1675 1300 1705 1336 ι
1730 1283 1936 1339 Nonne
1973 1277 2197 1336 animal

655 1383 824 1439 tuum
850 1394 1014 1451 sum,
1054 1377 1150 1436 cui
1175 1392 1409 1452 semper
1449 1375 1703 1434 insidere
1726 1372 2077 1433 consuevisti
2098 1388 2197 1431 us·

656 1490 775 1549 que
801 1472 864 1531 in
898 1476 1247 1548 praesentem
1286 1470 1446 1529 diem
1465 1474 1497 1528 Ἰ
1539 1469 1657 1541 Dic,
1697 1468 1844 1543 quid
1881 1467 2075 1525 simile
2090 1483 2199 1525 un-

657 1584 844 1643 quam
867 1566 1107 1625 fecerim
1130 1564 1277 1627 tibi?
1300 1585 1328 1619 ι
1360 1567 1428 1623 At
1455 1563 1556 1621 ille
1585 1563 1666 1621 ait
1699 1581 1716 1620 ι
1751 1584 1779 1615 α
1806 1565 2193 1636 Nunquam.»

658 1663 926 1722 Protinus
953 1659 1182 1735 aperuit
1206 1658 1414 1718 oculos
1435 1657 1674 1716 Balaam
1702 1655 2003 1726 Dominae,
2033 1660 2091 1715 et
2114 1656 2198 1714 vi-

661 1756 749 1815 dit
773 1754 1061 1828 Angelum
1103 1756 1351 1811 stantem
1387 1752 1450 1809 in
1484 1751 1605 1821 via,
1633 1750 1945 1824 evaginato
1973 1749 2195 1823 gladio.

660 1850 765 1909 Cui
790 1849 1046 1923 Angelus
1074 1866 1089 1905 ε
1133 1867 1163 1903 ι
1188 1850 1303 1906 Cur
1328 1851 1391 1904 tu
1424 1845 1748 1905 verberasti
1782 1844 2055 1903 asinam?
2084 1860 2199 1919 ego

659 1942 820 2016 veni,
846 1946 913 2000 ιιι
936 1941 1284 1999 adversarer
1309 1939 1440 2011 tibi,
1484 1939 1626 2014 quia
1658 1954 1938 2014 perversa
1976 1941 2063 1996 est
2100 1937 2202 1996 via

611 2096 618 2105 ,
662 2039 786 2107 tua,
817 2035 1082 2110 mihique
1106 2033 1417 2093 contraria.
1444 2053 1475 2089 ι
1503 2033 1778 2103 Breviter,
1806 2035 2095 2106 quantum
2120 2030 2201 2089 ad

659 2129 1031 2206 propositum
1056 2127 1290 2201 sufficit,
1314 2127 1456 2185 felix
1479 2127 1611 2184 talis
1637 2125 2028 2196 adversarius,
2059 2124 2202 2200 quia

661 2224 724 2283 in
750 2223 922 2282 malis
949 2222 1315 2281 adversatur.
1357 2225 1422 2279 Et
1448 2220 1586 2279 ideo
1623 2219 1916 2293 optimum
1943 2223 2030 2277 est
2056 2235 2201 2278 con-

661 2317 859 2376 silium
885 2315 1239 2376 Salvatoris¹
1274 2335 1289 2374 z
1327 2334 1356 2369 ιι
1379 2318 1512 2374 Esto
1531 2314 1898 2373 consentiens
1927 2313 2203 2372 adversa-

661 2411 752 2470 rio
779 2415 903 2481 tue,
934 2409 1080 2468 dum
1105 2425 1167 2466 es
1193 2409 1255 2466 in
1274 2408 1373 2466 via
1399 2412 1519 2472 tua,
1548 2423 1624 2465 ne
1650 2407 1800 2466 forte
1828 2407 2202 2465 adversarius

663 2503 855 2563 tradat
881 2507 937 2561 te
957 2502 1167 2577 judici,
1193 2505 1252 2561 et
1278 2501 1465 2576 judex
1491 2501 1685 2560 tradat
1720 2505 1776 2559 te
1818 2501 2107 2573 ministro,
2144 2506 2205 2560 et

663 2599 726 2657 in
749 2613 1045 2658 carcerem
1071 2596 1337 2655 mittaris.
1367 2600 1550 2655 Amen
1580 2595 1714 2653 dico
1737 2595 1866 2666 tibi,
1893 2611 2016 2654 non
2044 2595 2204 2654 exies

663 2691 828 2764 inde,
855 2692 1049 2751 donec
1075 2691 1293 2754 reddas
1318 2690 1707 2749 novissimum
1735 2690 2142 2765 quadrantem.
2167 2711 2195 2745 ι

663 2786 1043 2847 Adversarius
1099 2784 1205 2844 iste
1264 2784 1461 2844 bonus
1502 2785 1758 2858 Angelus
1805 2786 1892 2843 est
1909 2826 1929 2855 ,
1984 2786 2089 2859 qui
2140 2785 2204 2843 in

665 2881 837 2940 malis
853 2879 1029 2940 nobis
1055 2878 1302 2951 obsistit,
1318 2884 1375 2937 et
1401 2879 1462 2936 in
1477 2878 1570 2937 his
1596 2879 1652 2937 ei
1679 2878 2007 2937 consentire
2023 2878 2206 2937 debe·

667 2992 820 3048 mus,
850 2990 925 3032 ne
959 2974 1110 3034 forte
1138 2989 1250 3033 nos
1275 2972 1470 3031 tradat
1498 2971 1707 3046 judici,
1737 2972 1800 3030 id
1838 2977 1946 3044 est,
1977 2972 2205 3032 Christo

662 3068 969 3144 judicanti,
999 3068 1097 3126 vel
1122 3067 1186 3126 in
1213 3067 1354 3141 fine,
1373 3067 1471 3125 vel
1497 3067 1559 3124 in
1572 3069 1783 3124 morte.
1802 3066 2006 3140 Angeli
2018 3067 2201 3141 enim,

669 3163 773 3238 qui
788 3179 899 3221 nos
920 3162 1099 3221 modo
1128 3161 1482 3232 custodiunt,
1499 3159 1884 3235 postmodum
1896 3176 2007 3218 nos
2035 3175 2207 3219 accu-

667 3257 901 3327 sabunt,
921 3259 986 3314 ut
1001 3256 1190 3330 judex
1208 3254 1404 3313 tradat
1423 3254 1715 3325 ministre,
1735 3252 1800 3310 id
1822 3257 1927 3325 est,
1959 3253 2204 3313 diabolo

667 3351 894 3421 tortori,
907 3355 964 3409 et
985 3350 1171 3409 mittat
1185 3353 1240 3407 te
1256 3348 1321 3406 in
1338 3364 1635 3406 carcerem
1654 3346 2023 3418 infernalem,
2044 3349 2207 3406 donec

666 3448 844 3503 selvas
857 3459 1027 3517 usque
1050 3444 1126 3501 ad
1145 3445 1432 3501 minimum
1458 3442 1834 3515 quadrantem,
1856 3441 1920 3499 id
1947 3445 2036 3500 est
2058 3440 2208 3500 nihil

666 3539 995 3599 remanebit
1030 3537 1385 3612 impunitum
1402 3579 1421 3607 ,
1449 3536 1567 3607 vel,
1604 3553 1793 3612 usque
1833 3536 1914 3594 ad
1959 3536 2209 3593 minima

666 3637 927 3708 peccata.
949 3636 1053 3691 Per
1069 3631 1204 3702 hoc,
1224 3631 1392 3706 quod
1414 3630 1591 3688 dicit:
1615 3633 1787 3687 Donec
1811 3632 2005 3702 solvas,
2027 3645 2209 3704 poena

667 3727 1008 3802 intelligitur
1034 3730 1271 3785 aeterna.
1300 3729 1446 3785 Nam
1473 3724 1623 3783 illud
1646 3723 1913 3783 debitum
1940 3724 2206 3794 solvitur,

667 3828 880 3881 utnon
905 3820 1273 3896 relinquatur
1297 3817 1620 3895 poenitendi
1648 3818 1844 3889 locus,
1872 3833 1995 3876 non
2040 3818 2207 3893 quod

668 3915 994 3990 aliquando
1012 3914 1116 3973 illa
1134 3928 1314 3989 poena
1340 3916 1541 3971 cesset.
1558 3913 1613 3970 Si
1638 3917 1835 3971 autem
1862 3911 2080 3986 aliquis
2106 3928 2208 3970 cu-

667 4009 823 4068 riose
842 4008 1118 4084 inquirat,
1141 4007 1450 4083 quomodo
1466 4006 1632 4064 asina
1647 4004 1845 4064 locuta
1862 4009 1968 4078 est,
1990 4010 2047 4064 et
2064 4021 2209 4080 quo·

667 4103 853 4163 modo
882 4101 1161 4161 Dominus
1189 4101 1418 4177 aperuit
1442 4115 1512 4158 os
1533 4101 1660 4173 ejus
1690 4118 1709 4156 ε
1738 4099 1873 4158 dico
1897 4099 2061 4174 quod
2085 4114 2209 4157 non

669 4196 914 4257 contulit
953 4196 1067 4255 sibi
1116 4195 1397 4255 Dominus
1442 4193 1706 4253 officium
1750 4193 2008 4268 loquelae
2028 4236 2048 4264 ,
2099 4208 2210 4252 nec

669 4292 1029 4368 simpliciter,
1058 4306 1168 4349 nec
1191 4290 1271 4349 ad
1288 4293 1541 4364 tempus,
1558 4292 1625 4347 ut
1642 4287 1887 4363 quidam
1913 4288 2210 4359 dixerunt,

672 4386 801 4459 sed,
828 4389 895 4445 ιιι
918 4385 1121 4444 dicunt
1138 4385 1417 4459 Origenes
1444 4387 1502 4443 et
1515 4381 1870 4457 Augustinus
1883 4383 1930 4454 ¹,
1951 4381 2212 4456 Angelus

672 4479 951 4539 movebat
970 4494 1199 4552 organa
1215 4479 1362 4552 ejus,
1381 4482 1437 4536 et
1456 4476 1749 4552 plectrum
1762 4476 1977 4550 linguoe
1990 4476 2213 4535 forma·

669 4572 777 4633 bat
807 4573 1010 4646 verba,
1037 4572 1186 4631 sicut
1201 4571 1477 4631 diabolus
1502 4574 1855 4646 serpentem,
1881 4570 1985 4645 qui
2001 4570 2211 4645 loque-

670 4667 847 4727 batur
869 4667 1046 4740 Adoe3
1070 4665 1176 4725 sed
1201 4681 1323 4724 non
1349 4665 1680 4724 terrebatur
1704 4663 1780 4723 de
1810 4680 1874 4723 re
1901 4668 2020 4722 tam
2049 4664 2211 4721 inso-

669 4762 808 4834 lita,
874 4761 1018 4837 quia
1052 4759 1239 4819 nimia
1273 4758 1596 4834 cupiditate
1636 4762 1883 4818 coecatus
1917 4757 2214 4831 ferebatur

671 4856 752 4915 ad
778 4854 1189 4930 accipiendum
1214 4868 1484 4923 munera,
1511 4868 1645 4927 quae
1665 4851 1902 4911 Balaam
1927 4851 2216 4926 promise·

672 4953 783 5023 rat,
809 4953 876 5007 ut
902 4949 1043 5008 dicit
1067 4947 1418 5022 Augustinus
1442 4948 1488 5017 ⁸,
1510 4949 1571 5005 et
1594 4949 1860 5006 assuetus
1882 4950 2007 5005 erat
2040 4961 2213 5004 mon·

672 5045 806 5104 stris
831 5043 1090 5115 Balaam,
1118 5058 1258 5101 cum
1283 5043 1434 5100 esset
1456 5040 1803 5100 incantator.

740 5219 752 5247 ¹
785 5214 988 5280 naeth„
1015 5227 1064 5278 V,
1083 5217 1163 5267 25.
1186 5241 1248 5252 —
1268 5214 1289 5246 ²
1317 5215 1425 5265 imo
1452 5217 1651 5277 auctor,
1679 5213 1909 5278 quisquis
1935 5215 2017 5277 sit,
2034 5214 2125 5266 lib.
2154 5214 2215 5265 ds

675 5288 907 5340 Hir-abit.
952 5289 1007 5338 S.
1048 5290 1259 5354 Script..
1295 5289 1342 5352 1,
1389 5300 1565 5351 xxxiv,
1600 5287 1734 5338 inter
1774 5288 1944 5352 Opera
1982 5292 2214 5353 August„

679 5361 915 5424 Append.
961 5364 1087 5412 tom.
1137 5363 1222 5413 ΙΙΙ.
1268 5388 1331 5400 -
1372 5360 1397 5397 ⁸
1445 5362 1551 5411 imo
1600 5364 1779 5411 auctor
1821 5373 1976 5411 serm.
2024 5372 2213 5422 xum,

676 5430 743 5482 al.
780 5443 872 5483 cul
908 5430 970 5482 ‹Ie
1001 5432 1190 5497 remp„
1233 5446 1285 5483 n.
1325 5428 1384 5495 2,
1420 5433 1551 5485 inter
1586 5434 1756 5497 Opera
1781 5433 1937 5496 Aug„
1978 5432 2212 5497 Append.

2307 828 2338 864 α
2363 813 2491 875 Non
2516 816 2604 869 est
2630 811 2803 870 nobis
2840 811 3176 870 colluctatio
3214 811 3497 870 adversus
3521 827 3759 870 carnem
3782 815 3843 871 et

2302 905 2648 977 sanguinem
2684 926 2712 960 ι
2756 910 3003 979 tantum,
3031 927 3062 963 α
3098 908 3205 966 sed
3238 908 3519 968 adversus
3550 908 3842 983 principes

2304 1000 2362 1057 et
2386 1002 2700 1073 potestates
2716 1043 2734 1071 ,
2763 1000 3047 1059 adversus
3084 1000 3409 1076 spiritualia
3436 1003 3754 1076 nequitias,
3782 1003 3842 1060 in

2304 1093 2658 1152 coelestibus.
2675 1114 2703 1148 ι
2723 1094 2865 1152 Hinc
2883 1098 3078 1153 Petrus
3102 1096 3125 1132 ⁸
3152 1113 3169 1152 ε
3206 1114 3236 1150 ι
3258 1094 3643 1154 Adversarius
3661 1098 3846 1154 vester

2304 1187 2605 1261 diabolus,
2621 1209 2649 1243 ι
2667 1192 2773 1247 etc.
2803 1208 2832 1242 α
2847 1188 2951 1247 Cui
2969 1188 3134 1247 nulla
3152 1192 3409 1264 potestas
3430 1205 3613 1264 super
3634 1194 3843 1249 terram

2304 1285 2639 1358 comparari
2665 1287 2875 1358 potest,
2898 1303 2927 1339 s
2961 1288 3025 1341 ιιι
3049 1284 3189 1342 dicit
3212 1285 3324 1343 Job
3352 1286 3395 1341 ⁸.
3436 1283 3618 1343 llodo
3657 1285 3844 1360 impu·

2306 1382 2449 1450 gnat
2472 1392 2579 1452 per
2614 1377 2959 1436 violentiam
2998 1377 3482 1451 tribulationum,
3517 1378 3711 1437 modo
3746 1395 3846 1453 per

2304 1470 2624 1530 blanditias
2670 1474 3079 1545 tentationum,
3122 1472 3307 1532 modo
3352 1488 3461 1547 per
3504 1473 3751 1530 astutias
3796 1478 3849 1530 et

2304 1564 2728 1623 fraudulentias
2751 1565 3096 1624 illusionum
3117 1570 3173 1624 et
3193 1565 3640 1641 deceptionum,
3669 1565 3845 1624 modo

2304 1672 2411 1733 per
2439 1659 2852 1717 curiositatem.
2882 1661 3098 1718 Contra
3123 1659 3301 1733 igitur
3316 1659 3517 1717 hostes
3542 1664 3671 1717 tam
3696 1659 3850 1717 ealli-

2306 1754 2441 1827 dos,
2484 1756 2608 1811 tam
2643 1758 2911 1829 potentes
2929 1796 2946 1824 ,
2991 1754 3254 1813 humana
3294 1754 3584 1827 fragilitas
3627 1770 3849 1830 nequa·

2308 1852 2495 1922 quam'
2518 1856 2669 1907 stare
2690 1851 2923 1924 posset,
2944 1849 3057 1906 nisi
3079 1848 3324 1907 haberet
3344 1852 3584 1907 sanctos
3602 1848 3849 1921 Angelos

2308 1940 2630 2015 adjutor-ee,
2667 1944 2772 2017 qui
2809 1958 3018 2001 eorum
3056 1942 3338 2000 saevitiam
3380 1947 3759 2011 coercerent,
3796 1946 3849 2000 et

2308 2051 2518 2094 eorum
2542 2036 2896 2110 repellerent
2913 2036 3406 2111 impugnationes.
3430 2037 3661 2095 Gratias
3684 2036 3849 2110 igitur

2309 2132 2426 2188 Deo
2453 2145 2698 2204 agamus
2715 2172 2731 2199 ‚
2758 2130 2865 2205 qui
2906 2130 3053 2188 tales
3096 2130 3272 2189 nobis
3313 2130 3480 2188 dedit
3514 2147 3847 2205 propugna-

2310 2226 2484 2283 tores.
2516 2227 2634 2284 Hoc
2662 2224 2883 2299 optime
2910 2226 3204 2298 signatum
3230 2230 3315 2282 est
3348 2225 3412 2281 in
3441 2227 3671 2282 Daniele
3688 2270 3709 2292 ,
3751 2224 3847 2282 ubi

2309 2319 2522 2377 dicitur
2544 2320 2567 2355 '¹
2597 2339 2611 2375 z
2664 2338 2695 2373 a
2721 2319 2872 2379 nisit
2895 2318 3175 2378 Dominus
3216 2318 3511 2392 Angelum
3553 2335 3751 2389 suum,
3796 2324 3849 2376 et

2308 2413 2598 2471 conclusit
2623 2429 2732 2472 ora
2755 2413 3018 2478 leonum,
3058 2417 3115 2470 et
3140 2428 3263 2471 non
3291 2429 3387 2471 me
3414 2414 3848 2471 contaminave-

2308 2513 2463 2566 runt.
2492 2527 2523 2563 ι
2572 2509 2792 2566 Leones
2809 2549 2830 2579 ,
2874 2510 2941 2565 ut
2984 2505 3328 2582 praedictum
3380 2512 3501 2580 est,
3559 2507 3848 2566 daemone·

2309 2604 2465 2671 sunt,
2489 2602 2593 2676 qui
2619 2600 2809 2659 multo
2835 2592 3110 2660 leonibus
3136 2600 3498 2659 crudeliores
3524 2616 3641 2660 nos
3672 2618 3847 2677 appe·

2308 2699 2439 2754 tunt
2465 2694 2753 2754 devorare
2770 2696 2794 2732 ⁸
2822 2714 2837 2753 ε
2875 2716 2904 2748 α
2920 2698 3002 2754 Ne
3020 2693 3218 2752 tradas
3245 2695 3446 2752 bestiis
3466 2695 3701 2754 animas
3722 2712 3850 2755 con-

2312 2789 2543 2847 fitentes
2581 2789 2712 2847 tibi.
2752 2809 2783 2845 ιι
2836 2788 2951 2847 Sed
2994 2788 3274 2846 Dominus
3313 2789 3487 2847 mittit
3527 2789 3848 2863 angelicam

2308 2886 2675 2957 potestatem,
2704 2899 2837 2958 quae
2864 2898 3074 2941 eorum
3098 2885 3327 2941 coercet
3349 2884 3614 2958 rapinas,
3668 2889 3735 2940 ut
3759 2890 3849 2941 ant

2310 2992 2435 3036 non
2479 2982 2766 3049 noceant,
2818 2980 2950 3048 aut,
2996 2977 3045 3035 si
3090 2980 3345 3036 noceant
3361 3020 3379 3049 ,
3445 2993 3576 3036 non
3609 2983 3851 3036 noceant

2311 3076 2601 3146 quantum
2630 3076 2943 3146 appetunt:
2974 3075 3031 3129 et
3047 3071 3161 3129 hoc
3200 3076 3287 3129 est
3312 3086 3420 3130 ora
3444 3071 3697 3129 leonum
3722 3088 3850 3130 con-

2311 3165 2573 3224 cludere.
2603 3167 2722 3223 Hoc
2742 3164 3125 3223 nihilominus
3151 3165 3447 3238 signatum
3464 3170 3553 3223 est
3577 3166 3601 3201 ⁹
3623 3181 3733 3240 per
3749 3171 3849 3225 An·

2311 3259 2513 3333 gelum
2556 3258 2782 3329 Tobiae,
2831 3258 2937 3333 qui
2983 3257 3315 3317 daemonem
3361 3258 3609 3318 nomine
3658 3265 3849 3318 Asmo-

2313 3352 2529 3425 dmum,
2561 3352 2665 3427 qui
2693 3352 3080 3410 interficiebat
3102 3351 3262 3409 viros
3290 3353 3475 3422 Sarae,
3502 3352 3772 3427 alligavit
3793 3353 3848 3410 in

2312 3446 2544 3504 deserto
2571 3445 2890 3520 superioris
2916 3446 3166 3518 AEgypti,
3187 3449 3250 3502 ιιι
3274 3445 3578 3503 neminem
3602 3447 3846 3520 leederet,

2310 3539 2427 3598 hoc
2452 3542 2557 3611 est,
2587 3540 2712 3613 ejus
2739 3540 3480 3614 compescuitpotestatem.
3510 3541 3582 3599 Hi
3599 3546 3736 3600 sunt
3754 3558 3846 3600 no-

2312 3635 2414 3692 stri
2439 3633 2714 3692 custodes
2741 3637 2799 3692 et
2824 3638 3216 3708 protectores,
3249 3634 3353 3708 qui
3380 3650 3620 3710 semper
3646 3639 3705 3694 et
3728 3636 3845 3693 ubi·

2313 3744 2433 3804 que
2459 3729 2634 3787 nobis
2661 3728 2957 3799 assistunt,
2979 3743 3090 3786 nec
3110 3743 3221 3786 nos
3236 3728 3539 3801 patiuntur
3554 3729 3717 3803 laedi,
3744 3729 3843 3787 nisi

2311 3822 2583 3881 velimus.
2602 3825 2841 3896 Propter
2857 3821 3025 3896 quod
3052 3821 3193 3879 dicit
3217 3820 3322 3879 illa
3339 3826 3545 3880 sancta
3564 3823 3761 3881 iudith
3777 3823 3841 3880 ¹⁹:

2317 3935 2347 3971 ι
2378 3916 2529 3975 vivit
2555 3916 2854 3988 Dominus,
2884 3916 3171 3990 quoniam
3198 3915 3516 3975 custodivit
3549 3932 3646 3975 me
3677 3923 3846 3991 Ange·

2313 4009 2407 4069 lus
2432 4011 2559 4083 ejus
2576 4011 2714 4068 hinc
2738 4014 2995 4082 euntem,
3020 4009 3103 4068 ibi
3128 4015 3479 4082 morantem,
3502 4014 3562 4069 et
3582 4010 3722 4070 inde
3742 4012 3845 4069 huc

2312 4107 2728 4176 revertentem,
2757 4109 2816 4162 et
2850 4119 2974 4163 non
2999 4103 3264 4178 permisit
3288 4120 3385 4162 me
3410 4105 3799 4181 coinquinari.
3816 4128 3842 4158 s

2384 4199 2573 4256 Tertio
2601 4201 2959 4272 peccatoreS,
3002 4197 3125 4255 sive
3152 4198 3215 4255 in
3242 4204 3484 4271 peccata
3516 4199 3737 4273 lapsos,
3780 4200 3844 4257 il-

2315 4292 2608 4351 luminant
2648 4296 2705 4350 et
2742 4292 2997 4350 excitant
3040 4291 3120 4349 ad
3160 4293 3516 4367 poenitentioe
3551 4293 3843 4352 lamenta:

2316 4387 2645 4445 sicutenim
2667 4386 2809 4445 dicit
2824 4385 3094 4446 Salvator
3116 4386 3176 4458 ¹¹,
3204 4406 3231 4437 α
3252 4386 3356 4460 qui
3373 4385 3513 4445 facit
3530 4392 3841 4462 peccatum,

2315 4496 2516 4540 servus
2528 4486 2613 4539 est
2636 4481 2881 4556 peccatit
2899 4499 2927 4533 ι
2959 4478 3124 4550 ldeO,
3153 4480 3443 4554 quamdiu
3457 4481 3843 4542 voluntassub

2315 4578 2557 4650 peccato
2583 4574 2815 4633 astricta
2852 4578 2957 4645 cst,
2994 4588 3119 4632 non
3142 4578 3334 4648 potest
3359 4575 3636 4635 detestari
3659 4593 3845 4652 pecca-

2315 4673 2443 4727 tum
2473 4688 2492 4726 e
2520 4684 2645 4727 non
2682 4672 2874 4743 potest
2904 4684 3013 4742 per
3046 4684 3108 4726 se
3148 4667 3264 4726 sibi
3301 4668 3617 4744 displicere
3656 4687 3843 4746 pecca·

2318 4768 2477 4822 tum:
2517 4768 2575 4821 et
2598 4762 2737 4821 ideo
2764 4761 3031 4837 undique
3057 4762 3299 4820 incitant
3323 4765 3385 4820 et
3407 4764 3709 4823 stimulant
3744 4772 3843 4825 An·

2320 4857 2459 4932 geli.
2490 4860 2640 4915 Deus
2666 4857 2864 4930 igitur,
2894 4873 2966 4915 ex
2993 4856 3083 4915 sui
3111 4856 3541 4927 misericordia,
3586 4859 3693 4933 qui
3730 4874 3840 4917 non

2318 4955 2553 5011 continet
2576 4956 2638 5010 in
2662 4955 2751 5009 ira
2774 4967 2875 5010 sua
2895 4951 3293 5009 misericordias
3312 4967 3435 5009 suas
3456 4950 3519 5024 ¹²,
3534 4968 3643 5028 per
3670 4959 3841 5026 Ange-

2318 5047 2411 5105 los
2435 5045 2572 5105 facit
2595 5061 2707 5104 nos
2732 5043 3008 5104 excitari:
3039 5044 3200 5104 unde
3221 5046 3483 5118 jacentes
3512 5046 3577 5104 in
3602 5046 3839 5121 peccatis

2319 5220 2448 5267 tom.
2483 5217 2550 5267 V.
2586 5245 2649 5256 —
2679 5216 2702 5252 ὅ
2733 5215 2936 5280 ΕρΙιεε.,
2978 5226 3055 5278 ιἰ,
3096 5217 3172 5264 ¹2.
3208 5239 3268 5251 -
3305 5216 3324 5245 ⁸
3368 5216 3383 5263 Ι
3430 5216 3588 5275 Patr..
3636 5228 3685 5280 v,
3717 5219 3761 5267 8.
3785 5241 3838 5252 —

2323 5292 2342 5319 ⁸
2366 5288 2490 5349 lob,
2533 5300 2653 5352 xm,
2690 5291 2770 5339 24.
2797 5314 2860 5325 —
2893 5289 2915 5324 '¹
2949 5287 3100 5347 Dan„
3134 5297 3211 5349 vr,
3241 5288 3322 5336 22.
3357 5314 3411 5323 —
3447 5288 3467 5317 ⁸
3492 5287 3629 5338 Psal.
3658 5299 3836 5347 urm,

2324 5363 2399 5412 ¹9.
2431 5385 2490 5399 —
2524 5361 2547 5396 ⁸
2576 5359 2711 5421 rob„
2739 5371 2828 5423 ιιι,
2856 5363 2886 5410 8
2913 5362 2966 5410 et
2990 5372 3099 5422 seq.
3128 5383 3192 5396 —
3215 5359 3260 5397 ¹⁰
3283 5358 3487 5420 Iudith,
3515 5372 3640 5424 1111,
3682 5362 3755 5411 2⁰.
3783 5384 3836 5397 -

2325 5435 2360 5466 ¹¹
2385 5433 2547 5495 Joan„
2579 5444 2690 5496 vm,
2712 5436 2790 5483 ³4.
2820 5456 2881 5471 -
2911 5431 2946 5471 ¹²
2969 5429 3103 5482 Psal.
3133 5441 3309 5489 mvl.
3332 5434 3411 5483 10.
