<?xml version="1.0" encoding="UTF-8"?>
<!DOCTYPE html PUBLIC "-//W3C//DTD XHTML 1.0 Transitional//EN"
    "http://www.w3.org/TR/xhtml1/DTD/xhtml1-transitional.dtd">
<html xmlns="http://www.w3.org/1999/xhtml" xml:lang="en" lang="en">
 <head>
  <title>
</title>
<meta http-equiv="Content-Type" content="text/html;charset=utf-8" />
  <meta name='ocr-system' content='tesseract 3.04.00' />
  <meta name='ocr-capabilities' content='ocr_page ocr_carea ocr_par ocr_line ocrx_word'/>
</head>
<body>
  <div class='ocr_page' id='page_1' title='image "./srecardinalissb02peltgoog_0422.png"; bbox 0 0 4059 6317; ppageno 0'>
   <div class='ocr_carea' id='block_1_1' title="bbox 620 435 739 502">
    <p class='ocr_par' dir='ltr' id='par_1_1' title="bbox 620 435 739 502">
     <span class='ocr_line' id='line_1_1' title="bbox 620 435 739 502; baseline 0 0"><span class='ocrx_word' id='word_1_1' title='bbox 620 435 739 502; x_wconf 68' lang='lat'>382</span> 
     </span>
    </p>
   </div>
   <div class='ocr_carea' id='block_1_2' title="bbox 616 568 2166 1089">
    <p class='ocr_par' dir='ltr' id='par_1_2' title="bbox 616 568 2166 1089">
     <span class='ocr_line' id='line_1_2' title="bbox 616 568 2160 656; baseline 0.001 -20"><span class='ocrx_word' id='word_1_2' title='bbox 616 587 790 650; x_wconf 76' lang='lat' dir='ltr'>ruffi,</span> <span class='ocrx_word' id='word_1_3' title='bbox 817 568 1129 638; x_wconf 74' lang='lat' dir='ltr'>convertit</span> <span class='ocrx_word' id='word_1_4' title='bbox 1151 569 1376 636; x_wconf 71' lang='lat' dir='ltr'>facim</span> <span class='ocrx_word' id='word_1_5' title='bbox 1400 588 1585 637; x_wconf 76' lang='lat' dir='ltr'>suam</span> <span class='ocrx_word' id='word_1_6' title='bbox 1620 572 1701 638; x_wconf 79' lang='lat' dir='ltr'>ad</span> <span class='ocrx_word' id='word_1_7' title='bbox 1729 573 2067 656; x_wconf 88' lang='lat' dir='ltr'>parietem,</span> <span class='ocrx_word' id='word_1_8' title='bbox 2093 578 2160 638; x_wconf 71' lang='lat' dir='ltr'>et</span> 
     </span>
     <span class='ocr_line' id='line_1_3' title="bbox 618 677 2163 764; baseline 0.002 -22"><span class='ocrx_word' id='word_1_9' title='bbox 618 677 798 743; x_wconf 82' lang='lat' dir='ltr'>flevit</span> <span class='ocrx_word' id='word_1_10' title='bbox 821 678 979 744; x_wconf 88' lang='lat' dir='ltr'>fletu</span> <span class='ocrx_word' id='word_1_11' title='bbox 1001 697 1266 761; x_wconf 86' lang='lat' dir='ltr'>magno,</span> <span class='ocrx_word' id='word_1_12' title='bbox 1295 683 1368 745; x_wconf 88' lang='lat' dir='ltr'>ut</span> <span class='ocrx_word' id='word_1_13' title='bbox 1392 680 1625 746; x_wconf 87' lang='lat' dir='ltr'>dicitur</span> <span class='ocrx_word' id='word_1_14' title='bbox 1642 683 1688 746; x_wconf 92' lang='lat'>¹.</span> <span class='ocrx_word' id='word_1_15' title='bbox 1720 681 1937 747; x_wconf 89' lang='lat' dir='ltr'>Paries</span> <span class='ocrx_word' id='word_1_16' title='bbox 1957 683 2163 764; x_wconf 89' lang='lat' dir='ltr'>signi-</span> 
     </span>
     <span class='ocr_line' id='line_1_4' title="bbox 618 785 2165 872; baseline 0.004 -24"><span class='ocrx_word' id='word_1_17' title='bbox 618 785 761 850; x_wconf 80' lang='lat' dir='ltr'>ficat</span> <span class='ocrx_word' id='word_1_18' title='bbox 789 787 1221 868; x_wconf 83' lang='lat' dir='ltr'>poenitentiam</span> <span class='ocrx_word' id='word_1_19' title='bbox 1248 790 1508 871; x_wconf 82' lang='lat' dir='ltr'>peccati,</span> <span class='ocrx_word' id='word_1_20' title='bbox 1541 791 1710 872; x_wconf 89' lang='lat' dir='ltr'>quod</span> <span class='ocrx_word' id='word_1_21' title='bbox 1739 790 1970 856; x_wconf 86' lang='lat' dir='ltr'>dividit</span> <span class='ocrx_word' id='word_1_22' title='bbox 1997 792 2165 854; x_wconf 86' lang='lat' dir='ltr'>inter</span> 
     </span>
     <span class='ocr_line' id='line_1_5' title="bbox 618 893 2166 979; baseline 0.004 -23"><span class='ocrx_word' id='word_1_23' title='bbox 618 910 736 957; x_wconf 84' lang='lat' dir='ltr'>nos</span> <span class='ocrx_word' id='word_1_24' title='bbox 761 896 826 957; x_wconf 84' lang='lat' dir='ltr'>et</span> <span class='ocrx_word' id='word_1_25' title='bbox 853 893 1077 959; x_wconf 89' lang='lat' dir='ltr'>Deum.</span> <span class='ocrx_word' id='word_1_26' title='bbox 1109 893 1231 972; x_wconf 84' lang='lat' dir='ltr'>Qui</span> <span class='ocrx_word' id='word_1_27' title='bbox 1258 896 1455 960; x_wconf 89' lang='lat' dir='ltr'>istum</span> <span class='ocrx_word' id='word_1_28' title='bbox 1487 896 1794 979; x_wconf 82' lang='lat' dir='ltr'>parietem</span> <span class='ocrx_word' id='word_1_29' title='bbox 1835 915 2034 963; x_wconf 89' lang='lat' dir='ltr'>manu</span> <span class='ocrx_word' id='word_1_30' title='bbox 2070 902 2166 962; x_wconf 79' lang='lat' dir='ltr'>to-</span> 
     </span>
     <span class='ocr_line' id='line_1_6' title="bbox 617 1000 2164 1089; baseline 0.003 -25"><span class='ocrx_word' id='word_1_31' title='bbox 617 1000 854 1082; x_wconf 85' lang='lat' dir='ltr'>tigerit,</span> <span class='ocrx_word' id='word_1_32' title='bbox 883 1001 1094 1085; x_wconf 84' lang='lat' dir='ltr'>ipsum</span> <span class='ocrx_word' id='word_1_33' title='bbox 1121 1004 1379 1087; x_wconf 91' lang='lat' dir='ltr'>propria</span> <span class='ocrx_word' id='word_1_34' title='bbox 1405 1004 1812 1086; x_wconf 85' lang='lat' dir='ltr'>conscientia,</span> <span class='ocrx_word' id='word_1_35' title='bbox 1855 1008 2164 1089; x_wconf 87' lang='lat' dir='ltr'>tanquam</span> 
     </span>
    </p>
   </div>
   <div class='ocr_carea' id='block_1_3' title="bbox 523 1109 2166 1192">
    <p class='ocr_par' dir='ltr' id='par_1_3' title="bbox 523 1109 2166 1192">
     <span class='ocr_line' id='line_1_7' title="bbox 523 1109 2166 1192; baseline 0.005 -21"><span class='ocrx_word' id='word_1_36' title='bbox 523 1119 534 1130; x_wconf 91' lang='lat'><strong>·</strong></span> <span class='ocrx_word' id='word_1_37' title='bbox 620 1125 899 1191; x_wconf 85' lang='lat' dir='ltr'>serpens,</span> <span class='ocrx_word' id='word_1_38' title='bbox 919 1109 989 1172; x_wconf 91' lang='lat' dir='ltr'>in</span> <span class='ocrx_word' id='word_1_39' title='bbox 1007 1114 1211 1175; x_wconf 85' lang='lat' dir='ltr'>morte</span> <span class='ocrx_word' id='word_1_40' title='bbox 1224 1129 1354 1178; x_wconf 82' lang='lat' dir='ltr'>non</span> <span class='ocrx_word' id='word_1_41' title='bbox 1368 1112 1685 1178; x_wconf 83' lang='lat' dir='ltr'>mordebit</span> <span class='ocrx_word' id='word_1_42' title='bbox 1698 1114 1722 1148; x_wconf 82' lang='lat'><strong>¹</strong></span> <span class='ocrx_word' id='word_1_43' title='bbox 1745 1135 1760 1177; x_wconf 77' lang='lat' dir='ltr'><strong><em>z</em></strong></span> <span class='ocrx_word' id='word_1_44' title='bbox 1785 1137 1816 1174; x_wconf 72' lang='lat' dir='ltr'>a</span> <span class='ocrx_word' id='word_1_45' title='bbox 1835 1113 2166 1192; x_wconf 86' lang='lat' dir='ltr'>Quomodo</span> 
     </span>
    </p>
   </div>
   <div class='ocr_carea' id='block_1_4' title="bbox 621 1215 2173 1842">
    <p class='ocr_par' dir='ltr' id='par_1_4' title="bbox 621 1215 2173 1842">
     <span class='ocr_line' id='line_1_8' title="bbox 621 1215 2167 1298; baseline 0.003 -20"><span class='ocrx_word' id='word_1_46' title='bbox 621 1215 675 1278; x_wconf 90' lang='lat' dir='ltr'>si</span> <span class='ocrx_word' id='word_1_47' title='bbox 705 1216 915 1297; x_wconf 79' lang='lat' dir='ltr'>fugiat</span> <span class='ocrx_word' id='word_1_48' title='bbox 941 1218 1043 1283; x_wconf 87' lang='lat' dir='ltr'>vir</span> <span class='ocrx_word' id='word_1_49' title='bbox 1069 1235 1108 1281; x_wconf 89' lang='lat' dir='ltr'>a</span> <span class='ocrx_word' id='word_1_50' title='bbox 1130 1217 1286 1282; x_wconf 77' lang='lat' dir='ltr'>facie</span> <span class='ocrx_word' id='word_1_51' title='bbox 1312 1217 1538 1298; x_wconf 88' lang='lat' dir='ltr'>leonis,</span> <span class='ocrx_word' id='word_1_52' title='bbox 1563 1223 1631 1283; x_wconf 91' lang='lat' dir='ltr'>et</span> <span class='ocrx_word' id='word_1_53' title='bbox 1654 1224 1946 1285; x_wconf 88' lang='lat' dir='ltr'>occurrat</span> <span class='ocrx_word' id='word_1_54' title='bbox 1971 1219 2031 1283; x_wconf 92' lang='lat' dir='ltr'>ei</span> <span class='ocrx_word' id='word_1_55' title='bbox 2057 1237 2167 1285; x_wconf 89' lang='lat' dir='ltr'>ur-</span> 
     </span>
     <span class='ocr_line' id='line_1_9' title="bbox 622 1325 2169 1411; baseline 0.003 -23"><span class='ocrx_word' id='word_1_56' title='bbox 622 1343 758 1402; x_wconf 79' lang='lat' dir='ltr'>sus,</span> <span class='ocrx_word' id='word_1_57' title='bbox 784 1329 848 1389; x_wconf 89' lang='lat' dir='ltr'>et</span> <span class='ocrx_word' id='word_1_58' title='bbox 876 1325 1276 1408; x_wconf 79' lang='lat' dir='ltr'>ingrediatur</span> <span class='ocrx_word' id='word_1_59' title='bbox 1295 1327 1563 1392; x_wconf 90' lang='lat' dir='ltr'>domum</span> <span class='ocrx_word' id='word_1_60' title='bbox 1586 1330 1749 1411; x_wconf 73' lang='lat' dir='ltr'>eJus,</span> <span class='ocrx_word' id='word_1_61' title='bbox 1773 1333 1837 1393; x_wconf 90' lang='lat' dir='ltr'>et</span> <span class='ocrx_word' id='word_1_62' title='bbox 1854 1329 2169 1393; x_wconf 89' lang='lat' dir='ltr'>innitatur</span> 
     </span>
     <span class='ocr_line' id='line_1_10' title="bbox 624 1436 2171 1518; baseline 0.001 -18"><span class='ocrx_word' id='word_1_63' title='bbox 624 1453 821 1500; x_wconf 87' lang='lat' dir='ltr'>manu</span> <span class='ocrx_word' id='word_1_64' title='bbox 849 1453 1042 1518; x_wconf 88' lang='lat' dir='ltr'>super</span> <span class='ocrx_word' id='word_1_65' title='bbox 1060 1436 1392 1518; x_wconf 88' lang='lat' dir='ltr'>parietem,</span> <span class='ocrx_word' id='word_1_66' title='bbox 1421 1441 1486 1501; x_wconf 82' lang='lat' dir='ltr'>et</span> <span class='ocrx_word' id='word_1_67' title='bbox 1511 1436 1801 1501; x_wconf 88' lang='lat' dir='ltr'>mordeat</span> <span class='ocrx_word' id='word_1_68' title='bbox 1823 1455 1978 1502; x_wconf 90' lang='lat' dir='ltr'>eum</span> <span class='ocrx_word' id='word_1_69' title='bbox 2001 1438 2171 1503; x_wconf 88' lang='lat' dir='ltr'>colu-</span> 
     </span>
     <span class='ocr_line' id='line_1_11' title="bbox 622 1541 2173 1627; baseline 0.003 -21"><span class='ocrx_word' id='word_1_70' title='bbox 622 1541 758 1610; x_wconf 87' lang='lat' dir='ltr'>ber.</span> <span class='ocrx_word' id='word_1_71' title='bbox 789 1563 821 1602; x_wconf 76' lang='lat' dir='ltr'>n</span> <span class='ocrx_word' id='word_1_72' title='bbox 855 1541 981 1609; x_wconf 92' lang='lat' dir='ltr'>Leo</span> <span class='ocrx_word' id='word_1_73' title='bbox 1003 1547 1098 1608; x_wconf 87' lang='lat' dir='ltr'>est</span> <span class='ocrx_word' id='word_1_74' title='bbox 1114 1544 1352 1627; x_wconf 84' lang='lat' dir='ltr'>judex3</span> <span class='ocrx_word' id='word_1_75' title='bbox 1384 1551 1577 1609; x_wconf 85' lang='lat' dir='ltr'>ursus</span> <span class='ocrx_word' id='word_1_76' title='bbox 1598 1549 1696 1610; x_wconf 85' lang='lat' dir='ltr'>est</span> <span class='ocrx_word' id='word_1_77' title='bbox 1713 1545 2002 1611; x_wconf 87' lang='lat' dir='ltr'>diabolus</span> <span class='ocrx_word' id='word_1_78' title='bbox 2025 1566 2043 1626; x_wconf 91' lang='lat'>;</span> <span class='ocrx_word' id='word_1_79' title='bbox 2073 1563 2173 1610; x_wconf 88' lang='lat' dir='ltr'>co-</span> 
     </span>
     <span class='ocr_line' id='line_1_12' title="bbox 623 1648 2169 1735; baseline 0.003 -22"><span class='ocrx_word' id='word_1_80' title='bbox 623 1648 833 1728; x_wconf 85' lang='lat' dir='ltr'>luber,</span> <span class='ocrx_word' id='word_1_81' title='bbox 866 1655 942 1716; x_wconf 88' lang='lat' dir='ltr'>ut</span> <span class='ocrx_word' id='word_1_82' title='bbox 977 1650 1128 1715; x_wconf 88' lang='lat' dir='ltr'>dicit</span> <span class='ocrx_word' id='word_1_83' title='bbox 1153 1649 1395 1731; x_wconf 88' lang='lat' dir='ltr'>Glossa,</span> <span class='ocrx_word' id='word_1_84' title='bbox 1425 1656 1521 1716; x_wconf 87' lang='lat' dir='ltr'>est</span> <span class='ocrx_word' id='word_1_85' title='bbox 1548 1653 1808 1735; x_wconf 88' lang='lat' dir='ltr'>propria</span> <span class='ocrx_word' id='word_1_86' title='bbox 1841 1654 2169 1718; x_wconf 89' lang='lat' dir='ltr'>conscien-</span> 
     </span>
     <span class='ocr_line' id='line_1_13' title="bbox 624 1759 2168 1842; baseline 0.003 -18"><span class='ocrx_word' id='word_1_87' title='bbox 624 1759 750 1824; x_wconf 85' lang='lat' dir='ltr'>tia:</span> <span class='ocrx_word' id='word_1_88' title='bbox 773 1776 888 1842; x_wconf 86' lang='lat' dir='ltr'>per</span> <span class='ocrx_word' id='word_1_89' title='bbox 909 1759 1097 1824; x_wconf 88' lang='lat' dir='ltr'>istam</span> <span class='ocrx_word' id='word_1_90' title='bbox 1125 1759 1297 1824; x_wconf 90' lang='lat' dir='ltr'>enim</span> <span class='ocrx_word' id='word_1_91' title='bbox 1327 1762 1608 1824; x_wconf 89' lang='lat' dir='ltr'>arctatur</span> <span class='ocrx_word' id='word_1_92' title='bbox 1634 1759 1831 1826; x_wconf 89' lang='lat' dir='ltr'>homo</span> <span class='ocrx_word' id='word_1_93' title='bbox 1851 1760 1922 1826; x_wconf 90' lang='lat' dir='ltr'>in</span> <span class='ocrx_word' id='word_1_94' title='bbox 1940 1765 2168 1828; x_wconf 87' lang='lat' dir='ltr'>morte.</span> 
     </span>
    </p>
   </div>
   <div class='ocr_carea' id='block_1_5' title="bbox 1167 1938 1619 2010">
    <p class='ocr_par' dir='ltr' id='par_1_5' title="bbox 1167 1938 1619 2010">
     <span class='ocr_line' id='line_1_14' title="bbox 1167 1938 1619 2010; baseline 0 -1"><span class='ocrx_word' id='word_1_95' title='bbox 1167 1938 1458 2010; x_wconf 81' lang='lat' dir='ltr'>SERMO</span> <span class='ocrx_word' id='word_1_96' title='bbox 1501 1940 1619 2009; x_wconf 84' lang='grc' dir='ltr'>ΠΙ.</span> 
     </span>
    </p>
   </div>
   <div class='ocr_carea' id='block_1_6' title="bbox 628 2082 2180 2922">
    <p class='ocr_par' dir='ltr' id='par_1_6' title="bbox 628 2082 2180 2922">
     <span class='ocr_line' id='line_1_15' title="bbox 712 2082 2176 2167; baseline 0.002 -18"><span class='ocrx_word' id='word_1_97' title='bbox 712 2082 1210 2151; x_wconf 75' lang='lat' dir='ltr'>circumdabunt</span> <span class='ocrx_word' id='word_1_98' title='bbox 1236 2089 1321 2162; x_wconf 80' lang='lat' dir='ltr'>te,</span> <span class='ocrx_word' id='word_1_99' title='bbox 1352 2090 1412 2151; x_wconf 81' lang='lat' dir='ltr'>et</span> <span class='ocrx_word' id='word_1_100' title='bbox 1434 2084 1948 2167; x_wconf 62' lang='lat' dir='ltr'>coangustabunt</span> <span class='ocrx_word' id='word_1_101' title='bbox 1967 2090 2029 2154; x_wconf 83' lang='lat' dir='ltr'>te</span> <span class='ocrx_word' id='word_1_102' title='bbox 2049 2102 2176 2152; x_wconf 80' lang='lat' dir='ltr'>un-</span> 
     </span>
     <span class='ocr_line' id='line_1_16' title="bbox 629 2190 2171 2274; baseline 0.001 -16"><span class='ocrx_word' id='word_1_103' title='bbox 629 2191 823 2270; x_wconf 76' lang='lat' dir='ltr'>dique</span> <span class='ocrx_word' id='word_1_104' title='bbox 866 2191 910 2256; x_wconf 84' lang='lat'>⁸.</span> <span class='ocrx_word' id='word_1_105' title='bbox 949 2190 1227 2271; x_wconf 82' lang='lat' dir='ltr'>Inimici,</span> <span class='ocrx_word' id='word_1_106' title='bbox 1284 2192 1397 2274; x_wconf 89' lang='lat' dir='ltr'>qui</span> <span class='ocrx_word' id='word_1_107' title='bbox 1449 2193 1789 2258; x_wconf 75' lang='lat' dir='ltr'>animabus</span> <span class='ocrx_word' id='word_1_108' title='bbox 1833 2194 2171 2259; x_wconf 88' lang='lat' dir='ltr'>hominum</span> 
     </span>
     <span class='ocr_line' id='line_1_17' title="bbox 628 2300 2176 2387; baseline 0.001 -21"><span class='ocrx_word' id='word_1_109' title='bbox 628 2301 750 2366; x_wconf 77' lang='lat' dir='ltr'>ista</span> <span class='ocrx_word' id='word_1_110' title='bbox 791 2300 964 2365; x_wconf 86' lang='lat' dir='ltr'>mala</span> <span class='ocrx_word' id='word_1_111' title='bbox 999 2301 1250 2381; x_wconf 78' lang='lat' dir='ltr'>facient,</span> <span class='ocrx_word' id='word_1_112' title='bbox 1289 2301 1614 2367; x_wconf 84' lang='lat' dir='ltr'>daemones</span> <span class='ocrx_word' id='word_1_113' title='bbox 1655 2307 1804 2367; x_wconf 90' lang='lat' dir='ltr'>sunt</span> <span class='ocrx_word' id='word_1_114' title='bbox 1834 2324 1850 2367; x_wconf 71' lang='grc' dir='ltr'><strong><em>τ</em></strong></span> <span class='ocrx_word' id='word_1_115' title='bbox 1892 2304 2006 2387; x_wconf 74' lang='lat' dir='ltr'>qui</span> <span class='ocrx_word' id='word_1_116' title='bbox 2034 2304 2176 2368; x_wconf 89' lang='lat' dir='ltr'>ani-</span> 
     </span>
     <span class='ocr_line' id='line_1_18' title="bbox 630 2408 2174 2492; baseline 0.001 -19"><span class='ocrx_word' id='word_1_117' title='bbox 630 2426 770 2473; x_wconf 86' lang='lat' dir='ltr'>mas</span> <span class='ocrx_word' id='word_1_118' title='bbox 804 2408 1202 2473; x_wconf 81' lang='lat' dir='ltr'>circumdant</span> <span class='ocrx_word' id='word_1_119' title='bbox 1230 2409 1299 2473; x_wconf 92' lang='lat' dir='ltr'>in</span> <span class='ocrx_word' id='word_1_120' title='bbox 1342 2410 1607 2490; x_wconf 87' lang='lat' dir='ltr'>mundo,</span> <span class='ocrx_word' id='word_1_121' title='bbox 1648 2414 2078 2492; x_wconf 81' lang='lat' dir='ltr'>coangustant</span> <span class='ocrx_word' id='word_1_122' title='bbox 2106 2412 2174 2475; x_wconf 89' lang='lat' dir='ltr'>in</span> 
     </span>
     <span class='ocr_line' id='line_1_19' title="bbox 631 2518 2174 2600; baseline 0.001 -19"><span class='ocrx_word' id='word_1_123' title='bbox 631 2520 942 2595; x_wconf 83' lang='lat' dir='ltr'>extremo,</span> <span class='ocrx_word' id='word_1_124' title='bbox 990 2520 1401 2600; x_wconf 88' lang='lat' dir='ltr'>prosternunt</span> <span class='ocrx_word' id='word_1_125' title='bbox 1449 2518 1519 2580; x_wconf 92' lang='lat' dir='ltr'>in</span> <span class='ocrx_word' id='word_1_126' title='bbox 1557 2518 1830 2583; x_wconf 88' lang='lat' dir='ltr'>inferno.</span> <span class='ocrx_word' id='word_1_127' title='bbox 1888 2518 2174 2583; x_wconf 88' lang='lat' dir='ltr'>Circum-</span> 
     </span>
     <span class='ocr_line' id='line_1_20' title="bbox 631 2623 2176 2708; baseline 0.001 -21"><span class='ocrx_word' id='word_1_128' title='bbox 631 2623 784 2687; x_wconf 90' lang='lat' dir='ltr'>dant</span> <span class='ocrx_word' id='word_1_129' title='bbox 819 2623 887 2688; x_wconf 91' lang='lat' dir='ltr'>in</span> <span class='ocrx_word' id='word_1_130' title='bbox 923 2625 1311 2702; x_wconf 81' lang='lat' dir='ltr'>tentatione3</span> <span class='ocrx_word' id='word_1_131' title='bbox 1351 2627 1779 2706; x_wconf 80' lang='lat' dir='ltr'>coangustant</span> <span class='ocrx_word' id='word_1_132' title='bbox 1816 2624 1883 2689; x_wconf 91' lang='lat' dir='ltr'>in</span> <span class='ocrx_word' id='word_1_133' title='bbox 1916 2625 2176 2708; x_wconf 85' lang='lat' dir='ltr'>expira-</span> 
     </span>
     <span class='ocr_line' id='line_1_21' title="bbox 631 2729 2180 2815; baseline 0.002 -22"><span class='ocrx_word' id='word_1_134' title='bbox 631 2731 839 2811; x_wconf 88' lang='lat' dir='ltr'>tione;</span> <span class='ocrx_word' id='word_1_135' title='bbox 871 2734 1281 2814; x_wconf 88' lang='lat' dir='ltr'>prosternunt</span> <span class='ocrx_word' id='word_1_136' title='bbox 1304 2729 1375 2794; x_wconf 91' lang='lat' dir='ltr'>in</span> <span class='ocrx_word' id='word_1_137' title='bbox 1396 2731 1825 2796; x_wconf 85' lang='lat' dir='ltr'>damnatione.</span> <span class='ocrx_word' id='word_1_138' title='bbox 1849 2731 2027 2796; x_wconf 88' lang='lat' dir='ltr'>Circa</span> <span class='ocrx_word' id='word_1_139' title='bbox 2054 2732 2180 2815; x_wconf 89' lang='lat' dir='ltr'>pri-</span> 
     </span>
     <span class='ocr_line' id='line_1_22' title="bbox 633 2837 2179 2922; baseline 0.001 -20"><span class='ocrx_word' id='word_1_140' title='bbox 633 2855 838 2917; x_wconf 89' lang='lat' dir='ltr'>mum,</span> <span class='ocrx_word' id='word_1_141' title='bbox 881 2841 1035 2902; x_wconf 90' lang='lat' dir='ltr'>nota</span> <span class='ocrx_word' id='word_1_142' title='bbox 1070 2855 1268 2920; x_wconf 87' lang='lat' dir='ltr'>quam</span> <span class='ocrx_word' id='word_1_143' title='bbox 1311 2837 1742 2921; x_wconf 89' lang='lat' dir='ltr'>periculosum</span> <span class='ocrx_word' id='word_1_144' title='bbox 1779 2839 1881 2918; x_wconf 87' lang='lat' dir='ltr'>sit,</span> <span class='ocrx_word' id='word_1_145' title='bbox 1923 2840 2179 2922; x_wconf 90' lang='lat' dir='ltr'>quando</span> 
     </span>
    </p>
   </div>
   <div class='ocr_carea' id='block_1_7' title="bbox 633 2939 2214 3026">
    <p class='ocr_par' dir='ltr' id='par_1_7' title="bbox 633 2939 2214 3026">
     <span class='ocr_line' id='line_1_23' title="bbox 633 2939 2214 3026; baseline 0.001 -17"><span class='ocrx_word' id='word_1_146' title='bbox 633 2944 829 3010; x_wconf 90' lang='lat' dir='ltr'>homo</span> <span class='ocrx_word' id='word_1_147' title='bbox 851 2945 1284 3010; x_wconf 89' lang='lat' dir='ltr'>circumdatur</span> <span class='ocrx_word' id='word_1_148' title='bbox 1299 2945 1612 3026; x_wconf 86' lang='lat' dir='ltr'>hostibus,</span> <span class='ocrx_word' id='word_1_149' title='bbox 1642 2950 1704 3010; x_wconf 90' lang='lat' dir='ltr'>et</span> <span class='ocrx_word' id='word_1_150' title='bbox 1729 2946 2053 3025; x_wconf 90' lang='lat' dir='ltr'>fluctibus,</span> <span class='ocrx_word' id='word_1_151' title='bbox 2074 2946 2181 3012; x_wconf 85' lang='lat' dir='ltr'>vel</span> <span class='ocrx_word' id='word_1_152' title='bbox 2207 2939 2214 2951; x_wconf 62' lang='lat'>⁸</span> 
     </span>
    </p>
   </div>
   <div class='ocr_carea' id='block_1_8' title="bbox 633 3051 2184 5368">
    <p class='ocr_par' dir='ltr' id='par_1_8' title="bbox 633 3051 2184 5079">
     <span class='ocr_line' id='line_1_24' title="bbox 634 3051 2181 3136; baseline 0.003 -22"><span class='ocrx_word' id='word_1_153' title='bbox 634 3051 901 3133; x_wconf 82' lang='lat' dir='ltr'>ignibus</span> <span class='ocrx_word' id='word_1_154' title='bbox 948 3071 964 3115; x_wconf 73' lang='grc' dir='ltr'><strong>ε</strong></span> <span class='ocrx_word' id='word_1_155' title='bbox 1014 3056 1078 3116; x_wconf 90' lang='lat' dir='ltr'>et</span> <span class='ocrx_word' id='word_1_156' title='bbox 1118 3056 1288 3117; x_wconf 85' lang='lat' dir='ltr'>certe</span> <span class='ocrx_word' id='word_1_157' title='bbox 1330 3053 1564 3118; x_wconf 87' lang='lat' dir='ltr'>misera</span> <span class='ocrx_word' id='word_1_158' title='bbox 1617 3054 1838 3117; x_wconf 88' lang='lat' dir='ltr'>anima</span> <span class='ocrx_word' id='word_1_159' title='bbox 1897 3054 2181 3136; x_wconf 83' lang='lat' dir='ltr'>quotidie</span> 
     </span>
     <span class='ocr_line' id='line_1_25' title="bbox 635 3157 2181 3241; baseline 0.003 -20"><span class='ocrx_word' id='word_1_160' title='bbox 635 3157 1064 3223; x_wconf 88' lang='lat' dir='ltr'>circumdatur</span> <span class='ocrx_word' id='word_1_161' title='bbox 1093 3159 1350 3223; x_wconf 88' lang='lat' dir='ltr'>inimica</span> <span class='ocrx_word' id='word_1_162' title='bbox 1376 3159 1794 3241; x_wconf 85' lang='lat' dir='ltr'>malignitate,</span> <span class='ocrx_word' id='word_1_163' title='bbox 1819 3160 2044 3225; x_wconf 92' lang='lat' dir='ltr'>mundi</span> <span class='ocrx_word' id='word_1_164' title='bbox 2062 3160 2181 3225; x_wconf 90' lang='lat' dir='ltr'>flu-</span> 
     </span>
     <span class='ocr_line' id='line_1_26' title="bbox 635 3266 2178 3350; baseline 0.001 -20"><span class='ocrx_word' id='word_1_165' title='bbox 635 3269 858 3330; x_wconf 85' lang='lat' dir='ltr'>ctuosa</span> <span class='ocrx_word' id='word_1_166' title='bbox 896 3270 1290 3350; x_wconf 70' lang='lat' dir='ltr'>tempestate,</span> <span class='ocrx_word' id='word_1_167' title='bbox 1335 3266 1546 3331; x_wconf 89' lang='lat' dir='ltr'>carnis</span> <span class='ocrx_word' id='word_1_168' title='bbox 1593 3266 1786 3349; x_wconf 90' lang='lat' dir='ltr'>ignea</span> <span class='ocrx_word' id='word_1_169' title='bbox 1828 3266 2178 3349; x_wconf 85' lang='lat' dir='ltr'>voluptate.</span> 
     </span>
     <span class='ocr_line' id='line_1_27' title="bbox 634 3375 2181 3459; baseline 0.001 -18"><span class='ocrx_word' id='word_1_170' title='bbox 634 3375 722 3441; x_wconf 85' lang='lat' dir='ltr'>De</span> <span class='ocrx_word' id='word_1_171' title='bbox 743 3377 975 3459; x_wconf 85' lang='lat' dir='ltr'>primo,</span> <span class='ocrx_word' id='word_1_172' title='bbox 1008 3376 1303 3444; x_wconf 87' lang='lat' dir='ltr'>Psalmus</span> <span class='ocrx_word' id='word_1_173' title='bbox 1327 3376 1350 3412; x_wconf 72' lang='lat'>⁸</span> <span class='ocrx_word' id='word_1_174' title='bbox 1380 3395 1398 3440; x_wconf 89' lang='lat'>:</span> <span class='ocrx_word' id='word_1_175' title='bbox 1433 3399 1465 3437; x_wconf 72' lang='grc' dir='ltr'>α</span> <span class='ocrx_word' id='word_1_176' title='bbox 1483 3376 2044 3442; x_wconf 86' lang='lat' dir='ltr'>Circumdederunt</span> <span class='ocrx_word' id='word_1_177' title='bbox 2076 3396 2181 3443; x_wconf 85' lang='lat' dir='ltr'>mc</span> 
     </span>
     <span class='ocr_line' id='line_1_28' title="bbox 634 3484 2180 3567; baseline 0.002 -20"><span class='ocrx_word' id='word_1_178' title='bbox 634 3484 1058 3564; x_wconf 79' lang='lat' dir='ltr'>canesmulti,</span> <span class='ocrx_word' id='word_1_179' title='bbox 1090 3484 1431 3549; x_wconf 90' lang='lat' dir='ltr'>concilium</span> <span class='ocrx_word' id='word_1_180' title='bbox 1462 3484 1956 3567; x_wconf 83' lang='lat' dir='ltr'>malignantium</span> <span class='ocrx_word' id='word_1_181' title='bbox 1995 3485 2180 3550; x_wconf 89' lang='lat' dir='ltr'>obse-</span> 
     </span>
     <span class='ocr_line' id='line_1_29' title="bbox 634 3590 2177 3673; baseline 0.001 -17"><span class='ocrx_word' id='word_1_182' title='bbox 634 3591 728 3656; x_wconf 89' lang='lat' dir='ltr'>dit</span> <span class='ocrx_word' id='word_1_183' title='bbox 754 3610 879 3656; x_wconf 92' lang='lat' dir='ltr'>me.</span> <span class='ocrx_word' id='word_1_184' title='bbox 908 3614 940 3652; x_wconf 66' lang='lat' dir='ltr'>s</span> <span class='ocrx_word' id='word_1_185' title='bbox 976 3592 1174 3658; x_wconf 85' lang='lat' dir='ltr'>Canes</span> <span class='ocrx_word' id='word_1_186' title='bbox 1192 3590 1640 3673; x_wconf 84' lang='lat' dir='ltr'>malignantes,</span> <span class='ocrx_word' id='word_1_187' title='bbox 1664 3595 1814 3656; x_wconf 88' lang='lat' dir='ltr'>sunt</span> <span class='ocrx_word' id='word_1_188' title='bbox 1830 3592 2177 3672; x_wconf 61' lang='lat' dir='ltr'>daemones,</span> 
     </span>
     <span class='ocr_line' id='line_1_30' title="bbox 634 3698 2178 3783; baseline 0.001 -21"><span class='ocrx_word' id='word_1_189' title='bbox 634 3699 750 3782; x_wconf 89' lang='lat' dir='ltr'>qui</span> <span class='ocrx_word' id='word_1_190' title='bbox 777 3698 922 3783; x_wconf 90' lang='lat' dir='ltr'>plus</span> <span class='ocrx_word' id='word_1_191' title='bbox 946 3700 1233 3765; x_wconf 85' lang='lat' dir='ltr'>animam</span> <span class='ocrx_word' id='word_1_192' title='bbox 1259 3703 1461 3779; x_wconf 88' lang='lat' dir='ltr'>tuam,</span> <span class='ocrx_word' id='word_1_193' title='bbox 1495 3717 1689 3782; x_wconf 92' lang='lat' dir='ltr'>quam</span> <span class='ocrx_word' id='word_1_194' title='bbox 1728 3717 1915 3764; x_wconf 89' lang='lat' dir='ltr'>canes</span> <span class='ocrx_word' id='word_1_195' title='bbox 1951 3701 2178 3780; x_wconf 82' lang='lat' dir='ltr'>feram,</span> 
     </span>
     <span class='ocr_line' id='line_1_31' title="bbox 634 3807 2177 3890; baseline 0.003 -18"><span class='ocrx_word' id='word_1_196' title='bbox 634 3812 1123 3890; x_wconf 77' lang='lat' dir='ltr'>persequuntur.</span> <span class='ocrx_word' id='word_1_197' title='bbox 1156 3807 1328 3872; x_wconf 92' lang='lat' dir='ltr'>Bene</span> <span class='ocrx_word' id='word_1_198' title='bbox 1358 3813 1574 3872; x_wconf 89' lang='lat' dir='ltr'>autem</span> <span class='ocrx_word' id='word_1_199' title='bbox 1615 3807 1848 3872; x_wconf 88' lang='lat' dir='ltr'>dicitur</span> <span class='ocrx_word' id='word_1_200' title='bbox 1887 3829 1903 3872; x_wconf 74' lang='lat' dir='ltr'>t</span> <span class='ocrx_word' id='word_1_201' title='bbox 1954 3810 2148 3878; x_wconf 79' lang='lat' dir='ltr'>Consi</span> <span class='ocrx_word' id='word_1_202' title='bbox 2152 3844 2177 3858; x_wconf 89' lang='lat'>-</span> 
     </span>
     <span class='ocr_line' id='line_1_32' title="bbox 635 3914 2181 3998; baseline 0.001 -18"><span class='ocrx_word' id='word_1_203' title='bbox 635 3914 795 3980; x_wconf 73' lang='lat' dir='ltr'>lium</span> <span class='ocrx_word' id='word_1_204' title='bbox 831 3915 1331 3998; x_wconf 71' lang='lat' dir='ltr'>matiqnantium</span> <span class='ocrx_word' id='word_1_205' title='bbox 1357 3914 1624 3983; x_wconf 80' lang='lat' dir='ltr'>obsedit.</span> <span class='ocrx_word' id='word_1_206' title='bbox 1667 3915 1846 3981; x_wconf 86' lang='lat' dir='ltr'>Sicut</span> <span class='ocrx_word' id='word_1_207' title='bbox 1869 3918 2043 3981; x_wconf 86' lang='lat' dir='ltr'>enim</span> <span class='ocrx_word' id='word_1_208' title='bbox 2069 3936 2181 3982; x_wconf 87' lang='lat' dir='ltr'>ca·</span> 
     </span>
     <span class='ocr_line' id='line_1_33' title="bbox 634 4023 2180 4105; baseline 0.003 -18"><span class='ocrx_word' id='word_1_209' title='bbox 634 4027 840 4087; x_wconf 86' lang='lat' dir='ltr'>strum</span> <span class='ocrx_word' id='word_1_210' title='bbox 890 4023 973 4088; x_wconf 87' lang='lat' dir='ltr'>ab</span> <span class='ocrx_word' id='word_1_211' title='bbox 1019 4024 1309 4089; x_wconf 87' lang='lat' dir='ltr'>hostibus</span> <span class='ocrx_word' id='word_1_212' title='bbox 1342 4023 1768 4105; x_wconf 78' lang='lat' dir='ltr'>ferocissimis,</span> <span class='ocrx_word' id='word_1_213' title='bbox 1822 4025 1914 4089; x_wconf 91' lang='lat' dir='ltr'>sic</span> <span class='ocrx_word' id='word_1_214' title='bbox 1962 4027 2180 4091; x_wconf 90' lang='lat' dir='ltr'>anima</span> 
     </span>
     <span class='ocr_line' id='line_1_34' title="bbox 633 4130 2182 4215; baseline 0.004 -20"><span class='ocrx_word' id='word_1_215' title='bbox 633 4130 919 4196; x_wconf 86' lang='lat' dir='ltr'>humana</span> <span class='ocrx_word' id='word_1_216' title='bbox 946 4131 1272 4197; x_wconf 87' lang='lat' dir='ltr'>obsidetur</span> <span class='ocrx_word' id='word_1_217' title='bbox 1299 4151 1338 4196; x_wconf 90' lang='lat' dir='ltr'>a</span> <span class='ocrx_word' id='word_1_218' title='bbox 1360 4131 1762 4214; x_wconf 74' lang='lat' dir='ltr'>daemonibus</span> <span class='ocrx_word' id='word_1_219' title='bbox 1797 4137 1822 4172; x_wconf 86' lang='lat'>⁸</span> <span class='ocrx_word' id='word_1_220' title='bbox 1853 4153 1868 4195; x_wconf 76' lang='lat' dir='ltr'>t</span> <span class='ocrx_word' id='word_1_221' title='bbox 1893 4133 2182 4215; x_wconf 74' lang='lat' dir='ltr'>Perfecta</span> 
     </span>
     <span class='ocr_line' id='line_1_35' title="bbox 634 4239 2182 4322; baseline 0.001 -15"><span class='ocrx_word' id='word_1_222' title='bbox 634 4245 728 4307; x_wconf 78' lang='lat' dir='ltr'>est</span> <span class='ocrx_word' id='word_1_223' title='bbox 744 4239 1013 4307; x_wconf 80' lang='lat' dir='ltr'>obsidio.</span> <span class='ocrx_word' id='word_1_224' title='bbox 1035 4239 1398 4306; x_wconf 89' lang='lat' dir='ltr'>Bernardus</span> <span class='ocrx_word' id='word_1_225' title='bbox 1422 4248 1445 4283; x_wconf 85' lang='lat'><strong>⁰</strong></span> <span class='ocrx_word' id='word_1_226' title='bbox 1476 4263 1492 4305; x_wconf 77' lang='lat' dir='ltr'><em>z</em></span> <span class='ocrx_word' id='word_1_227' title='bbox 1531 4265 1562 4303; x_wconf 79' lang='grc' dir='ltr'><strong>α</strong></span> <span class='ocrx_word' id='word_1_228' title='bbox 1592 4240 1731 4306; x_wconf 89' lang='lat' dir='ltr'>Heu</span> <span class='ocrx_word' id='word_1_229' title='bbox 1757 4259 1886 4322; x_wconf 90' lang='lat' dir='ltr'>me,</span> <span class='ocrx_word' id='word_1_230' title='bbox 1914 4242 2182 4309; x_wconf 90' lang='lat' dir='ltr'>Domine</span> 
     </span>
     <span class='ocr_line' id='line_1_36' title="bbox 634 4348 2179 4432; baseline 0.001 -18"><span class='ocrx_word' id='word_1_231' title='bbox 634 4348 822 4427; x_wconf 88' lang='lat' dir='ltr'>Deus,</span> <span class='ocrx_word' id='word_1_232' title='bbox 852 4349 1007 4432; x_wconf 87' lang='lat' dir='ltr'>quia</span> <span class='ocrx_word' id='word_1_233' title='bbox 1033 4349 1318 4432; x_wconf 89' lang='lat' dir='ltr'>undique</span> <span class='ocrx_word' id='word_1_234' title='bbox 1347 4349 1507 4413; x_wconf 90' lang='lat' dir='ltr'>mihi</span> <span class='ocrx_word' id='word_1_235' title='bbox 1525 4348 1716 4428; x_wconf 88' lang='lat' dir='ltr'>mala,</span> <span class='ocrx_word' id='word_1_236' title='bbox 1743 4348 2033 4432; x_wconf 90' lang='lat' dir='ltr'>undique</span> <span class='ocrx_word' id='word_1_237' title='bbox 2054 4350 2179 4415; x_wconf 89' lang='lat' dir='ltr'>tela</span> 
     </span>
     <span class='ocr_line' id='line_1_37' title="bbox 634 4456 2183 4540; baseline 0 -20"><span class='ocrx_word' id='word_1_238' title='bbox 634 4457 868 4538; x_wconf 85' lang='lat' dir='ltr'>volant,</span> <span class='ocrx_word' id='word_1_239' title='bbox 913 4457 1200 4540; x_wconf 88' lang='lat' dir='ltr'>undique</span> <span class='ocrx_word' id='word_1_240' title='bbox 1242 4456 1545 4540; x_wconf 87' lang='lat' dir='ltr'>pericula,</span> <span class='ocrx_word' id='word_1_241' title='bbox 1594 4456 1878 4539; x_wconf 89' lang='lat' dir='ltr'>undique</span> <span class='ocrx_word' id='word_1_242' title='bbox 1919 4458 2183 4540; x_wconf 88' lang='lat' dir='ltr'>impedi-</span> 
     </span>
     <span class='ocr_line' id='line_1_38' title="bbox 634 4563 2182 4648; baseline 0.001 -20"><span class='ocrx_word' id='word_1_243' title='bbox 634 4570 896 4629; x_wconf 85' lang='lat' dir='ltr'>menta:</span> <span class='ocrx_word' id='word_1_244' title='bbox 926 4583 1188 4648; x_wconf 87' lang='lat' dir='ltr'>quoquo</span> <span class='ocrx_word' id='word_1_245' title='bbox 1225 4569 1470 4629; x_wconf 85' lang='lat' dir='ltr'>vertam</span> <span class='ocrx_word' id='word_1_246' title='bbox 1511 4583 1638 4642; x_wconf 91' lang='lat' dir='ltr'>me,</span> <span class='ocrx_word' id='word_1_247' title='bbox 1676 4563 1856 4628; x_wconf 90' lang='lat' dir='ltr'>nulla</span> <span class='ocrx_word' id='word_1_248' title='bbox 1896 4565 2182 4647; x_wconf 86' lang='lat' dir='ltr'>undique</span> 
     </span>
     <span class='ocr_line' id='line_1_39' title="bbox 633 4671 2182 4755; baseline 0.001 -18"><span class='ocrx_word' id='word_1_249' title='bbox 633 4674 958 4737; x_wconf 76' lang='lat' dir='ltr'>securitas.</span> <span class='ocrx_word' id='word_1_250' title='bbox 989 4694 1020 4732; x_wconf 69' lang='lat' dir='ltr'>n</span> <span class='ocrx_word' id='word_1_251' title='bbox 1056 4671 1328 4755; x_wconf 88' lang='lat' dir='ltr'>Require</span> <span class='ocrx_word' id='word_1_252' title='bbox 1356 4673 1422 4735; x_wconf 89' lang='lat' dir='ltr'>in</span> <span class='ocrx_word' id='word_1_253' title='bbox 1454 4689 1748 4738; x_wconf 83' lang='lat' dir='ltr'>sermone</span> <span class='ocrx_word' id='word_1_254' title='bbox 1785 4693 1801 4736; x_wconf 76' lang='lat' dir='ltr'><strong><em>z</em></strong></span> <span class='ocrx_word' id='word_1_255' title='bbox 1861 4671 2033 4737; x_wconf 79' lang='lat' dir='ltr'>Tunc</span> <span class='ocrx_word' id='word_1_256' title='bbox 2069 4688 2182 4738; x_wconf 82' lang='lat' dir='ltr'>as-</span> 
     </span>
     <span class='ocr_line' id='line_1_40' title="bbox 634 4777 2184 4863; baseline -0.001 -18"><span class='ocrx_word' id='word_1_257' title='bbox 634 4782 911 4863; x_wconf 76' lang='lat' dir='ltr'>sumpsit</span> <span class='ocrx_word' id='word_1_258' title='bbox 935 4778 981 4842; x_wconf 77' lang='lat'>⁷.</span> <span class='ocrx_word' id='word_1_259' title='bbox 1025 4778 1112 4843; x_wconf 87' lang='lat' dir='ltr'>De</span> <span class='ocrx_word' id='word_1_260' title='bbox 1149 4780 1427 4844; x_wconf 88' lang='lat' dir='ltr'>secundo</span> <span class='ocrx_word' id='word_1_261' title='bbox 1450 4781 1475 4817; x_wconf 84' lang='lat'>⁸</span> <span class='ocrx_word' id='word_1_262' title='bbox 1502 4801 1518 4842; x_wconf 75' lang='lat' dir='ltr'>z</span> <span class='ocrx_word' id='word_1_263' title='bbox 1559 4801 1592 4839; x_wconf 78' lang='lat' dir='ltr'>a</span> <span class='ocrx_word' id='word_1_264' title='bbox 1617 4777 2184 4844; x_wconf 84' lang='lat' dir='ltr'>Circumdederunt</span> 
     </span>
     <span class='ocr_line' id='line_1_41' title="bbox 634 4887 2178 4970; baseline 0.001 -18"><span class='ocrx_word' id='word_1_265' title='bbox 634 4905 740 4952; x_wconf 76' lang='lat' dir='ltr'>mc</span> <span class='ocrx_word' id='word_1_266' title='bbox 779 4905 964 4970; x_wconf 82' lang='lat' dir='ltr'>aquae</span> <span class='ocrx_word' id='word_1_267' title='bbox 1008 4904 1211 4969; x_wconf 87' lang='lat' dir='ltr'>usque</span> <span class='ocrx_word' id='word_1_268' title='bbox 1255 4887 1336 4950; x_wconf 85' lang='lat' dir='ltr'>ad</span> <span class='ocrx_word' id='word_1_269' title='bbox 1374 4887 1655 4950; x_wconf 87' lang='lat' dir='ltr'>animam</span> <span class='ocrx_word' id='word_1_270' title='bbox 1693 4903 1929 4968; x_wconf 82' lang='lat' dir='ltr'>meam,</span> <span class='ocrx_word' id='word_1_271' title='bbox 1978 4909 2009 4948; x_wconf 76' lang='lat'>1&gt;</span> <span class='ocrx_word' id='word_1_272' title='bbox 2060 4892 2178 4953; x_wconf 90' lang='lat' dir='ltr'>etc.</span> 
     </span>
     <span class='ocr_line' id='line_1_42' title="bbox 635 4993 2182 5079; baseline 0.001 -20"><span class='ocrx_word' id='word_1_273' title='bbox 635 4993 806 5059; x_wconf 82' lang='lat' dir='ltr'>Mare</span> <span class='ocrx_word' id='word_1_274' title='bbox 840 4998 937 5059; x_wconf 82' lang='lat' dir='ltr'>est</span> <span class='ocrx_word' id='word_1_275' title='bbox 969 4994 1270 5074; x_wconf 88' lang='lat' dir='ltr'>mundus,</span> <span class='ocrx_word' id='word_1_276' title='bbox 1301 4993 1369 5057; x_wconf 89' lang='lat' dir='ltr'>in</span> <span class='ocrx_word' id='word_1_277' title='bbox 1396 5011 1527 5077; x_wconf 87' lang='lat' dir='ltr'>quo</span> <span class='ocrx_word' id='word_1_278' title='bbox 1552 4993 1768 5075; x_wconf 83' lang='lat' dir='ltr'>Jonas,</span> <span class='ocrx_word' id='word_1_279' title='bbox 1798 4994 1865 5060; x_wconf 85' lang='lat' dir='ltr'>id</span> <span class='ocrx_word' id='word_1_280' title='bbox 1891 4999 2006 5076; x_wconf 86' lang='lat' dir='ltr'>est,</span> <span class='ocrx_word' id='word_1_281' title='bbox 2038 4996 2182 5079; x_wconf 89' lang='lat' dir='ltr'>qui-</span> 
     </span>
    </p>

    <p class='ocr_par' dir='ltr' id='par_1_9' title="bbox 638 5119 2183 5368">
     <span class='ocr_line' id='line_1_43' title="bbox 703 5119 2181 5227; baseline 0.001 -18"><span class='ocrx_word' id='word_1_282' title='bbox 703 5158 861 5220; x_wconf 76' lang='lat' dir='ltr'>¹1m.‚</span> <span class='ocrx_word' id='word_1_283' title='bbox 889 5170 1120 5219; x_wconf 81' lang='lat' dir='ltr'>xxxvm,</span> <span class='ocrx_word' id='word_1_284' title='bbox 1158 5159 1204 5209; x_wconf 82' lang='lat'>3.</span> <span class='ocrx_word' id='word_1_285' title='bbox 1230 5183 1292 5195; x_wconf 93' lang='lat'>-</span> <span class='ocrx_word' id='word_1_286' title='bbox 1327 5158 1347 5189; x_wconf 83' lang='lat'>²</span> <span class='ocrx_word' id='word_1_287' title='bbox 1372 5119 1531 5214; x_wconf 55' lang='lat' dir='ltr'>Aenos,</span> <span class='ocrx_word' id='word_1_288' title='bbox 1568 5168 1614 5222; x_wconf 75' lang='grc' dir='ltr'>ν,</span> <span class='ocrx_word' id='word_1_289' title='bbox 1658 5160 1734 5209; x_wconf 80' lang='lat'>19.</span> <span class='ocrx_word' id='word_1_290' title='bbox 1762 5182 1824 5196; x_wconf 91' lang='lat'>—</span> <span class='ocrx_word' id='word_1_291' title='bbox 1856 5156 1876 5189; x_wconf 87' lang='lat'>⁸</span> <span class='ocrx_word' id='word_1_292' title='bbox 1909 5158 2049 5220; x_wconf 74' lang='lat' dir='ltr'>Luc..</span> <span class='ocrx_word' id='word_1_293' title='bbox 2070 5171 2181 5227; x_wconf 75' lang='lat' dir='ltr'>xix,</span> 
     </span>
     <span class='ocr_line' id='line_1_44' title="bbox 641 5228 2183 5294; baseline 0 -13"><span class='ocrx_word' id='word_1_294' title='bbox 641 5233 715 5281; x_wconf 77' lang='lat'>43.</span> <span class='ocrx_word' id='word_1_295' title='bbox 746 5257 807 5268; x_wconf 97' lang='lat'><strong>—</strong></span> <span class='ocrx_word' id='word_1_296' title='bbox 833 5229 856 5265; x_wconf 62' lang='grc' dir='ltr'>δ</span> <span class='ocrx_word' id='word_1_297' title='bbox 878 5230 1017 5282; x_wconf 76' lang='lat' dir='ltr'>Psal.</span> <span class='ocrx_word' id='word_1_298' title='bbox 1049 5243 1170 5294; x_wconf 71' lang='lat' dir='ltr'>xxi,</span> <span class='ocrx_word' id='word_1_299' title='bbox 1195 5232 1280 5282; x_wconf 77' lang='lat'>1⁸1.</span> <span class='ocrx_word' id='word_1_300' title='bbox 1302 5256 1364 5269; x_wconf 94' lang='lat'>-</span> <span class='ocrx_word' id='word_1_301' title='bbox 1397 5230 1420 5266; x_wconf 78' lang='lat'>⁸</span> <span class='ocrx_word' id='word_1_302' title='bbox 1445 5228 1627 5293; x_wconf 64' lang='lat' dir='ltr'>Eccle„</span> <span class='ocrx_word' id='word_1_303' title='bbox 1657 5241 1743 5293; x_wconf 78' lang='lat' dir='ltr'>ix,</span> <span class='ocrx_word' id='word_1_304' title='bbox 1776 5233 1852 5280; x_wconf 73' lang='lat'>¹4.</span> <span class='ocrx_word' id='word_1_305' title='bbox 1879 5256 1943 5268; x_wconf 90' lang='lat'><em>-</em></span> <span class='ocrx_word' id='word_1_306' title='bbox 1970 5231 1991 5265; x_wconf 80' lang='lat'><strong>⁸</strong></span> <span class='ocrx_word' id='word_1_307' title='bbox 2028 5232 2183 5283; x_wconf 87' lang='lat' dir='ltr'>Bern.</span> 
     </span>
     <span class='ocr_line' id='line_1_45' title="bbox 638 5300 2183 5368; baseline 0 -14"><span class='ocrx_word' id='word_1_308' title='bbox 638 5327 700 5341; x_wconf 88' lang='lat'>-</span> <span class='ocrx_word' id='word_1_309' title='bbox 731 5304 754 5340; x_wconf 68' lang='grc' dir='ltr'>ἵ</span> <span class='ocrx_word' id='word_1_310' title='bbox 791 5301 908 5354; x_wconf 71' lang='lat' dir='ltr'>vid.</span> <span class='ocrx_word' id='word_1_311' title='bbox 936 5315 1071 5368; x_wconf 69' lang='lat' dir='ltr'>sup„</span> <span class='ocrx_word' id='word_1_312' title='bbox 1113 5303 1266 5353; x_wconf 91' lang='lat' dir='ltr'>Dom.</span> <span class='ocrx_word' id='word_1_313' title='bbox 1295 5314 1311 5352; x_wconf 87' lang='lat'>1</span> <span class='ocrx_word' id='word_1_314' title='bbox 1345 5300 1623 5366; x_wconf 60' lang='lat' dir='ltr'>Quam-aq„</span> <span class='ocrx_word' id='word_1_315' title='bbox 1650 5314 1810 5352; x_wconf 86' lang='lat' dir='ltr'>serm.</span> <span class='ocrx_word' id='word_1_316' title='bbox 1840 5313 1892 5365; x_wconf 76' lang='lat' dir='ltr'>V,</span> <span class='ocrx_word' id='word_1_317' title='bbox 1920 5315 2040 5368; x_wconf 81' lang='lat' dir='ltr'>pag.</span> <span class='ocrx_word' id='word_1_318' title='bbox 2072 5304 2183 5365; x_wconf 83' lang='lat'>153,</span> 
     </span>
    </p>
   </div>
   <div class='ocr_carea' id='block_1_9' title="bbox 640 5372 2185 5509">
    <p class='ocr_par' dir='ltr' id='par_1_10' title="bbox 640 5372 2185 5509">
     <span class='ocr_line' id='line_1_46' title="bbox 640 5372 2185 5438; baseline -0.003 -13"><span class='ocrx_word' id='word_1_319' title='bbox 640 5373 743 5425; x_wconf 84' lang='lat' dir='ltr'>col.</span> <span class='ocrx_word' id='word_1_320' title='bbox 781 5376 829 5425; x_wconf 81' lang='lat'>2.</span> <span class='ocrx_word' id='word_1_321' title='bbox 874 5400 930 5410; x_wconf 89' lang='lat'>-</span> <span class='ocrx_word' id='word_1_322' title='bbox 973 5376 992 5405; x_wconf 80' lang='lat'>⁸</span> <span class='ocrx_word' id='word_1_323' title='bbox 1017 5374 1151 5435; x_wconf 49' lang='grc' dir='ltr'>ἄορι,</span> <span class='ocrx_word' id='word_1_324' title='bbox 1194 5384 1265 5436; x_wconf 85' lang='lat'>11,</span> <span class='ocrx_word' id='word_1_325' title='bbox 1313 5375 1362 5423; x_wconf 83' lang='lat'>6.</span> <span class='ocrx_word' id='word_1_326' title='bbox 1399 5398 1462 5410; x_wconf 92' lang='lat'>—</span> <span class='ocrx_word' id='word_1_327' title='bbox 1497 5373 1519 5404; x_wconf 76' lang='lat'><strong>⁹</strong></span> <span class='ocrx_word' id='word_1_328' title='bbox 1549 5372 1687 5423; x_wconf 77' lang='lat' dir='ltr'>Peal.</span> <span class='ocrx_word' id='word_1_329' title='bbox 1734 5384 1976 5438; x_wconf 77' lang='lat' dir='ltr'>Lxxxvn,</span> <span class='ocrx_word' id='word_1_330' title='bbox 2015 5376 2094 5424; x_wconf 82' lang='lat'>18.</span> <span class='ocrx_word' id='word_1_331' title='bbox 2120 5399 2185 5412; x_wconf 91' lang='lat'>—</span> 
     </span>
     <span class='ocr_line' id='line_1_47' title="bbox 644 5442 2180 5509; baseline -0.001 -13"><span class='ocrx_word' id='word_1_332' title='bbox 644 5447 687 5482; x_wconf 79' lang='lat'>¹⁰</span> <span class='ocrx_word' id='word_1_333' title='bbox 707 5446 845 5496; x_wconf 73' lang='grc' dir='ltr'><strong>Ρσαι.</strong></span> <span class='ocrx_word' id='word_1_334' title='bbox 869 5456 1028 5507; x_wconf 84' lang='lat' dir='ltr'>cxvn,</span> <span class='ocrx_word' id='word_1_335' title='bbox 1045 5447 1125 5495; x_wconf 80' lang='lat'>12.</span> <span class='ocrx_word' id='word_1_336' title='bbox 1143 5469 1201 5484; x_wconf 92' lang='lat'>-</span> <span class='ocrx_word' id='word_1_337' title='bbox 1221 5444 1263 5480; x_wconf 80' lang='lat'>²¹</span> <span class='ocrx_word' id='word_1_338' title='bbox 1284 5444 1460 5509; x_wconf 66' lang='lat' dir='ltr'>Greg„</span> <span class='ocrx_word' id='word_1_339' title='bbox 1479 5444 1534 5492; x_wconf 76' lang='lat' dir='ltr'>in</span> <span class='ocrx_word' id='word_1_340' title='bbox 1559 5445 1772 5508; x_wconf 70' lang='lat' dir='ltr'>Evanq..</span> <span class='ocrx_word' id='word_1_341' title='bbox 1793 5442 2180 5507; x_wconf 83' lang='lat' dir='ltr'>hom.xxxv1u,</span> 
     </span>
    </p>
   </div>
   <div class='ocr_carea' id='block_1_10' title="bbox 1719 433 2720 506">
    <p class='ocr_par' dir='ltr' id='par_1_11' title="bbox 1719 433 2720 506">
     <span class='ocr_line' id='line_1_48' title="bbox 1719 433 2720 506; baseline 0.001 -3"><span class='ocrx_word' id='word_1_342' title='bbox 1719 433 2139 504; x_wconf 76' lang='lat' dir='ltr'><strong>SERMONES</strong></span> <span class='ocrx_word' id='word_1_343' title='bbox 2182 433 2285 504; x_wconf 84' lang='lat' dir='ltr'>DE</span> <span class='ocrx_word' id='word_1_344' title='bbox 2324 433 2720 506; x_wconf 81' lang='lat' dir='ltr'><strong>TEMPORE.</strong></span> 
     </span>
    </p>
   </div>
   <div class='ocr_carea' id='block_1_11' title="bbox 2272 571 3834 5185">
    <p class='ocr_par' dir='ltr' id='par_1_12' title="bbox 2272 571 3829 2704">
     <span class='ocr_line' id='line_1_49' title="bbox 2272 571 3809 659; baseline 0.005 -21"><span class='ocrx_word' id='word_1_345' title='bbox 2272 574 2427 638; x_wconf 88' lang='lat' dir='ltr'>libet</span> <span class='ocrx_word' id='word_1_346' title='bbox 2446 578 2694 659; x_wconf 86' lang='lat' dir='ltr'>justus,</span> <span class='ocrx_word' id='word_1_347' title='bbox 2721 571 2909 659; x_wconf 82' lang='lat' dir='ltr'>aquis</span> <span class='ocrx_word' id='word_1_348' title='bbox 2935 576 3241 656; x_wconf 79' lang='lat' dir='ltr'>miseriae,</span> <span class='ocrx_word' id='word_1_349' title='bbox 3272 580 3338 643; x_wconf 85' lang='lat' dir='ltr'>et</span> <span class='ocrx_word' id='word_1_350' title='bbox 3362 578 3664 645; x_wconf 84' lang='lat' dir='ltr'>fluctibus</span> <span class='ocrx_word' id='word_1_351' title='bbox 3688 580 3809 646; x_wconf 87' lang='lat' dir='ltr'>cir-</span> 
     </span>
     <span class='ocr_line' id='line_1_50' title="bbox 2272 682 3809 768; baseline 0.005 -23"><span class='ocrx_word' id='word_1_352' title='bbox 2272 682 2631 759; x_wconf 90' lang='lat' dir='ltr'>cumdatur,</span> <span class='ocrx_word' id='word_1_353' title='bbox 2678 684 2991 766; x_wconf 83' lang='lat' dir='ltr'>quamdiu</span> <span class='ocrx_word' id='word_1_354' title='bbox 3025 683 3163 749; x_wconf 87' lang='lat' dir='ltr'>dies</span> <span class='ocrx_word' id='word_1_355' title='bbox 3204 683 3402 768; x_wconf 86' lang='lat' dir='ltr'>hujus</span> <span class='ocrx_word' id='word_1_356' title='bbox 3425 685 3578 751; x_wconf 77' lang='lat' dir='ltr'>vitae</span> <span class='ocrx_word' id='word_1_357' title='bbox 3604 686 3809 752; x_wconf 87' lang='lat' dir='ltr'>durat.</span> 
     </span>
     <span class='ocr_line' id='line_1_51' title="bbox 2275 786 3814 878; baseline 0.004 -26"><span class='ocrx_word' id='word_1_358' title='bbox 2275 786 2567 854; x_wconf 86' lang='lat' dir='ltr'>Psalmus</span> <span class='ocrx_word' id='word_1_359' title='bbox 2592 790 2617 828; x_wconf 74' lang='lat'><strong>⁹</strong></span> <span class='ocrx_word' id='word_1_360' title='bbox 2651 813 2666 855; x_wconf 76' lang='lat' dir='ltr'><em>z</em></span> <span class='ocrx_word' id='word_1_361' title='bbox 2707 815 2739 853; x_wconf 73' lang='lat' dir='ltr'>c</span> <span class='ocrx_word' id='word_1_362' title='bbox 2765 791 3325 859; x_wconf 84' lang='lat' dir='ltr'>Circumdederunt</span> <span class='ocrx_word' id='word_1_363' title='bbox 3348 811 3451 858; x_wconf 90' lang='lat' dir='ltr'>me</span> <span class='ocrx_word' id='word_1_364' title='bbox 3466 795 3633 859; x_wconf 88' lang='lat' dir='ltr'>sicut</span> <span class='ocrx_word' id='word_1_365' title='bbox 3650 813 3814 878; x_wconf 85' lang='lat' dir='ltr'>aqua</span> 
     </span>
     <span class='ocr_line' id='line_1_52' title="bbox 2273 898 3807 982; baseline 0.003 -21"><span class='ocrx_word' id='word_1_366' title='bbox 2273 900 2405 962; x_wconf 89' lang='lat' dir='ltr'>tota</span> <span class='ocrx_word' id='word_1_367' title='bbox 2447 899 2568 979; x_wconf 88' lang='lat' dir='ltr'>die,</span> <span class='ocrx_word' id='word_1_368' title='bbox 2612 921 2644 959; x_wconf 71' lang='lat' dir='ltr'>a</span> <span class='ocrx_word' id='word_1_369' title='bbox 2690 903 2810 964; x_wconf 91' lang='lat' dir='ltr'>etc.</span> <span class='ocrx_word' id='word_1_370' title='bbox 2860 898 2958 965; x_wconf 87' lang='lat' dir='ltr'>Tu</span> <span class='ocrx_word' id='word_1_371' title='bbox 3002 918 3186 981; x_wconf 90' lang='lat' dir='ltr'>ergo,</span> <span class='ocrx_word' id='word_1_372' title='bbox 3229 920 3315 965; x_wconf 92' lang='lat' dir='ltr'>ne</span> <span class='ocrx_word' id='word_1_373' title='bbox 3353 902 3807 982; x_wconf 86' lang='lat' dir='ltr'>submergaris,</span> 
     </span>
     <span class='ocr_line' id='line_1_53' title="bbox 2276 1006 3816 1092; baseline 0.003 -25"><span class='ocrx_word' id='word_1_374' title='bbox 2276 1022 2538 1069; x_wconf 90' lang='lat' dir='ltr'>maneas</span> <span class='ocrx_word' id='word_1_375' title='bbox 2562 1006 2811 1071; x_wconf 83' lang='lat' dir='ltr'>in·navi</span> <span class='ocrx_word' id='word_1_376' title='bbox 2838 1008 3227 1091; x_wconf 79' lang='lat' dir='ltr'>poenitentiae</span> <span class='ocrx_word' id='word_1_377' title='bbox 3254 1009 3561 1092; x_wconf 87' lang='lat' dir='ltr'>quotidie.</span> <span class='ocrx_word' id='word_1_378' title='bbox 3592 1010 3678 1072; x_wconf 89' lang='lat' dir='ltr'>De</span> <span class='ocrx_word' id='word_1_379' title='bbox 3699 1013 3816 1072; x_wconf 75' lang='lat' dir='ltr'>ter-</span> 
     </span>
     <span class='ocr_line' id='line_1_54' title="bbox 2276 1111 3810 1199; baseline 0.002 -22"><span class='ocrx_word' id='word_1_380' title='bbox 2276 1114 2389 1192; x_wconf 92' lang='lat' dir='ltr'>tio,</span> <span class='ocrx_word' id='word_1_381' title='bbox 2403 1111 2702 1179; x_wconf 87' lang='lat' dir='ltr'>Psalmus</span> <span class='ocrx_word' id='word_1_382' title='bbox 2720 1116 2768 1157; x_wconf 74' lang='lat'>¹⁹</span> <span class='ocrx_word' id='word_1_383' title='bbox 2788 1134 2806 1179; x_wconf 73' lang='grc' dir='ltr'><em>τ</em></span> <span class='ocrx_word' id='word_1_384' title='bbox 2830 1137 2863 1176; x_wconf 72' lang='grc' dir='ltr'><strong>α</strong></span> <span class='ocrx_word' id='word_1_385' title='bbox 2882 1114 3449 1181; x_wconf 85' lang='lat' dir='ltr'>Circumdederunt</span> <span class='ocrx_word' id='word_1_386' title='bbox 3465 1117 3627 1180; x_wconf 87' lang='lat' dir='ltr'>sicut</span> <span class='ocrx_word' id='word_1_387' title='bbox 3644 1133 3810 1199; x_wconf 88' lang='lat' dir='ltr'>apes,</span> 
     </span>
     <span class='ocr_line' id='line_1_55' title="bbox 2277 1222 3815 1307; baseline 0.001 -22"><span class='ocrx_word' id='word_1_388' title='bbox 2277 1224 2342 1286; x_wconf 92' lang='lat' dir='ltr'>et</span> <span class='ocrx_word' id='word_1_389' title='bbox 2369 1228 2747 1287; x_wconf 84' lang='lat' dir='ltr'>exarserunt</span> <span class='ocrx_word' id='word_1_390' title='bbox 2776 1224 2938 1288; x_wconf 89' lang='lat' dir='ltr'>sicut</span> <span class='ocrx_word' id='word_1_391' title='bbox 2962 1223 3136 1305; x_wconf 89' lang='lat' dir='ltr'>ignis</span> <span class='ocrx_word' id='word_1_392' title='bbox 3167 1224 3235 1287; x_wconf 89' lang='lat' dir='ltr'>in</span> <span class='ocrx_word' id='word_1_393' title='bbox 3273 1222 3493 1307; x_wconf 84' lang='lat' dir='ltr'>spinis.</span> <span class='ocrx_word' id='word_1_394' title='bbox 3523 1245 3556 1283; x_wconf 71' lang='lat' dir='ltr'>n</span> <span class='ocrx_word' id='word_1_395' title='bbox 3586 1222 3815 1288; x_wconf 86' lang='lat' dir='ltr'>Sensus</span> 
     </span>
     <span class='ocr_line' id='line_1_56' title="bbox 2278 1329 3816 1414; baseline 0.003 -23"><span class='ocrx_word' id='word_1_396' title='bbox 2278 1329 2487 1392; x_wconf 88' lang='lat' dir='ltr'>carnis</span> <span class='ocrx_word' id='word_1_397' title='bbox 2539 1333 2693 1394; x_wconf 91' lang='lat' dir='ltr'>sunt</span> <span class='ocrx_word' id='word_1_398' title='bbox 2733 1331 2917 1414; x_wconf 88' lang='lat' dir='ltr'>quasi</span> <span class='ocrx_word' id='word_1_399' title='bbox 2965 1349 3138 1414; x_wconf 73' lang='lat' dir='ltr'>apes,</span> <span class='ocrx_word' id='word_1_400' title='bbox 3197 1331 3326 1396; x_wconf 89' lang='lat' dir='ltr'>mel</span> <span class='ocrx_word' id='word_1_401' title='bbox 3375 1331 3816 1396; x_wconf 85' lang='lat' dir='ltr'>delectationes</span> 
     </span>
     <span class='ocr_line' id='line_1_57' title="bbox 2280 1437 3820 1521; baseline 0.002 -21"><span class='ocrx_word' id='word_1_402' title='bbox 2280 1437 2562 1502; x_wconf 85' lang='lat' dir='ltr'>carnales</span> <span class='ocrx_word' id='word_1_403' title='bbox 2580 1438 2972 1521; x_wconf 83' lang='lat' dir='ltr'>colligentes,</span> <span class='ocrx_word' id='word_1_404' title='bbox 3002 1443 3069 1504; x_wconf 93' lang='lat' dir='ltr'>et</span> <span class='ocrx_word' id='word_1_405' title='bbox 3092 1439 3389 1505; x_wconf 86' lang='lat' dir='ltr'>aculeum</span> <span class='ocrx_word' id='word_1_406' title='bbox 3413 1439 3820 1505; x_wconf 87' lang='lat' dir='ltr'>remorsionis</span> 
     </span>
     <span class='ocr_line' id='line_1_58' title="bbox 2279 1544 3821 1632; baseline 0.001 -24"><span class='ocrx_word' id='word_1_407' title='bbox 2279 1544 2349 1609; x_wconf 89' lang='lat' dir='ltr'>in</span> <span class='ocrx_word' id='word_1_408' title='bbox 2392 1545 2776 1611; x_wconf 87' lang='lat' dir='ltr'>conscientia</span> <span class='ocrx_word' id='word_1_409' title='bbox 2814 1546 3207 1632; x_wconf 87' lang='lat' dir='ltr'>relinquunt.</span> <span class='ocrx_word' id='word_1_410' title='bbox 3250 1547 3427 1613; x_wconf 88' lang='lat' dir='ltr'>Sicut</span> <span class='ocrx_word' id='word_1_411' title='bbox 3462 1548 3638 1612; x_wconf 89' lang='lat' dir='ltr'>euim</span> <span class='ocrx_word' id='word_1_412' title='bbox 3676 1564 3821 1630; x_wconf 86' lang='lat' dir='ltr'>apes</span> 
     </span>
     <span class='ocr_line' id='line_1_59' title="bbox 2280 1652 3817 1734; baseline 0.002 -18"><span class='ocrx_word' id='word_1_413' title='bbox 2280 1652 2349 1717; x_wconf 89' lang='lat' dir='ltr'>in</span> <span class='ocrx_word' id='word_1_414' title='bbox 2375 1653 2666 1734; x_wconf 82' lang='lat' dir='ltr'>floribus,</span> <span class='ocrx_word' id='word_1_415' title='bbox 2697 1654 2788 1719; x_wconf 92' lang='lat' dir='ltr'>sic</span> <span class='ocrx_word' id='word_1_416' title='bbox 2814 1673 3036 1720; x_wconf 88' lang='lat' dir='ltr'>sensus</span> <span class='ocrx_word' id='word_1_417' title='bbox 3062 1656 3133 1720; x_wconf 90' lang='lat' dir='ltr'>in</span> <span class='ocrx_word' id='word_1_418' title='bbox 3161 1655 3681 1720; x_wconf 84' lang='lat' dir='ltr'>delectationibus</span> <span class='ocrx_word' id='word_1_419' title='bbox 3710 1673 3817 1720; x_wconf 83' lang='lat' dir='ltr'>va-</span> 
     </span>
     <span class='ocr_line' id='line_1_60' title="bbox 2280 1761 3818 1846; baseline -0.001 -21"><span class='ocrx_word' id='word_1_420' title='bbox 2280 1765 2543 1841; x_wconf 88' lang='lat' dir='ltr'>gantur.</span> <span class='ocrx_word' id='word_1_421' title='bbox 2590 1761 2807 1846; x_wconf 81' lang='lat' dir='ltr'>Spinae</span> <span class='ocrx_word' id='word_1_422' title='bbox 2847 1766 3062 1828; x_wconf 89' lang='lat' dir='ltr'>autem</span> <span class='ocrx_word' id='word_1_423' title='bbox 3102 1768 3255 1828; x_wconf 86' lang='lat' dir='ltr'>sunt</span> <span class='ocrx_word' id='word_1_424' title='bbox 3290 1767 3650 1846; x_wconf 81' lang='lat' dir='ltr'>peccatores</span> <span class='ocrx_word' id='word_1_425' title='bbox 3673 1779 3818 1825; x_wconf 89' lang='lat' dir='ltr'>ran-</span> 
     </span>
     <span class='ocr_line' id='line_1_61' title="bbox 2282 1869 3818 1953; baseline 0 -20"><span class='ocrx_word' id='word_1_426' title='bbox 2282 1869 2535 1933; x_wconf 83' lang='lat' dir='ltr'>coribus</span> <span class='ocrx_word' id='word_1_427' title='bbox 2578 1872 2643 1934; x_wconf 89' lang='lat' dir='ltr'>et</span> <span class='ocrx_word' id='word_1_428' title='bbox 2668 1869 2965 1953; x_wconf 58' lang='lat' dir='ltr'>injuriis,</span> <span class='ocrx_word' id='word_1_429' title='bbox 3008 1875 3073 1935; x_wconf 91' lang='lat' dir='ltr'>et</span> <span class='ocrx_word' id='word_1_430' title='bbox 3112 1871 3423 1936; x_wconf 85' lang='lat' dir='ltr'>scandalis</span> <span class='ocrx_word' id='word_1_431' title='bbox 3461 1870 3620 1935; x_wconf 90' lang='lat' dir='ltr'>alios</span> <span class='ocrx_word' id='word_1_432' title='bbox 3657 1871 3818 1934; x_wconf 89' lang='lat' dir='ltr'>lace-</span> 
     </span>
     <span class='ocr_line' id='line_1_62' title="bbox 2281 1978 3824 2061; baseline 0.001 -20"><span class='ocrx_word' id='word_1_433' title='bbox 2281 1981 2518 2042; x_wconf 86' lang='lat' dir='ltr'>rantes.</span> <span class='ocrx_word' id='word_1_434' title='bbox 2550 1981 2719 2042; x_wconf 89' lang='lat' dir='ltr'>Inter</span> <span class='ocrx_word' id='word_1_435' title='bbox 2755 1995 2919 2061; x_wconf 84' lang='lat' dir='ltr'>quos</span> <span class='ocrx_word' id='word_1_436' title='bbox 2956 1978 3173 2043; x_wconf 88' lang='lat' dir='ltr'>anima</span> <span class='ocrx_word' id='word_1_437' title='bbox 3207 1979 3514 2044; x_wconf 85' lang='lat' dir='ltr'>innocens</span> <span class='ocrx_word' id='word_1_438' title='bbox 3542 1981 3640 2044; x_wconf 84' lang='lat' dir='ltr'>est</span> <span class='ocrx_word' id='word_1_439' title='bbox 3665 1979 3824 2042; x_wconf 87' lang='lat' dir='ltr'>sicut</span> 
     </span>
     <span class='ocr_line' id='line_1_63' title="bbox 2281 2085 3826 2168; baseline 0.001 -19"><span class='ocrx_word' id='word_1_440' title='bbox 2281 2085 2488 2150; x_wconf 88' lang='lat' dir='ltr'>lilium</span> <span class='ocrx_word' id='word_1_441' title='bbox 2516 2085 2685 2149; x_wconf 85' lang='lat' dir='ltr'>inter</span> <span class='ocrx_word' id='word_1_442' title='bbox 2719 2085 2951 2168; x_wconf 85' lang='lat' dir='ltr'>spinas,</span> <span class='ocrx_word' id='word_1_443' title='bbox 2984 2085 3141 2151; x_wconf 90' lang='lat' dir='ltr'>dnm</span> <span class='ocrx_word' id='word_1_444' title='bbox 3164 2104 3296 2151; x_wconf 90' lang='lat' dir='ltr'>non</span> <span class='ocrx_word' id='word_1_445' title='bbox 3324 2087 3702 2152; x_wconf 79' lang='lat' dir='ltr'>vulneratur</span> <span class='ocrx_word' id='word_1_446' title='bbox 3716 2101 3826 2168; x_wconf 87' lang='lat' dir='ltr'>per</span> 
     </span>
     <span class='ocr_line' id='line_1_64' title="bbox 2283 2192 3827 2276; baseline -0.001 -19"><span class='ocrx_word' id='word_1_447' title='bbox 2283 2211 2508 2257; x_wconf 90' lang='lat' dir='ltr'>eorum</span> <span class='ocrx_word' id='word_1_448' title='bbox 2536 2192 2828 2258; x_wconf 89' lang='lat' dir='ltr'>malitias.</span> <span class='ocrx_word' id='word_1_449' title='bbox 2861 2192 3215 2276; x_wconf 88' lang='lat' dir='ltr'>Gregorius</span> <span class='ocrx_word' id='word_1_450' title='bbox 3238 2197 3281 2232; x_wconf 80' lang='lat'>¹¹</span> <span class='ocrx_word' id='word_1_451' title='bbox 3317 2215 3333 2260; x_wconf 91' lang='lat'>:</span> <span class='ocrx_word' id='word_1_452' title='bbox 3367 2217 3401 2256; x_wconf 72' lang='grc' dir='ltr'>ι</span> <span class='ocrx_word' id='word_1_453' title='bbox 3422 2193 3638 2259; x_wconf 85' lang='lat' dir='ltr'>Flores</span> <span class='ocrx_word' id='word_1_454' title='bbox 3664 2194 3827 2256; x_wconf 88' lang='lat' dir='ltr'>inter</span> 
     </span>
     <span class='ocr_line' id='line_1_65' title="bbox 2283 2300 3823 2386; baseline 0.001 -25"><span class='ocrx_word' id='word_1_455' title='bbox 2283 2300 2495 2384; x_wconf 87' lang='lat' dir='ltr'>spinas</span> <span class='ocrx_word' id='word_1_456' title='bbox 2516 2300 2960 2382; x_wconf 89' lang='lat' dir='ltr'>producuntur</span> <span class='ocrx_word' id='word_1_457' title='bbox 2991 2322 3008 2366; x_wconf 75' lang='grc' dir='ltr'><strong>ε</strong></span> <span class='ocrx_word' id='word_1_458' title='bbox 3038 2319 3206 2382; x_wconf 88' lang='lat' dir='ltr'>rosa,</span> <span class='ocrx_word' id='word_1_459' title='bbox 3235 2320 3384 2386; x_wconf 78' lang='lat' dir='ltr'>quae</span> <span class='ocrx_word' id='word_1_460' title='bbox 3410 2301 3671 2378; x_wconf 89' lang='lat' dir='ltr'>redolet,</span> <span class='ocrx_word' id='word_1_461' title='bbox 3690 2318 3823 2364; x_wconf 90' lang='lat' dir='ltr'>cre-</span> 
     </span>
     <span class='ocr_line' id='line_1_66' title="bbox 2285 2407 3825 2491; baseline -0.001 -20"><span class='ocrx_word' id='word_1_462' title='bbox 2285 2407 2402 2471; x_wconf 85' lang='lat' dir='ltr'>scit</span> <span class='ocrx_word' id='word_1_463' title='bbox 2433 2425 2585 2471; x_wconf 88' lang='lat' dir='ltr'>cum</span> <span class='ocrx_word' id='word_1_464' title='bbox 2627 2407 2829 2489; x_wconf 89' lang='lat' dir='ltr'>spina,</span> <span class='ocrx_word' id='word_1_465' title='bbox 2874 2426 3024 2490; x_wconf 81' lang='lat' dir='ltr'>quae</span> <span class='ocrx_word' id='word_1_466' title='bbox 3070 2409 3327 2491; x_wconf 83' lang='lat' dir='ltr'>pungit.</span> <span class='ocrx_word' id='word_1_467' title='bbox 3370 2429 3402 2468; x_wconf 69' lang='lat' dir='ltr'><strong>n</strong></span> <span class='ocrx_word' id='word_1_468' title='bbox 3450 2407 3628 2473; x_wconf 87' lang='lat' dir='ltr'>Sicut</span> <span class='ocrx_word' id='word_1_469' title='bbox 3667 2424 3825 2489; x_wconf 89' lang='lat' dir='ltr'>ergo</span> 
     </span>
     <span class='ocr_line' id='line_1_67' title="bbox 2284 2514 3829 2599; baseline 0.001 -21"><span class='ocrx_word' id='word_1_470' title='bbox 2284 2514 2460 2597; x_wconf 89' lang='lat' dir='ltr'>ignis</span> <span class='ocrx_word' id='word_1_471' title='bbox 2488 2515 2555 2579; x_wconf 93' lang='lat' dir='ltr'>in</span> <span class='ocrx_word' id='word_1_472' title='bbox 2580 2515 2801 2598; x_wconf 88' lang='lat' dir='ltr'>spinis,</span> <span class='ocrx_word' id='word_1_473' title='bbox 2830 2516 2922 2580; x_wconf 87' lang='lat' dir='ltr'>sic</span> <span class='ocrx_word' id='word_1_474' title='bbox 2950 2533 3259 2581; x_wconf 88' lang='lat' dir='ltr'>sensuum</span> <span class='ocrx_word' id='word_1_475' title='bbox 3300 2515 3829 2599; x_wconf 55' lang='lat' dir='ltr'>concupiscentiae</span> 
     </span>
     <span class='ocr_line' id='line_1_68' title="bbox 2284 2621 3200 2704; baseline 0.001 -20"><span class='ocrx_word' id='word_1_476' title='bbox 2284 2621 2352 2684; x_wconf 93' lang='lat' dir='ltr'>in</span> <span class='ocrx_word' id='word_1_477' title='bbox 2382 2621 2816 2704; x_wconf 86' lang='lat' dir='ltr'>peccatoribus</span> <span class='ocrx_word' id='word_1_478' title='bbox 2844 2623 3200 2687; x_wconf 88' lang='lat' dir='ltr'>ardescunt.</span> 
     </span>
    </p>

    <p class='ocr_par' dir='ltr' id='par_1_13' title="bbox 2282 2727 3834 5185">
     <span class='ocr_line' id='line_1_69' title="bbox 2366 2727 3823 2813; baseline -0.001 -19"><span class='ocrx_word' id='word_1_479' title='bbox 2366 2727 2668 2812; x_wconf 84' lang='lat' dir='ltr'>Sequitur</span> <span class='ocrx_word' id='word_1_480' title='bbox 2708 2746 2725 2791; x_wconf 72' lang='grc' dir='ltr'><strong>ε</strong></span> <span class='ocrx_word' id='word_1_481' title='bbox 2768 2731 2861 2797; x_wconf 82' lang='lat' dir='ltr'>Et</span> <span class='ocrx_word' id='word_1_482' title='bbox 2894 2728 3402 2813; x_wconf 71' lang='lat' dir='ltr'>coanqzastabunt</span> <span class='ocrx_word' id='word_1_483' title='bbox 3433 2735 3491 2796; x_wconf 82' lang='lat' dir='ltr'>te</span> <span class='ocrx_word' id='word_1_484' title='bbox 3517 2727 3823 2812; x_wconf 72' lang='lat' dir='ltr'>undique,</span> 
     </span>
     <span class='ocr_line' id='line_1_70' title="bbox 2286 2837 3830 2920; baseline 0 -18"><span class='ocrx_word' id='word_1_485' title='bbox 2286 2837 2521 2903; x_wconf 90' lang='lat' dir='ltr'>scilicet</span> <span class='ocrx_word' id='word_1_486' title='bbox 2544 2839 2614 2902; x_wconf 88' lang='lat' dir='ltr'>in</span> <span class='ocrx_word' id='word_1_487' title='bbox 2641 2842 2843 2903; x_wconf 90' lang='lat' dir='ltr'>morte</span> <span class='ocrx_word' id='word_1_488' title='bbox 2875 2857 2893 2902; x_wconf 78' lang='lat' dir='ltr'>t</span> <span class='ocrx_word' id='word_1_489' title='bbox 2924 2842 3078 2904; x_wconf 89' lang='lat' dir='ltr'>tunc</span> <span class='ocrx_word' id='word_1_490' title='bbox 3102 2839 3276 2903; x_wconf 91' lang='lat' dir='ltr'>enim</span> <span class='ocrx_word' id='word_1_491' title='bbox 3313 2838 3830 2920; x_wconf 85' lang='lat' dir='ltr'>coangustabitur</span> 
     </span>
     <span class='ocr_line' id='line_1_71' title="bbox 2286 2946 3823 3030; baseline -0.001 -19"><span class='ocrx_word' id='word_1_492' title='bbox 2286 2947 2501 3011; x_wconf 90' lang='lat' dir='ltr'>anima</span> <span class='ocrx_word' id='word_1_493' title='bbox 2518 2948 2800 3030; x_wconf 89' lang='lat' dir='ltr'>corporis</span> <span class='ocrx_word' id='word_1_494' title='bbox 2814 2948 3208 3024; x_wconf 82' lang='lat' dir='ltr'>infirmitate,</span> <span class='ocrx_word' id='word_1_495' title='bbox 3224 2947 3461 3030; x_wconf 86' lang='lat' dir='ltr'>judicis</span> <span class='ocrx_word' id='word_1_496' title='bbox 3473 2946 3823 3025; x_wconf 85' lang='lat' dir='ltr'>severitate,</span> 
     </span>
     <span class='ocr_line' id='line_1_72' title="bbox 2286 3054 3825 3140; baseline -0.001 -20"><span class='ocrx_word' id='word_1_497' title='bbox 2286 3055 2596 3120; x_wconf 73' lang='lat' dir='ltr'>daemonis</span> <span class='ocrx_word' id='word_1_498' title='bbox 2623 3055 3011 3120; x_wconf 84' lang='lat' dir='ltr'>crudelitate.</span> <span class='ocrx_word' id='word_1_499' title='bbox 3051 3055 3139 3120; x_wconf 89' lang='lat' dir='ltr'>De</span> <span class='ocrx_word' id='word_1_500' title='bbox 3182 3054 3416 3140; x_wconf 90' lang='lat' dir='ltr'>primo,</span> <span class='ocrx_word' id='word_1_501' title='bbox 3444 3058 3598 3120; x_wconf 89' lang='lat' dir='ltr'>nota</span> <span class='ocrx_word' id='word_1_502' title='bbox 3623 3072 3825 3137; x_wconf 89' lang='lat' dir='ltr'>quan-</span> 
     </span>
     <span class='ocr_line' id='line_1_73' title="bbox 2285 3162 3828 3245; baseline -0.002 -17"><span class='ocrx_word' id='word_1_503' title='bbox 2285 3167 2428 3228; x_wconf 87' lang='lat' dir='ltr'>tum</span> <span class='ocrx_word' id='word_1_504' title='bbox 2478 3167 2865 3245; x_wconf 85' lang='lat' dir='ltr'>angustatur</span> <span class='ocrx_word' id='word_1_505' title='bbox 2914 3163 3133 3245; x_wconf 90' lang='lat' dir='ltr'>homo,</span> <span class='ocrx_word' id='word_1_506' title='bbox 3190 3164 3447 3245; x_wconf 86' lang='lat' dir='ltr'>quando</span> <span class='ocrx_word' id='word_1_507' title='bbox 3502 3162 3571 3226; x_wconf 91' lang='lat' dir='ltr'>in</span> <span class='ocrx_word' id='word_1_508' title='bbox 3625 3165 3828 3226; x_wconf 88' lang='lat' dir='ltr'>morte</span> 
     </span>
     <span class='ocr_line' id='line_1_74' title="bbox 2288 3257 3831 3353; baseline -0.001 -19"><span class='ocrx_word' id='word_1_509' title='bbox 2288 3269 2454 3335; x_wconf 89' lang='lat' dir='ltr'>oculi</span> <span class='ocrx_word' id='word_1_510' title='bbox 2504 3257 2923 3353; x_wconf 81' lang='lat' dir='ltr'>franguntur,</span> <span class='ocrx_word' id='word_1_511' title='bbox 2994 3288 3104 3335; x_wconf 88' lang='lat' dir='ltr'>cor</span> <span class='ocrx_word' id='word_1_512' title='bbox 3167 3269 3519 3335; x_wconf 85' lang='lat' dir='ltr'>suffocatur</span> <span class='ocrx_word' id='word_1_513' title='bbox 3534 3319 3551 3350; x_wconf 91' lang='lat'>‚</span> <span class='ocrx_word' id='word_1_514' title='bbox 3614 3268 3831 3334; x_wconf 90' lang='lat' dir='ltr'>omnia</span> 
     </span>
     <span class='ocr_line' id='line_1_75' title="bbox 2287 3376 3833 3462; baseline -0.001 -20"><span class='ocrx_word' id='word_1_515' title='bbox 2287 3377 2577 3443; x_wconf 89' lang='lat' dir='ltr'>membra</span> <span class='ocrx_word' id='word_1_516' title='bbox 2632 3381 3036 3462; x_wconf 84' lang='lat' dir='ltr'>torquentur,</span> <span class='ocrx_word' id='word_1_517' title='bbox 3107 3377 3326 3442; x_wconf 88' lang='lat' dir='ltr'>anima</span> <span class='ocrx_word' id='word_1_518' title='bbox 3388 3377 3469 3441; x_wconf 90' lang='lat' dir='ltr'>ab</span> <span class='ocrx_word' id='word_1_519' title='bbox 3535 3376 3833 3442; x_wconf 88' lang='lat' dir='ltr'>omnibus</span> 
     </span>
     <span class='ocr_line' id='line_1_76' title="bbox 2287 3482 3832 3550; baseline -0.001 -1"><span class='ocrx_word' id='word_1_520' title='bbox 2287 3485 2593 3550; x_wconf 87' lang='lat' dir='ltr'>membris</span> <span class='ocrx_word' id='word_1_521' title='bbox 2618 3485 2908 3550; x_wconf 85' lang='lat' dir='ltr'>solvitur.</span> <span class='ocrx_word' id='word_1_522' title='bbox 2938 3483 3115 3549; x_wconf 88' lang='lat' dir='ltr'>Unde</span> <span class='ocrx_word' id='word_1_523' title='bbox 3141 3484 3220 3549; x_wconf 88' lang='lat' dir='ltr'>de</span> <span class='ocrx_word' id='word_1_524' title='bbox 3246 3483 3532 3549; x_wconf 82' lang='lat' dir='ltr'>Manasse</span> <span class='ocrx_word' id='word_1_525' title='bbox 3561 3482 3832 3548; x_wconf 78' lang='lat' dir='ltr'>vinculis</span> 
     </span>
     <span class='ocr_line' id='line_1_77' title="bbox 2286 3589 3833 3674; baseline -0.002 -16"><span class='ocrx_word' id='word_1_526' title='bbox 2286 3597 2524 3658; x_wconf 90' lang='lat' dir='ltr'>arctato</span> <span class='ocrx_word' id='word_1_527' title='bbox 2553 3592 2784 3657; x_wconf 84' lang='lat' dir='ltr'>dicitur</span> <span class='ocrx_word' id='word_1_528' title='bbox 2810 3594 2855 3629; x_wconf 69' lang='lat'>¹³</span> <span class='ocrx_word' id='word_1_529' title='bbox 2890 3614 2905 3656; x_wconf 72' lang='grc' dir='ltr'>ε</span> <span class='ocrx_word' id='word_1_530' title='bbox 2942 3613 2974 3652; x_wconf 72' lang='grc' dir='ltr'><strong>α</strong></span> <span class='ocrx_word' id='word_1_531' title='bbox 3008 3589 3350 3674; x_wconf 88' lang='lat' dir='ltr'>Postquam</span> <span class='ocrx_word' id='word_1_532' title='bbox 3375 3594 3833 3673; x_wconf 84' lang='lat' dir='ltr'>coangustatus</span> 
     </span>
     <span class='ocr_line' id='line_1_78' title="bbox 2287 3699 3834 3783; baseline -0.001 -17"><span class='ocrx_word' id='word_1_533' title='bbox 2287 3704 2471 3779; x_wconf 89' lang='lat' dir='ltr'>esset,</span> <span class='ocrx_word' id='word_1_534' title='bbox 2500 3700 2711 3765; x_wconf 88' lang='lat' dir='ltr'>oravit</span> <span class='ocrx_word' id='word_1_535' title='bbox 2734 3699 3105 3777; x_wconf 89' lang='lat' dir='ltr'>Dominum,</span> <span class='ocrx_word' id='word_1_536' title='bbox 3134 3704 3198 3764; x_wconf 89' lang='lat' dir='ltr'>et</span> <span class='ocrx_word' id='word_1_537' title='bbox 3232 3699 3371 3780; x_wconf 90' lang='lat' dir='ltr'>egit</span> <span class='ocrx_word' id='word_1_538' title='bbox 3397 3700 3834 3783; x_wconf 71' lang='lat' dir='ltr'>poenitentiam</span> 
     </span>
     <span class='ocr_line' id='line_1_79' title="bbox 2287 3806 3834 3889; baseline -0.001 -15"><span class='ocrx_word' id='word_1_539' title='bbox 2287 3809 2491 3875; x_wconf 86' lang='lat' dir='ltr'>valde.</span> <span class='ocrx_word' id='word_1_540' title='bbox 2539 3829 2570 3868; x_wconf 75' lang='lat' dir='ltr'><strong>n</strong></span> <span class='ocrx_word' id='word_1_541' title='bbox 2617 3807 2796 3873; x_wconf 89' lang='lat' dir='ltr'>Sicut</span> <span class='ocrx_word' id='word_1_542' title='bbox 2837 3808 3011 3872; x_wconf 89' lang='lat' dir='ltr'>enim</span> <span class='ocrx_word' id='word_1_543' title='bbox 3047 3806 3282 3889; x_wconf 83' lang='lat' dir='ltr'>captivi</span> <span class='ocrx_word' id='word_1_544' title='bbox 3325 3810 3834 3888; x_wconf 87' lang='lat' dir='ltr'>coangustantur</span> 
     </span>
     <span class='ocr_line' id='line_1_80' title="bbox 2286 3913 3832 3999; baseline -0.003 -17"><span class='ocrx_word' id='word_1_545' title='bbox 2286 3916 2561 3982; x_wconf 83' lang='lat' dir='ltr'>vinculis</span> <span class='ocrx_word' id='word_1_546' title='bbox 2587 3917 2668 3986; x_wconf 89' lang='lat' dir='ltr'>ad</span> <span class='ocrx_word' id='word_1_547' title='bbox 2693 3915 3206 3999; x_wconf 79' lang='lat' dir='ltr'>extorquendum</span> <span class='ocrx_word' id='word_1_548' title='bbox 3236 3915 3599 3997; x_wconf 88' lang='lat' dir='ltr'>pecuniam,</span> <span class='ocrx_word' id='word_1_549' title='bbox 3623 3913 3715 3978; x_wconf 88' lang='lat' dir='ltr'>sic</span> <span class='ocrx_word' id='word_1_550' title='bbox 3731 3914 3832 3978; x_wconf 93' lang='lat' dir='ltr'>in-</span> 
     </span>
     <span class='ocr_line' id='line_1_81' title="bbox 2285 4022 3833 4104; baseline -0.001 -15"><span class='ocrx_word' id='word_1_551' title='bbox 2285 4023 2696 4091; x_wconf 86' lang='lat' dir='ltr'>firmitatibus</span> <span class='ocrx_word' id='word_1_552' title='bbox 2721 4027 2787 4089; x_wconf 91' lang='lat' dir='ltr'>et</span> <span class='ocrx_word' id='word_1_553' title='bbox 2805 4022 3297 4088; x_wconf 85' lang='lat' dir='ltr'>adversitatibus</span> <span class='ocrx_word' id='word_1_554' title='bbox 3312 4025 3693 4104; x_wconf 87' lang='lat' dir='ltr'>coangustat</span> <span class='ocrx_word' id='word_1_555' title='bbox 3712 4040 3833 4087; x_wconf 88' lang='lat' dir='ltr'>nos</span> 
     </span>
     <span class='ocr_line' id='line_1_82' title="bbox 2287 4131 3828 4214; baseline -0.001 -18"><span class='ocrx_word' id='word_1_556' title='bbox 2287 4131 2452 4197; x_wconf 88' lang='lat' dir='ltr'>Deus</span> <span class='ocrx_word' id='word_1_557' title='bbox 2483 4131 2561 4196; x_wconf 90' lang='lat' dir='ltr'>ad</span> <span class='ocrx_word' id='word_1_558' title='bbox 2598 4131 2973 4197; x_wconf 86' lang='lat' dir='ltr'>solvendam</span> <span class='ocrx_word' id='word_1_559' title='bbox 3014 4131 3351 4214; x_wconf 87' lang='lat' dir='ltr'>pecuniam</span> <span class='ocrx_word' id='word_1_560' title='bbox 3389 4134 3455 4195; x_wconf 90' lang='lat' dir='ltr'>et</span> <span class='ocrx_word' id='word_1_561' title='bbox 3488 4131 3828 4214; x_wconf 87' lang='lat' dir='ltr'>justitiam.</span> 
     </span>
     <span class='ocr_line' id='line_1_83' title="bbox 2289 4238 3831 4322; baseline 0 -18"><span class='ocrx_word' id='word_1_562' title='bbox 2289 4238 2579 4305; x_wconf 87' lang='lat' dir='ltr'>Psalmus</span> <span class='ocrx_word' id='word_1_563' title='bbox 2596 4241 2645 4280; x_wconf 84' lang='lat'>¹⁸</span> <span class='ocrx_word' id='word_1_564' title='bbox 2669 4261 2735 4304; x_wconf 70' lang='lat' dir='ltr'>:a</span> <span class='ocrx_word' id='word_1_565' title='bbox 2760 4238 3055 4322; x_wconf 88' lang='lat' dir='ltr'>Implebit</span> <span class='ocrx_word' id='word_1_566' title='bbox 3074 4239 3157 4320; x_wconf 86' lang='lat' dir='ltr'>(a)</span> <span class='ocrx_word' id='word_1_567' title='bbox 3181 4239 3367 4304; x_wconf 76' lang='lat' dir='ltr'>facies</span> <span class='ocrx_word' id='word_1_568' title='bbox 3395 4257 3620 4305; x_wconf 87' lang='lat' dir='ltr'>eorum</span> <span class='ocrx_word' id='word_1_569' title='bbox 3641 4240 3831 4321; x_wconf 85' lang='lat' dir='ltr'>igno·</span> 
     </span>
     <span class='ocr_line' id='line_1_84' title="bbox 2288 4345 3829 4432; baseline 0.001 -21"><span class='ocrx_word' id='word_1_570' title='bbox 2288 4347 2486 4411; x_wconf 86' lang='lat' dir='ltr'>minia</span> <span class='ocrx_word' id='word_1_571' title='bbox 2512 4368 2528 4411; x_wconf 71' lang='grc' dir='ltr'>ι</span> <span class='ocrx_word' id='word_1_572' title='bbox 2556 4368 2588 4406; x_wconf 69' lang='lat' dir='ltr'>n</span> <span class='ocrx_word' id='word_1_573' title='bbox 2624 4345 2769 4425; x_wconf 87' lang='lat' dir='ltr'>Sed,</span> <span class='ocrx_word' id='word_1_574' title='bbox 2807 4345 2967 4410; x_wconf 77' lang='lat' dir='ltr'>heu!</span> <span class='ocrx_word' id='word_1_575' title='bbox 3011 4347 3271 4428; x_wconf 88' lang='lat' dir='ltr'>quidam</span> <span class='ocrx_word' id='word_1_576' title='bbox 3313 4350 3654 4430; x_wconf 88' lang='lat' dir='ltr'>postquam</span> <span class='ocrx_word' id='word_1_577' title='bbox 3686 4348 3829 4432; x_wconf 86' lang='lat' dir='ltr'>vin-</span> 
     </span>
     <span class='ocr_line' id='line_1_85' title="bbox 2288 4453 3832 4532; baseline -0.001 -13"><span class='ocrx_word' id='word_1_578' title='bbox 2288 4454 2431 4519; x_wconf 88' lang='lat' dir='ltr'>cula</span> <span class='ocrx_word' id='word_1_579' title='bbox 2456 4453 2565 4519; x_wconf 87' lang='lat' dir='ltr'>Dei</span> <span class='ocrx_word' id='word_1_580' title='bbox 2592 4453 2890 4532; x_wconf 86' lang='lat' dir='ltr'>evadunt,</span> <span class='ocrx_word' id='word_1_581' title='bbox 2915 4453 3040 4519; x_wconf 90' lang='lat' dir='ltr'>Deo</span> <span class='ocrx_word' id='word_1_582' title='bbox 3058 4453 3564 4519; x_wconf 88' lang='lat' dir='ltr'>emendationem</span> <span class='ocrx_word' id='word_1_583' title='bbox 3585 4453 3832 4518; x_wconf 88' lang='lat' dir='ltr'>nullam</span> 
     </span>
     <span class='ocr_line' id='line_1_86' title="bbox 2287 4559 3830 4645; baseline 0 -19"><span class='ocrx_word' id='word_1_584' title='bbox 2287 4563 2682 4645; x_wconf 84' lang='lat' dir='ltr'>persolvunt.</span> <span class='ocrx_word' id='word_1_585' title='bbox 2720 4559 2832 4625; x_wconf 76' lang='lat' dir='ltr'>Vae</span> <span class='ocrx_word' id='word_1_586' title='bbox 2878 4561 2995 4640; x_wconf 90' lang='lat' dir='ltr'>eis,</span> <span class='ocrx_word' id='word_1_587' title='bbox 3032 4562 3184 4644; x_wconf 85' lang='lat' dir='ltr'>quia</span> <span class='ocrx_word' id='word_1_588' title='bbox 3209 4561 3367 4626; x_wconf 89' lang='lat' dir='ltr'>dum</span> <span class='ocrx_word' id='word_1_589' title='bbox 3392 4561 3626 4626; x_wconf 91' lang='lat' dir='ltr'>iterum</span> <span class='ocrx_word' id='word_1_590' title='bbox 3652 4580 3830 4627; x_wconf 89' lang='lat' dir='ltr'>com-</span> 
     </span>
     <span class='ocr_line' id='line_1_87' title="bbox 2290 4667 3832 4752; baseline -0.001 -18"><span class='ocrx_word' id='word_1_591' title='bbox 2290 4669 2776 4752; x_wconf 75' lang='lat' dir='ltr'>prehenduntur</span> <span class='ocrx_word' id='word_1_592' title='bbox 2791 4667 2894 4750; x_wconf 83' lang='lat' dir='ltr'>(b),</span> <span class='ocrx_word' id='word_1_593' title='bbox 2921 4667 3323 4750; x_wconf 83' lang='lat' dir='ltr'>gravioribus</span> <span class='ocrx_word' id='word_1_594' title='bbox 3342 4668 3613 4734; x_wconf 86' lang='lat' dir='ltr'>vinculis</span> <span class='ocrx_word' id='word_1_595' title='bbox 3636 4687 3832 4734; x_wconf 87' lang='lat' dir='ltr'>coan-</span> 
     </span>
     <span class='ocr_line' id='line_1_88' title="bbox 2293 4772 3832 4859; baseline 0.001 -19"><span class='ocrx_word' id='word_1_596' title='bbox 2293 4777 2728 4859; x_wconf 86' lang='lat' dir='ltr'>gustabuntur</span> <span class='ocrx_word' id='word_1_597' title='bbox 2754 4774 2803 4815; x_wconf 71' lang='lat'>¹⁸</span> <span class='ocrx_word' id='word_1_598' title='bbox 2833 4796 2849 4839; x_wconf 77' lang='lat' dir='ltr'><strong><em>z</em></strong></span> <span class='ocrx_word' id='word_1_599' title='bbox 2878 4797 2909 4835; x_wconf 79' lang='grc' dir='ltr'><strong>α</strong></span> <span class='ocrx_word' id='word_1_600' title='bbox 2934 4772 3179 4855; x_wconf 89' lang='lat' dir='ltr'>Ligatis</span> <span class='ocrx_word' id='word_1_601' title='bbox 3208 4775 3527 4856; x_wconf 86' lang='lat' dir='ltr'>manibus,</span> <span class='ocrx_word' id='word_1_602' title='bbox 3547 4796 3577 4834; x_wconf 72' lang='lat' dir='ltr'><strong>n</strong></span> <span class='ocrx_word' id='word_1_603' title='bbox 3604 4779 3723 4839; x_wconf 91' lang='lat' dir='ltr'>etc.</span> <span class='ocrx_word' id='word_1_604' title='bbox 3746 4773 3832 4841; x_wconf 89' lang='lat' dir='ltr'>De</span> 
     </span>
     <span class='ocr_line' id='line_1_89' title="bbox 2288 4881 3832 4968; baseline -0.002 -17"><span class='ocrx_word' id='word_1_605' title='bbox 2288 4885 2586 4964; x_wconf 86' lang='lat' dir='ltr'>secundo,</span> <span class='ocrx_word' id='word_1_606' title='bbox 2602 4887 2757 4948; x_wconf 86' lang='lat' dir='ltr'>nota</span> <span class='ocrx_word' id='word_1_607' title='bbox 2773 4881 2943 4968; x_wconf 81' lang='lat' dir='ltr'>quod</span> <span class='ocrx_word' id='word_1_608' title='bbox 2962 4881 3122 4946; x_wconf 88' lang='lat' dir='ltr'>sicut</span> <span class='ocrx_word' id='word_1_609' title='bbox 3137 4899 3370 4966; x_wconf 85' lang='lat' dir='ltr'>sponsa</span> <span class='ocrx_word' id='word_1_610' title='bbox 3382 4899 3529 4946; x_wconf 90' lang='lat' dir='ltr'>cum</span> <span class='ocrx_word' id='word_1_611' title='bbox 3545 4882 3832 4948; x_wconf 83' lang='lat' dir='ltr'>adultero</span> 
     </span>
     <span class='ocr_line' id='line_1_90' title="bbox 2282 4987 3831 5077; baseline -0.003 -19"><span class='ocrx_word' id='word_1_612' title='bbox 2282 4995 2503 5077; x_wconf 82' lang='lat' dir='ltr'>jacens</span> <span class='ocrx_word' id='word_1_613' title='bbox 2525 4992 2593 5056; x_wconf 91' lang='lat' dir='ltr'>in</span> <span class='ocrx_word' id='word_1_614' title='bbox 2617 4994 2839 5069; x_wconf 85' lang='lat' dir='ltr'>strato,</span> <span class='ocrx_word' id='word_1_615' title='bbox 2858 4994 3325 5072; x_wconf 86' lang='lat' dir='ltr'>coangustatur</span> <span class='ocrx_word' id='word_1_616' title='bbox 3343 4987 3831 5072; x_wconf 76' lang='lat' dir='ltr'>superveniente</span> 
     </span>
     <span class='ocr_line' id='line_1_91' title="bbox 2288 5095 3824 5185; baseline -0.003 -20"><span class='ocrx_word' id='word_1_617' title='bbox 2288 5118 2520 5185; x_wconf 87' lang='lat' dir='ltr'>sponso</span> <span class='ocrx_word' id='word_1_618' title='bbox 2547 5117 2697 5164; x_wconf 91' lang='lat' dir='ltr'>cum</span> <span class='ocrx_word' id='word_1_619' title='bbox 2724 5097 2963 5180; x_wconf 81' lang='lat' dir='ltr'>gladio,</span> <span class='ocrx_word' id='word_1_620' title='bbox 2993 5096 3086 5162; x_wconf 89' lang='lat' dir='ltr'>sic</span> <span class='ocrx_word' id='word_1_621' title='bbox 3116 5095 3333 5162; x_wconf 90' lang='lat' dir='ltr'>anima</span> <span class='ocrx_word' id='word_1_622' title='bbox 3369 5096 3657 5164; x_wconf 85' lang='lat' dir='ltr'>adultera</span> <span class='ocrx_word' id='word_1_623' title='bbox 3691 5096 3824 5162; x_wconf 88' lang='lat' dir='ltr'>dia-</span> 
     </span>
    </p>
   </div>
   <div class='ocr_carea' id='block_1_12' title="bbox 2289 5268 3977 5334">
    <p class='ocr_par' dir='ltr' id='par_1_14' title="bbox 2289 5268 3977 5334">
     <span class='ocr_line' id='line_1_92' title="bbox 2289 5268 3977 5334; baseline -0.001 -13"><span class='ocrx_word' id='word_1_624' title='bbox 2289 5284 2344 5321; x_wconf 90' lang='lat' dir='ltr'>n.</span> <span class='ocrx_word' id='word_1_625' title='bbox 2383 5274 2431 5322; x_wconf 83' lang='lat'>7.</span> <span class='ocrx_word' id='word_1_626' title='bbox 2457 5296 2522 5308; x_wconf 91' lang='lat'><em>-</em></span> <span class='ocrx_word' id='word_1_627' title='bbox 2561 5270 2596 5302; x_wconf 82' lang='lat'>⁸²</span> <span class='ocrx_word' id='word_1_628' title='bbox 2633 5271 2676 5321; x_wconf 84' lang='lat'>11</span> <span class='ocrx_word' id='word_1_629' title='bbox 2714 5268 2910 5333; x_wconf 62' lang='lat' dir='ltr'>Pon-al„</span> <span class='ocrx_word' id='word_1_630' title='bbox 2942 5278 3137 5334; x_wconf 79' lang='lat' dir='ltr'>xum,</span> <span class='ocrx_word' id='word_1_631' title='bbox 3176 5269 3256 5321; x_wconf 78' lang='lat'>12.</span> <span class='ocrx_word' id='word_1_632' title='bbox 3287 5294 3343 5306; x_wconf 90' lang='lat'>—</span> <span class='ocrx_word' id='word_1_633' title='bbox 3382 5268 3420 5306; x_wconf 81' lang='lat'>⁸⁸</span> <span class='ocrx_word' id='word_1_634' title='bbox 3443 5268 3583 5321; x_wconf 66' lang='lat' dir='ltr'>Paul.</span> <span class='ocrx_word' id='word_1_635' title='bbox 3618 5278 3830 5333; x_wconf 75' lang='lat' dir='ltr'>uun,</span> <span class='ocrx_word' id='word_1_636' title='bbox 3962 5303 3977 5314; x_wconf 89' lang='lat'>.</span> 
     </span>
    </p>
   </div>
   <div class='ocr_carea' id='block_1_13' title="bbox 2291 5341 3689 5508">
    <p class='ocr_par' dir='ltr' id='par_1_15' title="bbox 2291 5341 3689 5508">
     <span class='ocr_line' id='line_1_93' title="bbox 2291 5341 3026 5406; baseline -0.004 -12"><span class='ocrx_word' id='word_1_637' title='bbox 2291 5345 2369 5394; x_wconf 81' lang='lat'>¹7.</span> <span class='ocrx_word' id='word_1_638' title='bbox 2401 5371 2457 5381; x_wconf 93' lang='lat'>—</span> <span class='ocrx_word' id='word_1_639' title='bbox 2486 5343 2524 5379; x_wconf 81' lang='lat'>¹⁴</span> <span class='ocrx_word' id='word_1_640' title='bbox 2551 5341 2759 5406; x_wconf 66' lang='lat' dir='ltr'>naeth„</span> <span class='ocrx_word' id='word_1_641' title='bbox 2783 5353 2918 5405; x_wconf 79' lang='lat'>1111,</span> <span class='ocrx_word' id='word_1_642' title='bbox 2949 5342 3026 5391; x_wconf 78' lang='lat'>13.</span> 
     </span>
     <span class='ocr_line' id='line_1_94' title="bbox 2354 5438 3689 5508; baseline 0.001 -16"><span class='ocrx_word' id='word_1_643' title='bbox 2354 5441 2426 5508; x_wconf 82' lang='lat' dir='ltr'>(a)</span> <span class='ocrx_word' id='word_1_644' title='bbox 2454 5441 2599 5508; x_wconf 62' lang='grc' dir='ltr'>ναις.</span> <span class='ocrx_word' id='word_1_645' title='bbox 2631 5441 2809 5506; x_wconf 79' lang='lat' dir='ltr'>imple.</span> <span class='ocrx_word' id='word_1_646' title='bbox 2835 5466 2898 5478; x_wconf 91' lang='lat'>—</span> <span class='ocrx_word' id='word_1_647' title='bbox 2925 5438 2996 5506; x_wconf 82' lang='lat' dir='ltr'>(b)</span> <span class='ocrx_word' id='word_1_648' title='bbox 3031 5439 3145 5504; x_wconf 76' lang='lat' dir='ltr'>Leq.</span> <span class='ocrx_word' id='word_1_649' title='bbox 3173 5439 3689 5505; x_wconf 83' lang='lat' dir='ltr'>comprehendentur.</span> 
     </span>
    </p>
   </div>
  </div>
 </body>
</html>
