4059 6317
898 545 1280 614 DOMINIGA
1320 546 1403 614 IN
1445 544 1761 614 OCTAVA
1800 544 2157 614 PASGHAE.
2196 546 2459 614 SERMO
2502 545 2551 612 Ι.
3190 550 3302 615 231

292 800 641 881 DOMINIGA
683 803 763 879 IN
807 802 1113 882 OCTAVA
1156 804 1505 887 PASGHAE.

547 973 841 1046 SERMO
883 975 1233 1047 PRIMUS.

233 1110 360 1176 Pax
391 1110 564 1178 vobis
581 1113 626 1176 ¹.
677 1111 1204 1177 commendabilis
1249 1116 1314 1178 et
1351 1112 1664 1179 servanda

170 1221 246 1281 est
287 1218 414 1284 haec
461 1238 590 1302 pax
645 1225 906 1304 propter
964 1220 1270 1305 principis
1317 1221 1657 1287 auctorita-

169 1328 306 1406 ὶοιῑι,
343 1331 591 1412 propter
643 1328 900 1393 foederis
941 1329 1314 1394 firmitatem
1331 1378 1352 1410 ,
1400 1332 1660 1414 propter

170 1432 367 1515 ,iudicis
408 1435 812 1503 severitatem
835 1484 852 1517 ,
903 1438 1159 1519 propter
1201 1436 1373 1519 pacis
1421 1435 1660 1500 utilita-

170 1543 294 1608 tem.

230 1646 304 1713 De
325 1650 523 1732 primo
540 1698 562 1730 ,
591 1652 746 1734 quia
769 1650 1078 1734 principis
1099 1655 1195 1714 est
1221 1650 1373 1715 dare
1400 1668 1622 1734 pacem
1637 1698 1661 1730 ‚

169 1755 282 1821 ideo
300 1757 371 1823 de
393 1759 637 1824 Christo
665 1759 816 1825 dicit
835 1767 860 1802 ¹
882 1781 897 1823 z
926 1783 958 1821 (ι
980 1759 1167 1825 Pater
1191 1760 1393 1825 futuri
1421 1760 1661 1839 saeculi,

168 1865 416 1951 princeps
451 1867 660 1951 paciS,
709 1867 1231 1953 multiplicabitur
1274 1870 1415 1951 ejus
1457 1866 1665 1950 impe-

167 1972 335 2053 rium,
358 1997 389 2035 n
419 1978 539 2040 etc.
570 1974 620 2041 Ο
649 1994 849 2058 quam
877 1994 1122 2057 magna
1146 1976 1518 2040 auctoritate
1555 1992 1667 2039 no-

167 2079 246 2143 bis
265 2082 546 2148 indicitur
569 2102 699 2167 pax
720 2085 738 2146 l
771 2084 1141 2148 auctoritate
1163 2084 1384 2166 utique
1411 2082 1619 2148 Patris
1638 2129 1660 2162 ‚

167 2190 218 2251 et
243 2187 404 2271 Filii,
433 2195 496 2256 et
539 2190 812 2275 Spiritus
838 2193 1037 2256 sancti
1064 2192 1086 2228 '
1119 2213 1135 2256 ε
1178 2213 1208 2252 α
1232 2190 1447 2255 Gratia
1483 2192 1664 2257 vobis

169 2298 221 2359 et
235 2314 342 2377 pax
367 2318 406 2363 a
427 2299 584 2379 Deo,
611 2300 869 2381 quiest,
900 2298 1098 2381 etqui
1126 2302 1344 2378 erat‚»
1366 2301 1513 2375 etc„
1554 2321 1584 2358 α
1602 2302 1667 2363 et

168 2420 200 2466 a
219 2409 437 2486 septem
467 2405 818 2489 spiritibus,
849 2404 1056 2488 quiin
1083 2408 1421 2488 conspectu
1448 2405 1664 2470 throni

169 2512 281 2593 ejus
300 2518 464 2594 suut,
491 2513 574 2577 ab
599 2512 752 2578 Jesu
771 2512 1041 2592 Christo,
1069 2535 1100 2573 >2
1124 2515 1241 2577 etc.
1270 2511 1448 2578 Unde
1471 2514 1663 2577 etiam

165 2619 218 2683 iu
251 2618 586 2703 Evangelio
625 2620 860 2684 dicitur
899 2623 996 2686 ter
1036 2642 1054 2684 ι
1107 2620 1254 2686 Pax
1295 2621 1473 2687 vobis
1491 2670 1508 2700 ,
1539 2625 1658 2686 etc.

165 2725 261 2792 Sed
280 2732 421 2794 nota
446 2728 621 2812 quod
649 2726 821 2793 Patri
850 2726 1128 2809 potentia
1155 2776 1172 2806 ‚
1213 2726 1374 2792 Filio
1417 2728 1666 2812 sapien-

163 2836 255 2916 tia,
279 2837 535 2920 Spiritui
561 2841 783 2902 sancto
821 2836 1076 2900 bouitas
1103 2836 1506 2903 attribuitur.
1541 2839 1663 2904 Pa·-

163 2961 271 3008 oem
295 2944 489 3011 Patris
511 2943 716 3010 violat
734 2960 1003 3026 peccans
1027 2961 1109 3007 ex
1134 2943 1509 3009 infirmitate
1540 2946 1621 3028 (a)
1643 2993 1659 3025 ,

162 3049 291 3116 sieut
315 3052 533 3116 Petrus
556 3069 809 3132 negans
834 3055 858 3090 ⁸
887 3050 1117 3115 timore
1145 3050 1408 3130 mortis3
1439 3069 1663 3133 pacem

163 3156 309 3237 mii,
351 3176 620 3243 peccans
645 3176 729 3222 ex
753 3157 1162 3240 ignorantia,
1218 3157 1383 3222 sicut
1424 3157 1665 3224 Paulus

161 3282 501 3350 persequens
523 3268 547 3304 ⁸
571 3266 828 3332 fidelest
859 3289 874 3330 ε
902 3287 933 3326 α
961 3265 1275 3347 Ignorans
1299 3267 1457 3347 feci3
1489 3289 1520 3327 ι)
1548 3286 1660 3351 pa-

160 3390 271 3438 cem
293 3375 562 3460 Spiritus
588 3373 811 3451 sancti,
839 3391 1104 3456 peccans
1127 3390 1210 3437 ex
1237 3373 1659 3457 malignitate,

159 3480 292 3546 sicut
325 3483 519 3548 ludas
558 3483 606 3547 ¹¹.
661 3481 749 3546 De
791 3481 1069 3546 secundo
1099 3480 1168 3544 ⁸:
1224 3503 1254 3542 α
1302 3479 1663 3547 Percutiam

157 3587 257 3653 illis
276 3591 473 3656 foedus
497 3589 677 3673 pacis
695 3637 716 3670 ‚
754 3591 1012 3672 pactum
1047 3589 1511 3672 sempiternum
1543 3591 1665 3656 erit

158 3694 247 3761 eis,
266 3719 296 3757 ι)
315 3696 492 3763 Sicut
511 3696 687 3762 enim
701 3713 901 3760 manu
925 3695 995 3758 in
1015 3713 1280 3759 manum
1307 3696 1666 3778 percutitur

159 3804 218 3867 ad
237 3811 486 3886 pactum
511 3803 688 3887 pacis
708 3851 726 3882 ‚
759 3801 852 3865 sic
872 3801 1158 3867 Christus
1197 3801 1268 3865 iu
1299 3819 1487 3867 cruc-e
1525 3822 1664 3868 ma·

156 3928 253 3975 nus
275 3911 590 3991 extendit,
637 3910 787 3993 quia
828 3926 1050 3991 pacem
1079 3910 1461 3991 promittens
1482 3957 1500 3987 ‚
1553 3911 1661 3974 flr-

158 4021 328 4083 mavit
365 4036 512 4085 eam
573 4014 909 4098 tripliciter
927 4062 945 4092 ,
993 4015 1286 4081 videlicet
1337 4037 1354 4080 :
1415 4035 1615 4082 manu
1644 4065 1660 4092 ‚

153 4125 287 4191 facto
304 4174 323 4208 ,
346 4129 531 4210 pacto
553 4172 573 4204 ,
601 4121 951 4207 promisso,
980 4127 1054 4187 ut
1078 4122 1320 4188 dictum
1345 4127 1470 4204 est3
1506 4124 1661 4189 item

156 4234 260 4297 oris
283 4234 495 4300 osculo
512 4281 537 4312 ,
565 4230 741 4297 unde
758 4230 783 4267 ⁸
817 4252 833 4295 :
872 4254 904 4291 «ι
934 4230 1237 4296 Inclinato
1279 4232 1483 4314 capite
1526 4236 1665 4297 tra-

155 4340 285 4406 didit
323 4341 645 4427 spiritum.
676 4360 710 4400 n
742 4337 924 4404 Tunc
968 4338 1193 4404 faciem
1249 4357 1435 4404 suam
1481 4341 1662 4424 quasi

153 4448 218 4513 ad
231 4451 514 4516 osculum
532 4449 708 4532 pacis
725 4448 1005 4513 dandum
1022 4446 1355 4515 inclinavit
1367 4450 1412 4486 ²⁰
1432 4471 1494 4514 :a
1511 4451 1664 4515 Cou-

155 4562 332 4623 vertat
361 4557 678 4624 Dominus
709 4556 965 4622 vultum
999 4575 1190 4620 suum
1232 4557 1312 4621 ad
1338 4562 1401 4622 te
1420 4606 1438 4639 ‚
1469 4562 1535 4623 et
1559 4559 1664 4624 det

155 4664 248 4729 tihi
270 4684 505 4750 pacem.
523 4687 556 4726 n
590 4662 954 4729 Bernartius
978 4662 1022 4700 ¹¹
1055 4683 1071 4725 ε
1100 4685 1132 4725 α
1157 4662 1314 4730 Vide
1341 4669 1532 4749 caput
1556 4666 1660 4731 in-

157 4771 425 4839 clinatum
470 4773 554 4838 ad
596 4768 1016 4836 osculandum
1035 4817 1057 4850 ‚
1099 4770 1363 4836 brachia
1406 4776 1663 4839 extenta

158 4878 224 4944 ad
247 4879 736 4965 amplexandum
755 4926 773 4957 ‚
805 4892 1036 4941 manus
1062 4878 1412 4961 perforatas
1437 4880 1516 4944 ad
1539 4881 1665 4945 lar-

159 4986 467 5066 giendum,
491 4988 662 5052 latus
688 4988 980 5068 apertum
1008 4985 1092 5050 ad
1111 4985 1508 5068 diligendum
1521 5036 1544 5069 ,
1569 4991 1665 5054 to-

157 5098 263 5162 tius
285 5098 560 5183 corporis
583 5094 1061 5178 dispositionem
1087 5095 1168 5160 ad
1194 5114 1263 5161 se
1288 5100 1499 5163 totum
1528 5100 1662 5163 im-

206 5260 223 5295 ¹
245 5259 371 5324 Luc„
397 5272 543 5325 xxm,
570 5261 651 5311 36.
683 5282 745 5297 -
775 5256 797 5289 ²
822 5257 940 5322 lea„
966 5269 1045 5319 11,
1073 5260 1122 5309 6.
1157 5284 1206 5295 -
1239 5258 1259 5289 ³
1283 5262 1454 5324 Apoc„
1486 5272 1535 5324 1,
1567 5262 1661 5312 4-5.

160 5355 209 5367 -
238 5333 260 5367 δ
296 5333 490 5396 Metili„
522 5343 692 5393 nu,
729 5333 810 5382 70.
844 5356 908 5367 —
951 5330 972 5361 ⁵
1012 5331 1124 5382 Act.
1168 5331 1362 5396 Apost„
1406 5345 1486 5397 ix,
1523 5336 1570 5383 1.
1601 5360 1664 5371 —

161 5400 456 5469 ⁸1r1m..1,
496 5407 575 5456 ¹3.
612 5429 667 5439 -
714 5403 732 5433 “’
764 5400 965 5463 unuh„
1003 5414 1158 5465 ΠΜ,
1197 5406 1274 5454 15.
1304 5427 1365 5440 -
1409 5403 1430 5433 ⁸
1465 5402 1663 5466 Ezeck„

160 5485 347 5537 mvn,
377 5478 456 5529 26.
491 5503 553 5515 -
589 5476 612 5509 ⁸
641 5475 806 5534 loon„
836 5485 958 5539 ιιι,
988 5474 1068 5525 30.
1095 5500 1158 5514 -—
1193 5474 1232 5511 ¹⁰
1267 5473 1444 5536 Num„
1469 5484 1553 5539 vr,
1580 5476 1660 5527 26.

138 5554 214 5582 ⁸-
237 5546 271 5581 ¹¹
293 5548 437 5601 Bern-
462 5573 522 5586 -
553 5547 595 5582 ¹²
624 5543 830 5606 unuh„
859 5556 1004 5608 xxvi,
1028 5548 1107 5599 49.
1127 5571 1191 5585 —
1217 5544 1258 5582 ²⁸
1280 5544 1489 5611 coloss„
1516 5554 1554 5608 1,
1580 5547 1661 5597 20.

1767 683 2197 767 pendendum.
2235 710 2261 742 ι
2292 680 2454 748 Hinc
2480 685 2575 749 est
2600 683 2773 766 quod
2802 684 2995 748 etiam
3008 680 3311 749 'osculum

1768 790 1950 856 Judae
1973 790 2230 871 ¹⁸dedit,
2260 794 2334 855 ut
2357 789 2575 855 nullus
2600 793 2891 874 peccator
2916 789 2996 856 de
3021 804 3175 873 pace
3196 788 3309 854 Dei

1769 897 2066 981 desperet
2083 946 2101 975 ‚
2132 914 2215 962 ex
2240 916 2371 981 quo
2396 897 2683 963 traditori
2711 897 3004 964 osculum
3038 915 3170 962 non
3196 915 3313 962 ne-

1773 1006 1984 1088 gavit.
2017 1004 2178 1071 Item
2204 1005 2544 1087 sanguinis
2570 1009 2963 1071 sacramento
2980 1006 3026 1043 ¹⁸
3052 1027 3112 1070 :a
3142 1000 3331 1097 Paci--

1768 1115 1967 1177 ficans
1984 1131 2099 1197 per
2118 1114 2504 1194 sanguinem
2528 1114 2734 1178 crucis
2760 1116 2902 1197 ejus
2918 1161 2935 1189 ,
2949 1134 2981 1173 ι)
3004 1115 3123 1178 etc.
3151 1110 3314 1178 Nota

1769 1218 1937 1303 quod
1970 1218 2241 1300 gentiles
2267 1219 2654 1303 sanguinem
2704 1219 2998 1284 animalis
3043 1218 3268 1283 mundi
3287 1267 3309 1298 ,
3445 1277 3454 1288 .

1770 1330 1832 1390 et
1857 1344 2091 1410 aquam
2112 1373 2134 1405 ,
2162 1326 2232 1391 in
2257 1327 2740 1392 confirmatione
2785 1326 2956 1410 pacis
2982 1325 3313 1392 ostendere

1771 1432 2080 1513 solebant,
2101 1433 2543 1515 significantes
2570 1434 2741 1518 quod
2770 1433 2864 1498 sic
2881 1435 2937 1516 ej
2948 1452 3023 1499 us
3040 1434 3314 1517 sanguis

1772 1544 1835 1604 et
1861 1541 1994 1607 vita
2009 1541 2253 1608 effundi
2271 1542 2595 1624 deberent,
2626 1542 2741 1627 qui
2769 1560 2990 1626 pacem
3018 1542 3309 1607 violaret.

1771 1647 1893 1712 Sed
1922 1647 2210 1714 Christus
2236 1653 2309 1715 ut
2338 1668 2560 1732 pacem
2587 1649 2754 1714 inter
2781 1648 2981 1714 Deum
3008 1654 3072 1715 et
3095 1648 3314 1714 homi-

1771 1775 1922 1820 nem
1947 1757 2270 1837 flrmaret,
2302 1763 2655 1841 utrumque
2685 1757 2910 1823 effudit
2929 1755 2975 1794 ¹⁸
3007 1778 3023 1822 ε
3052 1780 3084 1820 α
3111 1756 3318 1822 Conti-

1771 1881 1903 1927 nuo
1928 1863 2133 1929 exivit
2159 1865 2425 1948 sanguis
2456 1869 2520 1930 et
2545 1883 2732 1949 aqua.
2764 1888 2795 1927 n
2817 1864 2940 1931 'Vae
2968 1882 3127 1947 ergo
3152 1865 3312 1947 illis,

1772 1973 1887 2057 qui
1915 1991 2028 2056 per
2064 1974 2389 2039 luxuriam
2413 2022 2430 2054 ,
2460 1972 2769 2039 invidiam
2787 2022 2808 2054 ‚
2840 1973 3212 2055 avaritiam,
3253 1976 3318 2039 et

1772 2082 1897 2145 alia
1922 2080 2214 2161 crimina,
2244 2099 2467 2164 pacem
2492 2080 2734 2147 violant
2750 2080 2949 2147 tantis
2975 2081 3319 2148 foederibus

1775 2190 2124 2255 firmatam.

1858 2296 1940 2360 De
1966 2295 2156 2361 tertio
2182 2296 2227 2333 ¹⁸
2255 2314 2272 2360 ε
2313 2317 2345 2357 α
2371 2295 2648 2362 Susurro
2674 2301 2739 2361 et
2777 2296 3088 2380 bilinguis
3119 2298 3320 2364 male·

1772 2404 2011 2482 dictus»,
2052 2403 2287 2468 mullos
2324 2404 2608 2469 turbavit
2644 2423 2863 2488 pacem
2907 2406 3236 2472 habentes.
3278 2428 3311 2468 a

1772 2511 2138 2577 Maledictus
2153 2511 2378 2594 utique
2392 2512 2500 2575 illa
2518 2512 2977 2592 maledictione,
2989 2512 3068 2579 de
3084 2532 3217 2599 qua
3230 2514 3275 2552 ¹⁸
3298 2538 3314 2581 t

1782 2642 1813 2680 ιι
1839 2619 2150 2683 Discedite
2178 2637 2218 2683 a
2244 2638 2380 2699 me,
2412 2619 2763 2698 maledicti,
2787 2619 2856 2684 in
2883 2620 3111 2703 ignem
3137 2627 3321 2689 aeter-

1773 2745 1954 2792 num.
1987 2749 2019 2787 ιι
2059 2726 2124 2792 Si
2153 2745 2314 2808 ergo
2342 2727 2646 2791 severitas
2665 2727 2890 2810 judicii
2922 2728 3191 2794 humani
3217 2749 3319 2796 co-

1775 2836 1874 2919 git
1901 2835 2197 2900 homines
2232 2853 2454 2917 pacem
2481 2852 2769 2916 servare,
2814 2840 3056 2919 quanto
3099 2839 3319 2921 potius

1765 2943 1992 3028 judicii
2033 2943 2192 3008 Dei?
2236 2941 2315 3006 Et
2347 2947 2513 3007 certe
2557 2943 2671 3026 qui
2708 2943 2873 3007 hanc
2914 2945 3319 3011 severitatem

1775 3069 1907 3115 non
1933 3051 2113 3115 timet
2142 3052 2209 3114 in
2240 3050 2514 3131 mundo,
2557 3051 2842 3116 inveniet
2879 3051 2949 3115 in
2984 3052 3229 3134 judicio
3256 3059 3320 3119 et

1775 3159 1843 3221 in
1887 3158 2161 3223 inferne.
2204 3157 2250 3195 ¹⁷
2311 3181 2344 3220 α
2374 3157 2527 3236 Quis
2561 3158 2734 3223 dabit
2769 3177 2874 3224 me
2917 3159 3210 3244 spinam,
3251 3165 3318 3227 et

1773 3285 2036 3350 veprem
2078 3266 2148 3330 iu
2185 3265 2449 3350 praelio?
2475 3287 2506 3326 n
2543 3264 2853 3331 Dominus
2890 3267 3065 3332 enim
3102 3272 3323 3334 contra

1773 3375 2058 3438 animam
2098 3373 2511 3456 peccatricem
2550 3373 2735 3455 quasi
2773 3372 3122 3456 praeliatur,
3162 3374 3321 3440 dum

1773 3482 1956 3565 spina
1982 3479 2413 3546 tribulationis
2445 3497 2589 3544 eam
2629 3480 2901 3562 pungit,
2946 3486 3023 3546 ut
3052 3500 3321 3547 conver-

1774 3594 1968 3654 tatur.
2002 3588 2125 3653 Sed
2153 3587 2376 3652 infelix
2411 3588 2625 3652 anima
2662 3587 2735 3652 iu
2767 3586 2890 3653 hoc
2930 3588 3151 3671 praelio
3185 3608 3322 3655 nou

1775 3696 2076 3776 vincitur,
2123 3694 2281 3760 dum
2320 3693 2737 3777 castigatione
2775 3712 2909 3760 uon
2946 3695 3317 3778 corrigitur.

1776 3802 1933 3868 item
1956 3803 2027 3866 in
2048 3801 2326 3886 judici03
2372 3800 2546 3866 uude
2591 3801 2669 3866 de
2711 3800 2929 3866 anima
2971 3802 3318 3885 peccatrice

1772 3909 2113 3992 subjungit
2165 3908 2212 3948 ¹⁸
2253 3955 2272 3987 ‚
2347 3906 2563 3972 dicens
2620 3929 2636 3972 z
2704 3930 2735 3968 α
2783 3906 3042 3973 Gradiar
3126 3927 3322 3994 super

1773 4037 1917 4084 eam
1932 4067 1952 4098 ‚
1983 4040 2014 4079 ι»
2050 4017 2285 4082 scilicet
2332 4035 2481 4081 cum
2523 4016 2737 4098 gladio
2785 4017 3131 4098 evaginato
3170 4037 3316 4084 sen-

1771 4126 1990 4193 tentiae
2018 4124 2569 4190 condemnationis
2586 4123 2821 4189 finalis.
2851 4124 3008 4191 Item
3036 4125 3105 4190 in
3130 4126 3320 4193 infer-

1772 4254 1892 4314 no;
1920 4235 2094 4300 unde
2126 4232 2343 4297 subdit
2367 4232 2411 4272 ¹⁸
2436 4253 2451 4296 z
2479 4229 2917 4298 «succendam
2941 4250 3106 4313 eam,
3128 4254 3159 4293 ο
3195 4235 3318 4299 sci-

1772 4344 1918 4409 licet
1946 4345 2105 4425 igne
2147 4339 2519 4424 gehennali.
2567 4338 2662 4404 lbi
2700 4339 2958 4405 dabitur
2994 4339 3318 4407 violatori-

1771 4453 1894 4517 bus
1929 4451 2102 4534 pacis
2131 4447 2302 4533 quod
2340 4449 2719 4511 meruerunt
2748 4446 2796 4487 ¹⁸
2829 4467 2844 4510 ε
2882 4467 2915 4506 α
2938 4443 3319 4529 Loquuntur

1770 4579 1991 4644 pacem
2036 4576 2184 4623 cum
2213 4556 2547 4641 proximo,
2573 4576 2604 4614 n
2652 4557 2799 4633 etc„
2844 4568 3053 4636 usque
3101 4573 3117 4618 ε
3151 4575 3183 4615 «ι
3226 4548 3319 4619 Da

1771 4669 1898 4732 illis
1926 4665 2284 4731 secundum
2319 4680 2516 4746 opera
2539 4678 2789 4726 eorum.
2817 4683 2849 4721 n

1852 4775 1940 4839 De
1973 4778 2204 4857 quarto
2227 4773 2275 4810 '⁰
2307 4789 2325 4836 :
2365 4791 2398 4831 α
2418 4768 2765 4853 Acquiesce
2797 4786 2956 4851 ergo
2983 4769 3077 4850 ei,
3107 4772 3172 4834 et
3196 4769 3314 4833 ha-

1770 4884 1918 4948 beto
1943 4900 2166 4966 pacem
2192 4896 2342 4944 cum
2362 4896 2462 4958 ee,
2491 4880 2554 4942 et
2578 4894 2694 4960 per
2720 4876 2842 4941 hoc
2863 4875 3128 4941 babebis
3153 4875 3317 4941 fruc·

1771 4992 1879 5053 tus
1900 4989 2192 5072 optimos.
2216 5007 2247 5045 1>
2262 4983 2426 5051 Vere
2439 4982 2734 5068 optimoS,
2756 5000 2870 5065 per
2887 4999 3109 5066 pacem
3138 4981 3315 5046 euim

1773 5096 2089 5162 habemus
2134 5093 2406 5158 interius
2450 5091 2855 5156 securitatem
2888 5112 2904 5155 :
2935 5089 3107 5156 bona
3141 5088 3315 5155 enim

1774 5266 1836 5280 -
1879 5242 1919 5277 1⁴
1961 5240 2130 5303 loon„
2175 5249 2301 5301 xix,
2346 5238 2426 5286 34.
2471 5262 2527 5272 —
2577 5236 2620 5272 ¹⁸
2664 5234 2848 5297 Eccli„
2894 5245 3090 5298 xxvut,
3136 5236 3212 5284 15.
3254 5259 3317 5273 -

1776 5314 1819 5350 ¹⁰
1839 5311 2043 5375 uatem,
2070 5320 2196 5375 xxv,
2224 5312 2304 5360 4¹.
2326 5333 2389 5346 -
2429 5307 2471 5342 ¹⁷
2497 5306 2618 5367 lea..
2641 5317 2815 5372 xxm,
2845 5309 2895 5358 4.
2925 5329 2989 5345 -
3018 5305 3062 5342 ¹⁸
3090 5302 3219 5356 ibid.
3251 5330 3316 5343 -

1778 5386 1819 5421 ²·
1847 5384 1978 5435 Psal.
2010 5393 2197 5445 xxvn,
2225 5382 2332 5431 34.
2359 5404 2421 5416 —-
2453 5378 2500 5415 ¹⁰
2522 5377 2631 5441 Job,
2659 5390 2773 5431 1¹11
2785 5415 2805 5444 ‚
2831 5381 2912 5429 21.

1838 5475 1907 5537 (α)
1941 5473 2064 5524 Goet.
2095 5471 2218 5523 edit.
2260 5468 2565 5535 ignorantia.
2596 5493 2657 5506 -—
2700 5465 2766 5534 (b)
2804 5467 2927 5536 Item
2958 5465 3040 5524 hic
3077 5464 3197 5521 add.
3234 5467 3310 5524 De

1775 5545 1942 5613 primo
1970 5547 2156 5615 parter
2180 5542 2421 5595 ordinem.
