4059 6317
654 453 776 517 534

654 583 904 645 adiacet
945 584 1178 660 itemm,
1226 588 1406 663 atque
1444 588 1689 663 plantet.
1744 591 1897 648 Bene
1941 586 2120 662 igitur
2162 601 2201 646 a

656 678 881 738 Christo
909 677 1124 739 dieitur
1148 683 1316 740 Petro
1344 699 1359 740 ι
1384 682 1790 741 Bcceeomtitui
1812 688 2049 755 temper
2074 680 2201 738 uns·-

656 788 867 830 verum
904 776 1125 846 tunm,
1152 777 1263 833 etc.
1297 780 1364 837 ln
1390 790 1514 851 qno
1548 775 1735 835 verbo
1771 774 2053 835 describit
2087 776 2201 833 Do-

657 866 857 924 minus
899 867 1048 927 Petri
1089 868 1519 945 principatum,
1561 873 1852 944 quantum
1900 868 1981 927 ad
2025 868 2150 926 duo
2181 885 2198 925 :

657 960 854 1035 primo
882 964 1172 1036 quantum
1198 963 1278 1021 ad
1303 964 1673 1023 altitudinem
1698 979 1821 1039 qus
1841 978 1908 1022 se
1931 962 2003 1037 (α)
2022 961 2204 1020 subli-

658 1055 812 1113 mari
853 1057 1183 1129 promeruit
1194 1078 1213 1131 ς
1251 1058 1516 1116 0001111ᾱο
1553 1074 1699 1117 vero
1752 1057 1958 1134 quoad
2002 1056 2203 1116 latitu-

661 1148 885 1223 dinem,
915 1165 1037 1224 qua
1062 1151 1190 1225 eius
1226 1151 1546 1226 imperium
1585 1152 1871 1211 dilatavit.
1902 1154 2016 1211 Ista
2043 1149 2204 1210 enim

663 1241 808 1315 duo,
850 1247 1140 1318 quantum
1184 1244 1266 1304 ad
1309 1249 1524 1305 statum
1561 1247 1696 1305 vitm
1732 1245 2054 1322 praesentis,
2097 1243 2205 1304 ubi

661 1337 951 1396 aeternitas
993 1352 1120 1396 esse
1158 1353 1283 1398 non
1322 1344 1533 1415 potest,
1562 1340 1879 1415 perficiunt
1908 1338 2207 1414 principa-

663 1435 812 1503 tum,
839 1431 1062 1491 scilicet
1089 1436 1154 1491 ut
1178 1433 1254 1491 sit
1278 1433 1431 1492 altus
1468 1433 1659 1507 gloria
1700 1433 2021 1508 dignitatis,
2051 1437 2109 1492 et
2135 1432 2209 1491 sit

664 1525 820 1584 latus
844 1525 1151 1585 latitudine
1177 1528 1496 1602 potestatis.
1525 1529 1720 1587 Primo
1747 1527 1926 1602 igitur
1950 1527 2213 1586 ostendit

665 1618 1033 1679 pontificium
1059 1621 1188 1695 ejus
1214 1638 1341 1680 esse
1367 1624 1553 1682 altum
1586 1625 1645 1682 et
1675 1638 1798 1697 pree
1833 1622 2055 1680 caeteris
2081 1636 2209 1680 esse

667 1714 981 1788 elevatum,
1010 1730 1150 1774 cum
1188 1715 1332 1775 dicit
1350 1734 1374 1804 ‚³
1412 1719 1545 1776 Ecce
1582 1720 1840 1775 constitue·
1863 1722 1932 1787 te,
1963 1720 2073 1775 etc.
2102 1717 2209 1774 Se-

669 1809 868 1868 cundo
896 1825 1039 1869 vero
1080 1810 1337 1869 ostendit
1367 1810 1738 1887 pontificium
1765 1827 1891 1870 esse
1917 1810 2126 1883 latum,
2153 1812 2210 1869 et

669 1902 895 1979 ubique
923 1903 1226 1978 diffusum,
1257 1921 1395 1964 cum
1417 1905 1624 1964 addit:
1658 1908 1966 1964 Unica-sam
1984 1908 2205 1963 terram.

631 2068 638 2076 ι
671 1998 740 2056 st
760 2001 960 2057 tamen
994 1998 1093 2057 1110
1131 2000 1463 2059 notandum
1504 1999 1672 2076 quod
1709 1998 2085 2076 quadruplex
2126 2003 2213 2056 est

671 2093 855 2164 terra,
892 2108 1073 2168 super
1114 2108 1300 2169 quam
1335 2094 1651 2169 Apostolus
1691 2093 1802 2161 tuit
1843 2092 2209 2163 constitutum

671 2186 889 2245 seilicet
933 2191 1087 2246 terra
1130 2187 1394 2261 inferior,
1439 2203 1618 2264 super
1660 2202 1846 2263 quem
1883 2186 2211 2259 calcamus3

672 2282 935 2355 interior,
978 2296 1161 2357 quam
1198 2286 1539 2356 portamus3
1581 2281 1856 2354 exterior,
1885 2296 2070 2356 quam
2109 2296 2216 2339 ve-

675 2379 946 2435 nerantes
991 2391 1264 2434 amamus
1271 2392 1291 2448 3
1342 2376 1634 2452 superior,
1675 2390 1861 2450 quam
1905 2374 2214 2433 desidera-

674 2484 829 2527 mus.
868 2469 1062 2528 Pruna
1098 2473 1185 2528 est
1225 2471 1382 2528 terra
1428 2469 1796 2528 elementaris
1837 2469 2217 2541 substantiam

674 2565 937 2624 secunda
970 2570 1057 2624 est
1096 2568 1253 2623 terra
1293 2565 1690 2639 conscientian
1726 2565 1896 2625 tertia
1937 2570 2022 2624 001
2064 2570 2219 2624 terra

665 2660 976 2735 ,11001001015
1005 2663 1218 2736 quartu
1247 2664 1335 2719 est
1357 2664 1515 2719 terra
1540 2660 1787 2719 coelestis
1811 2662 2037 2736 patrias.

749 2756 889 2815 Dico
924 2754 1093 2830 quod
1126 2755 1322 2830 prima
1356 2757 1511 2813 terre
1528 2796 1551 2825 ,
1580 2753 1677 2813 cui
1715 2754 2033 2829 Apostolus
2066 2770 2219 2830 ρω-

678 2849 787 2909 fnit
801 2892 820 2923 ,
851 2852 939 2909 est
962 2852 1126 2908 terro
1144 2847 1386 2907 interior
1408 2891 1426 2920 ,
1455 2862 1638 2923 quam
1680 2848 1937 2923 pedibus
1975 2849 2220 2908 concul-

679 2960 916 3016 cemuS,
944 2947 1003 3002 et
1027 2958 1210 3017 quem
1239 2944 1389 3000 Deus
1415 2941 1583 3001 dedit
1607 2941 1688 3000 ad
1712 2958 1888 3001 usum
1908 2984 1924 3011 ,
1951 2947 2019 3001 ut
2046 2943 2223 3002 nobis

682 3040 812 3113 eJus
835 3038 1057 3097 fructus
1077 3040 1269 3095 essent
1295 3036 1359 3093 in
1385 3036 1621 3108 cibum5
1650 3035 1790 3094 huic
1806 3036 2040 3111 praefuit
2063 3042 2223 3112 Apo-

682 3131 897 3202 stolus,
927 3131 1070 3206 quia
1105 3130 1251 3189 dum
1295 3144 1429 3188 eum
1468 3132 1712 3204 propter
1747 3129 2039 3189 christum
2075 3145 2223 3188 eon-

682 3226 938 3300 tempsit‚
966 3239 1147 3300 super
1166 3226 1351 3282 totam
1371 3222 1681 3282 sublimari
1698 3223 2048 3298 promeruit.
2079 3227 2225 3282 Nam

684 3325 743 3378 et
766 3334 935 3392 reges
959 3334 1162 3377 servos
1180 3333 1322 3376 suos
1344 3317 1451 3376 toti
1467 3332 1657 3391 regno
1683 3315 2029 3392 praeficiunt,
2058 3320 2116 3376 et
2141 3318 2227 3375 eis

683 3416 961 3474 universa
1004 3415 1326 3489 subjiciunt
1355 3431 1370 3472 ε
1414 3430 1555 3489 ergo
1596 3419 1820 3489 quanto
1862 3412 2072 3472 fortius
2094 3410 2224 3472 Rex

684 3524 953 3568 summus
979 3509 1092 3584 ipsi
1137 3508 1366 3568 mundo
1387 3551 1407 3581 ,
1438 3525 1618 3583 quem
1646 3507 1783 3566 fecit
1795 3549 1814 3580 ,
1856 3524 1997 3566 suos
2024 3522 2228 3567 servos

683 3602 968 3678 praet’ecit,
999 3618 1153 3678 quos
1188 3600 1303 3660 sibi
1336 3598 1544 3660 fideles
1581 3601 1824 3660 invenit.
1873 3600 2137 3661 Psalmus
2164 3604 2226 3661 ¹:

693 3715 723 3751 0
755 3697 1080 3755 constitues
1124 3711 1228 3755 eos
1267 3695 1566 3771 principes
1603 3711 1781 3771 super
1822 3711 2064 3756 omnem
2111 3698 2229 3754 ter·

686 3807 837 3850 ram.
867 3813 892 3845 »
927 3791 1137 3852 uirum
1163 3790 1372 3860 valde,
1400 3790 1544 3865 quia
1570 3790 1715 3849 dum
1741 3794 2045 3865 putassent
2067 3794 2229 3864 Apo·

688 3885 823 3943 stoli
870 3901 932 3944 se
989 3888 1233 3960 propter
1286 3885 1578 3944 Christum
1631 3884 1836 3943 omnia
1885 3884 2192 3960 reliquisse
2206 3926 2227 3957 ,

686 3979 1041 4039 invenerunt
1071 3995 1135 4038 se
1177 3978 1576 4054 principatum
1605 3993 1781 4052 super
1820 3978 2024 4038 omnia
2062 3993 2231 4037 ecce-

690 4075 865 4149 pisse.
893 4073 1195 4133 psalmista
1219 4074 1279 4130 ²:
1316 4091 1346 4127 ιι
1381 4072 1678 4145 Principes
1703 4070 2067 4147 populorum
2090 4088 2232 4131 con·

692 4171 916 4245 gregati
943 4174 1080 4229 sunt
1104 4185 1242 4228 cum
1259 4172 1378 4228 Deo
1396 4169 1760 4228 Abraham.»
1785 4169 1950 4229 Unde
1976 4170 2232 4245 apostoli

692 4267 929 4325 fuerumt
974 4286 1005 4320 0
1044 4268 1330 4340 tanquam
1371 4263 1518 4322 nihil
1557 4263 1879 4336 habentes,
1929 4266 1988 4322 et
2029 4268 2233 4325 omnis

691 4361 1060 4436 possidentes
1100 4362 1145 4417 ⁸.
1179 4379 1210 4414 »
1245 4357 1485 4441 ,Nobilis
1515 4357 1838 4430 margarita
1875 4362 2194 4433 paupertas
2209 4401 2233 4432 ,

694 4472 829 4531 quae
867 4454 1014 4513 dum
1051 4453 1254 4512 omnia
1288 4451 1642 4523 contemnit,
1683 4450 2016 4510 dominium
2056 4467 2235 4527 super

694 4548 899 4608 omnia
922 4548 1151 4621 accipit.
1181 4546 1337 4605 Sicut
1362 4562 1395 4604 0
1425 4551 1631 4605 contra
1659 4561 1897 4616 avarus,
1922 4545 2071 4604 dum
2098 4563 2230 4605 om-

691 4644 794 4704 nia
836 4642 1084 4719 appetit,
1135 4640 1404 4699 omnium
1450 4656 1689 4698 servum
1728 4655 1791 4698 se
1834 4638 1992 4698 facit.
2041 4641 2233 4711 Quare

693 4722 876 4799 avari
901 4752 1027 4797 non
1059 4739 1307 4810 possunt
1351 4748 1478 4793 esse
1517 4733 1709 4805 beati,
1751 4733 1893 4809 quia
1918 4748 2233 4809 nunquam

692 4836 940 4910 possunt
981 4846 1107 4889 esse
1152 4827 1426 4887 contenti.
1477 4828 1579 4887 llle
1635 4828 1796 4887 enim
1839 4827 2001 4886 solus
2040 4833 2234 4903 potest

694 4927 813 4988 dici
852 4926 1094 4997 beatus,
1126 4923 1230 4999 qui
1273 4923 1513 4982 modica
1550 4922 1807 4996 habens,
1834 4926 1919 4982 est
1943 4923 2062 4982 11110
2089 4940 2231 4983 con-

1644 444 2062 520 SERMONES
2104 444 2206 515 DE
2247 446 2598 519 smcns,
2635 448 2854 518 xvnt.

2304 586 3845 663 quismortaliunnsebeafloremetcuifflesitz

2302 681 3855 758 Agiaustefelicioremflicantemmerntvir

2302 775 2737 852 pauperrimus,
2775 781 2952 853 atque
2992 781 3161 838 001010
3200 784 3519 854 provectus
3537 822 3559 852 ,
3600 781 3707 855 qui
3740 786 3852 840 ter-

2306 869 2504 928 minos
2527 871 2838 944 cuiusdam
2855 872 2946 931 sui
2965 873 3143 946 agelli
3160 888 3475 949 nunqnam
3498 881 3849 949 uomet,

2304 963 2414 1022 sed
2438 964 2646 1040 paucis
2672 965 2801 1039 ejus
2822 963 3111 1025 fructibus
3132 966 3323 1026 tuerat
3350 984 3597 1043 semper
3617 972 3856 1028 conten·

2306 1058 3857 1134 tus.Etsddidit,dicensregiinsuisdivitiis

2306 1150 2582 1226 glorianti
2595 1193 2616 1224 ,
2640 1153 2831 1227 magis
2865 1169 2993 1213 esse
3017 1154 3393 1215 laudandum
3415 1157 3858 1231 pauperculum

2308 1246 2609 1320 tugurium
2630 1262 2767 1306 cum
2791 1248 3097 1307 securitate
3114 1291 3135 1321 ,
3157 1265 3343 1324 quam
3370 1247 3544 1308 dives
3570 1249 3857 1325 palatium

2310 1356 2449 1398 cum
2474 1340 2720 1414 timore,
2750 1346 2808 1400 et
2831 1356 3054 1416 pancas
3087 1346 3257 1401 terroe
3295 1343 3508 1417 glebas
3538 1343 3672 1403 sine
3698 1345 3859 1403 onai

2310 1450 2536 1510 pavore
2564 1450 2895 1511 possessas,
2934 1452 3117 1512 quam
3144 1437 3540 1512 pinguissima
3566 1438 3745 1512 regni
3771 1438 3859 1497 sni

2310 1543 2458 1587 arva
2484 1532 2644 1588 metu
2670 1544 2906 1605 semper
2930 1529 3144 1605 plena3
3184 1535 3244 1590 et
3276 1531 3504 1591 babere
3532 1547 3734 1591 unum
3758 1548 3860 1607 per

2311 1622 2501 1682 boum
2520 1622 2691 1682 facile
2719 1623 2800 1683 ad
2816 1623 3292 1696 custodiendum,
3319 1642 3508 1701 qnam
3534 1626 3860 1685 exercitum

2314 1732 2646 1791 magnum,
2696 1720 2757 1776 et
2814 1722 3166 1793 apparatum
3228 1736 3514 1780 arvorum
3582 1720 3865 1796 impensis

2318 1809 2743 1886 multiplicibus
2776 1826 3127 1886 onerosum3
3158 1817 3217 1872 01
3250 1814 3475 1874 habere
3510 1815 3861 1874 horreolu-

2316 1904 2540 1963 victum
2589 1902 2901 1963 modicum
2944 1907 3251 1966 continens
3301 1911 3362 1967 et
3412 1909 3861 1982 necessaium,

2314 1997 2466 2056 nulli
2496 1997 2652 2056 hosti
2687 1998 3127 2075 appetendum,
3153 2016 3337 2077 quam
3374 2002 3605 2062 multos
3628 2003 3865 2062 11100011-

2315 2108 2415 2151 ros
2433 2134 2454 2165 ,
2496 2091 2918 2168 cupiditatibus
2951 2098 3010 2153 et
3044 2094 3274 2154 insidiis
3313 2097 3651 2156 multorum
3686 2112 3865 2172 expe-

2316 2186 2480 2246 sitos.

2390 2281 2663 2341 Secunda
2687 2283 2844 2341 terra
2870 2284 3128 2341 estterra
3154 2281 3434 2355 interior,
3459 2283 3865 2358 quamtobis-

2321 2390 2459 2434 eum
2477 2378 2804 2450 portamus,
2826 2390 2961 2450 qum
2978 2380 3066 2434 est
3079 2378 3237 2435 terre
3254 2377 3662 2449 conscientie,
3688 2394 3867 2454 quam

2319 2474 2536 2529 terram
2574 2470 2907 2528 admodum
2948 2472 3184 2545 oportet
3218 2470 3490 2530 excolere
3505 2513 3531 2542 ,
3564 2487 3647 2531 ne
3672 2474 3871 2548 spinas

2323 2565 2381 2621 et
2400 2562 2651 2623 tribulos
2679 2567 2917 2638 generet
2933 2567 3334 2640 peccatorum.
3354 2567 3535 2624 Terra
3563 2565 3733 2624 enin
3750 2582 3875 2626 no·

2324 2657 2504 2729 culta,
2531 2672 2658 2716 non
2685 2660 2882 2717 aran-o
2903 2657 3218 2730 trita,non
3244 2658 3421 2733 aquis
3442 2675 3730 2734 aspersu,
3752 2674 3877 2719 non

2324 2751 2524 2810 calore
2569 2750 2791 2810 coelesti
2830 2753 3111 2823 excocta,
3144 2751 3215 2810 flt
3238 2751 3472 2826 penitus
3496 2752 3879 2825 infoeeunda,

2325 2846 2440 2904 nisi
2465 2846 2616 2905 forte
2635 2849 2873 2919 generet
2894 2844 3098 2920 spinas
3123 2849 3182 2904 01
3196 2844 3409 2905 silices
3427 2846 3560 2905 ffiec
3574 2849 3881 2906 conscien-

2327 2940 2411 2999 tia
2436 2940 2485 2998 si
2508 2939 2832 2999 dimittatur
2856 2938 3099 3011 inculta,
3129 2939 3504 2998 discretionis
3527 2945 3733 3000 aratro
3754 2956 3882 3000 non

2328 3048 2482 3109 sepe
2529 3016 2796 3106 contrita,
2838 3034 3011 3109 aquis
3050 3032 3454 3110 lacrymarum
3496 3049 3625 3093 non
3663 3035 3883 3110 saepim

2328 3128 2628 3200 balneata,
2652 3127 2870 3186 coelesti
2888 3127 3165 3186 incendio
3192 3142 3317 3186 non
3342 3131 3608 3201 excocta,
3636 3130 3888 3202 generat

2330 3238 2457 3281 non
2484 3223 2682 3295 bona,
2712 3221 2821 3280 sed
2848 3221 3026 3281 mala.
3056 3222 3220 3279 Unde
3248 3220 3461 3280 dehac
3488 3226 3645 3281 terre
3670 3222 3885 3281 abdi·

2333 3319 2429 3375 tur
2449 3317 2517 3373 ⁸:
2555 3320 2785 3375 «Tem
2806 3331 2966 3390 saepe
2995 3315 3332 3374 venientem
3367 3330 3549 3390 super
3572 3332 3637 3374 se
3662 3314 3890 3375 bibens

2332 3408 2609 3482 imbrem,
2639 3414 2698 3467 et
2719 3409 3025 3484 proferens
3048 3408 3300 3468 herbam
3326 3409 3639 3484 optimam,
3665 3410 3893 3485 accipit

2333 3503 2813 3562 benedictionem
2838 3519 2878 3563 0
2898 3503 3170 3563 Domino.
3198 3503 3505 3562 Proferens
3532 3507 3735 3562 auten
3756 3504 3891 3580 spi·

2334 3613 2444 3656 1100
2498 3595 3887 3672 attributesestmnledictionipromu.»

2335 3691 2636 3768 Expositio
2681 3694 2769 3749 est
2817 3691 3003 3766 plana
3041 3706 3152 3766 per
3202 3706 3275 3751 ea
3318 3706 3452 3765 quis
3496 3690 3621 3749 dixi
3672 3707 3888 3766 supra.

2336 3788 2522 3861 Super
2556 3785 2712 3844 110110
2756 3787 2975 3844 terram
3008 3782 3120 3842 1011
3147 3785 3493 3843 constitutus
3526 3784 3891 3859 ΑΜΒ,

2338 3879 2485 3937 dum
2511 3894 2632 3936 suoe
2659 3877 3030 3937 conscientias
3052 3876 3316 3952 praefuit,
3345 3893 3530 3953 quam
3555 3882 3613 3935 et
3634 3877 3891 3953 sapien-

2336 3973 2557 4033 tissime
2584 3972 2789 4046 coluit,
2827 3970 3108 4047 lacrymis
3147 3969 3480 4030 devotionis
3514 3971 3801 4046 aspersit,
3830 3976 3897 4032 et

2338 4068 2553 4128 ardore
2582 4066 2897 4126 Dominicis
2933 4065 3229 4125 0110111060
3272 4066 3522 4124 excoxit.
3566 4068 3633 4123 Et
3658 4065 3737 4123 ds
3759 4066 3896 4126 hoe

2337 4165 2533 4238 potest
2548 4163 2768 4238 exponi
2784 4160 3001 4219 modu
3030 4179 3062 4215 0
3082 4158 3388 4219 constiutit
3404 4174 3544 4218 eum
3560 4157 3893 4219 dominum

2340 4257 2558 4316 domus
2579 4272 2718 4315 suis.
2742 4273 2774 4311 ιο
2796 4257 3016 4313 Domus
3034 4252 3148 4311 tuit
3173 4252 3543 4325 conscientia,
3560 4251 3661 4311 eui
3686 4252 3897 4312 domi-

2338 4352 2613 4421 nabatur,
2635 4352 2695 4409 et
2714 4364 2899 4425 quam
2918 4347 3164 4421 regebat
3180 4346 3370 4405 multa
3384 4345 3689 4422 sepientis.
3712 4347 3895 4407 Unde

2341 4445 2552 4505 dicitur
2577 4445 2640 4502 in
2666 4442 2961 4501 Clemente
2985 4443 3031 4514 ⁷,
3058 4440 3229 4517 quod
3252 4443 3455 4500 Petrus
3477 4439 3619 4499 tenti
3644 4439 3896 4500 ardoris

2340 4543 2400 4598 01
2424 4537 2755 4598 devotionis
2780 4538 2926 4607 erat,
2954 4534 3122 4610 quod
3138 4548 3373 4610 semper
3395 4548 3661 4609 pannum
3679 4537 3898 4610 pon-u·

2339 4630 2776 4692 batinmaniea
2796 4633 3040 4705 proptu
3061 4626 3729 4703 inamoenum:
3754 4644 3898 4689 non

2342 4724 2765 4786 enimvolebat
2780 4724 2908 4782 sine
2924 4723 3204 4799 lacrymis
3224 4725 3285 4782 et
3301 4721 3515 4782 ardore
3536 4738 3647 4799 per
3664 4724 3897 4786 horam

2341 4821 2761 4881 conscientiam
2782 4832 3152 4894 permanere.

2410 4911 3192 4983 Tertiaestterrsextetior,
3217 4926 3805 4987 quammersm.
3834 4918 3899 4974 et

511 5055 668 5099 smm-
696 5026 903 5081 tentus.
950 5018 1112 5078 Unde
1156 5023 1360 5077 narrat
1403 5017 1667 5077 Valerius
1701 5017 1988 5076 Maximus
2012 5019 2035 5055 ⁸
2064 5019 2233 5094 quod

454 5116 594 5171 pium.
694 5121 882 5192 Gyges
915 5131 1021 5173 rex
1046 5113 1281 5189 Lydiae,
1318 5111 1535 5171 divitiis
1561 5115 1617 5171 et
1647 5112 1826 5169 armis
1851 5111 2119 5184 inflatus,
2152 5112 2232 5171 ad

695 5212 875 5270 deum
902 5208 1239 5283 Apollinem
1267 5207 1429 5265 venit
1450 5249 1471 5279 ,
1499 5222 1767 5282 quaerens
1793 5205 1871 5265 ab
1899 5222 1973 5264 eo
1994 5247 2014 5277 ,
2043 5207 2092 5263 si
2121 5206 2230 5264 ali·

2341 5011 2628 5081 colimus,
2671 5023 2809 5084 ques
2852 5004 3467 5073 estterrsEcclesiae,
3507 5005 3606 5064 eui
3650 5007 3901 5082 profuit

2340 5107 2466 5182 ipse
2495 5101 2830 5179 Apostolus.
2851 5101 2875 5136 ⁸
2906 5118 2936 5156 α
2963 5098 3272 5158 Constituit
3306 5114 3446 5158 eum
3465 5115 3646 5174 super
3682 5103 3897 5161 excel-

2339 5271 2403 5283 —
2432 5246 2452 5273 ⁸
2471 5239 2606 5292 Peal.
2634 5250 2742 5303 mv,
2764 5240 2843 5289 2¹.
2864 5263 2927 5273 —
2954 5238 2970 5267 ²
2992 5236 3210 5302 Epilom.
3232 5236 3378 5287 Post.
3404 5237 3543 5286 Rom.
3576 5263 3633 5275 -·
3662 5236 3687 5272 ⁸
3714 5239 3900 5301 Dent..

2341 5326 2508 5377 xxxn,
2536 5315 2610 5363 13.

2406 5402 2472 5465 (a)
2505 5399 2627 5451 Coet.
2654 5395 2776 5446 edit.
2804 5404 2909 5463 que
2932 5391 3231 5447 sublimari..
3260 5404 3363 5461 qus
3385 5405 3460 5445 00.

758 5337 774 5373 ¹
805 5335 943 5387 psat.
987 5346 1128 5395 xuv,
1165 5337 1242 5385 17.
1272 5360 1334 5373 —
1360 5334 1383 5369 ¹
1415 5332 1731 5396 Psalsxnvt,
1766 5337 1841 5382 10.
1881 5358 1934 5369 -
1968 5333 1992 5368 ⁸
2022 5333 2058 5381 11
2092 5333 2234 5391 Gor..

697 5419 769 5474 u,
802 5412 876 5459 1⁰.
903 5432 962 5443 -
989 5406 1010 5443 ὅ
1037 5407 1204 5459 valer.
1235 5408 1392 5471 Max„
1419 5405 1508 5459 lib.
1542 5407 1579 5471 Ι,
1608 5415 1722 5457 c.1.
1750 5428 1810 5442 -
1837 5405 1861 5441 ⁸
1883 5404 2052 5468 noer„
2078 5416 2150 5470 vu,
2180 5409 2231 5457 8.
