4059 6317
730 460 813 526 48
1826 447 2251 521 SERMONES
2292 452 2393 521 DE
2433 449 2830 522 TEMPORE.

726 593 893 661 Vere
938 609 1253 675 magnum
1311 588 1625 672 gaudium
1676 591 1807 668 est,
1863 589 2039 672 quod
2092 590 2282 656 nobis

727 699 1023 767 Salvator
1048 703 1238 766 natus
1251 701 1366 763 est.
1385 697 1563 763 Sicut
1579 695 1894 779 gaudium
1911 701 2007 761 est
2025 696 2279 762 redem-

727 810 863 893 ptio
884 808 1157 892 captivo,
1186 806 1410 872 lumen
1441 822 1634 884 caeco,
1663 802 2004 869 thesaurus
2030 804 2279 869 mendi-

729 934 828 996 co,
859 917 966 982 via
989 917 1269 993 mortuo,
1296 913 1390 977 sic
1416 911 1732 994 gaudium
1758 913 1857 976 est
1882 911 2062 977 omni
2084 926 2284 993 popu-

730 1021 814 1102 la,
845 1027 964 1088 etc.
995 1022 1206 1087 Genus
1230 1022 1593 1086 humanum
1617 1022 1753 1084 erat
1773 1019 2052 1103 populus
2079 1017 2279 1101 capti-

727 1148 855 1197 vus
885 1131 1096 1215 culpa,
1125 1146 1334 1195 caecus
1362 1127 1748 1211 ignorantia,
1778 1144 2022 1210 pauper
2046 1125 2274 1207 gratia,

728 1238 1105 1318 morituruS,
1136 1237 1201 1302 id
1228 1239 1325 1302 est
1349 1235 1736 1318 separandus
1770 1251 1811 1298 a
1845 1233 1981 1299 vita
2017 1237 2278 1298 aeterna.

810 1345 964 1411 Erat
997 1363 1206 1428 genus
1242 1343 1605 1409 humanum
1649 1340 1973 1424 captivum
2000 1358 2118 1422 per
2141 1338 2280 1403 dia-

727 1452 951 1518 bolum
978 1454 999 1489 ¹
1031 1475 1046 1516 :
1076 1452 1415 1535 Propterea
1437 1448 1672 1516 ductus
1697 1456 1791 1515 est
1809 1447 2085 1530 populus
2102 1460 2281 1512 meus

731 1563 1049 1644 captivas,
1079 1560 1239 1643 quia
1265 1572 1397 1625 non
1422 1556 1647 1624 habuit
1670 1556 2053 1637 scientiam5
2080 1560 2143 1623 et
2170 1569 2283 1620 no·

732 1670 887 1737 biles
905 1668 1046 1751 ejus
1060 1668 1452 1736 interierunt
1469 1666 1662 1746 rame,
1680 1669 1740 1732 et
1760 1663 2111 1733 multitudo
2141 1663 2282 1744 ejus

729 1780 849 1846 siti
900 1777 1187 1844 exaruit.
1243 1775 1582 1859 Propterea
1634 1772 1945 1841 dilatavit
1982 1772 2284 1852 infernus

731 1889 1021 1954 animam
1067 1900 1278 1951 suam.
1328 1882 1488 1948 Ecce
1527 1900 1765 1958 carcer,
1794 1883 1863 1945 in
1889 1898 2018 1964 quo
2045 1878 2279 1962 captivi

730 1994 1112 2059 tenebantur
1161 2013 1177 2055 ε
1229 1991 1404 2055 tanta
1449 1989 1620 2055 enim
1675 1992 1812 2055 erat
1854 1992 2002 2053 ante
2051 1986 2283 2052 Christi

729 2100 1129 2167 nativitatem
1169 2098 1451 2183 dilatatio
1500 2095 1754 2173 inferni,
1785 2098 1858 2159 ut
1883 2099 1948 2159 et
1972 2095 2175 2160 bonos
2216 2097 2282 2159 et

730 2207 934 2273 malos
952 2209 1221 2291 caperet.
1249 2204 1550 2289 Captivus
1570 2206 1785 2269 autem
1808 2201 2041 2268 dicitur
2058 2201 2277 2282 homo,

729 2315 874 2381 ideo
901 2315 1075 2399 quod
1101 2332 1230 2379 non
1258 2311 1484 2377 habuit
1520 2310 1848 2376 scientiam
1880 2331 1897 2374 ι
1928 2308 2095 2374 sicut
2134 2308 2280 2374 ideo

732 2423 1072 2508 capiuntur
1096 2421 1322 2504 pisces,
1353 2420 1509 2503 quia
1542 2417 1833 2482 nesciunt
1859 2415 2131 2482 hamum
2158 2416 2279 2480 sub

732 2547 899 2596 esca.
928 2528 952 2564 ³
976 2529 1201 2595 Facies
1240 2526 1521 2594 hominis
1560 2525 1754 2607 quasi
1791 2525 2001 2605 pisces
2047 2524 2277 2602 maris,

732 2642 796 2704 et
839 2638 1030 2720 quasi
1067 2635 1288 2719 reptile
1325 2648 1457 2701 non
1482 2633 1717 2699 habens
1741 2632 2105 2714 principem
2133 2649 2157 2695 .-
2186 2634 2280 2698 to-

732 2749 868 2811 tum
895 2745 971 2810 in
999 2743 1186 2809 hamo
1200 2743 1282 2825 (a)
1309 2740 1686 2818 sublevavit,
1708 2738 1943 2803 scilicet
1964 2737 2276 2803 diabolus.

731 2851 920 2915 Miser
945 2851 1120 2914 enim
1156 2849 1354 2913 homo
1389 2847 1509 2911 sub
1537 2864 1680 2909 esca
1706 2849 1978 2910 terrenae
2006 2845 2280 2910 delecta-

731 2958 925 3023 tionis
948 2957 1145 3020 latere
1185 2954 1387 3019 nescit
1416 2952 1687 3017 hamum
1730 2956 1990 3018 aeternae
2028 2951 2272 3016 mortiS.

733 3064 854 3130 Sed
908 3082 991 3129 ne
1035 3064 1239 3127 simus
1291 3059 1516 3143 reptile
1562 3059 1700 3124 sine
1744 3059 2025 3141 principe
2043 3105 2061 3138 ,
2117 3058 2280 3122 Deus

732 3172 1085 3256 principem
1124 3168 1307 3234 nobis
1351 3167 1561 3246 misit,
1591 3165 1670 3230 de
1697 3183 1830 3248 quo
1849 3164 1916 3228 ⁸:
1949 3165 2277 3232 Parvulas

732 3286 931 3347 natus
958 3284 1052 3346 est
1077 3277 1281 3357 nobis,
1314 3279 1378 3340 et
1406 3278 1657 3353 caetera,
1685 3290 1894 3355 usque
1925 3293 1941 3336 z
1969 3272 2278 3354 Princeps

728 3389 935 3471 pacis.
979 3385 1058 3451 Et
1105 3388 1327 3450 contra
1363 3381 1635 3446 hamum
1680 3379 1916 3444 diaboli
1941 3379 2085 3444 fecit
2110 3378 2279 3444 Deus

732 3494 1000 3560 hamum
1039 3510 1253 3557 suum.
1298 3489 1502 3555 Hamo
1530 3487 1762 3553 diaboli
1789 3492 2012 3570 captus
2041 3491 2138 3551 est
2163 3486 2279 3551 ho-

734 3618 876 3680 mo;
907 3600 1100 3664 hamo
1129 3598 1236 3662 Dei
1273 3596 1588 3663 diabolus.
1611 3594 1634 3630 ⁸
1661 3595 1767 3662 An
1795 3592 2132 3661 extrahere
2155 3607 2275 3676 po·

733 3710 890 3778 teris
917 3708 1264 3776 Leviatltan
1300 3705 1484 3772 hamo
1503 3705 1538 3769 P
1570 3701 1813 3769 Hamus
1838 3704 1936 3766 est
1961 3695 2273 3780 Christus,

730 3816 804 3881 in
844 3834 975 3900 quo
1019 3815 1226 3882 virtus
1265 3812 1613 3878 divinitatis
1639 3810 1826 3875 latuit
1861 3810 1931 3873 in
1973 3827 2116 3874 osca
2148 3808 2273 3875 hu-

594 3919 603 3926 ’
732 3924 1071 3989 manitatis.

812 4030 963 4096 Erat
988 4029 1181 4095 etiam
1217 4045 1427 4112 genus
1452 4026 1816 4092 humanum
1844 4024 2122 4108 populus
2143 4042 2277 4089 cae-

731 4156 843 4205 cus
870 4136 1237 4220 ignorantia
1261 4136 1284 4172 ‘
1312 4157 1328 4199 ε
1362 4132 1528 4202 Dedi
1565 4139 1623 4200 te
1653 4135 1728 4199 in
1758 4131 1966 4212 t'oedus
2002 4130 2232 4214 populi
2252 4179 2270 4213 ‚

585 4321 598 4334 ,
730 4247 1035 4313 trilucem
1065 4245 1358 4328 peritiam
1376 4290 1399 4322 ,
1429 4246 1503 4309 ut
1528 4241 1818 4324 aperires
1844 4238 2054 4307 oculos
2081 4254 2273 4307 coeco-

730 4370 898 4421 rum.
926 4352 1167 4434 Magna
1190 4352 1460 4430 caecitas,
1482 4349 1738 4433 quando
1766 4348 2040 4433 populus
2063 4365 2276 4431 neque

730 4460 935 4526 Deum
976 4459 1323 4541 cognovit,
1369 4476 1579 4540 neque
1612 4456 1806 4520 aliam
1832 4456 2041 4537 ‘vitam
2076 4473 2273 4538 quam

728 4571 1108 4651 praesentem
1128 4614 1150 4646 ,
1182 4583 1390 4649 neque
1412 4565 1756 4647 praemium
1781 4563 2102 4629 bonorum
2117 4611 2139 4644 ,
2167 4581 2274 4628 ne·

572 4711 589 4728 ·
726 4693 853 4759 que
895 4691 1154 4758 poenam
1197 4671 1516 4737 malorum
1545 4671 1761 4750 scivit,
1811 4689 2019 4754 neque
2050 4670 2222 4738 viam
2249 4717 2268 4749 ,

726 4802 857 4866 qua
881 4783 961 4848 ad
991 4781 1337 4866 praemium
1366 4780 1718 4860 veniretur,
1753 4778 1859 4844 vel
1888 4796 2079 4862 poena
2103 4777 2267 4842 vita-

727 4897 939 4970 retur3
976 4890 1086 4954 sed
1110 4893 1418 4971 tanquam
1454 4886 1607 4952 caeci
1648 4903 1878 4952 omnes
1903 4887 1972 4950 in
2017 4886 2268 4950 foveam

728 4997 956 5062 interni
982 4996 1370 5062 ceciderunt.
1402 4993 1450 5060 Ο
1478 4993 1672 5059 miser
1701 4995 2036 5078 peccator!
2068 4991 2267 5057 miser

789 5159 805 5193 ¹
834 5158 955 5217 1sa..
988 5170 1036 5220 ν,
1072 5158 1227 5209 13-14.
1261 5182 1324 5194 -
1354 5156 1373 5186 ²
1400 5155 1670 5219 Habac.,1‚
1703 5158 1875 5207 14-15.
1902 5180 1965 5192 —
1993 5154 2013 5185 ³

727 5232 776 5281 6.
805 5256 865 5267 -
893 5232 913 5266 δ
944 5229 1052 5291 lob,
1089 5243 1182 5291 xa,
1215 5232 1295 5279 20.
1327 5254 1389 5267 —
1416 5228 1434 5259 ⁵
1464 5228 1585 5293 isa„
1612 5239 1759 5292 nm,
1786 5229 1836 5278 6.
1864 5253 1924 5266 —
1952 5227 1974 5263 ⁸
2001 5227 2175 5289 Bern.,
2202 5227 2274 5276 ad

726 5300 922 5365 quemd.
962 5301 1222 5365 Soeculam,
1251 5298 1412 5364 Epist.
1447 5311 1604 5351 cxcn.
1638 5326 1702 5338 —
1725 5300 1749 5337 '¹
1777 5298 1944 5357 Dent..
1976 5309 2156 5360 xxm,
2185 5299 2270 5349 29.

729 5396 784 5408 -
813 5371 837 5406 ⁸
857 5372 1026 5434 Micia,
1050 5383 1121 5433 va,
1155 5374 1234 5422 10.
1254 5397 1317 5409 -
1346 5371 1371 5407 ⁸
1398 5371 1519 5434 Im„
1549 5382 1699 5435 xpm,
1728 5372 1775 5421 8.
1803 5395 1867 5407 —
1896 5371 1933 5401 ¹·
1953 5368 2095 5419 Psal.
2117 5380 2267 5434 xxrv,

2039 5154 2161 5216 Isa„
2190 5166 2268 5221 11,

2393 593 2595 656 wael
2649 590 2896 656 utinam
2938 590 3150 657 adhue
3195 590 3394 659 velles
3439 593 3672 661 animae
3713 596 3920 663 oculos

2390 697 2669 781 aperire!
2703 697 3133 764 Bernardus⁸.
3147 722 3182 760 (ι
3201 699 3287 764 Ο“’
3315 703 3570 769 utinam
3592 718 3841 785 saperes
3865 712 3922 773 et

2391 806 2810 890 intelliqeres,
2859 813 2919 873 et
2962 808 3319 875 novissima
3363 809 3765 891 provideres!
3811 813 3917 879 Sa-

2389 931 2575 997 peres
2588 932 2735 997 quae
2756 912 2866 978 Dei
2884 918 3062 979 sunt:
3085 914 3481 998 intelligeres
3504 936 3652 1001 quae
3671 920 3915 1000 mundi;

2391 1021 2759 1104 provideres
2772 1038 2921 1103 quae
2940 1020 3195 1087 inferni.
3217 1021 3505 1090 Profecto
3524 1024 3771 1090 inferna
3785 1026 3921 1092 hor-

2391 1145 2692 1209 resceres,
2710 1145 2991 1212 superna
3013 1133 3367 1212 appeteres,
3384 1149 3534 1214 quae
3557 1131 3638 1197 ad
3661 1151 3919 1198 manum

2389 1237 2572 1312 sunt,
2609 1239 3068 1302 contemneres.
3095 1258 3130 1298 n
3166 1235 3348 1304 Sicut
3371 1243 3591 1305 autem
3629 1258 3836 1306 caecus
3857 1241 3922 1306 in

2390 1340 2581 1405 domo
2607 1340 2894 1426 undique
2920 1343 3180 1410 ardente
3208 1345 3384 1412 exire
3412 1346 3652 1429 nescit,
3696 1348 3921 1413 ostium

2389 1446 2702 1528 ignoraus
2717 1496 2740 1528 ,
2769 1449 2859 1515 sic
2883 1450 3247 1517 humanum
3274 1470 3487 1535 genus
3509 1454 3631 1519 ruit
3654 1454 3726 1518 in
3752 1473 3924 1520 mun-

2390 1553 2473 1619 do
2501 1554 2785 1638 undique
2811 1574 2924 1639 per
2953 1556 3266 1623 malitiam
3293 1559 3726 1626 inflammato⁸
3762 1561 3926 1628 :Ad-

2388 1662 2510 1728 huc
2537 1663 2718 1746 ignis
2744 1664 2820 1730 in
2847 1664 3034 1732 domo
3063 1666 3287 1749 impii,
3331 1666 3626 1736 thesauri
3671 1670 3920 1753 iniqui-

2391 1771 2549 1838 tatis
2562 1819 2581 1851 ,
2608 1777 2670 1839 et
2715 1786 3016 1840 mensura
3043 1775 3278 1856 utimr,
3325 1780 3444 1841 etc.
3485 1775 3674 1842 Venit
3715 1779 3920 1842 autem

2391 1877 2676 1944 Christus
2700 1878 2772 1943 in
2799 1879 3008 1945 lucem
3058 1881 3354 1962 gentium
3372 1930 3394 1963 ,
3442 1883 3682 1948 ostium
3718 1889 3920 1949 osten·

2391 1986 2570 2064 dena,
2606 2004 2851 2053 caecum
2878 1988 3176 2071 educens,
3207 1990 3373 2056 sicut
3395 1989 3584 2057 Pater
3609 1994 3755 2075 ejus
3780 2011 3926 2077 prae-

2390 2093 2557 2176 cepit
2593 2093 2651 2159 ei
2677 2094 2701 2130 ⁹
2744 2116 2760 2159 ε
2801 2094 2993 2163 Educ
3029 2096 3211 2179 roras
3243 2097 3553 2182 populum
3593 2115 3829 2167 coectcm
3872 2105 3926 2167 et

2393 2200 2607 2270 oeulos
2629 2201 2976 2271 habentem.

2469 2303 2628 2370 Erat
2644 2323 2901 2391 quoque
2925 2306 3203 2391 populus
3219 2308 3490 2374 humani
3503 2310 3762 2392 generis
3787 2313 3923 2378 wti-

2389 2427 2503 2479 cus
2527 2419 2589 2481 et
2614 2429 2862 2496 pauper
2879 2415 3007 2479 ²⁰in
3035 2416 3250 2498 gratia
3265 2416 3665 2500 ¹¹:Populum
3688 2434 3922 2501 paupe·

2388 2535 2523 2587 rem
2546 2520 2801 2588 salvum
2829 2524 3053 2603 iacies.
3069 2522 3234 2590 Vere
3255 2542 3500 2609 pauper
3524 2529 3638 2605 est,
3667 2524 3781 2610 qui
3802 2543 3925 2590 non

2387 2624 2580 2692 habet
2625 2629 2878 2696 divitias
2928 2630 3287 2713 spirituales
3301 2679 3323 2712 ,
3376 2631 3655 2714 gratiam
3702 2632 3926 2697 scilicet

2386 2733 2701 2801 virtutum
2714 2741 2779 2803 et
2789 2737 3106 2804 bonorum
3128 2739 3485 2822 operum¹¹z
3510 2741 3693 2806 Dicis
3708 2758 3732 2805 .·
3749 2738 3926 2821 Quod

2386 2839 2573 2907 dives
2621 2858 2764 2909 sum
2784 2893 2804 2925 ,
2853 2849 2973 2911 etc.
3020 2843 3071 2911 0
3117 2850 3362 2929 quanta
3405 2845 3575 2911 mala
3615 2846 3925 2911 sustinent

2385 2965 2698 3030 pauperes
2723 2967 2764 3014 a
2789 2952 2970 3018 malis
2995 2955 3307 3020 dominis!
3335 2953 3440 3021 Sic
3467 2974 3784 3038 pauperes
3806 2955 3926 3020 vir·

2385 3055 2635 3121 tutibus
2660 3057 2931 3124 ethonis
2955 3061 3288 3143 operibus,
3336 3080 3374 3126 a
3401 3060 3651 3128 diabolo
3680 3065 3726 3107 ¹⁸
3758 3082 3777 3129 ε
3807 3064 3923 3130 Leo

2386 3165 2653 3247 rapiens
2674 3213 2695 3245 ,
2725 3172 2787 3233 et
2811 3182 3004 3234 ursus
3025 3171 3335 3249 esuriens,
3360 3172 3667 3253 princeps
3695 3172 3924 3255 impius

2385 3286 2579 3353 super
2604 3274 2905 3355 populum
2936 3275 3010 3358 (b)
3037 3291 3399 3360 pauperem.
3429 3278 3552 3344 Sed
3579 3296 3728 3344 ecee
3753 3278 3926 3346 dives

2385 3377 2552 3444 Deus
2593 3380 2795 3446 factm
2823 3386 2919 3447 est
2944 3401 3188 3466 pauper
3208 3432 3226 3458 ,
3261 3391 3334 3451 ut
3370 3385 3568 3452 homo
3602 3387 3787 3453 fleret
3829 3387 3920 3451 di·

2383 3505 2499 3553 ves
2525 3489 2569 3526 ί·
2604 3509 2621 3552 :
2653 3489 2917 3573 Propter
2955 3508 3073 3559 nos
3098 3508 3327 3577 effertus
3354 3495 3567 3576 factus
3601 3501 3736 3575 est,
3785 3510 3922 3560 cam

2385 3601 2544 3663 esset
2571 3596 2774 3676 dives,
2801 3602 2922 3664 etc.
2951 3600 3361 3683 Augustinus
3384 3602 3428 3639 ¹⁸
3461 3625 3477 3667 ε
3507 3625 3540 3663 «ι
3557 3601 3789 3679 Quales
3812 3619 3922 3666 nos

2382 3701 2669 3770 facturus
2698 3710 2794 3771 est
2818 3707 2899 3773 de
2923 3708 3165 3775 divitiis
3193 3710 3363 3791 suis,
3395 3728 3558 3795 quos
3583 3710 3814 3777 divites
3832 3710 3921 3775 fe-

2383 3810 2470 3875 cit
2491 3810 2571 3876 de
2599 3818 2972 3896 paupertate
2998 3821 3200 3880 suain

2466 3917 2674 3985 Homo
2699 3925 2834 3987 erat
2859 3926 3177 4003 mortuus,
3210 3923 3314 3988 vel
3339 3923 3717 4005 moriturus,
3745 3942 3922 4009 prop-

2385 4029 2483 4090 ter
2530 4029 3127 4110 praevaricationem
3163 4034 3425 4096 aeternae
3455 4031 3607 4099 vitae
3634 4034 3681 4075 ¹·
3727 4054 3744 4097 t
3779 4032 3919 4099 Ine·

2385 4130 2633 4200 matus
2655 4135 2842 4203 estin
2859 4137 3007 4205 coelo
3033 4137 3297 4221 madius
3321 4155 3520 4207 meus.
3550 4140 3708 4209 Ecce
3735 4156 3922 4226 super

2385 4239 2742 4308 Idumoeam
2766 4244 3135 4323 descendet,
3167 4252 3230 4315 et
3263 4263 3452 4331 super
3474 4249 3780 4332 papulam
3817 4251 3920 4316 in-

2384 4349 2784 4429 terfectionis
2810 4368 2983 4419 meoe.
3017 4353 3274 4420 Gladius
3312 4354 3429 4420 irae
3457 4355 3562 4420 vel
3592 4356 3918 4422 sententiae

2381 4456 2650 4537 divinae,
2679 4477 2810 4542 qua
2827 4460 3024 4526 homo
3041 4462 3330 4545 privatus
3355 4462 3478 4527 fuit
3505 4463 3639 4528 vita
3656 4467 3914 4541 aeterna,

2384 4563 2510 4628 fuit
2534 4565 2607 4628 in
2629 4565 2790 4632 coelo
2817 4566 2896 4634 de
2919 4568 3111 4634 calice
3135 4568 3253 4634 irae
3280 4568 3422 4649 Dei,
3448 4569 3705 4653 quando
3734 4569 3918 4635 Luci-

2380 4671 2592 4737 ferum
2648 4691 2800 4739 cum
2833 4675 3107 4756 angelis
3146 4675 3278 4740 suis
3332 4675 3664 4760 percussit.
3717 4674 3917 4759 Super

2383 4777 2740 4847 Idnmaeam
2765 4781 3085 4848 deseendit
3098 4831 3117 4864 ‚
3157 4787 3223 4848 et
3247 4800 3443 4866 super
3467 4783 3782 4868 populum
3816 4782 3917 4846 in-

2377 4888 2769 4956 terfectionis
2787 4939 2810 4971 ,
2853 4890 3010 4957 dum
3037 4891 3394 4957 humanum
3424 4909 3635 4975 genus
3651 4939 3673 4973 ‚
3718 4898 3912 4958 terre-

2376 5011 2481 5060 nae
2509 4999 2576 5061 et
2599 4997 2977 5080 sanguinem
3004 4998 3403 5079 conditionis,
3432 4997 3765 5083 corporali,
3795 4997 3916 5083 spi-

2376 5139 2420 5175 ¹⁸
2441 5139 2595 5190 va.
2601 5150 2826 5205 ,‚xxv111
2842 5142 3133 5193 15.-¹⁸11
3161 5140 3915 5209 Gor.‚v111,9.-¹⁸Aug.‚de

2374 5209 2511 5261 verb.
2531 5177 2727 5277 Ap’ost„
2751 5225 2907 5265 serm.
2936 5225 3023 5275 xv,
3043 5214 3113 5265 al.
3142 5225 3318 5279 cmxx,
3339 5228 3396 5266 n.
3419 5179 3470 5281 2³,
3491 5215 3660 5280 quoad
3687 5227 3910 5266 sensum.

2373 5283 2505 5319 —¹⁸
2530 5284 2650 5348 lea„
2681 5295 2860 5346 xxxiv,
2889 5286 2936 5337 5.

2439 5370 2508 5435 (a)
2540 5373 2667 5426 caet.
2709 5373 2831 5425 edit.
2871 5373 3093 5426 hannem,
3122 5399 3187 5413 -
3222 5371 3290 5440 (b)
3330 5376 3458 5427 Cet.
3489 5375 3611 5428 edit.
3645 5375 3798 5427 omis.
3829 5387 3912 5439 ρο·

729 5447 803 5496 16.
842 5469 904 5482 -
948 5445 981 5479 ¹¹
1015 5444 1054 5494 ΙΙ
1093 5444 1235 5510 Req„
1270 5455 1410 5509 κω,
1454 5445 1533 5496 28.
1575 5468 1638 5483 —
1676 5444 1715 5479 ¹¹
1749 5444 1923 5507 Apoc„
1963 5453 2060 5506 ιιι,
2098 5443 2175 5494 Π.
2202 5467 2266 5482 -
2367 5442 2565 5509 pulum.
