4059 6317
1008 426 1390 496 DOMINICA
1427 419 1620 493 xvm
1665 423 1864 492 POST
1906 421 2484 494 PENTEGOSTEN.
2530 425 2793 499 SERMO
2835 432 2885 498 I.

356 572 492 645 tua,
521 565 590 631 id
614 567 730 645 est,
752 571 900 629 cum
920 564 1255 631 sedulitate
1274 562 1464 629 studii
1486 562 1555 627 in
1577 562 1890 642 affectiva,

352 694 436 741 ne
448 673 768 758 frangaris
788 673 1128 758 obsequiis.
1151 672 1329 738 Unde
1340 671 1492 737 dicit
1510 669 1815 736 Dominus
1830 671 1850 707 ¹
1870 692 1887 734 ε

359 808 393 848 α
420 784 572 863 Quis
600 784 706 850 det
728 801 839 849 eos
865 782 1053 847 talem
1098 781 1334 846 habere
1374 783 1679 859 mentem,
1707 783 1780 843 ut
1810 779 1886 843 ti·

349 896 566 958 meant
602 909 729 969 me,
764 894 830 956 et
872 889 1227 954 custodiant
1256 887 1554 952 mandata
1579 904 1725 950 mea
1749 886 1893 950 uni-

347 1018 534 1064 versa
560 998 738 1063 omni
765 1002 1088 1080 tempore?
1116 1017 1147 1055 n
1182 995 1339 1060 Ecce
1366 994 1670 1059 Dominus
1686 997 1890 1059 osten-

348 1105 442 1172 dit
467 1105 763 1172 effectum
783 1122 918 1169 suae
944 1103 1263 1183 bonitatis,
1294 1120 1444 1167 cum
1470 1106 1646 1184 optat
1675 1100 1742 1164 in
1768 1118 1889 1164 no-

346 1216 465 1295 bis,
497 1218 571 1279 ut
596 1233 710 1298 per
747 1216 888 1296 ejus
921 1212 1218 1277 timorem
1265 1209 1472 1275 filialis
1514 1208 1886 1275 reverentiae

345 1322 644 1387 continue
687 1324 754 1385 et
792 1320 1226 1385 indesinenter
1268 1318 1406 1382 sine
1467 1315 1886 1380 diminutione

343 1429 806 1513 adimpleamus
833 1431 978 1513 ejus
1007 1429 1341 1512 praecepta,
1361 1427 1436 1489 ut
1456 1423 1799 1507 impleatur
1817 1423 1884 1487 in

343 1538 526 1602 nobis
571 1537 733 1602 illud
758 1544 828 1602 ¹:
867 1559 899 1598 α
931 1535 1119 1602 Omni
1165 1539 1451 1617 tempore
1492 1531 1727 1614 diligit,
1768 1529 1884 1615 qui

342 1646 587 1710 amicus
624 1649 720 1711 est
753 1667 769 1709 ε
809 1666 840 1706 υ
887 1644 1045 1728 quia
1074 1643 1295 1708 divina
1340 1640 1592 1706 dilectio
1638 1639 1883 1705 ratione

342 1751 779 1818 continuitatis
806 1751 993 1816 debet
1016 1768 1154 1815 esse
1183 1749 1264 1814 ad
1292 1748 1554 1813 modum
1579 1747 1800 1811 mortis
1817 1751 1883 1811 et

340 1859 594 1938 inferni,
624 1859 778 1944 quia
803 1859 977 1943 quod
1007 1859 1200 1923 semel
1227 1856 1309 1922 ab
1326 1855 1419 1921 eis
1434 1854 1698 1937 rapitur,
1722 1872 1882 1918 nun-

340 1987 536 2052 quam
560 1967 916 2033 dimittitur.
949 1966 1128 2032 Unde
1143 1966 1212 2029 in
1227 1963 1497 2030 Canticis
1522 1963 1544 2001 ⁸
1577 1986 1592 2028 ε
1620 1985 1652 2024 α
1675 1961 1881 2027 Fortis

340 2081 435 2142 est
458 2081 531 2141 ut
558 2093 752 2155 morS,
782 2074 1066 2141 dilectio:
1088 2072 1249 2137 dura
1264 2075 1337 2137 ut
1353 2072 1661 2150 infernus,
1683 2087 1882 2136 aemu-

337 2184 508 2251 latio,
543 2208 574 2246 s
605 2184 933 2268 Rogemus
958 2199 1136 2263 ergo,
1163 2183 1283 2246 etc.

374 2417 745 2495 DOMINIGA
786 2415 990 2492 XVIII
1033 2414 1222 2491 POST
1265 2409 1825 2488 PENTEGOSTEN.

731 2588 1021 2661 SERMO
1070 2585 1399 2657 PRIMUS
1426 2582 1472 2655 ⁸.

411 2727 569 2794 Ecce
592 2724 936 2809 offerebant
950 2725 1013 2790 ei
1024 2720 1786 2806 paralyticumjacmtem
1799 2721 1873 2786 in

331 2833 478 2902 lecto
503 2839 550 2898 ⁸.
581 2831 688 2898 Sic
711 2833 884 2897 enim
925 2830 1092 2912 aegri
1132 2829 1491 2894 offeruntur
1517 2827 1762 2891 medico
1793 2825 1870 2889 ad

328 2941 718 3018 sanandum;
751 2937 1025 3021 parvuli,
1054 2937 1349 3020 episcopo
1375 2934 1454 2998 ad
1482 2933 1868 2998 conflrman-

327 3048 480 3114 dum
502 3072 519 3127 ;
539 3047 631 3113 rei
643 3045 986 3130 judici‚vel
1004 3044 1286 3124 domino,
1316 3042 1394 3107 ad
1413 3040 1834 3125 judIcandum
1846 3061 1867 3119 ;

327 3174 557 3240 sponsa
579 3172 811 3239 sponso
836 3154 916 3218 ad
941 3152 1457 3217 cohabitandum.

405 3262 493 3328 De
523 3262 732 3345 primo
755 3262 820 3325 ⁸:
858 3283 889 3321 α
918 3257 1298 3325 obtulerunt
1353 3259 1412 3323 ei
1439 3275 1663 3322 omnes
1703 3255 1869 3321 male

325 3369 631 3435 babentes
673 3367 872 3435 variis
913 3366 1356 3448 languoribus,
1408 3367 1475 3430 et
1513 3364 1863 3443 tormentiS,

326 3478 390 3542 et
429 3475 540 3560 qui
577 3474 894 3558 daemonia
942 3473 1285 3552 habebant,
1328 3476 1392 3537 et
1430 3470 1764 3550 lunaticOS,
1804 3474 1869 3534 et

324 3582 723 3667 paralyticos.
768 3603 801 3642 n
845 3582 1146 3664 Lanquor
1174 3585 1446 3658 naturae,
1493 3583 1558 3644 et
1590 3585 1862 3646 tormen-

324 3697 463 3758 tum
497 3689 917 3769 conscientiae‚
951 3693 1048 3761 est
1082 3692 1431 3771 peccatum.
1475 3687 1869 3753 Doemoniaci

321 3803 471 3864 sunt
516 3797 814 3863 malitiosi
844 3816 863 3861 ι
906 3795 1232 3860 daemones
1274 3794 1450 3860 enim
1493 3812 1578 3858 ex
1618 3793 1865 3858 malitia

320 3911 604 3990 peccant.
633 3895 1038 3970 Daemonium
1083 3920 1240 3985 ergo
1279 3901 1589 3984 malignae
1627 3901 1862 3967 volun·

320 4015 466 4080 tatis
494 4032 624 4078 non
649 4017 744 4078 est
763 4014 1061 4095 ejectum,
1087 4009 1399 4094 quamdiu
1421 4009 1607 4075 novis
1623 4010 1866 4074 oratio-

320 4138 480 4187 num
507 4125 572 4186 et
593 4120 1061 4186 confessionum
1086 4117 1330 4199 linguis
1346 4135 1479 4181 non
1494 4116 1778 4201 loqueris
1793 4118 1816 4154 '¹
1840 4139 1857 4183 ε

330 4252 360 4292 α
383 4228 456 4293 In
487 4228 749 4293 nomine
790 4245 935 4292 meo
982 4224 1303 4292 daemonia
1349 4222 1623 4307 ejicient,
1663 4246 1694 4285 υ
1737 4228 1858 4289 etc.

319 4336 623 4404 Lunatici
661 4340 812 4401 sunt
841 4334 1131 4401 irammdi
1176 4337 1240 4397 et
1280 4332 1699 4415 impatientes»,
1749 4333 1863 4416 qui

319 4444 502 4511 valde
524 4450 675 4510 sunt
698 4444 1034 4509 mutabiles
1051 4449 1113 4508 ⁸:
1141 4465 1174 4505 e
1191 4442 1437 4508 Stultus
1455 4442 1700 4507 utluna
1717 4460 1862 4508 mu-

317 4553 514 4616 tatur.
540 4573 573 4612 ι
609 4552 972 4634 Paralytici
1010 4554 1162 4616 sunt
1199 4549 1471 4614 acediosi
1507 4570 1522 4614 ε
1552 4549 1862 4633 paralysis

317 4660 489 4724 enim
521 4660 727 4724 aufert
751 4677 945 4727 usum
971 4657 1433 4738 membrorum,
1470 4658 1564 4721 ita
1610 4660 1685 4722 ut
1723 4657 1863 4723 red-

316 4764 425 4830 dat
477 4767 766 4832 membra
814 4767 896 4831 ad
946 4766 1201 4831 labores
1258 4765 1536 4830 inutilia.
1595 4763 1860 4848 Semper

315 4874 584 4939 enimin
611 4874 775 4939 lecto
818 4875 1087 4939 carnalis
1122 4873 1440 4939 commodi
1466 4878 1616 4937 sunt
1642 4872 1856 4956 pigri:

316 4999 720 5066 quocumque
753 5001 822 5048 se
864 4988 1146 5061 vertunt,
1197 4981 1430 5047 lectum
1475 4980 1860 5047 carnalitatis

379 5148 398 5182 ¹
418 5146 591 5208 Dent„
617 5156 669 5210 v,
695 5147 775 5197 29.
798 5170 862 5183 —
894 5145 914 5175 ²
937 5146 1112 5204 Pron„
1137 5154 1264 5210 xvu,
1296 5144 1376 5194 17.
1406 5169 1466 5182 -
1494 5142 1518 5179 ⁸
1543 5144 1713 5208 Cant„
1741 5154 1858 5208 vm,

316 5220 363 5270 Β.
390 5243 453 5257 -
481 5219 506 5255 ⁸
534 5220 682 5270 Hunc
709 5221 762 5268 et
789 5217 921 5268 duos
947 5231 1056 5283 seq.
1092 5216 1249 5267 babet
1293 5230 1500 5282 quoque
1535 5216 1658 5268 edit.
1693 5214 1856 5267 Paris.

315 5302 403 5342 an.
441 5294 581 5344 1521.
617 5315 681 5329 —-
722 5291 744 5326 ⁸
776 5290 981 5352 Mamm,
1018 5300 1106 5352 ix,
1142 5291 1192 5340 2.
1229 5314 1289 5327 -
1329 5289 1351 5319 ⁸
1390 5288 1543 5350 ibid..
1585 5300 1660 5352 ιν,
1688 5291 1767 5340 2⁴.
1795 5312 1858 5326 —

314 5360 339 5399 ‘¹
362 5364 545 5430 um„
568 5376 684 5427 xvi,
726 5362 802 5414 Π.
840 5387 905 5400 -
934 5360 958 5396 ⁸
999 5360 1178 5421 Eoeli„
1221 5372 1393 5425 xxvn,
1436 5363 1514 5411 ¹2.
1542 5385 1606 5398 —
1640 5362 1661 5392 ⁸
1689 5360 1859 5424 Pron„

315 5445 458 5498 xxvi,
489 5437 565 5487 14.
592 5459 654 5473 —
675 5434 720 5471 ¹⁰
741 5436 891 5498 Aug„
918 5433 973 5483 in
999 5432 1139 5483 Psal.
1167 5443 1315 5496 xcnl,
1343 5445 1399 5483 n.
1421 5433 1498 5484 23.
1525 5458 1587 5470 —
1615 5432 1654 5467 ¹¹
1676 5432 1856 5494 Marc„

3419 439 3538 504 ⁴45

2001 580 2132 628 non
2160 562 2571 647 relinquunt·
2602 588 2618 630 ε
2645 589 2677 628 α
2703 565 2886 634 Sicut
2908 568 3142 634 ostium
3164 570 3441 638 vertitur
3466 573 3536 639 in

1998 672 2274 752 cardine,
2323 674 2414 736 sic
2453 673 2638 756 piger
2689 676 2757 740 in
2810 676 2971 742 lecto
3014 696 3157 744 suc.
3198 702 3234 742 s
3286 679 3536 747 Ostium

1997 783 2194 863 enim,
2221 782 2478 866 quando
2506 784 2795 864 vertitur,
2838 787 3162 854 cardinem
3202 807 3333 855 non
3376 791 3532 859 exit.

1996 888 2233 972 Surge,
2290 891 2655 974 paralytice,
2702 892 2781 958 de
2829 894 3024 974 lecto;
3068 915 3289 979 surge,
3319 899 3532 982 piger,

1995 985 2370 1063 adlabores.
2401 999 2808 1080 Augustinus
2834 1002 2880 1042 ¹⁰
2909 1023 2925 1067 ι
2965 1026 2996 1065 α
3022 1002 3162 1068 Noli
3190 1005 3373 1088 piger
3396 1025 3534 1071 esse

1991 1105 2284 1171 laborare
2315 1106 2396 1191 (α)
2425 1108 2724 1189 breviter,
2755 1114 2818 1175 et
2842 1112 3125 1194 gaudere
3145 1113 3530 1180 incessabili·

1991 1214 2113 1279 ter.
2138 1236 2168 1275 a

2074 1318 2161 1386 De
2200 1324 2477 1389 secundo
2502 1326 2548 1368 ¹¹
2579 1344 2597 1390 z
2636 1348 2668 1387 α
2696 1325 3054 1393 offerebant
3085 1328 3180 1392 illi
3206 1330 3531 1412 parvulos,
3618 1361 3623 1364 ·

1989 1431 2064 1490 ut
2082 1446 2313 1495 manus
2332 1431 2423 1495 eis
2443 1431 2821 1516 imponeret,
2836 1438 2901 1499 et
2916 1436 3125 1501 oravit
3145 1436 3246 1519 (b).
3274 1458 3305 1498 υ
3330 1436 3530 1504 Inter·

1989 1533 2248 1600 linearis
2280 1560 2295 1602 :
2335 1562 2365 1599 «
2402 1538 2483 1605 Ut
2525 1541 2618 1605 eis
2662 1560 2817 1607 voce
2859 1546 2923 1607 et
2958 1562 3159 1608 manu
3202 1545 3534 1612 benedice-

1987 1648 2109 1707 ret.
2140 1664 2172 1703 ι)
2203 1645 2381 1711 Unde
2407 1646 2485 1710 ad
2513 1647 3013 1715 benedicendum
3040 1651 3234 1716 etiam
3255 1654 3324 1716 in
3346 1670 3533 1718 cruce

1986 1769 2221 1816 manus
2267 1754 2571 1820 extendit.
2618 1752 2947 1822 Psalmista
2986 1759 3032 1795 ¹²
3070 1780 3085 1822 :
3137 1782 3169 1821 α
3192 1760 3417 1842 Aperis
3460 1766 3533 1826 tu

1986 1877 2277 1938 manum,
2306 1881 2338 1920 u
2373 1863 2492 1926 etc.
2535 1860 2699 1939 Quid
2745 1863 3012 1942 mirum,
3057 1866 3113 1929 si
3156 1866 3237 1933 ad
3271 1867 3533 1933 benedi·

1986 1967 2286 2048 cendum,
2331 1968 2437 2033 vel
2484 1969 2566 2033 ad
2611 1971 3124 2038 confirmandum
3173 1974 3246 2038 in
3294 1976 3528 2057 gratia,

1987 2071 2272 2139 Christus
2284 2076 2553 2158 imponit
2565 2095 2819 2155 manus,
2833 2096 2984 2144 cum
2998 2079 3079 2143 sit
3095 2082 3427 2164 episcopus
3444 2083 3492 2121 ¹⁸
3507 2105 3525 2149 z

1995 2201 2028 2241 e
2053 2179 2354 2246 Conversi
2380 2183 2531 2247 estis
2548 2201 2724 2249 nunc
2739 2185 2818 2249 ad
2847 2191 3167 2268 pastorem
3194 2192 3259 2254 et
3284 2190 3529 2273 episco-

1982 2306 2145 2371 pum
2191 2290 2554 2354 animarum
2602 2295 2987 2358 vestrarum.
3025 2314 3057 2353 a
3100 2293 3268 2361 Bene
3312 2302 3529 2363 autem

1983 2396 2098 2476 eiS,
2128 2397 2243 2480 qui
2267 2397 2519 2480 parvuli
2549 2402 2704 2463 sunt
2728 2399 3111 2481 humilitate,
3136 2403 3407 2469 infantes
3426 2405 3525 2469 in-

1957 2504 2294 2585 ·nocentia,
2324 2515 2387 2569 et
2413 2507 2595 2588 pueri
2641 2509 2942 2589 puritate.
2980 2509 3273 2576 Psalmus
3301 2514 3383 2576 ¹⁸:
3418 2514 3527 2579 In·

1980 2626 2212 2678 nocens
2240 2613 2556 2681 manibus.
2598 2636 2630 2675 α
2656 2613 2811 2692 Quis
2836 2617 3129 2683 ascendet
3149 2619 3219 2683 in
3245 2625 3528 2687 montem

1981 2717 2259 2799 Domini,
2297 2724 2411 2784 aut
2446 2722 2592 2804 quis
2617 2723 2808 2788 stabit
2832 2723 2902 2788 in
2930 2724 3067 2789 loco
3093 2735 3311 2793 sancto
3337 2732 3480 2812 ejus
3496 2731 3528 2794 ⁸?

1981 2824 2290 2890 Innocens
2315 2828 2633 2908 manibus,
2662 2834 2725 2893 et
2750 2831 2994 2896 mundo
3020 2832 3232 2913 corde,
3254 2836 3367 2917 qui
3395 2855 3526 2901 non

1978 2933 2219 3015 accepit
2243 2933 2313 2997 in
2341 2951 2584 2998 vanum
2612 2936 2893 3000 animam
2910 2956 3119 3018 suam,
3142 2957 3260 3004 nec
3279 2942 3531 3022 juravit

1978 3038 2049 3104 in
2074 3039 2223 3105 dolo
2248 3041 2541 3123 proximo
2559 3061 2677 3107 suo
2703 3064 2719 3108 ε
2742 3043 2849 3109 hic
2867 3045 3130 3129 accipiet
3145 3047 3526 3116 benedictio-

1978 3166 2130 3211 nem
2158 3166 2199 3211 a
2224 3146 2515 3228 Domino,
2547 3170 2578 3209 n
2613 3154 2733 3215 etc.
2763 3148 2877 3216 Vel
2911 3152 3167 3235 parvuli
3211 3160 3363 3220 sunt
3399 3174 3527 3239 poe-

1977 3253 2275 3334 nitenteS,
2299 3257 2412 3338 qui
2430 3274 2609 3322 more
2625 3258 3040 3341 parvulorum
3060 3279 3230 3345 saepe
3248 3262 3520 3346 plorant.

1978 3360 2087 3426 Isti
2123 3363 2624 3428 benedictionem
2664 3366 2953 3431 obtinent
2985 3369 3149 3433 bene
3188 3369 3518 3452 plorando,

1975 3468 2146 3534 sicut
2196 3469 2386 3535 Esau.
2442 3470 2714 3554 Require
2767 3473 2834 3553 ¹⁸,
2884 3474 3143 3556 quando
3199 3474 3393 3540 Jacob
3460 3482 3523 3543 et

1976 3575 2147 3641 Esau
2181 3576 2661 3644 benedicuntur.
2714 3576 2786 3642 In
2837 3578 3029 3645 Jacob
3083 3581 3410 3662 innocens,
3451 3584 3522 3649 in

1972 3683 2144 3749 Esau
2168 3684 2480 3768 poeuitens
2504 3685 2931 3767 significatur.

2055 3792 2143 3858 De
2165 3795 2350 3859 tertio
2376 3794 2419 3831 ¹⁸
2453 3816 2527 3859 :a
2559 3794 2819 3859 Oblatus
2845 3799 2943 3859 est
2966 3796 3026 3860 ei
3052 3814 3247 3879 unus,
3276 3799 3389 3881 qui
3407 3799 3516 3865 de·-

1972 3901 2165 3965 bebat
2197 3900 2417 3966 decem
2447 3901 2646 3965 millia
2676 3900 2932 3967 talenta.
2963 3923 2994 3962 n
3030 3902 3457 3971 lnterlinearis
3495 3930 3510 3971 :

1981 4031 2014 4071 c
2057 4009 2126 4075 Id
2171 4015 2286 4092 est,
2333 4010 2685 4075 multarum
2730 4011 3014 4094 decalogi
3056 4017 3515 4097 transgressio-

1970 4137 2133 4184 num
2163 4137 2335 4186 reus.
2364 4141 2397 4180 υ
2433 4118 2511 4184 Et
2552 4119 2629 4183 ad
2671 4119 2949 4184 litteram
2995 4121 3352 4188 timendum
3382 4103 3514 4190 ‘ali-

1972 4243 2137 4309 quos
2180 4245 2339 4304 esse,
2397 4224 2508 4309 qui
2554 4225 2771 4291 decem
2822 4227 3098 4293 millium
3148 4230 3514 4296 mortalium

1971 4339 2374 4419 peccatorum
2412 4334 2638 4399 debitis
2677 4336 3000 4400 constricti
3042 4343 3194 4402 sunt
3221 4359 3237 4401 ε
3269 4339 3519 4405 bisunt

1972 4443 2088 4525 qui
2127 4442 2487 4506 offeruntur
2538 4441 2606 4506 in
2651 4441 2894 4524 judicio
2946 4444 3199 4527 speciali
3252 4445 3326 4510 in
3371 4464 3517 4510 con·

1969 4550 2261 4629 sessione,
2319 4549 2425 4616 vel
2475 4549 2545 4612 in
2607 4550 2850 4631 judicio
2904 4550 3192 4632 generali
3238 4551 3309 4616 in
3360 4554 3512 4633 fine,

1970 4652 2075 4718 vel
2123 4653 2193 4716 in
2228 4652 2472 4735 judicio
2517 4652 2908 4735 particulari,
2957 4653 3026 4718 in
3068 4658 3294 4734 morte,
3350 4654 3516 4720 sicut

1970 4761 2237 4826 offertur
2248 4758 2547 4823 denarius
2565 4760 2918 4824 monetario
2939 4761 3406 4826 examinandus
3424 4763 3469 4804 ¹⁷
3491 4786 3509 4828 ε

1978 4892 2010 4932 ι
2029 4868 2115 4933 At
2140 4868 2232 4932 illi
2254 4866 2627 4933 obtulerunt
2661 4866 2721 4931 ei
2756 4868 3114 4935 denarium.
3141 4890 3175 4931 ι
3208 4868 3283 4934 ln
3310 4876 3513 4936 morte

1968 4979 2144 5042 enim
2174 4977 2389 5040 anima
2424 4973 2548 5039 Deo
2583 4973 2873 5040 offertur.
2917 4973 3097 5041 Tunc
3137 4983 3306 5042 certe
3345 4978 3513 5045 Deus

1969 5133 2022 5188 x,
2056 5122 2134 5226 ¹⁸32,
2161 5121 2340 5239 m'l-
2364 5118 2407 5154 υ
2439 5115 2581 5168 Peal.
2612 5129 2798 5220 exam,¹
2803 5121 2890 5224 ⁸13.
2919 5143 2981 5157 ..
3015 5118 3101 5170 ¹⁸1
3137 5120 3299 5182 pem,
3333 5132 3399 5186 11,
3427 5125 3507 5176 23.

1966 5192 2241 5323 5:⁸⁰1ng
2267 5190 2671 5325 ἰνῖιῖυἳᾍΒ-δῖτ
2695 5260 2843 5324 ibid„
2861 5188 3008 5328 ἓξὲξ
3027 5204 3192 5315 :gvii
3208 5227 3223 5255 2
3260 5194 3420 5245 2341.
3447 5219 3511 5233 ..-

2030 5353 2103 5420 (α)
2130 5350 2281 5417 Apud
2304 5350 2434 5415 Any.
2466 5361 2578 5400 esse
2609 5349 2664 5401 in
2691 5349 2867 5401 labore
2893 5376 2957 5388 —
2984 5350 3057 5416 (ὁ)
3094 5352 3241 5420 Vulq.
3269 5357 3323 5407 et
3346 5357 3509 5424 impo-

1966 5439 2100 5479 nens
2129 5436 2314 5476 manus
2345 5435 2499 5488 super
2523 5421 2667 5488 illos,
2690 5419 3026 5476 benedicebat
3049 5438 3159 5477 eos.
