4059 6317
740 460 862 524 420

738 609 939 675 spem.
972 590 1187 657 Primo
1213 593 1480 675 qua-rite
1503 610 1653 659 cum
1680 592 1996 661 soliditate
2034 596 2278 678 cogita-

735 706 841 763 tus
865 700 934 764 in
960 699 1597 783 contemplationibus
1620 701 1811 768 veris.
1836 702 2014 769 Unde
2039 710 2058 746 ¹
2091 725 2107 768 :
2147 727 2179 765 a
2207 702 2277 766 ln

735 806 1135 890 simplicitate
1169 808 1377 873 cordis
1418 811 1686 892 quaerite
1719 810 1924 889 illum,
1973 809 2277 893 quoniam

735 914 1064 980 invenitur
1089 916 1171 979 ab
1197 916 1301 980 his
1326 917 1441 999 qui
1467 935 1603 981 non
1627 921 1876 983 tentant
1907 917 2091 982 illum
2114 939 2132 994 ;
2163 934 2278 999 ap-

733 1025 916 1104 paret
931 1027 1147 1087 autem
1173 1023 1287 1103 eiS,
1311 1024 1425 1107 qui
1451 1024 1642 1089 fldem
1664 1025 1903 1090 habent
1921 1025 1990 1088 in
2010 1024 2219 1087 illum.
2236 1045 2268 1082 n

737 1131 1014 1207 Quoerite
1041 1129 1249 1210 illum,
1269 1131 1503 1196 scilicet
1529 1130 1754 1211 Deum,
1785 1131 2277 1212 investigatione

733 1238 1054 1302 continuae
1087 1238 1530 1303 meditationis,
1569 1240 1651 1304 In
1682 1237 2099 1321 simplicitate
2134 1253 2271 1303 cor-

637 1347 641 1354 ’
733 1344 865 1423 dis,
930 1363 1043 1429 per
1102 1347 1445 1429 puritatem
1511 1347 1822 1412 ordinatae
1888 1347 2272 1426 affectionis,

732 1452 1091 1534 elongando
1117 1457 1182 1518 et
1207 1454 1558 1537 separando
1580 1471 1688 1518 cor
1717 1454 1798 1518 ab
1820 1454 2121 1518 omnibus
2144 1457 2270 1518 ter-

732 1563 925 1627 renis.
956 1562 1116 1627 Nam
1159 1567 1317 1647 quot
1341 1581 1445 1627 res
1472 1580 1580 1627 cor
1606 1562 1837 1644 diligit,
1871 1567 1962 1626 tot
1987 1563 2107 1625 sibi
2136 1561 2277 1625 unit

733 1675 798 1735 et
822 1671 1167 1751 componit,
1197 1655 1273 1733 eo
1299 1669 1471 1752 quod
1509 1687 1713 1748 amor,
1756 1668 1893 1732 sive
1925 1667 2269 1749 humanus,

732 1778 868 1841 sive
895 1777 1176 1854 divinuS,
1205 1777 1429 1842 estvis
1460 1775 1707 1841 unitiva
1738 1774 2089 1839 secundum
2123 1776 2275 1839 bea·

733 1889 875 1950 tum
909 1884 1282 1967 Dionysium
1305 1885 1329 1920 ²
1357 1906 1371 1947 ε
1398 1888 1638 1966 quanto
1662 1883 1834 1946 enim
1860 1901 1970 1946 cor
1997 1882 2183 1964 plura
2211 1887 2276 1948 et

732 1992 988 2059 diversa
1000 1991 1214 2072 diligit
1228 1995 1498 2066 terrena,
1520 1994 1696 2054 tanto
1715 1989 2124 2073 compositius
2142 1990 2278 2055 red-

732 2100 942 2178 ditur;
972 2098 1082 2164 sed
1108 2116 1258 2162 cum
1285 2116 1352 2162 se
1379 2097 1642 2177 elongat
1670 2100 1734 2160 et
1759 2101 2010 2180 separat
2031 2098 2115 2160 ab
2140 2098 2276 2161 istis

731 2207 1020 2286 terreniS‚
1064 2211 1138 2271 ut
1179 2208 1294 2271 uni
1329 2210 1394 2271 et
1431 2205 1722 2287 simplici,
1770 2206 1876 2269 cui
1914 2209 2123 2270 totum
2167 2223 2277 2270 cor

733 2315 870 2379 sine
905 2314 1245 2379 defectione
1283 2313 1571 2387 debetur,
1617 2312 1960 2392 adhaereat,
2002 2317 2066 2377 et
2096 2313 2281 2376 unia-

734 2425 841 2487 tur
865 2440 979 2506 per
1003 2439 1314 2500 amorem,
1357 2419 1436 2502 (a)
1479 2438 1563 2483 ex
1597 2420 1710 2483 tali
1736 2420 1975 2485 unione
2003 2420 2277 2502 simplici

733 2533 799 2595 et
824 2549 987 2613 pura
1013 2529 1284 2614 acquirit
1321 2528 1527 2593 cordis
1579 2527 1652 2611 (b)
1702 2528 2169 2610 simplicitatem
2214 2533 2277 2594 et

734 2638 1101 2721 puritatem.
1132 2637 1190 2702 A
1217 2636 1450 2700 talibus
1483 2654 1639 2700 vero
1678 2636 2029 2716 invenitur,
2070 2637 2277 2701 sinon

733 2749 978 2811 tentant
995 2745 1180 2811 illum
1201 2762 1316 2827 per
1341 2744 1772 2809 curiositatem
1801 2749 2272 2827 praesumptuo-

733 2870 824 2916 sae
851 2856 914 2916 et
939 2851 1297 2917 temerariae
1338 2851 1869 2943 investigationis
1913 2852 1966 2916 N
1969 2870 2075 2916 am
2111 2871 2276 2934 prae-

734 2963 1147 3043 sumptuosus
1172 2962 1236 3023 et
1259 2958 1635 3023 temerarius
1672 2962 2099 3041 perscrutator
2140 2978 2274 3022 ma-

724 3068 992 3147 Jestatis,
1023 3066 1137 3149 qui
1165 3064 1345 3148 quasi
1384 3081 1499 3146 per
1543 3064 2052 3129 tenebrositatem
2082 3064 2272 3146 pede·

733 3178 929 3238 stram
957 3172 1510 3238 ratiocinationum
1541 3172 1632 3235 sic
1659 3171 1975 3252 innititur,
2015 3177 2090 3236 ut
2124 3172 2278 3237 velit

732 3280 934 3362 figere
979 3283 1299 3362 aspectum
1355 3278 1421 3342 in
1488 3278 1928 3362 splendoribus
1990 3281 2269 3360 aeternis,

731 3405 868 3470 prae
908 3387 1301 3470 phantastica
1337 3385 1782 3451 tenebrositate
1826 3387 2210 3470 opprimitur
2235 3406 2275 3453 a

734 3494 942 3576 gloria
970 3514 988 3559 z
1026 3498 1289 3577 apparet
1312 3499 1529 3558 autem
1555 3493 1649 3558 eis
1676 3494 1790 3576 qui
1824 3493 1971 3558 fidei
2007 3494 2276 3558 admini-

730 3601 900 3680 cu10,
952 3619 1069 3686 per
1118 3620 1417 3666 excessus
1484 3601 2030 3683 contemplationis
2083 3601 2274 3666 altius

729 3728 928 3793 supra
952 3709 1193 3792 seipsos
1230 3709 1569 3788 elevanteS,
1604 3708 1801 3773 Deum
1830 3709 2273 3791 perspicaciter

730 3817 1258 3900 contemplantur.
1274 3815 1452 3881 Unde
1474 3815 1824 3880 Richardus
1838 3817 1861 3852 ⁸
1881 3838 1898 3880 :
1923 3839 1955 3877 α
1973 3816 2271 3881 Contem-

723 3925 920 4008 platio
946 3928 1042 3989 est
1064 3924 1266 3989 libera
1288 3924 1517 3988 mentis
1537 3922 1918 4006 perspicacia
1933 3923 2005 3988 in
2024 3925 2270 4005 sapien·

716 4035 825 4100 tiae
880 4034 1136 4117 speculo
1187 4050 1494 4115 suspensa
1544 4050 1694 4096 cum
1745 4031 2184 4096 admiratione.
2228 4052 2260 4091 n

717 4141 1009 4208 Secundo
1034 4141 1300 4223 quaeritc
1333 4158 1483 4204 cum
1522 4138 1822 4204 aviditate
1850 4139 2169 4221 appetitus
2197 4138 2265 4203 in

716 4231 1236 4315 delectationibus
1263 4245 1465 4329 puriS.
1490 4245 1666 4310 Unde
1682 4251 1741 4310 ⁸:
1769 4269 1801 4307 «ι
1822 4245 1977 4322 Quae
2007 4264 2265 4310 sursum

718 4364 868 4422 sunt
895 4356 1187 4440 quaerite,
1218 4354 1331 4418 ubi
1360 4353 1643 4419 Christus
1663 4358 1759 4418 est
1779 4355 1846 4418 in
1863 4354 2126 4418 dextera
2151 4353 2264 4418 Dei

716 4465 963 4530 sedena.
1006 4462 1165 4539 Quae
1209 4478 1469 4528 sursum
1504 4463 1657 4525 sunt
1694 4453 1916 4542 sapite,
1956 4479 2089 4525 non
2115 4480 2264 4544 quae

715 4590 909 4655 super
933 4576 1194 4635 terram.
1224 4591 1255 4630 ι)
1293 4567 1543 4633 Potiora
1571 4568 1740 4632 bona
1767 4569 1961 4648 patris
1987 4555 2092 4651 (c),
2123 4585 2264 4651 quoe

710 4697 967 4747 sursum
1007 4685 1178 4748 sunt,
1230 4675 1342 4743 ubi
1390 4676 1677 4742 Christus
1731 4680 1826 4741 est
1867 4676 1944 4741 in
1986 4673 2262 4742 dextera

711 4790 834 4855 Dei
860 4786 1107 4865 sedens,
1138 4785 1204 4849 id
1229 4789 1344 4863 est,
1379 4784 1445 4847 in
1483 4786 1797 4866 quantum
1841 4782 1967 4845 illis
2001 4784 2262 4865 potiori-

709 4895 832 4962 bus
874 4895 1062 4961 bonis
1100 4896 1165 4958 et
1208 4890 1597 4958 dulcioribus
1646 4893 1953 4973 perpetuo
2000 4890 2255 4971 fruitur,

711 5005 977 5087 quaerice
1003 5019 1119 5086 per
1153 4999 1494 5079 desideria3
1538 5003 1602 5065 et
1647 4998 1789 5063 haec
1822 4999 2044 5063 eadem
2090 4999 2261 5066 bona

711 5118 774 5178 et
800 5109 1266 5188 delectationes,
1291 5123 1432 5190 quae
1452 5122 1710 5173 sursum
1735 5111 1913 5185 sunt,
1943 5107 2021 5172 in
2044 5105 2260 5176 dexte-

773 5239 794 5274 ¹
822 5238 962 5301 Sap„
990 5245 1029 5299 1,
1059 5239 1188 5287 l.—
1211 5234 1233 5268 ⁸
1261 5233 1415 5283 Dion.
1449 5236 1653 5296 Areop„
1679 5231 1740 5280 de
1770 5232 1881 5280 Div.
1913 5232 2040 5292 Nom
2063 5269 2080 5292 ,
2110 5246 2156 5282 c.
2183 5245 2255 5297 iv,

711 5310 743 5374 ᾖ
771 5311 849 5359 15.
869 5335 933 5346 -
956 5309 976 5339 ⁸
1001 5306 1269 5369 Richard„
1293 5304 1355 5355 de
1385 5303 1686 5369 contempl„
1713 5302 1804 5354 lib.
1837 5305 1876 5353 l.
1905 5327 1965 5341 —
1994 5304 2017 5339 ὅ
2046 5304 2254 5370 coloss„

713 5392 798 5443 111,
825 5385 871 5432 l.
895 5406 951 5418 -
981 5381 1000 5411 ⁸
1026 5379 1182 5443 Hug„
1208 5380 1270 5426 de
1298 5375 1464 5428 Art-ha
1493 5377 1692 5441 spons„
1719 5375 1808 5426 lib.
1841 5375 1927 5426 ΙΙΙ.
1951 5401 2006 5411 -
2039 5375 2060 5406 ⁸
2087 5377 2253 5436 Cant,

713 5463 806 5516 111,
832 5454 939 5504 2-4.
959 5476 1023 5490 -
1045 5451 1061 5482 ⁷
1090 5449 1263 5502 prov..
1285 5458 1343 5508 ιι,
1374 5451 1472 5498 3-5.

1841 457 2257 527 SERMONES
2298 458 2399 525 DE
2439 457 2836 527 TEMPORE.

2387 611 2465 662 ra
2492 596 2632 676 Dei,
2662 597 2874 678 sapite
2915 612 3029 678 per
3068 596 3489 662 elevationem
3528 597 3809 680 appetitus
3829 603 3877 664 et

2389 707 2643 784 gustus,
2670 721 2820 768 cum
2848 702 3239 767 adbaerentia
3263 705 3503 769 amoris
3518 705 3598 770 ad
3615 724 3875 788 supet-naz

2385 827 2516 878 non
2542 825 2685 893 quoe
2711 826 2900 893 super
2929 818 3189 890 terram,
3218 828 3332 894 per
3360 810 3801 894 depressionem
3813 814 3879 877 at-

2384 920 2585 982 feetus
2624 919 2702 982 ad
2740 919 2864 983 ista
2892 920 3058 983 foeda
3096 922 3161 984 et
3196 919 3560 984 immunda.
3600 920 3746 985 Nam
3778 922 3878 986 ista

2384 1026 2569 1090 foedae
2604 1030 2671 1090 et
2697 1024 3138 1091 delectatIOnes
3164 1030 3435 1092 terrenae
3462 1028 3673 1110 potius
3696 1029 3879 1092 amari-

2385 1139 2552 1212 cant,
2592 1149 2790 1214 quam
2823 1132 3152 1198 delectent.
3187 1132 3349 1198 Nam
3374 1134 3491 1199 ubi
3521 1135 3714 1200 credit
3733 1135 3882 1200 homo

2385 1243 2675 1306 invenire
2716 1241 3270 1323 delectamentum,
3328 1244 3663 1327 experitur
3700 1246 3884 1309 crucia-

2386 1352 2699 1428 mentum,
2733 1367 2810 1412 eo
2837 1349 3007 1432 quod
3051 1350 3262 1414 omnis
3298 1350 3637 1416 delectatio
3670 1351 3731 1413 in
3766 1370 3886 1433 prae-

2383 1457 2544 1520 senti
2578 1472 2833 1537 aspersa
2872 1458 2968 1519 est
3004 1456 3454 1521 amaritudine.
3506 1455 3636 1521 Sed
3676 1457 3888 1521 delecta·

2384 1563 2587 1628 tiones
2613 1579 2755 1646 quoe
2789 1570 2947 1629 sunt
2981 1564 3058 1631 in
3094 1562 3366 1630 dextera
3412 1564 3553 1641 Dei,
3592 1583 3705 1647 per
3743 1564 3887 1629 fidem

2382 1670 2714 1749 delectant,
2741 1689 2819 1735 eo
2836 1671 3007 1754 quod
3026 1674 3167 1754 conj
3175 1675 3436 1753 ungunt
3454 1677 3519 1736 et
3534 1672 3768 1736 uniunt
3780 1675 3887 1736 ani-

2382 1778 2703 1858 mamilli,
2739 1778 2821 1842 ad
2850 1780 3035 1860 cujus
3075 1778 3429 1860 imaginem
3470 1782 3534 1843 et
3574 1779 3889 1844 similitudi·

2382 1902 2532 1949 nem
2561 1885 2723 1948 facta
2752 1889 2868 1963 est,
2901 1903 2985 1949 ex
3016 1887 3206 1967 quus
3230 1886 3467 1949 unione
3493 1905 3722 1954 amans
3739 1891 3892 1951 trans·

2382 1992 2695 2056 formatur
2723 1991 2793 2055 in
2829 1997 3140 2070 amatum,
3170 1991 3327 2057 dum
3359 1989 3449 2055 illi
3485 2011 3607 2076 per
3638 1993 3892 2058 affectum

2383 2100 2827 2183 conjungitur.
2880 2097 3041 2163 Cum
3098 2115 3256 2180 ergo
3306 2101 3668 2165 secundum
3712 2100 3891 2181 nuga

2382 2225 2533 2270 nem
2559 2208 2582 2243 ⁸
2604 2211 2781 2271 tanta
2815 2206 2914 2270 vis
2949 2206 3188 2269 amoris
3213 2209 3330 2285 est,
3376 2212 3449 2270 ut
3478 2207 3679 2272 talem
3708 2212 3768 2272 te
3793 2227 3897 2272 esse

2384 2333 2639 2378 necesse
2672 2314 2776 2392 sit,
2807 2313 2994 2396 quale
3021 2317 3114 2376 est
3140 2312 3207 2376 id
3240 2313 3413 2395 quod
3450 2332 3660 2394 amas,
3694 2320 3756 2379 et
3777 2315 3896 2379 dum

2384 2440 2498 2504 per
2529 2421 2827 2486 affectum
2866 2418 3280 2502 conjungeris
3304 2419 3373 2483 in
3400 2419 3608 2503 ipsius
3634 2422 3893 2486 similitu·

2383 2528 2552 2606 dine,
2580 2532 2717 2610 ipsa
2751 2528 2833 2611 (d)
2867 2526 3143 2612 quadam
3168 2526 3460 2591 societate
3493 2530 3899 2594 conformaris.

2385 2632 2452 2698 Si
2477 2635 2694 2699 anima
2720 2634 3033 2700 convertit
3059 2653 3127 2698 se
3155 2652 3349 2717 super
3369 2635 3617 2701 foedum
3640 2655 3902 2720 peramo-

2383 2759 2545 2821 rem,
2557 2741 3125 2806 transformaturin
3136 2742 3504 2815 foeditatem;
3521 2743 3582 2807 si
3593 2762 3786 2826 supra
3794 2742 3903 2826 pul-

2383 2849 2635 2927 chrum,
2667 2851 2735 2913 in
2759 2849 3300 2931 pulchritudinem
3335 2871 3352 2911 ε
3393 2849 3741 2931 pulchrum
3772 2868 3901 2932 ergo

2383 2962 2650 3039 generat
2673 2957 3152 3024 delectationem
3171 2978 3187 3021 ε
3213 2975 3372 3039 ergo
3389 2958 3612 3024 divina
3628 2959 3904 3042 sapientia

2384 3068 2652 3143 generat
2692 3064 3035 3147 pulchrum
3073 3064 3503 3129 delectationis
3530 3065 3600 3129 in
3629 3085 3736 3147 eo,
3765 3066 3903 3149 quod

2381 3170 2441 3236 ei
2466 3188 2581 3254 per
2601 3190 2888 3237 amorem
2915 3171 3158 3236 unitur.
3191 3171 3268 3237 Et
3294 3173 3373 3237 de
3398 3172 3523 3236 hoc
3548 3174 3907 3255 intelligitur

2379 3278 2554 3360 quod
2580 3278 2812 3342 dicitur
2840 3298 2856 3340 :
2897 3300 2929 3339 α
2955 3278 3261 3360 Surgam,
3300 3283 3363 3344 et
3389 3279 3679 3346 circuibo
3713 3282 3904 3346 civita-

2380 3388 2507 3449 tem
2544 3407 2558 3449 :
2590 3403 2706 3468 per
2732 3385 2908 3450 vicos
2934 3390 2998 3451 et
3024 3385 3260 3468 plateas
3284 3403 3575 3468 quaeram
3603 3406 3802 3471 quem
3828 3389 3905 3453 di-

2377 3491 2525 3573 ligit
2561 3493 2777 3557 anima
2813 3511 2957 3557 mea
2984 3512 3000 3555 2
3034 3493 3304 3577 quaesivi
3337 3493 3544 3574 illum,
3577 3502 3647 3560 et
3672 3516 3802 3563 non
3824 3498 3905 3561 in·

2377 3600 2525 3666 veni
2555 3624 2571 3662 τ
2605 3601 2992 3665 invenerunt
3017 3618 3122 3665 me
3144 3601 3401 3682 vigiles,
3422 3604 3536 3685 qui
3565 3606 3903 3670 custodiunt

2377 3710 2721 3774 civitatem.
2755 3707 2927 3773 Num
2955 3727 3151 3791 quem
3180 3708 3395 3789 diligit
3421 3711 3643 3776 anima
3671 3732 3815 3778 mea
3834 3713 3905 3776 vi·

2375 3816 2557 3880 distis
2577 3818 2608 3879 ‘2
2653 3815 2995 3881 Paululum
3029 3834 3179 3881 cum
3230 3817 3718 3899 pertransissem
3776 3836 3900 3896 eos,

2373 3923 2591 3989 inveni
2614 3941 2811 4007 quem
2838 3923 3051 4004 diligit
3076 3923 3292 3987 anima
3320 3942 3465 3990 mea
3494 3945 3510 3990 z
3542 3927 3725 3991 tenui
3751 3944 3903 4002 eum,

2372 4047 2490 4094 nec
2538 4030 2876 4107 dimittam,
2911 4053 2943 4091 υ
2980 4030 3178 4095 donec
3216 4030 3510 4113 experiar
3559 4031 3902 4097 delectatio-

2366 4153 2522 4201 nem
2554 4141 2617 4201 et
2642 4136 3041 4201 dulcedinem
3086 4139 3226 4219 ejus
3267 4138 3510 4204 deificae
3552 4138 3902 4224 voluptatis.

2371 4241 2606 4323 Terti0,
2639 4246 2907 4326 quaerite
2949 4262 3098 4308 cum
3141 4241 3515 4309 strenuitate
3555 4246 3825 4314 effectus
3846 4247 3905 4310 in

2371 4352 2964 4416 conversationibus
2982 4352 3240 4417 sanctis.
3260 4350 3435 4418 Unde
3452 4352 3474 4387 ἵ
3498 4373 3514 4416 :
3543 4375 3575 4414 α
3594 4352 3664 4418 Si
3678 4355 3905 4438 sapien-

2367 4458 2524 4524 tiam
2562 4459 2980 4539 invocaveris,
3025 4463 3089 4523 et
3132 4458 3534 4524 inclinaveris
3567 4478 3684 4525 cor
3732 4465 3903 4526 tuum

2366 4566 2745 4648 prudentiae,
2798 4567 2852 4630 si
2900 4566 3230 4649 quaesieris
3278 4585 3444 4646 eam,
3488 4568 3678 4651 quasi
3724 4588 3898 4653 penm-

2367 4676 2542 4739 niam
2566 4723 2584 4752 ,
2640 4681 2700 4740 et
2746 4678 2910 4742 sicut
2952 4677 3289 4741 thesauros
3353 4678 3648 4744 effoderis
3702 4679 3901 4755 illam,

2365 4787 2518 4848 tunc
2546 4784 2861 4866 intelliges
2888 4784 3211 4864 timorem,
3243 4789 3305 4848 et
3330 4785 3659 4850 scientiam
3688 4785 3801 4851 Dei
3820 4786 3904 4849 in-

2364 4891 2604 4956 venies:
2649 4913 2681 4952 n
2725 4892 2811 4959 Si
2872 4893 3264 4974 sapientiam
3332 4895 3740 4961 invocaveris
3801 4911 3904 4978 per

2364 4999 2758 5063 sanctitatem
2788 4998 2937 5062 vitae
2968 5020 2984 5061 z
3017 4999 3194 5063 nulla
3222 4999 3446 5065 melior
3474 5001 3798 5066 invocatio
3817 5018 3904 5064 sa-

2364 5106 2639 5189 pientiae,
2705 5123 2903 5188 quam
2957 5106 3339 5189 praeparatio
3396 5107 3744 5173 habitaculi
3802 5124 3904 5189 per

2362 5211 2781 5276 sanctitatem.
2822 5213 2897 5278 Si
2929 5212 3350 5280 inclinaveris
3385 5229 3496 5282 cor
3534 5221 3721 5282 tuum
3758 5228 3904 5296 pru·

2427 5377 2495 5440 (α)
2534 5375 2656 5427 Coet.
2702 5375 2823 5428 edit.
2869 5376 2992 5428 add.
3036 5383 3112 5430 ut.
3138 5404 3203 5417 —
3238 5378 3312 5442 (ὁ)
3357 5379 3483 5431 Coet.
3514 5378 3638 5432 edit.
3676 5376 3901 5442 acquiret
4028 5391 4029 5400 ¹

2363 5447 2612 5511 corporis.
2636 5471 2696 5485 —
2728 5447 2795 5512 (c)
2822 5448 2978 5500 Forte
3004 5451 3103 5516 leq.
3132 5453 3332 5517 patriae.
3360 5479 3414 5490 -
3441 5452 3524 5518 (d)
3550 5452 3663 5516 [Δις.
3696 5451 3813 5516 ipsi.
