4059 6317
644 448 765 512 422

644 577 1151 662 permanendum
1170 626 1194 659 ,
1246 581 1505 664 propter
1557 578 1931 646 continuam
1968 578 2189 643 omni-

646 688 856 756 modae
905 688 1368 756 contrarietatis
1415 689 1830 758 amotionem.
1893 688 2073 754 Unde
2117 689 2190 752 in

1735 442 2153 512 SERMONRS
2194 442 2297 510 DE
2336 441 2732 510 TEMPORE.

2298 578 2647 661 plicitatem
2670 578 3040 644 intentionis
3075 580 3145 644 iu
3168 577 3544 647 declinando
3568 580 3844 646 malum.

2301 685 2480 753 Unde
2505 687 2529 723 ⁸
2563 709 2578 752 :
2619 709 2653 750 ι
2682 686 3148 754 Poenitentibus
3189 693 3408 755 autom
3455 689 3631 755 dedit
3669 689 3850 754 vim

647 795 934 862 Psalmo¹
963 817 981 861 ε
1021 817 1052 858 ι
1077 794 1356 862 Gloriam
1382 798 1572 880 regni
1608 798 1705 864 tui
1729 797 1961 877 dicent,
1991 799 2057 861 et
2082 813 2189 879 po-
2294 793 2561 875 jmtitiae
2591 842 2611 872 ,
2670 799 2738 861 et
2784 796 3188 862 confirmavit
3237 796 3601 861 deficientes
3651 796 3849 861 msti-

644 905 913 969 tentiam
940 907 1120 969 tuam
1150 905 1492 989 loquentur
1510 955 1528 988 ‚
1577 910 1653 972 ut
1696 910 1916 972 notam
1958 906 2193 970 faciant

645 1012 793 1078 filiis
819 1012 1162 1080 hominum
1188 1016 1537 1097 potentiam
1578 1019 1758 1080 tuam
1776 1064 1793 1094 ,
1823 1018 1889 1079 et
1915 1013 2191 1096 gloriam

647 1118 1146 1201 magnificentiae
1178 1121 1365 1202 regni
1392 1122 1513 1201 tui,
1544 1138 1826 1203 regnum
1844 1123 2036 1186 tuum
2065 1119 2190 1184 Do-

648 1226 847 1304 mine,
877 1244 1155 1308 regnum
1197 1229 1494 1293 omnium
1529 1228 1936 1294 saeculorum.
1966 1249 1997 1288 n
2040 1227 2194 1295 Glo-

650 1336 823 1399 riam
848 1335 1035 1415 reqm‘
1061 1334 1166 1402 tui
1190 1332 1431 1414 dicent,
1458 1334 1583 1400 hoc
1624 1340 1740 1414 est,
1771 1334 2030 1417 quando
2055 1334 2194 1416 glo-

651 1439 880 1506 rificati
921 1439 1231 1523 quidquid
1279 1441 1433 1506 boni
1468 1441 1710 1506 habent
1750 1441 2084 1507 resolvunt
2126 1443 2195 1506 in

652 1547 936 1631 primum
967 1547 1354 1630 principium
1401 1570 1416 1612 z
1448 1552 1512 1613 et
1549 1548 1691 1614 ideo
1729 1549 1897 1613 beati
1947 1549 2198 1613 suntin

654 1654 957 1720 continua
981 1653 1168 1718 laude
1205 1658 1269 1718 et
1294 1654 1783 1736 glorificatione,
1822 1656 1977 1738 quia
2003 1674 2196 1721 omne

653 1761 836 1841 illud,
866 1761 1036 1844 quod
1064 1761 1407 1844 accipiunt,
1429 1762 1499 1828 iu
1524 1779 1676 1826 eum
1690 1762 1925 1840 solum,
1946 1762 2060 1845 qui
2079 1781 2198 1846 po-

658 1874 778 1935 test
804 1869 1163 1951 glorificare
1180 1918 1197 1950 ,
1229 1859 1565 1936 resolvunt
1594 1893 1611 1937 :
1641 1870 1802 1935 nihil
1828 1871 2005 1936 enim
2033 1890 2195 1954 age·-

658 1977 908 2056 turibi,
938 1977 1066 2041 nisi
1108 1996 1333 2043 vacare
1373 1977 1481 2042 Dei
1508 1978 1824 2043 laudibus.
1870 1979 1950 2046 Ut
1983 1984 2202 2046 nolam

665 2086 916 2167 faciant
941 2086 1107 2166 filliis
1134 2086 1464 2153 hominum
1505 2087 1860 2170 potentiam
1905 2092 2110 2166 tuam,
2141 2091 2202 2154 et

662 2193 935 2278 aleriam
971 2195 1466 2278 maqnificentioe
1489 2195 1676 2278 requi
1715 2195 1838 2262 tui.
1885 2193 2196 2260 Latitudi-

661 2320 811 2367 nem
825 2301 1184 2383 capacitatis
1201 2301 1683 2381 inooarctabilis,
1707 2319 1854 2384 quae
1873 2319 2004 2366 non
2023 2320 2199 2368 coar-

661 2410 951 2498 ctabatur
964 2409 1373 2474 multitudine
1391 2409 1874 2493 possidentium,
1895 2409 2051 2492 quia
2072 2413 2204 2474 tan-

661 2523 801 2582 tum
823 2519 1108 2600 gaudent
1143 2519 1311 2584 beati
1337 2520 1416 2584 de
1442 2518 1613 2583 bono
1641 2518 1922 2600 proximi
1938 2566 1958 2597 ,
1991 2537 2200 2602 quan-

659 2630 801 2690 tum
829 2626 908 2691 de
934 2625 1103 2692 hono
1129 2626 1406 2708 propriO.
1463 2628 1754 2709 Reqnum
1802 2631 1985 2693 tuum
2005 2674 2023 2704 ,
2083 2627 2201 2693 Do·

659 2736 833 2802 mine
853 2782 870 2814 ,
931 2750 1195 2816 reanum
1248 2733 1532 2800 omnium
1581 2733 1953 2800 saeculorum
1991 2755 2017 2799 .·
2060 2736 2205 2797 tum

663 2845 921 2923 propter
946 2839 1419 2921 longitudinem
1441 2841 1816 2906 aeternitatis
1835 2841 2210 2906 intermina-

661 2946 808 3012 bilis
841 2969 856 3011 :
904 2945 1068 3012 nihil
1104 2947 1278 3011 enim
1323 2948 1502 3012 obest
1542 2948 1660 3011 sibi
1678 2993 1698 3026 ,
1744 2951 1808 3010 et
1847 2947 1989 3011 ideo
2028 2947 2208 3012 nulla

663 3054 969 3120 violentia
987 3058 1191 3137 potest
1219 3054 1338 3118 sibi
1366 3055 1527 3119 fleri.
1561 3054 1722 3118 Cum
1737 3073 1900 3136 ergo
1924 3073 2207 3137 regnum

667 3163 777 3228 Dei
801 3162 1047 3226 ratione
1085 3160 1455 3226 aeternitatis
1501 3162 1584 3228 sit
1628 3162 1891 3228 omniuo
1932 3163 2208 3229 intrans-

667 3270 996 3349 mutabile,
1026 3272 1091 3333 et
1120 3268 1624 3351 incorruptibile,
1651 3287 1905 3334 necesse
1926 3273 2209 3354 estquod

669 3395 801 3442 non
827 3378 911 3441 sit
937 3377 1009 3440 in
1036 3376 1177 3446 istis
1212 3357 1622 3440 inferioribus
1640 3424 1659 3454 ,
1689 3376 1897 3440 sedin
1923 3378 2213 3462 superio-

674 3485 879 3562 ribus,
909 3484 1260 3548 secundum
1277 3482 1450 3565 quod
1462 3483 1613 3547 dicit
1632 3482 1936 3549 Dominus
1955 3485 1978 3521 ²
2004 3507 2020 3549 ε
2051 3509 2081 3547 ι
2101 3485 2215 3552 Re-

676 3610 885 3674 gnum
910 3608 1129 3654 meum
1151 3585 1288 3655 'uon
1313 3594 1409 3654 est
1434 3589 1512 3654 de
1539 3589 1660 3655 hoc
1686 3590 1964 3673 mund03
1995 3615 2027 3654 ι)
2064 3595 2217 3660 alio-

673 3698 838 3782 quin
864 3700 1028 3762 esset
1053 3697 1436 3764 defectivum
1468 3716 1485 3761 τ
1518 3699 1693 3780 quod
1718 3700 1905 3778 absit,
1936 3720 2013 3766 eo
2039 3704 2213 3785 quod

676 3806 745 3870 in
772 3823 978 3886 regno
1005 3803 1114 3869 Dei
1142 3802 1360 3867 nullus
1389 3810 1484 3868 est
1509 3804 1809 3870 defectus.
1853 3806 2031 3872 Unde
2058 3827 2211 3875 con-

676 3912 954 3978 siderare
993 3910 1245 3992 jugiter
1285 3929 1569 3992 reguum
1613 3911 1759 3991 Dei,
1809 3918 1873 3979 et
1900 3918 2223 3984 &sternite-⁸

675 4025 830 4099 tem,
860 4019 1137 4085 multum
1166 4018 1336 4083 valet
1360 4018 1441 4082 ad
1468 4020 1892 4101 spernendam
1931 4042 2213 4106 praesen-

677 4127 761 4192 tis
785 4126 1087 4191 vanitatis
1114 4125 1555 4190 mobilitatem.

757 4232 994 4312 Tertio,
1022 4234 1094 4296 in
1120 4234 1317 4300 verbo
1355 4234 1679 4317 proposito
1715 4234 1952 4300 stabilit
1975 4237 2217 4304 effecti-

679 4358 832 4407 vam
886 4358 1002 4424 per
1054 4340 1399 4406 efficaciam
1452 4341 1756 4407 virtuosae
1807 4346 2215 4425 operationis,

680 4465 833 4513 cum
861 4447 1171 4512 subinfert
1201 4470 1216 4512 ε
1249 4447 1667 4529 Etjustitiam
1686 4447 1850 4528 ejus.
1883 4448 2027 4514 Tria
2047 4452 2221 4517 enim

683 4559 854 4634 sunt,
883 4572 1031 4637 quae
1061 4554 1299 4618 faciunt
1340 4553 1670 4620 hominem
1714 4555 2053 4623 efficaciter
2078 4577 2222 4641 ope-

682 4663 834 4742 rari,
872 4667 937 4726 et
961 4661 1288 4744 inquirere
1318 4661 1637 4744 justitiam
1673 4663 1864 4744 regui
1895 4662 2004 4728 Dei
2036 4684 2054 4729 ε
2085 4667 2217 4748 pri-

685 4789 868 4835 mum
895 4773 1023 4835 ‘est
1072 4768 1442 4851 simplicitas
1489 4770 1860 4838 intentionis
1905 4772 1978 4837 in
2025 4773 2222 4840 decli-

685 4877 902 4944 nando
916 4876 1160 4942 malum
1177 4899 1194 4955 ;
1225 4878 1582 4946 secundum
1603 4883 1699 4944 est
1716 4880 2059 4947 strenuitas
2077 4900 2226 4966 ope-

2301 919 2478 980 nere,
2511 905 2578 966 et
2602 902 2943 968 destinavit
2966 902 3340 968 illissortem
3363 903 3676 969 veritatis.
3694 903 3846 969 Con·

2304 1012 2553 1074 vertere
2566 1009 2647 1073 ad
2662 1007 3025 1090 Dominum,
3046 1015 3109 1075 et
3122 1009 3411 1093 relinque
3426 1011 3505 1093 (a)
3520 1015 3841 1094 peecata.»

2305 1116 2803 1195 Poenitemimoe,
2833 1117 2946 1200 qui
2972 1116 3345 1200 relinquunt
3376 1122 3637 1200 peccata
3663 1119 3853 1183 eorde

2305 1228 2369 1289 et
2392 1242 2608 1307 opere,
2635 1227 2702 1288 et
2726 1228 3184 1291 convertuntur
3210 1225 3291 1290 ad
3313 1225 3670 1291 Dominum
3705 1244 3853 1291 cum

2305 1333 2581 1416 puritate
2634 1330 3036 1396 eonscientiae
3053 1379 3074 1411 ,
3118 1331 3301 1400 dedit
3341 1334 3520 1399 viam
3557 1332 3853 1416 justitiae

2307 1458 2420 1525 per
2442 1439 2877 1506 remissionem
2907 1440 3114 1523 culpae
3143 1462 3161 1504 ι
3193 1441 3304 1505 sed
3338 1441 3496 1524 quia
3528 1441 3849 1523 poenitens

2305 1547 2385 1612 de
2412 1563 2582 1612 novo
2607 1564 2955 1612 conversus
2978 1546 3049 1612 in
3088 1547 3265 1613 viam
3299 1548 3571 1629 justitiae
3614 1548 3853 1628 deficit,

2305 1655 2361 1720 si
2386 1673 2523 1719 suae
2547 1653 2861 1721 voluntati
2878 1655 3017 1720 sive
3040 1655 3245 1739 culpae
3265 1654 3698 1737 relinquatur,
3717 1656 3857 1722 ideo

2308 1764 2715 1843 confirmavit
2740 1764 3122 1830 documento
3164 1764 3535 1829 divinorum
3562 1764 3856 1848 eloquio-

2308 1888 2481 1947 rum,
2510 1873 2575 1934 et
2599 1870 2892 1952 exemplo
2920 1870 3194 1938 aliorum
3219 1875 3586 1936 sanctorum
3604 1920 3626 1950 ,
3656 1875 3727 1937 et
3760 1878 3858 1935 ta-

2308 1977 2478 2042 libus
2510 1976 2866 2046 destinavit
2906 1983 2970 2043 et
3012 1978 3275 2044 donavit
3313 1983 3541 2048 sortem
3595 1985 3858 2045 aeternae

2309 2087 2628 2165 veritatis,
2659 2087 2722 2149 et
2755 2103 3051 2169 superuae
3078 2085 3493 2150 haereditatis.
3518 2086 3603 2152 Et
3627 2088 3713 2153 de
3741 2088 3861 2153 hoc

2310 2191 2543 2257 dieitur
2582 2192 2956 2256 similiter⁸:
2998 2216 3030 2254 α
3051 2191 3308 2258 Iustitia
3342 2193 3654 2277 simplicis
3698 2196 3856 2260 diri-

2313 2304 2427 2381 get
2451 2300 2625 2366 viam
2652 2302 2813 2382 eJus.
2857 2322 2890 2361 n

2391 2407 2717 2487 Secundo,
2763 2410 3029 2491 quonite
3068 2410 3259 2490 regni
3306 2414 3330 2450 ⁸
3361 2410 3710 2491 justitiam
3748 2429 3860 2494 per

2311 2516 2749 2580 strenuitatem
2774 2517 3160 2599 operationis
3185 2515 3255 2581 in
3275 2515 3556 2582 faciendo
3579 2518 3855 2583 bonum.

2314 2620 2491 2716 Unde
2516 2622 2539 2658 ⁶
2572 2644 2587 2685 z
2630 2645 2661 2683 α
2682 2621 2935 2687 Iustum
2963 2623 3229 2690 deduxit
3249 2622 3556 2689 Dominus
3577 2644 3697 2709 per
3718 2626 3860 2690 vias

2314 2735 2538 2810 rectas»,
2568 2735 2635 2795 et
2663 2730 2933 2796 ostendit
2958 2730 3051 2795 illi
3078 2749 3355 2814 regnum
3382 2731 3532 2811 Dei,
3572 2737 3637 2798 et
3680 2733 3859 2800 dedit

2315 2837 2406 2902 illi
2434 2838 2765 2902 seientiam
2789 2841 3182 2917 sanctorum,
3199 2838 3562 2904 honestavit
3580 2840 3768 2905 illum
3792 2841 3861 2904 in

2313 2945 2662 3026 laboribuS‚
2694 2950 2760 3011 et
2784 2944 3126 3028 complevit
3151 2945 3399 3011 labores
3422 2945 3620 3011 illius.
3650 2970 3682 3008 n
3722 2948 3862 3015 Vioe

2315 3059 2499 3121 τοῦτα»
2522 3059 2674 3119 sunt
2704 3053 2921 3119 divina
2958 3059 3295 3137 praeeepta,
3339 3073 3455 3137 per
3477 3073 3626 3138 quae
3651 3054 3863 3120 Domi-

2317 3178 2443 3225 nus
2473 3161 2754 3226 suaviter
2780 3160 2970 3225 duxit
2984 3164 3238 3243 justum
3259 3162 3623 3227 tendentem
3649 3162 3735 3227 ad
3757 3181 3863 3228 su·

2317 3285 2587 3350 pernam
2626 3267 2935 3350 patriam,
2987 3269 3381 3335 ostendendo
3436 3268 3529 3333 illi
3579 3287 3859 3351 regnum

2318 3376 2453 3456 Dei,
2483 3393 2565 3439 ne
2592 3380 2842 3458 torpore
2867 3374 2951 3457 (b)
2975 3375 3259 3456 ignaviae
3300 3382 3717 3458 gravaretur3
3749 3377 3859 3442 sod

2319 3501 2432 3566 spe
2461 3486 2524 3548 et
2550 3482 2860 3548 desiderio
2888 3482 3301 3565 perveniendi
3339 3483 3419 3549 ad
3445 3484 3635 3562 regui
3662 3485 3862 3548 felici·

2319 3597 2512 3658 tatem
2550 3592 2795 3656 fortiter
2823 3592 2902 3657 de
2930 3591 3169 3656 virtute
3210 3592 3280 3657 in
3330 3593 3639 3657 virtutem
3686 3595 3859 3659 inee-

2322 3700 2454 3778 dat,
2483 3709 2548 3764 et
2574 3699 2789 3764 veniat
2809 3700 2878 3763 in
2905 3699 3083 3765 viam
3110 3700 3588 3788 mandatorum,
3608 3683 3691 3765 ne
3719 3707 3866 3767 ruat

2322 3804 2674 3889 praecipitio
2738 3805 3067 3872 vitiorum.
3118 3804 3309 3874 Dedit
3361 3806 3466 3875 illi
3525 3813 3864 3877 scientim

2321 3917 2710 3991 sanctorum,
2740 3914 2925 3994 cujus
2950 3915 3045 3976 est
3066 3911 3311 3993 eligere
3336 3913 3578 3979 bonum
3595 3964 3613 3995 ,
3648 3920 3714 3981 et
3754 3916 3864 3981 de·-

2323 4020 2560 4086 clinare
2587 4020 2854 4085 malum.
2896 4021 3273 4086 Honestavit
3309 4019 3601 4087 illumin
3637 4021 3869 4089 laboris

2326 4127 2441 4194 bus
2465 4130 2628 4208 suis,
2656 4133 2718 4196 et
2743 4126 3076 4209 complevit
3110 4125 3349 4194 labores
3376 4126 3595 4209 illius,
3626 4148 3749 4213 pro
3774 4130 3862 4195 eis

2324 4238 2499 4320 piam
2531 4236 2889 4301 mercedem
2914 4234 3255 4300 reddendo.

2407 4344 2643 4423 Tertio,
2668 4346 2936 4426 quoerite
2962 4343 3154 4424 regni
3179 4343 3203 4379 ⁸
3221 4341 3559 4423 justitiam
3584 4361 3701 4427 per
3724 4349 3863 4408 stu-

2329 4453 2684 4519 diositatem
2725 4449 3165 4516 sollicitudinis
3189 4449 3257 4513 in
3283 4450 3666 4531 corrigendo
3692 4469 3866 4517 erra-

2329 4567 2493 4626 tum.
2526 4559 2707 4626 Unde
2736 4565 2804 4621 ⁷:
2849 4580 2880 4620 e
2906 4557 3213 4622 Avertere
3256 4555 3338 4619 ab
3379 4556 3693 4639 injustitia
3733 4562 3859 4640 tm,

2330 4673 2394 4734 et
2417 4668 2610 4732 nimis
2633 4667 2807 4732 odito
2821 4663 3307 4746 execrationem,
3327 4668 3392 4728 et
3405 4683 3721 4746 cognosce
3729 4671 3863 4751 jus—

2331 4772 2502 4836 titias
2528 4774 2594 4835 et
2606 4768 2851 4852 judicia
2878 4767 2989 4834 Dei
3019 4789 3036 4832 ι
3068 4771 3166 4831 sta
3190 4767 3259 4830 in
3292 4771 3461 4832 sorte
3496 4770 3867 4851 propositio-

2333 4879 2437 4944 nis
2465 4882 2531 4943 et
2555 4876 2862 4942 orationis
2887 4874 3173 4940 altissimi
3200 4873 3332 4938 Dei.
3353 4874 3652 4942 Avertere
3672 4876 3755 4942 ab
3772 4880 3866 4944 οῖσι-

684 4984 947 5051 rationis
977 4985 1046 5048 in
1071 4984 1359 5049 faciendo
1387 4985 1665 5065 bouum;
1697 4988 1957 5052 tertium
1972 4994 2070 5055 est
2092 4996 2228 5056 stu·
2322 4986 2595 5068 ,iustitia
2626 4992 2767 5063 tua,
2797 4980 3180 5063 corrigendo
3219 4980 3545 5064 proprium
3587 4989 3867 5050 erratum

686 5092 946 5158 diositas
995 5090 1436 5158 sollicitudinis
1492 5093 1560 5158 in
1612 5094 1993 5177 corrigendo
2048 5116 2222 5164 erra-

686 5205 849 5264 tum.

772 5305 1010 5387 Primo,
1028 5308 1293 5391 quoerite
1307 5307 1642 5389 justitiam
1662 5313 1851 5393 regni
1868 5312 1912 5391 ⁸,
1946 5331 2062 5395 per
2079 5314 2229 5378 sim-

758 5435 769 5465 ¹
818 5432 955 5490 Psal.
1003 5446 1194 5501 exuv,
1245 5436 1403 5496 11-1130
1451 5460 1514 5476 --
1564 5436 1582 5466 ²
1629 5437 1793 5502 Joan„
1839 5448 2002 5504 xviii,
2049 5441 2127 5490 36.
2166 5464 2227 5478 --

2332 5097 2399 5159 et
2422 5094 2760 5171 defectum,
2792 5095 2857 5155 et
2880 5089 2935 5154 si
2960 5088 3308 5168 incumbat,
3329 5088 3615 5155 alienum
3637 5113 3654 5171 ;
3686 5100 3748 5159 et
3769 5093 3866 5158 ni-

2332 5267 2351 5297 ³
2380 5263 2557 5329 suppl.
2589 5262 2703 5313 Dei.
2730 5288 2787 5300 --
2826 5261 2843 5292 ⁴
2871 5260 3052 5323 Eccli„
3086 5273 3224 5325 xvn,
3264 5265 3427 5313 20-21.
3460 5289 3515 5299 -
3550 5264 3573 5302 ⁸
3598 5266 3764 5330 Ρπου..
3789 5275 3864 5329 11,

2336 5341 2381 5388 5.
2413 5363 2474 5372 —
2502 5336 2524 5370 ⁸
2548 5334 2691 5400 Sap„
2720 5345 2773 5397 x,
2806 5336 2880 5385 10.
2914 5360 2972 5372 --
2996 5334 3020 5370 ‘¹
3049 5331 3228 5397 Καλὴ,
3256 5344 3389 5398 xvn,
3421 5337 3581 5388 23-24.

2393 5435 2462 5504 (a)
2493 5435 2615 5486 coet.
2642 5434 2765 5486 edit.
2792 5432 3096 5500 relinquere.
3124 5459 3187 5471 —
3220 5431 3289 5498 (ὁ)
3317 5447 3551 5502 corpore.
