4059 6317
1167 505 1270 571 DE
1309 502 1376 568 ΒΖ
1428 495 1824 565 GREGomo
1867 494 2127 587 PAPA.
2150 492 2414 562 SERMO
2457 493 2508 560 Ι.

227 658 379 715 Deus
405 650 584 725 elegit
611 661 905 724 pauperes
935 644 1001 704 in
1031 644 1149 703 hoc
1175 639 1439 711 mundo,
1466 636 1676 694 divites
1702 635 1766 693 in

222 749 369 816 fide,
407 750 465 805 et
498 742 763 803 haeredes
802 738 1002 813 regui,
1037 735 1205 813 quod
1246 730 1582 808 repromisit
1617 732 1766 787 Deus

226 839 612 915 diligentibus
657 837 803 894 sei»
838 833 953 893 Sed
999 846 1184 907 quare
1228 828 1385 885 hoc?
1425 828 1525 897 Ne,
1565 824 1615 881 si
1656 839 1766 897 per

223 936 436 996 divites
463 932 755 993 mundum
777 927 1028 998 vicisset,
1062 924 1307 983 victoria
1341 937 1464 979 non
1492 923 1631 988 Dee,
1658 916 1766 974 sed

222 1028 447 1088 divitiis
477 1026 754 1086 attributa
789 1022 1010 1080 fuisset.
1040 1023 1186 1077 Nam
1212 1020 1269 1075 et
1290 1012 1544 1074 Romani
1573 1009 1768 1068 homi-

219 1140 328 1183 nes
365 1125 613 1180 rusticos
655 1119 733 1176 ab
780 1120 973 1175 aratro
1020 1110 1463 1178 subtrahebant,
1493 1120 1645 1180 quos
1686 1104 1766 1162 ad

215 1219 541 1295 imperium
574 1212 1030 1290 promovebant,
1061 1212 1118 1266 et
1143 1223 1258 1283 per
1278 1221 1381 1263 eos
1420 1201 1535 1260 sibi
1565 1202 1765 1274 gentes

215 1318 531 1372 extraneas
557 1308 977 1383 subjugabant.
998 1306 1146 1362 Nota
1165 1315 1307 1374 ergo
1327 1299 1495 1371 iuxta
1519 1296 1764 1353 beatum

216 1405 608 1480 Augustinum
627 1407 671 1476 ¹,
697 1400 865 1476 quod
880 1400 996 1457 hoc
1022 1396 1132 1454 fuit
1154 1393 1485 1452 maximum
1508 1388 1764 1447 miracu-

214 1500 418 1559 lorum
444 1497 733 1557 omnium.
763 1498 911 1554 Nam
939 1508 1073 1550 cum
1102 1486 1357 1564 apostoli
1386 1483 1628 1542 fuissent
1653 1496 1764 1538 nu-

213 1610 388 1653 mero
440 1592 618 1651 valde
662 1589 861 1665 pauci,
912 1586 1157 1644 fuissent
1204 1578 1470 1656 potentia
1519 1574 1762 1646 infirmi,

213 1688 464 1746 fuissent
488 1685 654 1744 omni
690 1680 932 1741 scientia
960 1677 1250 1748 destituti,
1276 1674 1519 1734 fuissent
1546 1668 1764 1729 divitiis

213 1782 390 1854 nulli,
420 1785 572 1839 Deus
594 1794 705 1854 per
728 1792 937 1836 eorum
963 1772 1319 1850 paucitatem
1347 1783 1585 1828 omnem
1614 1762 1766 1822 mul·

211 1875 532 1934 titudinem
569 1870 781 1931 mundi
820 1866 1182 1942 subiugavit,
1222 1880 1330 1939 per
1365 1875 1573 1920 eorum
1600 1858 1764 1916 infir-

212 1970 484 2028 mitatem
511 1981 754 2026 omnem
779 1961 1105 2039 potentiam
1139 1955 1351 2017 mundi
1393 1953 1627 2024 devicit,
1654 1966 1764 2026 per

214 2079 429 2122 eorum
455 2060 890 2136 simplicitatem
915 2071 1154 2116 omnem
1182 2049 1531 2127 sapientiam
1555 2044 1764 2104 mundi

213 2156 509 2226 convicit,
561 2158 620 2213 et
669 2170 781 2229 per
832 2167 1042 2211 eorum
1094 2147 1502 2224 paupertatem
1556 2155 1763 2200 omnes

211 2250 431 2310 mundi
460 2248 695 2307 divitias
723 2250 779 2304 et
821 2243 1019 2302 saeculi
1057 2241 1309 2315 gloriam
1349 2234 1647 2297 contemni
1671 2232 1760 2290 fe·

211 2347 312 2405 cit.
351 2346 531 2418 Erg0,
564 2340 793 2411 fratrea,
829 2338 1172 2397 laboremus
1199 2348 1326 2392 esse
1361 2330 1609 2399 debiles,
1638 2342 1761 2385 non

146 2426 154 2433 ’
210 2441 486 2514 potentes
501 2455 519 2510 3
558 2434 876 2510 simplices,
920 2447 1046 2490 non
1081 2427 1408 2503 sapientes3
1449 2436 1763 2499 pauperae,

212 2549 340 2592 non
369 2531 602 2603 divites,
635 2530 766 2604 ipso
794 2528 1076 2595 donante,
1104 2527 1214 2583 etc.

409 2728 531 2803 DE
600 2726 671 2803 B.
748 2720 1236 2799 GREGORIO
1306 2716 1583 2793 PAPA.

661 2879 917 2943 SERMO
965 2876 1253 2939 PRiMUS
1277 2874 1323 2936 ¹.

285 3000 462 3073 Audi,
490 3002 579 3073 nli
616 3002 719 3070 mi,
749 3004 802 3057 et
842 3003 953 3056 estc
990 2997 1210 3069 sapiens
1242 3011 1257 3050 z
1286 2995 1339 3049 et
1364 2989 1545 3059 div-iae
1567 2990 1629 3043 in
1666 2986 1764 3042 via

209 3100 462 3155 mimum
504 3099 656 3151 tuum
676 3094 722 3150 ³.
767 3094 947 3149 Docet
990 3088 1287 3163 Scriptura
1331 3097 1500 3143 sacra
1513 3123 1533 3154 ,
1588 3078 1766 3137 docet

211 3189 416 3250 omnis
457 3185 859 3263 philosophia,
902 3184 1077 3242 docet
1114 3185 1170 3240 et
1211 3179 1341 3255 ipsa
1383 3171 1761 3250 experientia,

208 3285 385 3360 prius
415 3298 542 3341 esse
578 3279 980 3349 audiendum,
1007 3292 1189 3351 quam
1228 3270 1590 3340 docendum,
1622 3266 1765 3341 quia

207 3392 530 3453 nunquam
549 3374 747 3433 bonus
774 3370 1051 3444 magister
1078 3367 1205 3439 erit,
1227 3366 1330 3442 qui
1355 3380 1480 3424 esse
1509 3361 1765 3436 discipu-

208 3472 312 3531 lus
365 3468 578 3529 renuit.
616 3466 784 3526 Unde
833 3467 1032 3523 narrat
1081 3459 1347 3520 Valerius
1405 3456 1692 3516 Maximus
1717 3454 1761 3525 ⁸,

212 3564 390 3642 qnod
460 3564 820 3638 Pythagoras
836 3603 856 3632 ,
913 3554 1371 3634 perfectissimus
1439 3549 1602 3609 omni
1669 3563 1762 3607 sa-

209 3659 464 3737 pientia,
513 3672 652 3714 cum
693 3656 818 3728 jam
864 3652 1215 3710 credebatur
1259 3645 1530 3707 omnium
1578 3642 1764 3702 seien-

207 3757 436 3815 tiarum
503 3751 765 3810 culmina
823 3748 1077 3822 attigisse
1091 3786 1111 3816 ,
1156 3749 1295 3803 tunc
1369 3738 1610 3813 incoepit
1659 3754 1764 3796 au-

208 3850 368 3908 dire.
414 3849 562 3905 Nam
601 3850 658 3904 et
694 3845 1011 3918 AEgyptum
1054 3838 1220 3908 adiit,
1257 3838 1317 3894 et
1350 3831 1647 3910 quidquid
1685 3830 1761 3889 de

205 3941 473 4001 scientiis
510 3939 755 4011 invenit,
792 3942 983 3996 totum
1028 3932 1254 4008 accepit
1266 3952 1284 4005 ;
1325 3928 1583 4002 indeque
1619 3941 1762 4000 pro-

207 4036 404 4096 fectus
442 4033 522 4093 ad
565 4036 792 4105 PersaS,
817 4031 1060 4090 illorum
1105 4024 1477 4103 philosophis
1517 4038 1580 4080 se
1626 4036 1761 4079 eru·

205 4130 508 4191 diendum
539 4128 724 4200 dedit,
753 4143 791 4185 a
823 4126 1045 4202 quibus
1083 4122 1348 4181 siderum
1381 4108 1600 4188 motus,
1628 4130 1762 4173 cur-

205 4242 316 4285 sus
353 4224 677 4295 stellarum,
720 4224 779 4279 et
813 4235 1015 4279 rerum
1063 4215 1333 4276 omnium
1374 4210 1762 4287 proprietates

207 4319 398 4380 docili
428 4317 630 4376 animo
653 4315 878 4374 didicit.
922 4311 1141 4371 Deinde
1175 4311 1405 4367 Cretam
1439 4302 1760 4377 navigavit,

205 4418 269 4473 et
327 4427 537 4472 eorum
585 4409 853 4469 moribus
903 4406 1258 4480 legibusque
1312 4399 1619 4475 inspectis,
1683 4395 1763 4455 ad

203 4506 593 4581 Olympicum
638 4507 932 4562 certamen
971 4496 1294 4558 descendit.
1343 4497 1429 4567 Et,
1465 4508 1603 4551 cum
1634 4490 1762 4563 jam

205 4598 499 4660 omnibus
524 4596 869 4656 hominibus
894 4596 1043 4652 esset
1066 4594 1311 4667 propter
1341 4600 1638 4646 summam
1665 4598 1761 4640 sa-

204 4692 502 4770 pientiam
541 4689 949 4761 admirandu8‚
977 4673 1388 4756 interrogams'
1396 4678 1542 4755 quid
1576 4675 1763 4753 proti-

205 4790 457 4855 teretur,
483 4801 609 4844 non
636 4800 700 4843 se
726 4781 1073 4857 sapientem,
1093 4777 1198 4837 sed
1219 4772 1667 4852 philosophum,
1691 4768 1759 4828 id

207 4884 324 4953 est,
353 4884 681 4939 amatorem
709 4877 1008 4953 sapientise
1025 4890 1150 4932 esse
1174 4866 1500 4943 respondit.
1525 4864 1764 4923 Dicebat

205 4976 403 5048 enim,
429 4973 921 5050 superbissimum
957 4984 1083 5028 esse
1096 5008 1119 5040 ,
1143 4964 1470 5040 sapientem
1497 4959 1761 5034 aliquem

272 5101 294 5135 ¹
339 5099 578 5162 August„
624 5094 683 5144 de
725 5094 879 5145 civil.
921 5091 1048 5154 Dei,
1083 5088 1173 5138 lib.
1210 5085 1401 5149 xvm,
1436 5097 1481 5134 c.
1520 5091 1664 5132 xmx.
1700 5106 1763 5117 —

255 5173 442 5235 Neque
490 5168 659 5231 hunc,
701 5178 867 5231 neque
907 5165 1208 5227 sequentem
1247 5157 1405 5207 habet
1431 5153 1553 5205 eod.
1604 5151 1760 5202 Assia.

206 5256 336 5295 saee.
387 5252 500 5290 1¹11.
543 5265 604 5276 —
647 5239 668 5270 ⁹
715 5239 882 5298 Prov„
939 5245 1103 5295 xxm,
1148 5234 1223 5282 19.
1277 5256 1332 5266 -
1377 5228 1399 5264 δ
1440 5225 1553 5277 Val.
1601 5225 1762 5284 Max..

205 5315 303 5367 lib.
340 5313 453 5363 vm
471 5347 489 5376 ,
522 5324 570 5361 c.
617 5321 721 5372 vu,
753 5322 808 5359 n.
846 5311 908 5370 2;
951 5306 1076 5355 item
1108 5303 1339 5356 Hieron..
1367 5298 1423 5349 in
1450 5296 1663 5361 epistola
1696 5293 1766 5343 ad

209 5383 497 5438 Paulinum
552 5381 909 5446 presbyterum
936 5414 951 5439 ‚
1009 5376 1073 5427 de
1121 5373 1266 5425 libris
1317 5370 1507 5422 divinae
1559 5367 1763 5429 histor„

207 5459 315 5527 Ep.
348 5458 457 5520 1⁰3,
488 5459 615 5506 tom.
642 5454 730 5518 lu,
753 5449 850 5503 col.
879 5464 952 5501 m.
981 5453 1043 5507 ὃς
1076 5447 1200 5498 item
1225 5444 1514 5508 chrysost„
1536 5442 1689 5493 Hom.
1721 5449 1761 5502 ι,

3280 502 3415 564 ’841

1880 633 2206 709 appellare,
2233 648 2373 691 cum
2390 631 2597 691 nullus
2622 629 2761 690 finis
2784 629 3129 691 inveniatur
3163 646 3292 693 esse
3321 649 3418 693 sa-

1876 727 2132 802 pientiae,
2163 727 2269 786 sed
2315 741 2548 800 semper
2584 728 2785 801 posset
2819 724 3005 785 homo
3044 724 3109 783 in
3143 741 3212 784 ea
3237 726 3423 800 profi-

1877 837 2029 879 cere.
2061 825 2211 895 Ergo
2238 836 2365 879 non
2400 824 2487 878 est
2522 819 2696 879 facile
2725 819 3095 891 docendum,
3122 819 3230 878 sed
3254 820 3421 894 prius

1878 919 1965 972 est
2007 913 2397 973 audiendum.
2445 915 2598 972 Fons
2645 913 2805 971 enim
2854 913 3050 989 primo
3108 928 3331 988 aquam
3383 931 3420 973 a

1876 1008 2028 1066 mari
2057 1008 2284 1083 accipit,
2316 1012 2373 1067 et
2396 1012 2602 1083 postea
2629 1024 2762 1067 eam
2786 1006 2933 1066 locis
2951 1007 3065 1066 sibi
3090 1006 3301 1065 vicinis
3322 1008 3420 1067 in-

1874 1099 2090 1160 fundit.
2121 1105 2431 1176 Nunquam
2465 1100 2610 1160 luna
2650 1101 2946 1160 illuminat
2973 1104 3212 1174 terram,
3242 1101 3357 1160 nisi
3382 1119 3421 1162 a

1875 1194 2000 1254 sole
2043 1196 2175 1269 ipsa
2219 1195 2395 1253 fuerit
2435 1195 2601 1269 prius
2643 1194 2978 1255 illustrata:
3008 1211 3151 1269 ergo
3197 1195 3418 1270 optime

1872 1288 2096 1347 dictum
2124 1293 2209 1348 est
2233 1289 2411 1347 beato
2438 1289 2718 1363 Gregorio
2745 1307 2761 1345 ε
2802 1290 2977 1359 Audi,
2986 1291 3078 1362 fili
3104 1293 3204 1361 mi,
3223 1296 3275 1347 et
3304 1296 3415 1348 esto

1871 1387 2088 1456 sapiens
2115 1400 2137 1441 .·
2164 1382 2327 1458 quia,
2360 1382 2465 1440 diu
2504 1381 2828 1454 audiendo,
2859 1382 3157 1457 sapientias
3193 1383 3420 1442 studio-

1872 1492 1996 1549 suS,
2039 1476 2275 1535 culmen
2320 1476 2595 1536 omnium
2632 1475 3008 1535 scientiarum
3046 1475 3331 1549 obtinuit,
3363 1482 3422 1536 et

1873 1571 1959 1629 sic
1983 1569 2220 1645 sapiens
2244 1570 2453 1643 factus,
2483 1574 2541 1628 et
2577 1569 2762 1629 verbo
2800 1570 3002 1630 docuit
3036 1572 3095 1627 et
3120 1570 3417 1645 exemplo.

1871 1664 1938 1720 ln
1964 1664 2152 1723 verbo
2177 1664 2356 1737 igitur
2391 1664 2693 1738 proemisso
2726 1662 2970 1738 Sapiens
3010 1663 3121 1723 tria
3146 1663 3417 1723 conside-

1870 1773 2004 1816 rare
2020 1758 2195 1818 docet
2216 1777 2230 1814 :
2253 1758 2469 1833 prime,
2487 1757 2788 1832 sapientiae
2804 1758 3106 1831 auditum;
3129 1758 3417 1832 secund0,

1873 1852 2175 1926 sapientiae
2239 1852 2509 1910 habitum
2522 1871 2541 1925 ς
2598 1852 2798 1925 tertio,
2860 1851 3160 1926 sapientias
3217 1868 3413 1910 usum.

1871 1947 2018 2003 Nam
2047 1945 2335 2019 sapientia
2368 1961 2477 2019 per
2512 1944 2782 2003 auditum
2809 1944 3155 2018 acquiritur,
3177 1960 3286 2019 per
3313 1943 3417 2003 ha-

1870 2040 2066 2099 bitum
2122 2040 2490 2116 possidetur,
2543 2057 2651 2115 per
2692 2055 2868 2098 usum
2921 2037 3155 2097 effectui
3196 2038 3419 2097 manci-

1869 2138 2066 2210 patur.
2095 2138 2340 2193 Notatur
2383 2149 2525 2207 ergo
2570 2134 2767 2208 primo
2805 2132 3064 2202 auditus„
3097 2148 3235 2190 cum
3272 2132 3416 2190 dici-

1869 2233 2003 2288 tur:
2036 2230 2214 2301 Audi,
2231 2231 2317 2300 nli
2338 2232 2436 2287 mi.
2467 2231 2710 2286 Notatur
2725 2227 2979 2285 scientiae
3002 2226 3259 2297 habitus,
3280 2242 3419 2283 cum

1873 2321 2160 2381 additur:
2202 2325 2275 2379 Et
2325 2326 2431 2379 estc
2479 2323 2715 2394 sapiens.
2773 2323 3014 2378 Notatur
3066 2322 3125 2378 et
3165 2319 3420 2377 scientim

1871 2432 2035 2487 usna,
2067 2431 2205 2473 cum
2246 2413 2344 2487 adj
2355 2414 2591 2487 ungitur
2621 2432 2636 2471 ε
2666 2417 2740 2472 Et
2765 2414 2948 2486 diriqe
2970 2417 3033 2471 in
3055 2418 3152 2471 via
3177 2416 3419 2471 animum

1872 2516 2045 2568 tuum.
2076 2509 2165 2568 Ad
2192 2508 2308 2568 hoc
2336 2510 2495 2567 enim
2523 2508 2823 2584 sapientise
2849 2507 3085 2567 studere
3105 2507 3413 2580 debemus,

1872 2607 1939 2662 ut
1962 2620 2073 2679 per
2111 2620 2247 2662 eam
2287 2603 2353 2662 in
2392 2603 2639 2677 agendis
2673 2602 2956 2661 omnibus
2992 2605 3148 2661 recte
3189 2601 3413 2676 diriga-

1873 2713 2029 2756 mur.
2058 2697 2405 2773 Supradicta
2447 2695 2607 2756 enim
2647 2697 2759 2755 tria
2801 2696 3054 2771 perfecte
3090 2694 3332 2754 fuerunt
3354 2695 3419 2753 in

1874 2794 1991 2852 hoc
2019 2794 2261 2855 doctore
2289 2793 2635 2852 clarissim0.
2657 2796 2827 2865 Nam,
2845 2808 2984 2851 cum
3001 2795 3150 2850 esset
3165 2790 3230 2849 in
3252 2792 3419 2850 omni

1872 2887 2256 2963 philosophia
2300 2902 2588 2960 summuS,
2634 2886 2718 2945 ita
2762 2885 2930 2960 quod
2982 2900 3106 2944 non
3160 2888 3310 2943 esset
3363 2884 3420 2942 ei

1873 2982 2194 3057 quisquam
2220 2980 2537 3053 secundus,
2576 2979 2726 3037 sicut
2765 2979 2842 3037 de
2890 2994 2963 3037 eo
2991 2978 3205 3052 legitur
3222 2980 3265 3049 ⁸,
3293 2993 3418 3036 non

1870 3074 1981 3135 fuit
2006 3075 2306 3149 sapientias
2331 3073 2626 3132 saecularis
2650 3078 2829 3132 vento
2872 3071 3131 3143 inflatuS,
3160 3070 3266 3130 sed
3291 3071 3415 3130 fac-

1869 3172 1963 3227 tus
2005 3172 2095 3227 est
2129 3167 2291 3227 velut
2332 3167 2540 3227 Christi
2576 3166 2920 3241 discipulus,
2953 3169 3012 3224 et
3050 3164 3293 3224 tandem
3320 3168 3419 3223 Ec-

1870 3262 2063 3322 clesiae
2111 3263 2322 3321 doctor
2357 3260 2736 3321 clarissimus.
2789 3260 2938 3329 Quia
2977 3260 3050 3334 (a)
3107 3257 3319 3317 dicitur
3349 3259 3412 3317 ⁸:

1876 3376 1906 3412 α
1934 3359 2015 3414 Da
2042 3356 2292 3431 sapienti
2321 3354 2715 3425 occasionem,
2745 3359 2804 3412 et
2828 3352 3081 3412 addetur
3107 3353 3162 3410 ei
3187 3352 3418 3427 sapien·

1868 3449 1967 3507 tia.
1998 3470 2026 3505 »
2073 3450 2238 3509 Unde
2279 3450 2353 3508 de
2405 3450 2581 3508 beato
2621 3447 2902 3521 Gregorio
2956 3450 3149 3522 potest
3199 3447 3418 3522 exponi

1868 3542 2056 3601 illud⁷
2081 3562 2096 3600 ε
2126 3563 2156 3597 ιι
2175 3543 2343 3603 Dedit
2363 3543 2641 3601 Dominus
2658 3541 2959 3600 Salomoni
2986 3540 3336 3615 sapientiam
3361 3544 3420 3599 et

1868 3636 2248 3711 prudentiam
2292 3636 2544 3695 multam
2588 3636 2788 3708 nimia,
2834 3635 2915 3694 ita
2957 3638 3022 3691 ut
3063 3635 3420 3709 proeeederet

1868 3730 2159 3804 sapientia
2184 3729 2515 3788 Salomonis
2535 3728 2883 3804 sapientiam
2913 3727 3181 3786 omnium
3215 3727 3418 3786 Orien-

1869 3825 2081 3882 talium
2105 3827 2163 3883 et
2185 3825 2616 3899 AEgyptiorum.
2637 3844 2667 3880 ι»
2699 3823 2787 3883 Ad
2826 3822 3101 3893 litteram,
3130 3821 3419 3896 sapientia

1869 3919 2029 3978 beati
2057 3919 2319 3991 Gregorii
2348 3918 2616 3977 omnium
2644 3917 2992 3992 sapientiam
3018 3914 3413 3990 praecedebat,

1870 4014 1973 4089 qui
2021 4011 2390 4087 temporibus
2434 4013 2556 4070 suis
2594 4013 2778 4070 erant.
2826 4010 2915 4070 Ob
2960 4024 3143 4084 quam
3176 4024 3416 4067 causam

1865 4107 2034 4182 prius
2068 4105 2396 4164 monachus
2448 4103 2666 4177 faetus,
2704 4103 2921 4163 deinde
2957 4101 3221 4177 pontifex
3254 4117 3415 4160 sum·

1868 4217 2025 4272 muS,
2038 4202 2226 4259 totam
2242 4198 2669 4274 sapientissime
2691 4196 3047 4272 gubernavit
3069 4195 3409 4267 Ecclesiam,

1866 4300 1925 4354 et
1959 4294 2022 4352 in
2067 4293 2284 4353 divinis
2310 4291 2520 4350 officiis
2549 4290 2865 4349 ordinavit.
2894 4292 3047 4363 Lege
3082 4289 3409 4362 historiam,

1869 4392 1929 4447 et
1967 4403 2103 4446 eam
2146 4402 2323 4446 narra
2333 4387 2375 4443 ⁸.
2421 4389 2584 4444 Nunc
2627 4384 2804 4458 igitur
2844 4383 2925 4441 ad
2963 4381 3413 4441 instructionem

1867 4485 2134 4540 nostram
2159 4484 2416 4556 quatuor
2442 4482 2578 4537 sunt
2602 4478 2778 4537 nobis
2812 4476 3169 4549 necessaria,
3197 4479 3264 4534 ut
3286 4492 3411 4535 esse

1867 4576 2165 4651 possimus
2207 4589 2347 4633 vere
2384 4572 2697 4647 sapientes.
2734 4576 2881 4632 Nam
2923 4585 3160 4631 necesse
3201 4574 3310 4639 est,
3351 4574 3416 4630 ut

1869 4671 2123 4746 quisqm
2158 4668 2355 4744 primo
2394 4667 2629 4742 sapiens
2655 4668 2937 4742 appareat
2964 4665 3026 4722 in
3053 4662 3294 4734 auditu;
3324 4678 3413 4719 se-

1870 4765 2092 4837 cundo,
2115 4763 2179 4821 in
2197 4765 2438 4837 aspectu
2455 4781 2474 4834 3
2503 4761 2686 4831 tertio,
2714 4761 2777 4818 in
2796 4775 2977 4835 opere
2996 4762 3053 4817 et
3078 4759 3144 4816 in
3163 4756 3375 4815 effectu
3392 4774 3409 4826 ;

1869 4863 2105 4934 quart0,
2130 4857 2195 4915 in
2235 4856 2436 4915 affatu.
2483 4855 2585 4913 Hic
2632 4856 2719 4912 est
2766 4853 2925 4912 enim
2967 4852 3120 4911 ordo
3152 4850 3414 4910 hominis

1868 4952 2171 5027 sapientis,
2198 4954 2265 5007 ut
2290 4950 2486 5025 primo
2519 4948 2746 5020 audiat,
2773 4946 2898 5007 sive
2925 4946 3177 5017 studeat,
3209 4947 3269 5004 et
3292 4945 3413 5003 dis-

1870 5129 1921 5180 in
1950 5129 2101 5180 Joan.
2135 5150 2193 5165 --
2222 5126 2244 5163 ⁸
2275 5123 2416 5176 Paul.
2445 5122 2606 5186 Diae,
2638 5122 2787 5185 (ὅπερ.
2816 5121 2955 5184 Moy.
2995 5120 3148 5183 Vita„
3179 5132 3236 5171 n.
3272 5123 3318 5171 2.
3350 5145 3409 5158 —

1872 5202 1892 5232 ⁰
1911 5203 2074 5264 Prov„
2106 5209 2180 5261 tx,
2207 5199 2253 5248 9.
2283 5223 2345 5234 —
2383 5196 2397 5229 7
2432 5197 2497 5245 ΙΙΙ
2532 5196 2666 5259 Req„
2691 5205 2763 5256 ιν,
2790 5195 2959 5241 29·3ο.
2979 5218 3038 5228 —-
3066 5194 3084 5224 ⁸
3112 5191 3228 5242 vid.
3255 5192 3404 5242 Joau.

1873 5273 2013 5324 Diae.
2057 5270 2194 5334 apud
2240 5268 2466 5333 Lipom.‚
2504 5265 2567 5316 de
2610 5267 2730 5315 υἰιίε
2776 5264 2965 5325 8αηε1.,
3010 5263 3115 5313 imo
3161 5263 3409 5327 triplicem

1870 5347 2027 5395 vitam
2056 5343 2231 5407 Greq„
2259 5339 2394 5405 apud
2426 5338 2623 5402 Migne,
2662 5335 2850 5386 Patr-ot.
2887 5332 3006 5398 lat„
3043 5337 3167 5385 tom.
3209 5334 3403 5385 Lxxv.

1937 5432 2001 5496 (a)
2038 5430 2186 5481 Forte
2214 5429 2312 5494 leq.
2341 5429 2528 5488 Quare.

3252 5480 3271 5488 -
3327 5474 3407 5491 „4
