4059 6317
91 1164 259 1207 Exem-

1013 555 1116 621 ΒΕ
1158 554 1645 624 INVENTIONE
1685 550 2008 622 SANCTAE
2049 552 2343 622 caucis.
2389 552 2653 625 SERMO
2697 557 2743 621 Ι.

282 686 536 747 modum
561 689 805 747 marinae
836 705 1085 766 spumoe,
1115 709 1248 769 quae
1285 708 1442 752 nunc
1482 691 1678 752 subito
1721 707 1826 767 ge-

281 784 546 854 neratur,
567 798 727 841 nunc
746 784 943 844 subito
972 787 1387 862 corrumpitur.

353 877 596 949 Quarto,
621 879 825 937 venire
853 878 1142 940 debemus
1168 881 1246 939 ad
1273 881 1635 956 paupertatis
1675 880 1830 940 emi-

281 968 567 1042 nentiam,
596 975 839 1046 propter
863 974 1155 1033 Christum
1182 976 1385 1034 omnia
1408 975 1824 1051 relinquendo.

283 1063 407 1120 Hoc
447 1064 607 1122 enim
654 1064 747 1123 isti
791 1068 976 1126 sancti
1018 1066 1280 1127 fecerunt
1306 1068 1603 1143 Apostoli,
1645 1068 1752 1143 qui
1793 1084 1830 1126 a

284 1159 513 1218 Christo
536 1163 728 1220 vocati
765 1163 968 1223 omnia
1002 1164 1387 1239 reliquerunt.
1417 1168 1607 1240 'Iurpe
1635 1169 1742 1236 est,
1773 1167 1831 1222 et

282 1258 489 1313 contra
515 1256 828 1328 rationem,
854 1262 921 1316 ut
942 1257 1108 1318 dives
1130 1258 1299 1316 miles
1325 1258 1410 1317 ibi
1431 1259 1504 1316 sit
1524 1274 1749 1330 servus,
1772 1263 1829 1317 et

280 1362 384 1405 rex
410 1347 497 1407 ibi
522 1348 595 1407 sit
625 1365 874 1425 pauper.
911 1352 1077 1410 Unde
1119 1351 1345 1410 dietum
1380 1355 1467 1410 est
1492 1351 1699 1424 juveni
1741 1350 1830 1410 illi

281 1440 452 1499 diviti
471 1443 489 1477 ¹
516 1461 531 1501 ε
571 1463 599 1496 α
617 1442 797 1510 Vade,
829 1448 886 1503 et
911 1446 1104 1504 vende
1131 1445 1355 1517 omnia,
1381 1462 1514 1521 quae
1539 1445 1747 1518 habes,
1773 1450 1832 1504 et

280 1533 363 1591 da
390 1537 779 1611 pauperibuS,
810 1541 868 1596 et
892 1538 1146 1597 habebis
1163 1539 1503 1598 thesaurum
1527 1541 1590 1598 in
1618 1540 1784 1598 coelis
1811 1559 1826 1599 :

281 1632 339 1687 et
364 1629 522 1696 veni,
555 1634 612 1687 et
644 1647 891 1706 sequere
918 1649 1035 1690 me.
1056 1653 1085 1687 ι
1126 1636 1254 1692 Non
1293 1650 1610 1707 possumus
1651 1634 1831 1692 simul

280 1738 408 1781 esse
431 1722 643 1783 divites
668 1726 731 1783 in
758 1726 932 1797 eoelo,
954 1731 1011 1785 et
1038 1726 1100 1785 in
1127 1730 1312 1801 terra;
1344 1729 1452 1787 sed
1476 1744 1712 1786 neeesse
1744 1732 1832 1786 est

280 1817 550 1890 omuino,
583 1819 750 1894 quod
776 1820 880 1895 qui
905 1821 1002 1878 hic
1030 1821 1195 1879 dives
1220 1826 1325 1892 est,
1345 1821 1428 1880 ibi
1453 1823 1527 1880 sit
1552 1821 1749 1893 miser,
1774 1825 1833 1881 et

278 1925 529 1985 pauper.
573 1911 1004 1989 Hieronymus¹
1034 1932 1049 1972 :
1087 1935 1114 1967 κ
1132 1915 1521 1990 Impossibile,
1543 1937 1572 1971 ι
1611 1916 1825 1993 inquit,

284 2022 314 2057 α
342 2007 449 2076 est,
479 2009 545 2063 ut
577 2006 792 2081 aliquis
828 2024 866 2066 a
900 2008 1117 2068 divitiis
1157 2010 1237 2068 ad
1276 2010 1511 2069 divitias
1547 2014 1826 2085 transeat,

281 2097 417 2156 etin
439 2098 588 2157 coelo
610 2100 746 2159 etin
765 2104 920 2160 terra
939 2107 1223 2178 appareat
1241 2103 1554 2179 gloriosus,
1571 2128 1600 2160 »
1623 2106 1787 2165 Unde
1805 2108 1829 2144 ⁸

278 2196 662 2266 Anaxagoras
689 2194 1104 2271 philosophus,
1141 2213 1300 2270 cum,
1332 2198 1407 2256 ad
1437 2199 1698 2260 studium
1724 2218 1826 2261 va·

279 2285 450 2356 dens,
497 2302 605 2345 sua
647 2289 850 2347 omnia
891 2289 1243 2365 reliquisset,
1282 2308 1420 2350 cum
1457 2295 1593 2368 post
1639 2295 1830 2355 multa

280 2383 551 2454 tempora
572 2383 828 2456 patriam
844 2385 1186 2458 repetiisset,
1207 2390 1264 2444 et
1289 2402 1497 2445 omnes
1514 2390 1831 2463 possessio-

279 2488 385 2531 nes
423 2490 563 2533 suas
606 2475 866 2535 desertas
913 2481 970 2537 et
1012 2478 1263 2538 incultas
1304 2486 1586 2554 cerneret,
1622 2484 1705 2541 ait
1749 2484 1830 2542 ad

280 2567 724 2627 circumstantes
750 2588 804 2627 :a
822 2574 953 2629 Non
972 2571 1171 2632 salvus
1200 2590 1325 2632 esse
1345 2576 1688 2650 potuissem,
1712 2577 1831 2636 nisi

279 2660 401 2720 istae
425 2662 757 2736 periissent.
773 2684 803 2719 ι

349 2756 591 2828 Quinto,
617 2759 821 2817 venire
851 2759 1138 2820 debemus
1165 2761 1243 2821 ad
1279 2764 1504 2840 praemii
1533 2763 1828 2824 excellen-

278 2850 446 2924 tiam,
476 2850 555 2908 ad
580 2852 835 2926 patriam
864 2855 1226 2916 anhelandO.
1255 2858 1344 2916 Ad
1369 2856 1525 2917 hanc
1554 2859 1714 2918 enim
1740 2860 1827 2918 in·

277 2943 604 3003 vitabimur
619 2962 656 3003 a
677 2948 924 3031 Domino
948 2948 1013 3007 in
1035 2948 1132 3007 die
1151 2950 1384 3026 judicii,
1407 2953 1653 3028 quando
1674 2953 1830 3012 facta
1847 3013 1861 3027 ,

280 3039 392 3097 erit
420 3039 689 3098 omnium
717 3043 1087 3115 resurrectiO,
1117 3044 1387 3104 omnium
1417 3046 1498 3104 ad
1534 3047 1829 3122 J'udicium

280 3135 664 3209 congregatio
675 3180 694 3210 ,
743 3137 1013 3197 omnium
1050 3139 1396 3200 meritorum
1433 3142 1717 3203 discussio
1755 3161 1827 3204 eo

277 3228 491 3302 modo,
522 3246 644 3305 quo
672 3230 887 3290 dicitur
908 3224 970 3289 in
999 3235 1278 3292 Matthaee.
1298 3238 1458 3295 Tunc
1486 3238 1644 3296 enim
1676 3238 1831 3297 dicet

281 3322 567 3381 Dominus
590 3323 706 3396 his,
736 3325 840 3400 qui
870 3341 907 3383 a
948 3325 1168 3385 dextris
1207 3328 1333 3401 eJ'us
1374 3332 1629 3389 erunt⁸:
1668 3352 1698 3385 οι
1723 3335 1830 3392 Ve-

278 3416 427 3487 nite,
467 3417 764 3476 benedicti
803 3419 985 3477 Patris
1011 3421 1151 3494 mei,
1172 3440 1202 3476 s
1235 3424 1343 3480 etc.
1376 3425 1422 3483 Ο
1447 3440 1567 3483 vox
1610 3425 1828 3485 dulcis-

280 3511 458 3582 sima,
484 3526 604 3570 vox
644 3513 1068 3584 amantissima,
1104 3530 1227 3573 vox
1264 3516 1682 3591 desideranda,
1710 3536 1831 3580 vox

280 3604 565 3663 omnibus
616 3604 901 3665 laudibus
949 3607 1352 3682 praedicanda,
1409 3626 1530 3670 vox
1572 3615 1830 3689 propriae

279 3698 494 3757 laetitioe
523 3701 858 3759 causativa!
896 3702 1107 3775 Venite,
1132 3703 1345 3778 inquit,
1374 3704 1452 3763 ab
1478 3707 1642 3765 omni
1667 3708 1830 3767 malo

280 3793 358 3850 de
389 3797 597 3852 eoetero
626 3793 987 3854 recedendo.
1025 3798 1237 3870 Venite,
1268 3814 1447 3858 omne
1471 3799 1703 3860 bonum
1730 3819 1829 3861 ac-

279 3885 580 3961 cipiendo.
617 3889 832 3960 Venite,
858 3892 1113 3948 mortem
1142 3893 1200 3949 et
1219 3892 1422 3951 omnia
1450 3894 1717 3969 pericula
1740 3895 1830 3955 tu·

281 3980 504 4055 giendo
536 3999 551 4038 :
584 3984 642 4039 et
665 3984 865 4054 venite,
884 3982 1070 4040 vitam
1092 3985 1511 4059 sempiternam
1531 3990 1595 4045 in
1612 4005 1834 4048 munus

279 4074 652 4149 accipiendo.
705 4076 995 4134 Benedicti
1020 4078 1207 4136 Patris
1234 4084 1368 4151 mei,
1397 4079 1464 4138 id
1500 4086 1603 4154 est,
1644 4074 1829 4142 bene-

281 4169 427 4231 dieti.
453 4185 491 4228 a
516 4172 681 4228 Patre
707 4185 868 4243 mee,
897 4186 1023 4230 non
1048 4172 1463 4233 benedictione
1491 4178 1829 4252 temporali,

279 4279 408 4322 non
444 4262 860 4323 benedictione
900 4267 1133 4324 tantum
1168 4267 1476 4342 spirituali,
1505 4269 1634 4343 sed,
1664 4274 1833 4346 quod

279 4362 370 4417 est
393 4357 744 4431 maximum,
775 4359 1055 4417 aeternali.
1096 4361 1309 4433 Venite,
1333 4363 1544 4438 inquit,
1577 4372 1630 4423 et
1657 4371 1834 4439 perei-

273 4454 400 4526 pite
436 4467 662 4525 requam
697 4468 821 4510 non
861 4468 1108 4527 vanum,
1145 4454 1251 4512 sed
1295 4471 1537 4531 verum3
1576 4475 1700 4518 non
1730 4477 1834 4519 va-

281 4560 504 4617 cuum,
562 4546 669 4604 sed
721 4546 1000 4620 plenum3
1069 4563 1195 4606 nou
1259 4549 1625 4610 contractum
1643 4596 1663 4625 ,
1726 4555 1833 4614 sed

171 4699 188 4709 ,
279 4640 538 4698 firmum·
562 4644 620 4698 et
654 4639 916 4699 solidum
924 4659 944 4714 3
984 4656 1108 4699 non
1144 4641 1415 4702 hostibus
1453 4649 1682 4720 patens,
1726 4650 1834 4708 sed

279 4733 602 4810 pacificum
654 4738 710 4792 et
767 4735 1065 4811 quietum3
1122 4753 1247 4797 non
1310 4747 1832 4817 momentaneum,

280 4827 391 4887 sed
449 4824 776 4901 aeternum3
842 4845 966 4889 non
1025 4830 1091 4889 in
1149 4831 1354 4909 aliquo
1435 4835 1832 4911 diminutum,

281 4921 393 4981 sed
435 4936 869 4999 usquequaque
919 4924 1274 4999 perfectum,
1325 4926 1411 4987 ita
1473 4933 1541 4987 ut
1592 4929 1646 4988 ei
1698 4931 1833 4991 nul-

281 5014 415 5074 lum
470 5014 601 5073 fleri
651 5016 841 5090 possit
901 5018 1391 5080 additamentum.
1457 5024 1595 5094 Quis
1651 5025 1831 5098 enim,

284 5108 516 5168 etiamsi
560 5109 795 5169 adesset
831 5108 1039 5186 lingua
1081 5114 1505 5192 Demosthenis,
1543 5118 1833 5193 sapientia

354 5284 367 5311 ⁸
395 5279 601 5342 uetiti„
631 5289 742 5344 xix,
770 5284 850 5333 21.
873 5307 935 5321 -
963 5284 983 5313 ²
1008 5283 1214 5337 Hieron.
1224 5324 1242 5352 ,
1272 5287 1326 5337 in
1356 5287 1493 5340 Peal.
1521 5301 1745 5341 mxxxiii.
1773 5316 1828 5327 —-

287 5354 311 5389 ⁸
337 5353 507 5405 valer.
529 5353 695 5419 Nax„
717 5353 803 5407 lib·
837 5355 971 5421 vlit,
1001 5370 1049 5409 c.
1079 5368 1171 5422 vn,
1195 5363 1399 5412 extern-
1427 5375 1481 5413 n.
1513 5367 1571 5426 53
1601 5363 1833 5414 Laertius

288 5429 474 5490 etiem,
514 5428 572 5480 in
609 5428 713 5480 vita
759 5428 918 5492 ipsius
957 5433 1274 5497 Anaxagora
1314 5433 1658 5499 Clazomenii,
1699 5434 1831 5500 init,

288 5500 529 5569 quamvis
561 5502 713 5567 paulo
746 5500 907 5556 aliter.
936 5527 998 5543 ·-
1023 5502 1043 5533 ⁴
1073 5503 1278 5567 Mane„
1307 5516 1433 5569 xxv,
1467 5506 1526 5558 34
1560 5510 1612 5557 et
1639 5520 1750 5572 seq.
1771 5531 1833 5543 -

3360 563 3479 626 555

1933 689 2289 762 Salomonis,
2304 690 2586 751 etfluvius
2602 691 2954 769 eloquentiae
2964 692 3264 768 Tullianae,
3279 698 3480 771 posset

1932 783 2030 842 vel
2056 783 2137 841 ad
2164 784 2430 843 medium
2455 800 2756 857 enarrare,
2784 789 3077 861 quantum
3111 789 3303 848 Sancti
3331 804 3476 863 gau-

1934 877 2038 936 dio
2065 879 2454 937 exultabunt?
2478 880 2535 938 Si
2560 880 2645 938 sic
2671 882 2891 953 gaudet
2917 881 3100 954 canis,
3125 882 3270 941 dum
3306 883 3477 958 lepo-
3560 900 3717 943 mem·

1932 989 2063 1031 rem
2088 973 2344 1031 invenit:
2375 973 2426 1031 si
2451 972 2535 1031 sie
2552 973 2728 1045 falco,
2745 974 2892 1031 dum
2917 974 3223 1034 volucrem
3249 977 3477 1052 arripit,
3504 960 3647 1018 ⁹¹²²·

1936 1082 2119 1140 quem
2177 1065 2408 1125 invadit
2464 1085 2479 1123 ε
2536 1066 2586 1124 si
2639 1065 2722 1124 sio
2776 1068 2999 1141 gaudet
3049 1068 3233 1128 homo
3255 1112 3273 1140 ,
3331 1071 3478 1129 dum

1935 1174 2221 1233 magnum
2237 1158 2578 1218 thesaurum
2602 1160 2872 1235 acquirit,
2894 1161 2989 1219 vel
3007 1160 3271 1237 aliquam
3287 1163 3478 1237 digni-

1934 1254 2114 1311 tatem
2159 1253 2425 1312 ascendit
2452 1271 2468 1311 ε
2498 1253 2548 1311 si
2582 1253 2665 1311 sio
2703 1253 2924 1327 gaudet
2960 1256 3190 1327 anima,
3227 1273 3364 1317 cum
3402 1257 3478 1316 de

1936 1350 2054 1405 Deo
2082 1346 2312 1421 aliquid
2338 1348 2531 1420 sentit,
2554 1364 2667 1423 pro
2695 1364 2818 1423 quo
2851 1350 2909 1406 et
2945 1349 3241 1425 lacrymas
3276 1349 3480 1410 dulces

1937 1439 2184 1498 effundit
2214 1459 2230 1498 :
2262 1441 2411 1515 quid
2447 1442 2651 1515 gaudii
2688 1442 2773 1499 ibi
2813 1442 2942 1514 erit,
2988 1443 3115 1515 ubi,
3151 1444 3417 1512 Domine,
3457 1445 3480 1481 ⁸

1942 1533 2434 1593 «inebriabuntur
2475 1535 2554 1594 ab
2596 1535 2863 1594 ubertate
2897 1536 3111 1595 domus
3152 1540 3286 1609 tuae,
3316 1537 3477 1596 etde

1935 1633 2191 1688 torrente
2207 1630 2521 1705 voluptatis
2538 1635 2652 1689 tuae
2661 1632 2896 1707 potabis
2916 1633 3054 1690 eos?
3073 1653 3101 1687 n
3120 1633 3143 1669 ⁸
3166 1652 3195 1687 α
3212 1635 3329 1690 Neo
3343 1648 3481 1691 ocu-

1935 1721 2027 1781 lus
2054 1724 2226 1795 vidit,
2254 1740 2363 1783 nec
2391 1724 2550 1783 auris
2574 1726 2822 1796 audivit,
2846 1742 2957 1784 nec
2988 1727 3052 1784 in
3090 1742 3195 1785 eor
3220 1726 3481 1785 hominis

1934 1817 2218 1890 ascendit,
2251 1834 2382 1893 quoe
2408 1819 2756 1892 praeparavit
2784 1821 2934 1878 Deus
2960 1819 3052 1890 iis,
3080 1820 3185 1896 qui
3227 1820 3483 1895 diligunt

1934 1909 2177 1969 illum.»
2217 1911 2308 1969 Sic
2349 1928 2439 1970 vae
2479 1912 2752 1984 illis,-va³
2791 1917 2850 1971 et
2889 1911 3102 1971 iterum
3142 1930 3256 1986 vae,
3305 1914 3409 1990 qui
3445 1930 3479 1973 e

1935 2019 2225 2063 converso
2252 2004 2459 2064 audire
2486 2006 2871 2065 merebuntur
2896 2023 2934 2065 a
2967 2006 3192 2066 Christo
3211 2010 3234 2046 '¹
3266 2025 3283 2064 z
3318 2026 3348 2064 α
3376 2010 3477 2079 lte,

1934 2098 2253 2170 maledicti,
2283 2098 2347 2157 in
2390 2099 2594 2173 ignem
2632 2104 2935 2173 aeternum,
2966 2101 3071 2175 qui
3109 2107 3479 2176 praeparatus

1934 2197 2021 2252 est
2044 2193 2293 2252 diabolo
2318 2197 2377 2252 et
2400 2194 2628 2268 angelis
2649 2195 2793 2267 eJus.
2815 2215 2844 2250 n
2878 2197 2924 2255 Ο
2951 2212 3087 2270 quae
3110 2212 3233 2253 vox
3258 2199 3318 2253 et
3343 2212 3478 2270 quae

1933 2288 2141 2362 lingua
2170 2288 2443 2347 dolorem
2469 2305 2770 2348 summum
2791 2289 3081 2365 exprimet
3105 2289 3479 2348 damnando-

1933 2398 2090 2455 rum,
2136 2382 2432 2441 elamores
2470 2383 2763 2455 flentium,
2799 2387 2855 2441 et
2889 2382 3142 2442 flumina
3181 2383 3478 2459 laeryma-

1934 2491 2093 2547 rum,
2124 2475 2271 2534 dum
2297 2478 2730 2551 separabuntur
2755 2492 2793 2534 a
2817 2476 3159 2536 beatissima
3182 2477 3481 2550 Trinitate,

1934 2575 1992 2629 et
2011 2570 2229 2628 summi
2255 2570 2400 2628 boni
2429 2570 2771 2629 dulcissima
2784 2569 3037 2644 visione,
3056 2576 3116 2629 et
3138 2571 3482 2645 pmdulcis-

1935 2664 2171 2723 cissima
2222 2665 2664 2739 degustatione,
2718 2679 2755 2722 a
2808 2667 2969 2724 tanta
3021 2665 3375 2739 angelorum
3426 2669 3484 2725 et

1937 2763 2277 2817 sanctorum
2318 2758 2659 2817 dulcissima
2685 2760 2982 2831 societate,
3012 2762 3070 2818 et
3111 2774 3149 2817 a
3179 2759 3482 2819 bonorum

1936 2856 2208 2913 omnium
2242 2854 2529 2926 ubertate,
2570 2858 2627 2911 et
2669 2853 2975 2913 tradentur
3016 2854 3287 2927 diabolo,
3327 2855 3483 2915 hosti

1936 2947 2368 3021 crudelissimo,
2420 2946 2548 3021 igni
2593 2947 2973 3007 acerbissimo
3028 2952 3087 3006 et
3137 2952 3375 3022 aeterno,
3428 2953 3488 3009 et

1936 3042 2197 3101 breviter
2235 3040 2399 3099 omni
2427 3040 2590 3100 malo
2625 3040 2807 3101 nullis
2851 3058 3121 3117 unquam
3160 3042 3387 3101 saeculis
3409 3043 3483 3101 fi-

1937 3137 2206 3197 niendo?
2248 3136 2368 3208 Sic,
2411 3135 2651 3209 fratres,
2700 3136 2849 3195 dum
2891 3139 3124 3211 tempus
3167 3137 3484 3208 habemus,

1937 3234 2248 3291 veniamus
2274 3232 2354 3290 ad
2386 3231 2815 3307 poeniteutiam,
2843 3231 3152 3290 veniamus
3181 3229 3261 3289 ad
3297 3230 3486 3289 malo-

1935 3343 2072 3386 rum
2114 3326 2489 3402 praesentium
2526 3324 2923 3397 tolerantiam,
2952 3329 3018 3384 ut
3054 3325 3351 3399 fugiamus
3385 3323 3487 3383 illa

1933 3421 2132 3481 futura
2182 3420 2363 3492 mala,
2413 3425 2469 3479 et
2511 3419 3030 3495 apprehendamus
3076 3434 3214 3477 cum
3267 3418 3486 3476 sanctis

1937 3515 2231 3592 Apostolis
2248 3514 2355 3572 illa
2368 3513 2616 3589 praemia
2633 3514 3011 3587 sempiterna,
3034 3512 3169 3588 ipso
3196 3513 3483 3582 donante,

1938 3610 2045 3684 qui
2078 3624 2216 3667 cum
2250 3611 2435 3679 Patre,
2475 3596 2692 3683 Spiritu
2730 3608 2938 3665 Sancto
2951 3647 2972 3678 ,
3004 3605 3150 3664 vivit
3191 3608 3249 3663 et
3277 3607 3487 3679 regnat

1939 3708 2092 3764 Deus
2117 3720 2224 3780 per
2248 3702 2479 3761 infinita
2499 3701 2714 3760 saecula
2736 3699 3108 3759 mulorum.
3134 3703 3339 3758 Amen.

2057 3903 2155 3979 DE
2201 3900 2661 3978 INVENTIONE
2707 3899 3030 3976 SANGTAE
3072 3898 3364 3974 GRUCIS.

2409 4055 2668 4118 SERMO
2711 4055 3024 4117 PRIMUS.

2017 4182 2245 4252 Liqnum
2270 4180 2401 4236 vitoe
2427 4181 2524 4261 est,
2548 4178 2655 4248 his,
2683 4177 2783 4249 qui
2816 4173 3273 4249 apprehenderint
3307 4188 3424 4230 eam
3439 4156 3482 4231 5.

1941 4273 2071 4332 Vita
2108 4274 2194 4331 est
2240 4275 2402 4330 actus
2447 4270 2782 4340 continuus,
2810 4283 3121 4342 nunquam
3158 4267 3484 4342 interpola·

1942 4373 2056 4441 tus,
2086 4383 2123 4425 a
2150 4369 2269 4424 Deo
2297 4364 2633 4423 viventibus
2653 4362 2847 4433 datus,
2879 4360 3031 4420 adeo
3060 4376 3098 4419 a
3122 4360 3348 4419 cunctis
3374 4359 3484 4419 de·

1941 4462 2264 4533 sideratus,
2310 4462 2375 4518 ut
2419 4474 2531 4534 pro
2576 4456 2695 4515 vita
2740 4455 3035 4515 servanda
3077 4453 3327 4515 sollicita
3371 4455 3489 4513 sint

1943 4554 2221 4627 coelestia,
2247 4552 2496 4612 sollicita
2535 4551 2652 4610 siut
2674 4553 2940 4622 terrena,
2967 4548 3219 4608 sollicita
3242 4549 3359 4608 sint
3379 4565 3486 4607 ve-

1941 4648 2242 4723 getabilia,
2268 4646 2519 4705 sollicita
2549 4646 2665 4704 sint
2700 4642 3099 4716 rationabilia,
3128 4642 3320 4718 quasi,
3350 4643 3488 4702 bre-

1940 4744 2114 4815 viter,
2156 4741 2351 4801 omnis
2396 4743 2630 4798 natura.
2676 4739 2910 4809 Quare?
2956 4737 3098 4813 quia
3147 4735 3348 4796 vivere
3402 4740 3490 4796 est

1939 4837 2191 4894 viventis
2216 4850 2372 4905 esse,
2403 4832 2763 4909 Philosopho
2802 4835 3047 4890 testante
3065 4833 3108 4886 ⁹.
3143 4829 3327 4902 Unde,
3366 4829 3489 4889 vita

1942 4932 2241 5005 corrupta,
2268 4927 2490 5003 pariter
2514 4927 2710 4986 omnis
2736 4925 3058 4984 viventium
3092 4922 3489 4999 corrumpitur

1941 5026 2156 5082 natura
2185 5040 2201 5081 ε
2232 5027 2290 5081 et
2312 5021 2429 5079 hoc
2458 5023 2546 5078 est
2570 5035 2694 5078 non
2734 5017 2933 5077 solum
2962 5017 3328 5089 naturaliter,
3354 5016 3486 5090 sed,

1943 5219 1966 5255 Ι
1992 5217 2130 5268 Psal.
2172 5226 2330 5278 xxxv,
2366 5216 2415 5265 9.
2445 5238 2507 5250 -
2538 5212 2560 5247 ⁶
2589 5214 2713 5276 Im„
2738 5222 2879 5274 mlv,
2911 5212 2972 5274 4;
3015 5211 3032 5261 Ι
3064 5210 3204 5274 Cor„
3231 5222 3300 5276 ιι,
3342 5212 3391 5261 9.
3423 5237 3487 5250 -

1940 5292 1963 5327 '¹
2007 5287 2213 5351 flami„
2269 5297 2399 5345 ur,
2444 5287 2501 5335 41
2550 5288 2603 5335 et
2639 5297 2750 5348 seq.
2784 5308 2848 5322 -·-
2892 5283 2912 5313 ⁸
2958 5284 3126 5348 From,
3170 5295 3262 5348 111,
3309 5284 3388 5335 18.
3425 5308 3487 5320 -

1944 5367 1966 5395 ⁹
2001 5361 2179 5424 Arist„
2211 5359 2276 5409 de
2305 5359 2511 5419 Anima,
2542 5355 2633 5406 lib.
2665 5356 2727 5418 n,
2757 5358 2893 5405 cant.
2926 5357 2982 5405 16
2999 5368 3017 5416 3
3045 5352 3229 5405 uorat.
3257 5354 3487 5418 Eadem,

1943 5430 2029 5484 lib.
2077 5433 2204 5494 vti,
2247 5445 2296 5482 c.
2353 5441 2449 5493 xv3
2500 5427 2685 5480 Hor-al.
2724 5427 3000 5493 Nicoma,
3037 5426 3127 5481 lib.
3175 5428 3270 5492 ix,
3310 5440 3358 5478 c.
3409 5439 3485 5492 tx,

1945 5518 2054 5573 par.
2086 5508 2132 5557 3.
