4059 6317
902 498 1284 567 DOMINICA
1323 498 1350 564 1
1391 497 1476 565 IN
1520 494 2166 577 QUAnRAGEsluA.
2206 495 2474 566 SERMO
2514 495 2594 563 ΙΙ.

169 635 442 702 executio
485 634 1699 717 debetemeadmedendum,sivead

168 743 614 810 eonsolandum
656 743 912 809 tristem
947 762 989 809 a
1027 744 1439 810 tribulatione
1479 747 1547 809 et
1578 743 1699 807 do-

165 849 1434 935 htepoeuali‚adsanandnmaegrotum
1472 850 1699 918 avul-

167 975 306 1023 nere
331 958 596 1041 peceati,
627 958 712 1025 ad
729 957 1138 1025 liberandum
1161 958 1483 1041 captivum
1505 977 1546 1023 a
1565 976 1703 1023 ear·
1725 962 1740 975 ·

172 1063 575 1130 eerediaholi.

241 1171 531 1238 Secundo
568 1173 804 1238 duetus
840 1176 935 1238 est
953 1171 1141 1238 Jews
1169 1190 1209 1237 a
1235 1172 1463 1256 spiritu
1502 1172 1703 1255 33ςηί-

173 1279 323 1358 tatis,
339 1279 420 1346 ad
434 1278 852 1361 arguendum
867 1278 1161 1362 iniquum
1172 1326 1190 1345 .
1213 1279 1393 1345 Unde
1405 1280 1635 1346 dieitur
1645 1281 1666 1318 ²
1682 1302 1699 1345 t

181 1386 510 1468 ‹i'Arguet
491 1405 562 1450 m
597 1385 936 1469 iniquitate
966 1404 1086 1470 pro
1108 1387 1464 1452 mansuetis
1484 1391 1698 1466 terrm,

173 1498 228 1558 et
251 1494 550 1577 percutiet
577 1498 820 1560 tetram
848 1493 1044 1575 virga
1071 1494 1202 1559 oris
1226 1494 1357 1574 sui,
1387 1498 1452 1559 et
1475 1494 1705 1578 spiritu

173 1599 472 1668 lubiorum
505 1618 782 1668 suorum
823 1600 1198 1667 interficiet
1179 1602 1473 1685 lmpium.
1500 1623 1533 1663 ι
1561 1591 1703 1667 Non

175 1709 332 1772 enim
362 1708 670 1775 Dominus
692 1708 726 1773 J
731 1726 882 1774 esus
905 1713 1168 1792 propter
1202 1713 1448 1774 metum
1485 1714 1706 1793 potes-

177 1815 308 1879 tatis
327 1819 600 1881 terrenae
629 1815 862 1882 timore
883 1816 1279 1893 amittendae,
1305 1835 1423 1882 nee
1447 1824 1705 1902 propter

179 1926 476 2005 quaestum
491 1923 844 1989 mundanae
859 1923 1218 2007 cupiditatis
1234 1942 1454 1990 amore
1478 1926 1705 2009 aequi-

181 2030 378 2095 rendae
394 2079 414 2111 ‚
440 2031 584 2097 sive
621 2035 885 2115 propter
914 2031 1293 2113 ambiguam
1331 2031 1702 2097 similitudi·-

183 2154 316 2202 ωε)
337 2137 620 2203 falsitatis
649 2139 923 2204 veritate
943 2138 1437 2222 eomplseendae,
1467 2139 1703 2205 verita-

187 2247 301 2307 tem
337 2245 583 2324 silem&
611 2245 748 2310 imo
773 2245 1058 2311 veritatis
1085 2244 1351 2329 J'aeulis,
1395 2250 1532 2311 tam
1563 2266 1701 2312 ma-

189 2368 598 2435 gnos‚quam
637 2370 873 2435 parvos
916 2372 1101 2437 aeque
1137 2353 1417 2420 feriebat.
1466 2355 1584 2420 Hie
1616 2357 1707 2440 (a)

187 2455 405 2540 Spiritu
444 2459 678 2526 duetus
706 2464 806 2525 est
830 2461 895 2525 in
919 2460 1257 2545 templum,
1288 2462 1544 2546 quando
1572 2479 1706 2528 non

191 2569 351 2645 pud
368 2584 572 2647 aures,
592 2571 668 2632 ut
680 2567 900 2632 audiat
910 2589 930 2647 ;
960 2568 1360 2651 sedssagella,
1373 2587 1504 2652 quo
1519 2569 1705 2635 feriat

191 2675 444 2739 ementes
464 2678 532 2739 et
556 2674 907 2740 vendentes
941 2674 1297 2758 spiritualia
1322 2694 1440 2759 pro
1463 2681 1708 2761 oempo-

195 2776 400 2846 ralihus
431 2790 462 2845 ἐ·
477 2799 601 2846 nee
643 2781 825 2848 deest
861 2783 1039 2865 quod
1089 2783 1356 2849 domum
1401 2786 1707 2850 orationis

205 2884 451 2954 hchsent
478 2890 751 2957 domm
794 2892 1284 2974 negotiationis3
1329 2893 1465 2959 imo
1490 2911 1705 2976 nego-

208 2995 420 3062 tiam
445 3000 525 3065 de
549 3000 798 3084 templo
814 3000 1020 3083 ejecit.

265 3103 456 3173 Tertio
481 3108 721 3174 duetus
740 3113 836 3172 est
857 3126 898 3171 a
923 3107 1150 3191 spiritu
1186 3108 1596 3190 fortitudinis,
1625 3110 1705 3175 ad

196 3213 594 3294 superandum
662 3214 995 3279 diabolum
1029 3237 1048 3293 ;
1113 3214 1284 3280 unde
1347 3216 1579 3282 dieitur
1634 3216 1706 3281 in

198 3314 419 3385 Psalmo
440 3327 464 3362 ³
494 3343 510 3386 ε
545 3343 578 3383 ι
601 3320 883 3403 Spiritus
905 3325 1058 3387 tuus
1079 3322 1295 3387 bonus
1315 3322 1584 3389 deduoet
1598 3343 1708 3390 me

196 3423 255 3488 in
287 3430 515 3492 terram
554 3432 875 3496 rectam.»
910 3428 1012 3493 Ad
1048 3429 1401 3506 desertum,
1429 3430 1708 3514 adquod

193 3529 431 3598 deduxit
485 3534 766 3618 Spiritus
819 3540 1077 3602 sanetus
1118 3536 1337 3603 Iesum
1393 3554 1412 3600 z
1477 3538 1707 3603 dieitur

195 3641 1702 3725 mmm‚eoquodestlocusidoneusadfa-

193 3745 458 3814 ciendam
497 3749 953 3816 abainentiam
970 3795 993 3827 ,
1020 3755 1276 3834 propter
1311 3770 1507 3834 quam
1551 3771 1706 3817 sen-

194 3853 434 3921 sualitas
493 3860 668 3922 reeto
720 3857 945 3922 ordine
983 3875 1098 3942 per
1148 3858 1367 3923 omnia
1418 3858 1707 3942 meaoet

192 3961 540 4043 rationi‚ne
576 3964 985 4046 perturbetur
1023 3965 1188 4030 rau‘o
1229 3966 1311 4032 ad
1346 3966 1512 4031 bene
1552 3983 1701 4049 ope·

191 4070 464 4137 nudum.
515 4071 690 4138 Lieet
731 4072 903 4138 inter
941 4091 1204 4139 earnem
1224 4121 1246 4152 ‚
1297 4078 1363 4138 et
1404 4073 1704 4156 spiritum

189 4173 402 4242 Christi
423 4179 606 4245 nulia
627 4184 789 4245 esset
821 4179 1120 4260 rebellio,
1150 4198 1229 4245 eo
1253 4179 1428 4264 quod
1455 4198 1707 4264 semper

189 4282 294 4349 ilh
309 4285 663 4354 beatisn'ma
677 4306 826 4354 earo
839 4289 1223 4373 sequemr
1240 4289 1424 4355 illum
1447 4290 1706 4356 sanetis-

187 4389 737 4478 simumspiritum.
753 4401 780 4437 ⁸
801 4419 834 4456 κ
855 4394 1372 4479 Propternomen
1395 4394 1701 4462 tuu'mvi-

187 4498 584 4567 vifieabisme
616 4501 1014 4587 inaequitate
1049 4507 1245 4584 tua‚»
1279 4504 1701 4587 quasidieat:

187 4601 432 4674 Domine
455 4607 667 4690 Pater,
694 4609 956 4692 indigeo
983 4610 1222 4676 auxilio
1242 4615 1378 4676 tuae
1398 4615 1706 4678 sustenta-

187 4710 362 4780 fimis
387 4733 406 4780 ε
427 4716 589 4799 quia
613 4720 791 4781 tanto
807 4717 1060 4801 Jejunio
1085 4717 1285 4783 afflixi
1310 4737 1530 4785 meum
1561 4739 1704 4786 eor-

184 4834 318 4900 pun,
341 4822 513 4905 quod
551 4840 689 4905 μω
706 4823 911 4887 nimia
933 4825 1397 4906 attenuatione,
1429 4828 1705 4894 totaliter

179 4927 927 4996 sentitsemoetifieatum.
955 4936 979 4973 ⁸
1002 4955 1034 4993 ι
1051 4930 1131 4996 Et
1147 4933 1376 4999 educes
1397 4935 1475 5000 de
1495 4935 1701 5001 tribu-

177 5030 402 5101 htione
421 5036 709 5103 animam
742 5055 976 5120 meam,
1008 5060 1039 5100 υ
1065 5038 1301 5105 scilieet
1336 5041 1414 5106 de
1446 5042 1708 5108 tribula-

176 5137 344 5207 time
379 5142 560 5209 fantis
597 5145 1160 5211 etattenuationis.
1198 5146 1705 5216 «Etinmiseri-

177 5249 382 5314 eordia
401 5256 514 5318 tua
535 5252 911 5335 disperdes
893 5252 1184 5319 mimicos
1202 5272 1399 5338 meos,
1418 5277 1452 5317 n
1471 5257 1708 5324 scilieet

239 5408 724 5476 ¹.,‚.⁸Inxt⁴-·
743 5412 1329 5478 Pntwcm1to--2

1352 5417 1501 5483 ibid„
1532 5424 1610 5472 Η.
1641 5446 1703 5460 -

179 5475 387 5543 ‘Deum
415 5493 530 5547 vm,
557 5486 613 5535 2.

3222 502 3340 564 147

1805 631 2163 717 specialiter
2186 631 2537 712 diabolum,
2564 632 2681 716 qui
2710 631 2930 716 inique
2950 633 3015 699 et
3036 650 3342 717 θυμω-να·-

1806 757 1925 806 cue
1961 738 2258 804 innititur
2291 756 2397 804 me
2420 738 2809 822 impugnare
2849 740 2929 806 ad
2965 739 3341 808 subverten-

1807 846 1987 913 dum.
2044 845 2225 911 Unde
2268 849 2611 929 antequam
2666 846 2862 914 fuerit
2898 846 3129 913 duetus
3164 846 3347 913 «lesus

1805 954 2038 1037 spiritu
2081 952 2466 1019 fortitudinis
2504 954 2572 1022 in
2612 953 2738 1022 hoc
2779 955 3046 1033 deserto,
3074 971 3152 1019 eo
3174 952 3347 1037 quod

1803 1078 1938 1126 non
1948 1045 2326 1126 'abhorreret
2341 1061 2668 1128 adhaerere
2680 1060 3028 1139 solitudini,
3044 1062 3157 1126 ubi
3174 1078 3341 1144 aspe-

1799 1167 2062 1233 ritatem
2099 1168 2289 1238 famis
2325 1172 2390 1234 et
2417 1168 2883 1251 malignitatem
2920 1168 3120 1234 hostis
3154 1167 3345 1234 susti-

1808 1276 1981 1356 nuit,
2009 1275 2142 1340 imo
2171 1292 2472 1358 agressus
2512 1279 2610 1340 est
2644 1275 2857 1344 locum
2901 1275 3255 1356 ineultum,
3285 1279 3350 1342 et

1809 1401 1961 1449 eum
1988 1383 2215 1466 dejecit
2234 1382 2515 1448 feliciter.

1889 1489 2184 1556 Secundo
2207 1493 2467 1556 notatur
2491 1490 2562 1554 in
2590 1490 2912 1573 proposito
2938 1490 3138 1560 verbo
3164 1508 3345 1558 seeu-

1807 1598 1943 1664 rior
1961 1597 2270 1662 habitatio
2305 1597 2387 1662 ad
2411 1596 2833 1662 resistendum
2850 1644 2873 1677 ,
2899 1616 3050 1663 eum
3076 1597 3344 1664 dicitur:

1809 1704 1891 1770 In
1913 1704 2252 1772 mserum.
2282 1703 2612 1770 Desertum
2637 1704 2834 1786 enim,
2866 1709 3126 1789 propter
3149 1706 3351 1789 tripli-

1811 1830 1950 1878 eem
1973 1812 2449 1897 proprietatem,
2478 1817 2615 1879 erat
2639 1812 2824 1878 valde
2849 1817 3034 1896 aptus
3061 1813 3258 1896 loeus,
3286 1819 3353 1881 et

1809 1938 2035 1986 secura
2072 1920 2381 1986 habitatio
2422 1921 2503 1986 ad
2551 1921 2972 1988 resistendum
3024 1921 3348 1990 diabolieae

1809 2028 2145 2094 tentationi
2161 2076 2182 2108 ,
2219 2046 2418 2111 quam
2452 2028 2535 2094 de
2558 2027 2920 2112 propinquo
2947 2030 3344 2112 expontabat.

1815 2134 1978 2200 Nam
2023 2134 2345 2202 desertum
2379 2134 2560 2201 loeus
2583 2140 2681 2200 est
2703 2135 3092 2219 asperitatis,
3121 2137 3354 2204 sterili-

1813 2241 1985 2321 tatis,
1999 2245 2068 2308 et
2088 2242 2637 2326 despectabilitatis
2644 2243 2749 2326 (b).
2766 2244 2922 2310 Cum
2945 2261 3107 2327 ergo
3123 2262 3352 2330 expec-

1817 2353 1987 2415 taret
2007 2351 2144 2433 ipse
2182 2351 2263 2416 de
2287 2351 2650 2434 propinquo
2674 2352 2901 2420 tentari
2926 2372 2967 2418 a
2992 2354 3242 2420 diabolo
3260 2401 3284 2435 ,
3312 2373 3353 2419 a

1814 2457 2012 2541 gula,
2042 2458 2126 2522 ab
2167 2458 2468 2538 avaritia,
2499 2462 2639 2524 eta
2664 2476 2831 2530 vana
2872 2459 3112 2542 gloria,
3144 2461 3227 2526 ad
3251 2461 3352 2528 in-

1811 2567 2219 2634 formandum
2262 2586 2394 2633 nos.
2418 2569 2714 2651 exemplo
2753 2586 2894 2634 suae
2934 2570 3084 2635 vitae
3100 2618 3120 2650 ,
3147 2569 3351 2635 voluit

1812 2675 1957 2741 duci
1984 2676 2055 2741 in
2080 2676 2402 2742 desertum
2431 2697 2472 2741 a
2498 2676 2741 2760 Spiritu
2775 2696 2792 2742 ε
2821 2677 3053 2760 primo,
3077 2677 3232 2761 quia
3256 2682 3355 2744 est

1811 2783 1988 2848 locus
2027 2782 2382 2866 asperitatis
2397 2831 2416 2860 ,
2455 2781 2537 2850 ad
2574 2784 2993 2850 exeroeudam
3031 2785 3351 2852 abstinen-

1811 2893 1969 2955 tiam
2025 2890 2370 2973 eorporalis
2425 2890 2934 2958 sanctificationis
2965 2913 2984 2971 ;
3048 2892 3347 2972 seeundo,

1815 2998 1970 3081 quia-
1991 3003 2086 3063 est
2110 2997 2288 3064 locus
2311 2997 2728 3081 despicabilis,
2746 2998 2827 3063 ad
2845 2999 3351 3066 oonrundendam

1805 3107 2177 3189 jactantiam
2200 3106 2521 3174 saemilaris
2537 3106 2929 3185 ambitionis;
2960 3106 3171 3188 tertio,
3195 3108 3348 3192 quia

1813 3218 1908 3279 est
1932 3213 2113 3279 loeus
2139 3213 2505 3294 sterilitatis,
2535 3215 2616 3280 ad
2642 3214 3168 3298 supmditandam
3191 3232 3350 3282 ava-

1811 3321 2025 3387 ritiam
2052 3322 2330 3388 exitialis
2357 3322 2869 3405 aggregationis.
2901 3321 3121 3387 Primo
3146 3323 3350 3390 voluit

1811 3428 1958 3494 duci
1982 3429 2053 3493 in
2078 3430 2423 3509 desertum,
2455 3428 2611 3512 quia
2640 3432 2738 3495 est
2760 3429 2938 3495 locus
2966 3430 3342 3513 asperitatis,

1811 3538 1890 3603 ad
1910 3538 2328 3604 exercendam
2343 3537 2789 3604 abstinentiam
2805 3538 3148 3622 oorporalis
3160 3557 3346 3606 sane-

1811 3644 2192 3711 tifleationis.
2267 3645 2448 3710 Unde
2511 3647 2718 3729 potest
2763 3647 3000 3730 exponi
3050 3647 3276 3715 illud

1818 3777 1851 3817 ι
1872 3754 2154 3820 Adduxit
2173 3757 2238 3820 te
2264 3753 2574 3820 Dominus
2590 3755 2758 3821 Deus
2784 3760 2936 3821 tuus
2949 3756 3345 3840 quadragin

1810 3865 1877 3925 ta
1900 3861 2086 3926 annis
2112 3878 2228 3944 per
2252 3862 2598 3939 desertum,
2626 3864 2701 3927 ut
2726 3861 3042 3939 affligeret
3068 3867 3133 3929 te
3153 3867 3345 3948 atque

1809 3972 2111 4049 tentaret,
2155 3972 2232 4034 ut
2254 3973 2406 4034 nota
2448 3969 2676 4036 timent
2709 3985 2858 4053 quae
2885 3969 2957 4036 in
2989 3969 3207 4037 animo
3231 3976 3349 4039 tuo

1809 4077 2227 4142 versabantur
2266 4097 2285 4141 ε
2327 4075 2559 4141 afflixit
2607 4080 2674 4141 te
2730 4076 3037 4160 penuria,
3067 4082 3134 4144 et
3173 4079 3345 4147 dedit

1807 4182 1924 4248 tibi
1962 4183 2198 4249 cibaria
2235 4200 2497 4265 magna.
2533 4204 2564 4244 υ
2600 4182 2904 4252 Addua-it
2944 4189 3004 4253 le
3035 4189 3344 4255 Dominum

1808 4291 1977 4357 Deus
2001 4297 2154 4357 tuus
2178 4289 2623 4373 quadruvium
2648 4291 2883 4371 amis,
2914 4291 2982 4357 id
3018 4298 3145 4375 eat,
3173 4314 3341 4380 qua-

1805 4398 2105 4481 draginta
2129 4398 2294 4478 dies,
2324 4401 2400 4463 ut
2424 4414 2635 4464 annus
2669 4416 2785 4481 pro
2821 4398 2923 4465 die
2952 4409 3343 4470 annumere-

1806 4509 1919 4571 tur
1934 4554 1952 4586 ,
1982 4506 2336 4571 seeundum
2372 4504 2546 4588 quod
2572 4505 2934 4588 frequenter
2964 4514 3342 4579 consuetum

1806 4617 1904 4680 est
1953 4614 2094 4678 fleri
2141 4613 2212 4678 in
2256 4630 2437 4679 saera
2475 4611 2824 4697 Scriptura.
2868 4615 2994 4683 Per
3022 4616 3343 4688 desertum

1806 4721 2163 4806 oeperitatis
2179 4769 2198 4800 ,
2246 4724 2320 4787 ut
2351 4718 2705 4803 affligerem
2733 4726 2794 4788 te
2817 4721 2986 4789 ieme
3010 4728 3199 4809 atque
3235 4747 3342 4812 pe-

1807 4829 2031 4909 nuria,
2062 4832 2253 4912 atque
2289 4832 2626 4909 tentanum
2656 4827 2725 4893 id
2748 4833 2881 4911 est,
2909 4834 3339 4914 permitterem

1807 4937 2074 5013 tentari,
2114 4940 2191 5001 ut
2214 4942 2369 5003 uota
2409 4936 2670 5017 fierem,
2705 4954 2849 5020 «ιω
2891 4942 2966 5006 in
2990 4944 3209 5010 animo
3232 4949 3341 5014 tuo

1809 5043 2232 5112 versabantur
2252 5092 2274 5123 ‚
2315 5043 2383 5108 id
2432 5049 2528 5110 est
2578 5045 3065 5115 continebantur
3088 5098 3110 5131 ‚
3166 5055 3343 5122 omni

1802 5152 2062 5236 populo,
2091 5156 2168 5217 ut
2200 5153 2596 5219 instruantur
2630 5155 2925 5239 exemplo
2948 5162 3081 5225 tuoe
3107 5162 3345 5243 patien-

1808 5260 1937 5325 tias.
1966 5258 2219 5341 Arnim·
2239 5264 2298 5327 te
2320 5262 2604 5344 penuria
2621 5309 2642 5340 ,
2671 5268 2733 5330 et
2759 5262 2913 5331 dedi
2941 5264 3063 5333 tibi
3092 5268 3345 5340 cibaria

1812 5383 2052 5451 maana
2076 5385 2103 5430 .·
2133 5367 2299 5434 mira
2341 5367 2722 5458 dispensatio
2753 5369 3002 5451 divina,
3031 5375 3187 5464 quia
3214 5396 3347 5446 non

1876 5493 1942 5558 (a)
1976 5492 2125 5544 Forte
2151 5491 2253 5558 129.
2282 5467 2589 5559 noa-10>
2616 5494 2740 5547 rtem
2767 5496 3103 5562 duptoehffis.
