4059 6317
942 416 1319 487 DOMINIGA
1359 420 1621 490 INFRA-
1644 419 1817 490 ocT.
1859 419 2393 496 ASGENSIONIS.
2439 417 2702 489 SERMO
2742 417 2825 487 11.

292 553 695 635 columbam,
730 553 799 620 id
840 556 938 618 est
966 570 1081 638 per
1131 554 1449 641 Spiritum
1494 562 1787 626 sanctum
1806 607 1825 639 ‚

292 663 554 729 offermr
581 660 715 728 Noe
734 709 752 742 ,
784 660 851 727 id
876 662 970 725 est
1001 659 1268 729 Christo.

369 770 458 835 De
488 770 676 836 tertio
704 769 722 804 ¹
760 789 777 833 ε
809 789 840 830 «ι
867 766 1046 834 Unus
1084 769 1366 837 militum
1412 772 1634 840 lancea
1661 774 1829 839 latus

293 879 433 962 ejus
460 879 748 962 aperuit,
778 880 843 941 et
882 874 1183 942 continuo
1229 879 1429 944 exivit
1469 881 1739 963 sanguis
1768 882 1833 946 et

291 1004 461 1070 aqua
490 1006 505 1050 :
534 989 598 1050 et
622 982 933 1069 quividit,
962 983 1398 1051 testimonium
1426 987 1777 1070 perhibuit,
1791 1008 1821 1046 n

291 1097 408 1161 etc.
440 1094 603 1161 Ecce
629 1091 1066 1158 testimonium
1093 1091 1333 1160 divinae
1355 1093 1630 1178 pietatis,
1672 1093 1830 1172 Quae

295 1201 471 1267 enim
497 1202 710 1285 major
735 1203 830 1265 est
867 1199 1068 1284 pietas
1086 1247 1109 1280 ,
1141 1219 1338 1285 quam
1365 1203 1530 1268 mori
1560 1220 1680 1287 pro
1704 1202 1827 1268 im-

292 1309 438 1395 piis,
468 1312 533 1374 et
561 1308 667 1393 pia
698 1308 907 1373 morte
928 1307 1161 1391 impios
1182 1309 1389 1374 facere
1414 1309 1584 1393 pios?
1621 1309 1833 1392 Hujus

287 1420 507 1483 autem
538 1415 821 1501 pietatis,
853 1434 999 1502 quas
1025 1420 1122 1482 est
1145 1416 1213 1482 in
1231 1413 1687 1501 justificatione
1712 1419 1832 1487 im-

287 1523 573 1607 piorum,
594 1522 1035 1588 testimonium
1054 1542 1372 1607 magnum
1399 1528 1496 1590 est
1515 1525 1540 1564 ²
1567 1546 1584 1591 ι
1619 1549 1652 1588 α
1669 1524 1835 1592 Huic

289 1647 514 1702 omnes
529 1630 859 1718 prophetae
876 1631 1313 1698 testimonium
1334 1633 1673 1718 perhibent
1692 1682 1709 1716 ‚
1734 1652 1832 1698 re-

290 1736 665 1804 missionem
693 1741 1095 1821 peccatorum
1124 1739 1404 1824 recipere
1442 1758 1560 1823 per
1595 1758 1832 1806 nomen

291 1846 432 1927 ejus
464 1861 689 1912 omnes
719 1844 802 1928 (a)
832 1844 946 1929 qui
982 1845 1250 1912 credunt
1288 1846 1357 1910 in
1394 1846 1621 1914 illum:
1652 1867 1684 1908 1»
1719 1847 1832 1931 qui

295 1950 564 2017 credunt
589 1956 758 2019 certe
778 1951 906 2020 fide
930 1952 1081 2018 viva
1094 1999 1117 2033 ,
1136 1971 1268 2019 non
1293 1958 1586 2020 mortua⁸
1621 1976 1637 2020 :
1667 1978 1698 2016 α
1724 1953 1832 2020 Fi-

291 2057 402 2126 des
442 2057 588 2124 sine
625 2059 926 2144 operibus
961 2063 1215 2127 mortua
1239 2066 1413 2128 est.»
1448 2060 1613 2128 Nota
1643 2083 1660 2128 z
1692 2079 1836 2127 ma-

296 2183 431 2248 gna
453 2167 653 2251 pietas
680 2172 878 2249 esset,
906 2169 963 2233 si
991 2169 1112 2234 uni
1141 2169 1543 2260 ignosceres,
1573 2170 1689 2254 qui
1717 2170 1831 2237 do-

294 2291 475 2339 mum
506 2279 690 2341 tuam
716 2277 1088 2357 cremasset,
1119 2274 1329 2340 fllium
1363 2280 1551 2342 tuum
1578 2276 1833 2342 occidis-

294 2385 427 2459 set,
475 2399 776 2466 sponsam
829 2385 1012 2447 tuam
1063 2382 1380 2448 violasset.
1439 2382 1570 2449 Hoc
1623 2387 1833 2449 totum

212 2479 221 2490 ’
292 2493 583 2571 peccator
609 2484 1029 2574 spiritualiter
1050 2489 1195 2554 fecit
1205 2492 1428 2554 contra
1440 2489 1666 2556 Deum.
1689 2490 1832 2575 lpse

295 2596 464 2662 enim
492 2597 586 2662 est
621 2595 819 2662 Filius
860 2595 971 2663 Dei
991 2645 1011 2679 ‚
1045 2614 1157 2662 cor
1201 2599 1343 2679 ejus
1394 2597 1624 2664 domus
1669 2598 1782 2664 Dei
1802 2646 1825 2680 ,

294 2704 510 2769 anima
534 2705 675 2787 ejus
717 2722 956 2788 sponsa
994 2704 1139 2785 Dei;
1170 2708 1475 2772 ettamen
1499 2723 1632 2772 non
1659 2724 1832 2772 unus

293 2810 371 2877 de
399 2810 775 2895 hujusmodi
800 2812 1024 2896 accipit
1046 2812 1485 2880 remissionem
1506 2861 1533 2895 ‚
1561 2814 1671 2880 sed
1701 2829 1832 2881 om·

292 2936 405 2988 nes
431 2921 549 3004 qui
572 2920 846 2991 credunt
870 2923 948 2990 in
972 2922 1180 2992 illum.

370 3026 460 3093 De
484 3031 712 3114 quarto
740 3028 763 3064 ⁸
794 3050 812 3095 ε
854 3051 887 3090 α
910 3029 1077 3095 Deus
1119 3028 1311 3096 lsrael
1333 3078 1350 3113 ‚
1385 3030 1489 3096 cui
1533 3033 1606 3096 tu
1648 3030 1829 3097 testi-

295 3137 588 3203 monium
621 3137 850 3205 dedisti
877 3137 1050 3222 quod
1077 3136 1419 3206 ulciscatur
1445 3139 1525 3204 de
1551 3138 1831 3205 inimicis

296 3244 459 3326 suis,
480 3266 519 3310 a
554 3250 674 3312 etc.
706 3244 886 3311 Hanc
911 3245 1225 3312 ultionem
1265 3249 1330 3313 et
1367 3248 1826 3331 temporaliter,

294 3356 357 3418 et
378 3352 763 3420 aeternaliter
788 3355 1056 3436 iexercet
1097 3352 1263 3418 Deus
1280 3399 1307 3433 ,
1335 3370 1470 3420 non
1507 3353 1714 3420 solum
1757 3357 1831 3422 in

294 3461 726 3538 testimonium
753 3479 889 3528 suae
910 3460 1181 3545 ,iustitiae
1206 3509 1228 3543 ‚
1256 3462 1368 3527 sed
1393 3462 1586 3528 etiam
1616 3463 1688 3530 in
1711 3469 1832 3532 tes-

296 3567 638 3656 timpnium
663 3569 968 3638 humanae
995 3569 1259 3636 malitiae
1277 3616 1301 3650 ,
1344 3570 1510 3636 sicut
1543 3571 1612 3636 in
1637 3572 1831 3642 Sodo-

293 3676 464 3741 mitis
501 3680 765 3762 apparet
806 3682 830 3719 ⁸
875 3699 892 3743 ε
932 3699 964 3740 α
990 3676 1235 3756 Quibus
1286 3676 1355 3742 in
1394 3678 1830 3750 testimonium

296 3783 600 3867 nequitias
649 3783 1120 3867 fumigabunda
1144 3788 1390 3850 constat
1412 3785 1660 3853 deserta
1694 3792 1830 3855 ter-

296 3908 371 3956 ra
388 3938 408 3972 ‚
436 3913 469 3953 π
499 3895 621 3958 etc.

811 4060 1102 4134 SERMO
1153 4063 1216 4133 Π
1253 4063 1301 4133 ⁸.
1436 4057 1447 4064 ’

380 4213 504 4283 Vos
543 4215 970 4286 testimonium
1017 4214 1358 4300 perhibetis
1385 4216 1429 4296 ⁷,
1475 4220 1596 4283 etc.
1640 4220 1817 4288 Dicto

291 4322 481 4400 hodie
518 4324 840 4407 quomodo
881 4324 1079 4402 homo
1115 4322 1552 4396 testimonium
1594 4327 1814 4410 perhi-

291 4430 437 4498 beat
460 4431 623 4513 Deo,
652 4449 829 4498 nunc
850 4430 1191 4498 dicendum
1212 4480 1231 4512 ,
1260 4433 1581 4516 quomodo
1607 4435 1820 4503 sibiet

292 4539 614 4621 proximo.

352 4644 671 4731 ,Perhihet
696 4661 850 4725 ergo
873 4644 1071 4712 homo
1096 4644 1218 4714 sibi
1245 4647 1682 4716 testimonium
1706 4670 1822 4737 per

292 4753 619 4839 propriam
655 4752 1102 4820 conscientiam
1112 4800 1139 4835 ,
1181 4757 1247 4822 et
1281 4754 1404 4821 hoc
1440 4757 1769 4842 tripliciter
1802 4783 1819 4829 t

294 4865 465 4949 apud
507 4862 717 4930 Deum
731 4907 751 4941 ,
779 4861 851 4926 in
874 4862 1273 4944 cognitione3
1316 4866 1489 4949 apud
1527 4870 1819 4948 sacerdo-

289 4975 423 5048 tem
441 5019 462 5055 ,
490 4971 562 5054 in
586 4968 1007 5049 confessione3
1036 4970 1206 5054 apud
1234 4988 1493 5055 omues,
1521 4974 1591 5041 in
1613 4980 1821 5045 extre-

290 5097 400 5146 ma
415 5078 918 5146 examinatione.

350 5277 371 5314 ¹
397 5277 564 5342 loon„
596 5287 725 5341 ιιι,
756 5276 927 5327 34-35.
952 5296 1017 5311 -
1050 5272 1071 5305 ²
1094 5274 1229 5336 Act„
1256 5285 1323 5340 x,
1356 5277 1434 5329 43.
1460 5302 1527 5316 —
1550 5277 1577 5315 ⁸
1596 5278 1729 5345 lac„
1762 5291 1824 5348 11,

292 5351 371 5401 2¹.
394 5375 459 5388 —
488 5350 512 5385 ὅ
545 5347 739 5409 Iudith,
766 5357 887 5410 xm,
919 5347 1085 5396 27.-
1109 5344 1293 5411 *εφη
1320 5358 1373 5412 x,
1395 5352 1446 5401 7.
1472 5375 1537 5389 -
1560 5350 1583 5386 ⁸
1610 5349 1705 5402 Vel
1730 5365 1828 5415 po-

294 5419 393 5473 tius
416 5420 576 5475 altera
602 5433 724 5486 pars
753 5414 1015 5472 Sermonis
1034 5417 1260 5488 praced-
1286 5443 1352 5461 --
1385 5421 1404 5454 ²
1431 5423 1595 5487 Joan„
1622 5432 1714 5488 xv,
1741 5425 1825 5474 27.

3356 420 3476 488 287

2017 558 2108 624 De
2131 558 2342 646 primo
2367 558 2390 593 ⁸
2420 580 2438 624 ε
2478 580 2510 621 α
2537 557 2753 625 Gloria
2777 557 2998 644 nostra
3022 554 3167 620 haec
3191 556 3327 634 est,
3357 557 3480 620 tes-

1936 666 2280 735 timonium
2307 668 2707 734 conscientias
2735 668 2998 733 nostrae.
3024 686 3053 724 η
3084 662 3265 729 Sicut
3289 662 3479 728 facies

1934 775 2202 860 pulchra
2242 778 2305 840 et
2346 779 2571 842 ornata
2614 779 2708 841 est
2755 774 2963 857 gloria
3019 788 3272 856 sponsae
3307 769 3481 854 apud

1934 900 2241 966 sponsum
2258 931 2279 962 ,
2306 881 2398 949 sic
2423 883 2613 950 facies
2639 886 2870 965 rugata
2896 885 2989 947 est
3014 878 3374 963 ignominia
3395 878 3418 914 ⁹
3452 896 3469 942 ε

1944 1010 1978 1049 α
2004 988 2212 1071 Rugae
2240 1007 2403 1054 meae
2430 990 2865 1055 testimonium
2891 989 3114 1054 contra
3143 1004 3270 1053 me.
3300 1007 3331 1046 n
3357 985 3481 1050 Ru-

1938 1114 2043 1179 gae
2083 1096 2319 1161 animae
2357 1095 2721 1161 christianas
2755 1099 2905 1161 sunt
2942 1093 3247 1178 duplices,
3289 1091 3482 1175 Ruga

1936 1203 2146 1288 prima
2177 1207 2274 1268 est
2298 1203 2547 1269 bonum
2575 1203 2939 1283 ostendere,
2988 1206 3052 1266 et
3089 1201 3334 1267 malum
3375 1201 3477 1266 in-

1936 1310 2230 1392 tendere;
2261 1311 2501 1377 bonum
2525 1312 2806 1377 exterius
2843 1309 3173 1378 ostendere
3193 1357 3215 1391 ,
3245 1312 3308 1374 et
3335 1328 3482 1374 ma-

1935 1417 2076 1483 lum
2103 1422 2168 1483 et
2195 1418 2588 1502 hypocrisim
2614 1418 2886 1484 interius
2911 1417 3169 1484 habere.
3219 1415 3438 1482 Omnis
3456 1464 3475 1498 ,

1935 1525 2051 1607 qui
2098 1524 2191 1589 sic
2234 1528 2532 1607 rugatur,
2576 1525 2780 1608 turpis
2820 1527 2958 1605 est,
3006 1524 3159 1608 quia
3197 1523 3477 1592 mendax

1938 1635 2058 1697 est.
2088 1632 2469 1697 Ambrosius
2485 1633 2531 1672 ¹⁰
2549 1654 2564 1695 z
2581 1655 2613 1694 α
2635 1631 3032 1697 Mendacium
3063 1634 3158 1696 est
3186 1630 3483 1698 Christia-

1938 1757 2105 1804 num
2126 1757 2195 1804 se
2215 1739 2425 1806 dicere
2440 1787 2459 1820 ,
2489 1744 2553 1805 et
2568 1758 2762 1828 opera
2789 1737 3015 1804 Christi
3041 1757 3175 1805 non
3192 1739 3417 1805 facere.
3439 1761 3470 1800 »

1940 1844 2237 1911 Secunda
2261 1864 2432 1929 ruga
2461 1849 2557 1911 est
2580 1864 2648 1911 se
2673 1847 2962 1911 confiteri
2989 1845 3160 1929 quod
3185 1864 3316 1911 non
3345 1850 3471 1928 est,

1940 1955 2004 2017 et
2028 1953 2311 2019 maxime
2348 1953 2416 2017 in
2445 1953 2570 2018 illis
2592 2002 2611 2033 ,
2650 1954 2764 2037 qui
2800 1952 2930 2018 dati
2958 1956 3109 2018 sunt
3152 1953 3223 2017 in
3257 1971 3477 2022 exem-

1938 2058 2153 2143 plum3
2185 2060 2358 2130 unde
2382 2059 2757 2125 Ambrosius
2784 2061 2828 2101 ¹¹
2859 2081 2876 2125 t
2905 2083 2937 2122 α
2962 2059 3361 2126 Mendacium
3389 2064 3483 2126 est

1939 2185 2008 2232 se
2050 2170 2441 2234 sacerdotem
2461 2217 2479 2247 ‚
2531 2168 2638 2234 vel
2685 2168 2988 2234 clericum
3028 2170 3359 2248 confiteri,
3411 2173 3475 2236 et

1939 2276 2256 2340 contraria
2278 2275 2433 2341 huic
2472 2276 2680 2342 ordini
2729 2267 3003 2361 operari.
3031 2297 3062 2336 n
3099 2276 3225 2343 Sed
3250 2277 3479 2364 hujus-

1941 2383 2113 2446 modi
2138 2401 2342 2464 rugas
2368 2385 2421 2448 si
2448 2384 2516 2448 in
2543 2383 2699 2448 facie
2727 2384 3126 2452 conscientiae
3149 2384 3473 2461 habueris,

1940 2486 2172 2556 Christi
2199 2508 2435 2574 sponsa
2461 2508 2596 2555 non
2622 2490 2768 2554 eris.

2018 2596 2108 2662 De
2149 2599 2431 2664 secundo
2455 2601 2500 2635 ¹¹
2530 2621 2545 2663 ε
2590 2622 2622 2662 ι
2648 2599 2917 2667 Ostende
2945 2604 3007 2665 te
3044 2599 3385 2679 sacerdoti,
3418 2604 3483 2666 et

1938 2704 2098 2769 offer
2128 2723 2369 2771 munus
2395 2710 2584 2772 tuum
2611 2707 2784 2790 quod
2808 2708 3108 2792 praecepit
3136 2706 3384 2792 Moyses
3411 2708 3480 2772 in

1938 2810 2376 2878 testimonium
2414 2812 2561 2880 illis.
2591 2835 2624 2874 ι»
2658 2813 2792 2879 Hoc
2821 2832 3059 2880 munus
3102 2819 3198 2880 est
3233 2815 3475 2880 confes-

1938 2918 2069 2999 sio,
2100 2937 2248 3003 quae
2275 2922 2371 2985 est
2414 2920 2853 2987 testimonium
2881 2920 3314 2986 mundationis
3338 2923 3472 2986 tuae

1938 3045 1979 3092 a
2005 3027 2182 3111 lepra
2210 3031 2633 3112 peccatorum.
2671 3029 2805 3096 Hoc
2837 3032 3054 3095 autem
3080 3031 3479 3112 praeceptum

1938 3135 2256 3217 divinum,
2270 3139 2347 3202 ut
2358 3138 2648 3203 ostendat
2672 3156 2741 3203 se
2767 3136 3099 3216 sacerdoti,
3125 3135 3286 3200 nihil
3304 3134 3478 3200 aliud

1938 3241 2262 3325 significat
2279 3292 2302 3325 ,
2329 3245 2453 3311 nisi
2480 3244 2652 3330 quod
2678 3245 2748 3309 in
2773 3242 3163 3310 confessione
3190 3261 3309 3308 sua
3334 3258 3479 3310 om-

1938 3351 2081 3432 nia,
2120 3368 2269 3435 quae
2297 3352 2657 3433 commisit,
2708 3351 2992 3437 plenarie
3035 3351 3309 3435 pandat,
3360 3349 3482 3414 ha-

1937 3457 2149 3525 bendo
2172 3459 2442 3526 interius
2476 3460 2920 3526 contritionem
2941 3507 2963 3539 ,
2993 3457 3329 3542 pandendo
3357 3471 3472 3522 ex·

1936 3566 2138 3632 terius
2162 3585 2278 3652 per
2292 3569 2424 3633 oris
2445 3567 2861 3651 apertionem,
2879 3563 3315 3631 satisfaciendo
3337 3581 3477 3647 pos-

1938 3673 2142 3739 terius
2170 3693 2284 3758 per
2308 3675 2586 3741 debitam
2613 3674 3079 3759 operationem3
3114 3675 3178 3737 et
3196 3675 3348 3736 tunc
3373 3689 3482 3755 po-

1937 3781 2088 3846 terit
2108 3782 2317 3848 dicere
2342 3800 2496 3848 cum
2523 3781 2779 3848 Psalmo
2804 3785 2853 3824 ¹⁸
2886 3798 2950 3845 :a
2974 3778 3284 3846 Mirabilia
3310 3778 3482 3843 testi·

1937 3887 2157 3955 monia
2181 3893 2296 3955 tua
2316 3936 2335 3968 ‚
2360 3911 2393 3951 υ
2428 3887 2734 3970 Domine,
2774 3905 2921 3971 quae
2962 3886 3150 3953 hodie
3189 3885 3388 3952 fecisti
3416 3885 3484 3950 in

1938 4015 2046 4062 me
2079 4016 2095 4060 τ
2136 4020 2168 4061 α
2191 3996 2333 4063 ideo
2359 4000 2641 4063 scrutata
2667 3998 2762 4061 est
2789 3994 3001 4060 anima
3026 4011 3191 4060 mea.
3223 4012 3256 4053 t

2019 4106 2109 4174 De
2132 4107 2321 4173 tertio
2345 4109 2393 4149 ¹⁸
2422 4128 2439 4172 ε
2465 4130 2497 4168 (ι
2525 4104 2882 4173 Ostendunt
2905 4121 3068 4188 opus
3089 4103 3255 4185 legis
3279 4100 3479 4185 scrip-

1936 4216 2080 4280 tum
2101 4215 2172 4280 in
2198 4214 2494 4280 cordibus
2520 4212 2680 4292 sum,
2710 4212 3154 4278 testimonium
3179 4208 3478 4278 reddente

1934 4321 2062 4386 illis
2087 4321 2474 4414 conscientia
2488 4321 2802 4405 ipsorum,
2833 4323 2898 4385 et
2915 4317 3082 4384 inter
3106 4335 3176 4383 se
3199 4316 3477 4384 invicem

1937 4429 2403 4512 cogitationum
2443 4428 2880 4495 accusantium
2895 4475 2921 4509 ,
2967 4431 3080 4492 aut
3135 4425 3331 4491 etiam
3369 4423 3477 4490 de·

1933 4538 2330 4604 tendentium
2360 4537 2476 4621 (b),
2517 4537 2586 4601 in
2625 4537 2727 4602 die
2747 4585 2767 4619 ,
2796 4555 2947 4602 cum
2968 4533 3280 4620 judicabit
3306 4532 3477 4598 Deus

1933 4646 2179 4712 occulta
2220 4645 2586 4711 hominum.
2617 4663 2649 4703 n
2697 4642 2746 4709 Ο
2776 4661 2972 4727 quam
3017 4640 3479 4725 gravissimum

1934 4753 2374 4822 testimonium
2406 4800 2428 4833 ‚
2497 4751 2753 4837 quando
2820 4751 3131 4835 scriptura
3200 4747 3479 4834 propriae

1935 4861 2332 4928 conscientiae
2359 4860 2694 4927 convincet
2720 4857 3050 4926 hominem
3091 4873 3308 4922 coram
3334 4871 3476 4920 om-

1906 4947 2164 5038 'nihusx
2195 4971 2240 5014 ²⁸
2272 4989 2291 5037 ι
2330 4993 2362 5036 ι
2387 4968 2712 5064 sufficiam
2751 4966 2944 5050 sedit,
2989 4969 3053 5031 et
3084 4963 3234 5029 libri
3277 4963 3480 5050 aperti

1936 5113 2044 5155 ..⁸
2070 5115 2111 5167 n
2145 5114 2283 5179 Gor„
2311 5124 2350 5176 ι,
2378 5116 2456 5165 ¹2.
2485 5139 2540 5151 —
2570 5114 2590 5144 ⁹
2617 5109 2734 5174 Job,
2765 5121 2884 5175 xvi,
2916 5112 2967 5164 9.
2994 5129 3060 5169 e-.
3082 5106 3128 5144 ¹·
3153 5106 3391 5164 Ambren.
3416 5125 3482 5164 r·-

1935 5188 1975 5232 ¹2
2010 5187 2084 5238 ld.
2113 5212 2176 5223 —
2204 5187 2245 5221 ¹²
2270 5184 2474 5245 Manli„
2506 5195 2599 5236 vm
2614 5221 2632 5249 ,
2664 5187 2712 5236 4.
2747 5207 2810 5221 —
2839 5182 2879 5218 ¹³
2908 5180 3043 5232 Psal.
3069 5188 3261 5244 cxvm,
3289 5180 3396 5229 120.
3416 5200 3480 5217 -

1935 5259 1980 5296 ¹⁸
2006 5259 2164 5323 Rom„
2190 5267 2249 5322 11,
2280 5259 2444 5308 1546.
2472 5280 2534 5294 -
2560 5256 2604 5291 ¹⁸
2634 5255 2786 5315 Dan„
2815 5262 2911 5317 vn,
2943 5256 3023 5304 10.

1998 5346 2070 5413 (a)
2102 5344 2378 5414 ewardi&
2404 5357 2504 5427 nor}
2528 5342 2710 5414 habent
2738 5353 2940 5412 omnes.
2970 5365 3034 5380 —
3066 5339 3131 5408 (ὁ)
3169 5337 3321 5404 Vulq.
3346 5337 3481 5427 0931.

1938 5417 2223 5474 tationibus
2241 5416 2658 5471 accusantibus...
2678 5411 3086 5466 defendentibus.
