4059 6317
625 442 752 509 m

627 579 732 641 ent
772 576 990 641 mam
1033 575 1385 651 accumor,
1432 593 1465 632 a
1517 573 1640 636 etc.
1687 569 2040 652 Gregorius
2079 569 2099 605 ¹
2143 588 2163 632 ι

640 704 673 742 α
697 679 1062 763 manitas
1096 678 1354 764 spiritns
1391 677 1792 761 cogitationi,
1826 675 2134 742 locutioni
2147 721 2168 752 ,

629 794 824 873 atque
841 787 1019 872 operi
1040 790 1262 854 nomo
1285 787 1522 853 insistit
1543 787 1910 870 trequenter
1932 806 1947 849 ε
1974 783 2031 848 si
2051 783 2173 849 for·

631 898 798 960 tasse
828 896 982 979 quid
1006 895 1292 962 inveniat
1313 894 1488 980 apud
1512 912 1788 961 mmen
1812 891 2037 959 aeterni
2056 892 2170 972 ju·

1721 429 2142 503 SERMONES
2185 430 2289 499 DE
2328 430 2723 503 TEMPORE.

2845 647 3134 722 SERMO
3177 652 3261 723 11.

2282 820 2288 826 ·
2362 786 2669 871 Princeps
2683 785 2914 853 mundi
2927 786 3122 868 hujus
3131 785 3277 868 jam
3285 786 3625 870 ,iudicatus
3640 798 3731 858 est
3747 792 3811 857 ¹⁰.

2282 894 2579 979 Princeps
2604 899 2852 961 amator
2874 896 3102 960 mundi
3125 896 3414 961 diabolus
3439 902 3557 978 est,
3578 899 3699 963 sub
3720 918 3819 964 cu·

632 1002 810 1082 dicis,
840 1007 1170 1069 accusator
1191 1002 1427 1069 existit.
1455 1023 1485 1061 n
1516 1000 1678 1067 Item
1701 1000 1774 1064 in
1791 1017 1904 1066 ore
1929 998 2171 1077 div-ino,
2273 1003 2386 1085 ‚ius
2413 1003 2772 1086 principatu
2821 1007 2981 1067 sunt
3008 1021 3237 1069 omnes
3264 1004 3498 1088 iniqui.
3542 1006 3663 1084 Qui
3684 1009 3817 1090 qui-

634 1108 872 1175 scilicet
894 1110 1124 1175 Christi
1149 1109 1419 1193 judicio;
1452 1109 1521 1173 in
1548 1108 1890 1173 canonica⁸
1913 1128 1931 1171 ι
1957 1129 1989 1167 ι
2016 1105 2177 1171 ane

634 1217 850 1282 veniet
877 1216 1183 1283 Dominus
1218 1216 1289 1282 in
1330 1216 1566 1281 sanctis
1600 1213 1885 1279 millibus
1921 1213 2058 1277 suis
2084 1213 2179 1277 fa·

631 1342 778 1390 cere
793 1324 1107 1408 judicium
1137 1328 1358 1389 contra
1380 1340 1625 1402 omnes,
1656 1324 1722 1386 et
1744 1336 2020 1403 arguere
2046 1337 2180 1385 om·

637 1451 751 1498 nes
776 1431 1007 1515 impios
1033 1432 1112 1497 de
1138 1432 1438 1516 operibus
1476 1427 1831 1513 iniquitatis
1856 1443 2107 1505 eorum,
2136 1447 2169 1487 n

639 1545 760 1606 etc.
798 1538 960 1605 Ecce
999 1544 1175 1624 patet
1214 1538 1385 1622 quod
1431 1539 1498 1601 in
1535 1536 1780 1619 judicio
1817 1535 2187 1616 arguentur

640 1645 819 1730 impii
841 1646 919 1712 de
945 1645 1143 1729 impia
1167 1643 1536 1729 operatione
1557 1642 1665 1724 (a).
1697 1641 1857 1707 Item
1881 1640 1961 1705 de
1981 1638 2183 1722 impia

639 1753 984 1833 locutione;
1018 1753 1186 1817 unde
1229 1752 1519 1835 sequitur
1546 1751 1569 1788 ¹
1601 1772 1619 1815 z
1667 1772 1697 1811 α
1740 1747 1822 1814 Ει
1857 1747 1934 1811 de
1974 1747 2183 1811 omni-

639 1863 787 1942 bus,
815 1879 961 1945 quae
981 1860 1176 1927 locuti
1204 1864 1377 1926 sunt.
1408 1880 1440 1920 n
1475 1859 1633 1924 ltem
1660 1857 1741 1923 de
1768 1855 1969 1938 impia
1992 1852 2182 1935 cogi-

641 1970 877 2036 tatione
903 1973 926 2009 ⁸
959 1992 976 2036 2
1014 1992 1048 2030 οι
1083 1968 1244 2046 Quid
1288 1967 1564 2051 nequius
1595 1983 1674 2031 eo
1717 1963 1822 2047 (b),
1867 1961 2040 2045 quod
2068 1979 2185 2027 ex-

642 2075 883 2160 cogitat
920 2095 1067 2143 caro
1106 2081 1170 2142 et
1202 2074 1516 2157 sanguis?
1562 2072 1641 2138 Et
1680 2089 1764 2137 ex
1809 2069 1885 2153 (c)
1922 2069 2045 2134 hoc
2077 2085 2182 2133 ar-

643 2189 902 2267 guetur.
935 2207 966 2246 υ

723 2291 1044 2374 Arguitur
1081 2291 1276 2357 etiam
1303 2292 1632 2373 peccatum
1669 2304 1864 2371 opere
1891 2285 2185 2371 quadru-

645 2398 817 2483 plici,
846 2400 1139 2467 videlicet
1167 2420 1183 2465 2
1232 2416 1424 2482 opere
1450 2396 1861 2463 correctionis
1887 2394 1962 2458 in
1988 2412 2181 2459 mun·

644 2508 727 2573 do
749 2508 772 2544 ⁸
804 2530 821 2572 2
860 2531 892 2569 ι
918 2507 1038 2574 Fili
1066 2508 1188 2589 mi,
1229 2506 1363 2573 noli
1405 2506 1744 2587 negligere
1786 2502 2187 2586 disciplinam

646 2613 919 2693 Domini,
949 2633 1159 2699 neque
1186 2614 1505 2697 fatigeris,
1540 2612 1698 2678 dum
1730 2611 1813 2675 ab
1847 2627 1925 2675 eo
1950 2626 2187 2690 argue-

646 2722 758 2786 ris.
789 2722 968 2788 Certe
991 2742 1125 2788 non
1163 2722 1355 2788 debes
1395 2718 1672 2802 fatigari,
1721 2717 1874 2801 quia
1917 2716 2190 2798 signum

646 2834 743 2901 est
767 2830 1003 2895 divinae
1028 2830 1379 2895 dilectionis
1408 2829 1432 2865 ⁸
1480 2850 1498 2892 ε
1537 2849 1569 2889 α
1610 2824 1749 2908 Ego
1792 2840 1958 2907 quos
2000 2838 2185 2900 amo,

647 2957 855 3021 arguo
871 2941 937 3004 et
949 2938 1216 3020 castigo.
1245 2959 1277 2998 n
1300 2935 1696 3019 Augustinus
1716 2932 1740 2970 ‘¹
1772 2954 1788 2999 ε
1815 2954 1847 2993 α
1866 2929 1935 2997 Si
1965 2948 2192 3014 excep-

648 3051 756 3113 tus
781 3066 850 3112 es
875 3065 916 3111 a
940 3046 1229 3130 passione
1255 3042 1696 3127 flagellorum,
1726 3042 2125 3125 exceptus-es
2150 3056 2193 3102 a

648 3170 919 3220 numero
972 3136 1278 3219 filiorum.
1334 3172 1366 3212 n
1427 3150 1586 3214 ltem
1636 3164 1832 3231 opere
1879 3144 2191 3228 passionis

561 3316 570 3325 ,
650 3259 881 3326 Christi
927 3260 997 3325 in
1046 3259 1333 3343 patibulo
1385 3277 1404 3324 z
1459 3274 1593 3322 non
1645 3257 1740 3319 est
1791 3252 2020 3336 utique
2072 3251 2191 3334 qui

650 3372 998 3452 utrumque
1023 3365 1231 3433 valeat
1255 3380 1557 3447 arguere,
1585 3365 1650 3428 et
1672 3363 1922 3444 {ponere
1960 3374 2193 3424 manus

649 3478 721 3543 in
746 3476 1081 3554 ambobus,
1114 3474 1281 3538 sicut
1298 3471 1456 3537 olim
1480 3467 1989 3553 conquerebatur
2008 3466 2189 3547 Job·;

653 3585 764 3650 sed
792 3588 962 3649 certe
985 3584 1203 3665 postea
1230 3578 1510 3645 Christus
1534 3577 1603 3641 in
1625 3577 1917 3659 passione
1939 3593 2061 3641 sua
2086 3592 2191 3639 sa·

654 3690 1018 3757 tisfaciendo
1038 3687 1255 3771 arguit
1273 3691 1645 3768 utrumque,
1662 3682 1895 3749 scilicet
1908 3700 2191 3766 poenam,

653 3805 718 3866 et
738 3800 1026 3884 culpam,
1070 3803 1133 3864 et
1173 3814 1442 3861 manum
1475 3794 1820 3871 ambobus,
1862 3791 2102 3856 scilieet
2124 3790 2195 3855 in

507 3885 532 3917 ⁹
659 3909 908 3976 Patrem
941 3924 1174 3985 suum,
1204 3902 1362 3970 etin
1386 3901 1716 3966 hominem
1744 3900 1944 3979 misit,
1969 3899 2195 3965 ambos

660 4014 1143 4083 reconciliando.
1174 4011 1288 4078 Vel
1315 4017 1652 4093 utrumque
1679 4009 1924 4090 arquit,
1957 4006 2198 4072 scilieet

658 4123 980 4191 diabolum
1011 4124 1075 4186 et
1099 4119 1431 4185 hominem
1461 4135 1480 4182 ε
1509 4115 1855 4195 diabolum,
1884 4118 2195 4198 tanquam

658 4233 1087 4315 deceptorem;
1118 4227 1471 4305 hominem,
1500 4228 1806 4305 tanquam
1832 4226 2198 4304 transgres-

659 4357 900 4418 sorem3
935 4344 994 4405 et
1019 4351 1282 4403 manum
1307 4335 1383 4401 in
1408 4330 1703 4399 ambobus
1742 4332 1946 4408 misit,
1978 4329 2196 4394 diabo-

659 4448 797 4514 lum
850 4443 1132 4510 feriendo
1154 4490 1173 4520 ,
1231 4440 1559 4506 hominem
1622 4435 1968 4519 eripiendo,
2037 4434 2198 4500 ltem

660 4572 852 4638 opere
882 4545 1325 4626 damnationis,
1355 4551 1429 4611 ιιι
1457 4545 1527 4609 in
1548 4545 1796 4608 inferno
1812 4564 1830 4622 ;
1870 4543 2023 4607 item
2053 4559 2193 4605 cor-

662 4659 959 4727 rectionis
986 4660 1054 4722 in
1095 4653 1492 4741 purgatorio.
1536 4651 1624 4716 De
1652 4653 1925 4733 utroque
1966 4648 2201 4713 dicitur

662 4767 733 4834 in
762 4766 1013 4833 Psalmo
1037 4764 1062 4800 ⁸
1090 4787 1108 4829 ι
1148 4786 1180 4824 α
1206 4762 1492 4838 Domine,
1523 4777 1608 4823 ne
1634 4758 1702 4822 in
1721 4757 1936 4821 furore
1959 4759 2075 4821 tuo
2096 4775 2198 4820 ar·

664 4894 835 4959 guas
866 4892 997 4952 me,
1044 4894 1078 4932 1>
1112 4870 1350 4935 scilicet
1389 4868 1458 4933 in
1501 4865 1782 4944 inferno,
1820 4888 1852 4926 ι
1894 4881 2107 4947 neque
2130 4864 2201 4929 in

663 4983 761 5047 ira
783 4986 896 5047 tua
922 4978 1229 5062 corripias
1256 4994 1383 5056 me,
1412 4997 1443 5036 n
1479 4974 1547 5039 in
1573 4971 1971 5057 purgatorio.

729 5146 742 5175 ¹
773 5144 1009 5207 Gregor„
1037 5139 1263 5205 Dialoq„
1287 5137 1378 5189 lib.
1411 5139 1497 5201 nl,
1525 5151 1571 5188 c.
1602 5145 1712 5186 ιιι.
1732 5160 1795 5172 -
1819 5134 1842 5169 ⁸
1865 5130 2000 5194 Iud„
2028 5134 2112 5183 ιδ.
2139 5158 2201 5172 -

662 5216 687 5255 ⁸
724 5216 851 5267 ibid.
888 5241 952 5254 -
985 5214 1010 5250 ὁ
1044 5212 1225 5273 Εοειί.,
1266 5222 1406 5275 xvu,
1446 5211 1525 5260 30.
1556 5234 1620 5246 —
1657 5208 1681 5243 ⁸
1713 5204 1885 5266 Helm,
1919 5216 2024 5265 111,
2059 5207 2109 5255 5.
2139 5232 2202 5245 —

664 5289 687 5324 ⁶
713 5291 883 5352 Αροε..
911 5297 1001 5347 ιιι,
1029 5287 1109 5336 19.
1137 5310 1201 5323 —
1227 5284 1245 5315 ²
1271 5285 1425 5347 Aug„
1457 5294 1615 5332 serm.
1642 5290 1786 5339 xnvt,
1822 5277 1887 5328 al.
1916 5276 1980 5326 de
2016 5276 2205 5342 remp.,

664 5371 817 5423 cuv,
855 5372 910 5411 n.
947 5362 1030 5411 11.
1060 5382 1123 5396 -
1162 5356 1182 5387 ¹
1216 5353 1334 5422 svb,
1373 5366 1458 5416 ιι,
1499 5355 1583 5404 15.
1622 5378 1678 5390 --
1720 5351 1739 5383 ⁰
1774 5347 1912 5402 Pul.
1946 5360 2027 5412 vt,
2063 5354 2113 5401 1.
2140 5372 2205 5390 ι-

665 5432 710 5469 ¹⁰
735 5432 900 5495 luam,
930 5442 1046 5495 xvi,
1084 5433 1159 5481 Η.
1184 5454 1247 5467 -
1282 5430 1313 5459 ¹¹
1341 5427 1546 5490 lev-em„
1580 5436 1665 5487 vx,
1692 5425 1771 5475 28.
1799 5448 1862 5459 —
1894 5421 1930 5453 ¹²
1966 5423 2202 5485 Gregor„

2282 1111 2428 1177 dem
2450 1113 2586 1193 jam
2626 1110 2957 1192 judicatus
2996 1114 3123 1189 est3
3175 1114 3240 1174 et
3285 1115 3501 1177 tamen
3548 1114 3819 1196 quotidie

2283 1223 2606 1302 operatur,
2632 1217 2806 1282 unde
2847 1218 3116 1299 gravius
3148 1218 3492 1301 judicetur.
3526 1219 3683 1285 Cum
3709 1240 3818 1286 au·
3846 1229 4027 1284 Ptine-v·

2284 1329 2415 1389 tem
2442 1325 2737 1408 princeps
2760 1325 2983 1391 debeat
3020 1343 3158 1390 esse
3200 1325 3438 1405 fidelis,
3495 1327 3817 1410 pacificus,
3867 1291 4007 1396 iffi}

2285 1429 2585 1512 clemens,
2601 1433 2851 1514 justus,
2874 1433 3172 1516 princeps
3190 1433 3601 1500 tenebrarum
3624 1437 3819 1501 totum

2285 1539 2679 1603 contrarium
2706 1538 2919 1604 habet.
2964 1537 3622 1606 Fraudulentissimus
3645 1542 3824 1607 estin

2289 1645 2730 1729 promissione,
2778 1644 3295 1729 inquietissimus
3333 1649 3403 1712 in
3444 1650 3821 1729 tentatione,

2289 1753 2766 1818 crudelissimus
2790 1753 2857 1817 in
2888 1753 3265 1837 perditione,
3288 1756 3745 1838 injustissimus
3761 1758 3824 1820 in

2290 1858 2729 1925 retributione.

2373 1966 2458 2031 De
2488 1967 2695 2049 primo
2722 1968 2761 2004 ¹¹
2795 1986 2814 2032 ε
2850 1966 3132 2034 «Omnes
3154 1969 3257 2033 isti
3286 1969 3608 2053 principes
3639 1970 3829 2036 decli-

2292 2079 2448 2139 nant
2472 2074 2875 2139 ambulantes
2905 2074 3356 2158 fraudulenter,
3405 2099 3437 2138 n
3476 2083 3599 2143 etc.
3648 2077 3827 2142 Prin-

2294 2181 2463 2265 cipes
2479 2182 2582 2246 isti
2604 2187 2756 2247 sunt
2772 2183 3115 2259 daemones,
3136 2182 3251 2265 qui
3272 2202 3426 2250 vere
3444 2184 3829 2251 fraudulenti

2295 2294 2445 2352 sunt
2475 2306 2491 2352 ε
2525 2288 2950 2370 promittendo
2976 2288 3153 2354 enim
3183 2290 3564 2372 dignitates,
3604 2290 3826 2374 volup-

2295 2399 2476 2473 tateS,
2507 2395 2782 2474 divitias,
2812 2396 3077 2478 longam
3102 2397 3325 2476 vitam,
3354 2398 3618 2464 finalem
3648 2397 3834 2481 poeni·

2296 2502 2558 2567 tentiam
2574 2548 2596 2581 ,
2650 2502 2887 2567 multos
2927 2503 3277 2586 decipiunt.
3334 2503 3686 2588 Gregorius
3728 2506 3771 2545 ¹¹
3811 2524 3829 2568 t

2305 2632 2337 2672 α
2385 2608 2684 2675 Diabolus
2732 2610 2921 2675 modo
2968 2610 3243 2676 aliorum
3292 2612 3457 2677 facta
3500 2614 3828 2694 graviora,

2298 2717 2487 2782 modo
2515 2715 2678 2781 nihil
2695 2734 2831 2781 esse
2859 2718 3027 2801 quod
3048 2722 3480 2800 perpetratum
3500 2723 3622 2801 est,
3651 2720 3835 2784 modo

2298 2824 2769 2890 misericordem
2798 2825 3002 2891 Deum
3042 2825 3351 2909 loquitur,
3382 2827 3577 2893 modo
3625 2828 3834 2892 subse-

2298 2951 2504 3016 quens
2546 2936 2801 3017 tempus
2846 2934 2927 2998 ad
2978 2935 3421 3018 poenitentiam
3464 2936 3796 3020 pollicetur
3814 2984 3831 3018 ,

2297 3047 2371 3106 ut
2401 3042 2499 3124 (d)
2526 3060 2642 3125 per
2671 3042 2794 3108 hoc
2818 3043 3077 3126 decepta
3114 3061 3295 3108 mens
3333 3044 3687 3110 abducatur
3728 3049 3832 3125 (e),

2299 3149 2381 3214 ab
2409 3150 2758 3217 intentione
2789 3150 3178 3233 poenitentiae
3221 3156 3284 3215 et
3315 3152 3392 3234 (Γ)
3433 3174 3466 3213 α
3492 3152 3834 3236 suspenda-

2299 3260 2431 3323 tur.
2446 3278 2477 3318 n
2490 3257 2570 3319 ¹³«
2581 3257 2853 3322 Consilia
2865 3257 3212 3340 impiorum
3226 3257 3656 3338 fraudulenta,
3673 3280 3703 3318 n
3718 3260 3834 3323 etc.

2302 3365 2352 3431 Ο
2379 3367 2621 3449 quanta
2662 3364 3118 3430 fraudulentia!
3167 3365 3326 3430 Cum
3365 3367 3653 3431 maxime
3687 3365 3839 3430 arri-

2288 3473 2454 3559 ‚dent
2495 3472 2744 3537 homini
2784 3472 2852 3537 in
2893 3462 3456 3557 prosperitatibus,
3505 3479 3583 3540 ιιι
3629 3474 3841 3538 fallant
3912 3492 3920 3504 ·

2300 3579 2578 3645 lasciviis
2608 3585 2674 3645 et
2692 3579 3103 3661 vanitatibus,
3133 3583 3289 3647 tunc
3313 3581 3599 3647 maxime
3621 3581 3840 3647 timen-

2302 3689 2368 3754 di
2395 3694 2568 3754 sunt.
2597 3689 2952 3773 Cyprianus
2976 3689 3021 3725 ¹⁸
3052 3710 3069 3753 ε
3108 3710 3141 3751 α
3168 3688 3471 3754 Diabolus
3496 3690 3837 3766 blanditur,

2303 3798 2379 3860 ut
2402 3794 2612 3873 fallat;
2645 3794 2909 3873 arridet,
2941 3796 3020 3859 ut
3047 3800 3300 3875 noceat3
3330 3794 3546 3876 allicit,
3580 3800 3656 3861 ut
3686 3793 3843 3860 occi·

2303 3901 2466 3967 dat.»
2486 3902 2618 3968 Hoc
2636 3903 3041 3984 significatur
3060 3903 3127 3967 in
3142 3902 3299 3970 Joab
3323 3903 3615 3987 principe
3634 3904 3701 3983 ¹⁸,
3732 3902 3843 3985 qui

2305 4010 2607 4083 Amasam
2631 4011 2974 4077 osculando
3003 4012 3335 4078 interfecit.
3387 4011 3691 4078 Osculum
3716 4011 3843 4076 dia-

2305 4117 2461 4196 boli,
2486 4117 2646 4183 falsa
2669 4121 2976 4185 securitas
3001 4121 3368 4203 peccatoris.
3399 4120 3725 4187 Libentius
3745 4119 3844 4185 de-

2305 4226 2492 4291 beres
2516 4244 2556 4290 a
2594 4225 2839 4294 Christo
2884 4227 3225 4311 castigari,
3267 4247 3465 4311 quam
3513 4248 3556 4294 a
3597 4227 3844 4295 diabolo

2306 4333 2582 4399 osculari
2621 4335 2668 4371 ¹⁸
2699 4356 2715 4400 ε
2753 4358 2787 4397 ι
2807 4334 3069 4402 Meliora
3106 4341 3261 4401 sunt
3286 4338 3559 4403 vulnera
3582 4338 3848 4419 diligen-

2306 4441 2424 4521 tis,
2475 4459 2672 4525 quam
2715 4442 3117 4508 fraudulenta
3147 4443 3420 4509 odientis
3463 4444 3700 4510 oscula.
3736 4467 3768 4504 n
3797 4441 3845 4508 E

2308 4549 2629 4615 confi-ario
2655 4548 2939 4616 Christus
2964 4549 3257 4634 princeps
3296 4549 3704 4617 fidelissimus
3728 4554 3845 4629 est,

2309 4656 2422 4739 qui
2449 4656 2872 4738 cogitationes
2893 4656 3138 4722 fraudis
3157 4658 3357 4723 nescit
3380 4657 3423 4695 ¹¹
3454 4678 3470 4722 ε
3495 4680 3528 4721 ι
3551 4658 3848 4740 Princeps

2308 4780 2465 4830 vero
2496 4763 2574 4846 (ρ)
2602 4781 2699 4845 ea,
2729 4781 2878 4847 quae
2904 4762 3107 4845 digua
3133 4769 3284 4830 sunt
3311 4765 3629 4849 principe,
3669 4763 3848 4846 cogi-

2310 4871 2494 4937 tabit.
2523 4892 2556 4932 n

2310 5041 2526 5101 Pastor..
2571 5043 2701 5106 part.
2740 5042 2841 5105 ΙΙΙ,
2884 5055 2933 5092 c.
2978 5053 3124 5093 χιιι.
3167 5069 3222 5078 -
3270 5041 3315 5078 ¹³
3351 5043 3521 5103 Pron..
3563 5055 3672 5109 xix,
3710 5044 3758 5093 5.
3788 5066 3850 5079 -

2317 5112 2359 5150 ¹⁸
2385 5112 2622 5179 cyprian.
2652 5139 2717 5153 -
2745 5113 2785 5150 ¹⁸
2818 5114 2861 5163 u
2892 5113 3029 5180 neq„
3057 5126 3155 5180 xx,
3183 5116 3236 5166 9.
3266 5140 3329 5155 -
3357 5115 3398 5152 ¹⁶
3429 5115 3596 5179 From,
3632 5125 3767 5179 xvii,
3798 5117 3848 5164 6.

2312 5210 2377 5223 -
2407 5185 2446 5219 ¹⁷
2476 5186 2596 5248 Iso„
2625 5196 2802 5249 xxxn,
2831 5188 2880 5240 8.

2374 5283 2442 5346 (α)
2494 5282 2620 5334 Goet.
2661 5283 2787 5335 edit.
2837 5284 3090 5336 oratione.
3135 5310 3202 5323 —
3248 5283 3322 5350 (b)
3377 5285 3526 5352 νεαρ.
3572 5300 3742 5353 quam.
3787 5309 3849 5322 —

2313 5352 2380 5416 (c)
2417 5353 2567 5419 ναις.
2592 5368 2689 5405 non
2714 5354 2863 5406 habet
2887 5368 2971 5407 ex.
2995 5380 3059 5394 -
3081 5354 3159 5419 (d)
3189 5356 3365 5420 Suppl.
3394 5357 3530 5409 dum.
3554 5385 3617 5396 —
3643 5360 3705 5423 (e)
3734 5357 3843 5421 leq.

2313 5424 2535 5478 ducitur.
2553 5452 2617 5465 —-
2646 5428 2717 5493 (s)
2747 5427 2860 5480 Del.
2889 5432 2960 5479 et.
2978 5452 3043 5466 -
3070 5428 3144 5493 (o)
3176 5426 3305 5480 Get.
3330 5427 3458 5480 edit.
3488 5442 3628 5483 vere.
