4059 6317
718 491 840 561 276

721 627 1004 695 Christus
1027 617 1098 688 in
1123 611 1361 687 carnali
1386 615 1603 682 anima
1625 609 1949 677 invenitur
1966 615 1986 651 ¹
2010 627 2027 670 t
2048 630 2080 670 α
2112 607 2256 674 Non

718 735 1047 804 invenitur
1072 732 1141 797 in
1170 734 1341 796 terra
1361 725 1641 792 suaviter
1651 719 2034 788 viventium.
2055 740 2086 778 υ
2109 716 2260 783 Ber-

718 844 963 911 nardus
986 844 1012 879 ²
1036 859 1055 904 t
1086 862 1117 903 α
1144 835 1421 904 circuire
1434 847 1686 917 possem
1702 826 1960 907 coelum,
1984 829 2254 906 terram,

718 970 896 1017 mare
936 953 1000 1015 et
1036 946 1277 1013 aridam
1302 990 1318 1020 ,
1360 944 1426 1006 et
1464 952 1787 1022 nusquam
1832 938 1895 999 te
1933 932 2258 999 inveniam

717 1060 844 1126 nisi
869 1059 943 1123 in
970 1074 1158 1122 cruce
1187 1072 1205 1119 ε
1237 1050 1326 1118 ibi
1352 1047 1615 1126 dormis,
1644 1043 1738 1109 ibi
1765 1042 1996 1127 pascis,
2024 1041 2118 1106 ibi
2143 1059 2256 1106 cu-

715 1170 831 1233 bas
854 1168 927 1234 in
947 1163 1235 1231 meridie.
1264 1183 1295 1222 ι

799 1273 888 1340 De
926 1270 1203 1338 secundo
1230 1274 1297 1332 ⁸:
1335 1290 1368 1329 α
1397 1265 1520 1343 Qui
1545 1262 1772 1327 timent
1810 1259 2046 1337 Deum,
2075 1256 2261 1322 inve-

718 1383 899 1449 nient
914 1383 1166 1463 ,iustum
1185 1374 1526 1461 judicium.
1558 1393 1589 1431 υ
1624 1368 1742 1434 Hic
1765 1367 1980 1433 viduae
2011 1367 2076 1430 et
2099 1382 2259 1448 pau-

718 1511 903 1579 peres
916 1542 935 1574 ,
965 1495 1030 1559 et
1058 1490 1256 1555 Deum
1277 1487 1574 1551 timentes
1599 1499 1748 1547 raro
1770 1478 2109 1544 inveniunt
2129 1476 2261 1557 jus-

717 1604 954 1681 titiam;
984 1598 1075 1663 ibi
1102 1600 1321 1662 autem
1346 1590 1698 1657 invenitur.
1745 1583 2155 1668 Augustinus
2180 1579 2203 1617 ⁸
2235 1603 2252 1645 ε

725 1735 757 1775 α
782 1710 969 1777 Ferto
995 1705 1267 1791 injurias
1288 1752 1306 1783 ,
1337 1715 1599 1766 securus
1648 1699 1814 1775 estc,
1858 1693 2045 1758 saciet
2085 1690 2258 1755 enim

719 1817 1029 1884 Dominus
1060 1808 1521 1878 miserIcordias
1537 1809 1601 1870 et
1618 1801 1936 1887 judicium
1955 1797 2259 1865 omnibus

717 1924 1028 2009 injuriam
1066 1916 1478 2005 patientibus.
1509 1935 1541 1974 n
1595 1910 1717 1977 Sed
1747 1908 1995 1973 attende
2041 1907 2112 1971 in
2155 1904 2259 1970 die

716 2031 1069 2099 novissimo
1088 2026 1398 2111 triplicem
1424 2018 1863 2086 inventionem
1882 2013 2258 2081 timentibus

716 2140 943 2207 Deum.
980 2135 1314 2203 Invenient
1337 2131 1512 2197 enim
1548 2125 1842 2194 membra
1881 2141 1999 2189 sua
2040 2122 2110 2186 in
2153 2138 2258 2185 re-

718 2248 1109 2316 surrectione
1130 2293 1148 2324 ,
1176 2243 1314 2308 sive
1340 2239 1508 2324 lupi,
1542 2236 1679 2301 sive
1706 2249 1893 2298 canes
1911 2277 1927 2309 ,
1957 2229 2096 2298 sive
2118 2245 2260 2296 ver-

719 2375 856 2422 mes
894 2352 1297 2420 comederent
1342 2366 1419 2413 ea
1456 2347 1479 2383 ⁸
1518 2367 1533 2409 :
1577 2366 1609 2406 α
1634 2341 1759 2408 Alii
1784 2337 2039 2405 distenti
2082 2339 2254 2414 sunt,

719 2482 851 2529 non
893 2459 1306 2543 suscipientes
1343 2450 1844 2534 redemptionem
1867 2493 1885 2524 ,
1934 2447 2007 2510 ut
2041 2442 2260 2507 melio-

719 2585 861 2637 rem
892 2567 1255 2634 invenirent
1282 2557 1830 2627 resurrectionem.
1858 2574 1888 2615 »
1923 2550 2261 2616 Invenient

720 2695 916 2763 opera
939 2676 1110 2741 bona
1136 2673 1206 2738 in
1230 2668 1733 2735 manifestatione
1757 2663 1782 2699 ⁰
1815 2686 1830 2727 ε
1870 2683 1902 2722 α
1934 2658 2115 2724 Mitte
2142 2675 2258 2742 pa·

720 2804 873 2852 nem
899 2790 1091 2848 tuum
1116 2796 1308 2863 super
1333 2775 1732 2840 transeuntes
1758 2784 1958 2852 aquas
1972 2815 1994 2846 ,
2028 2767 2261 2848 etpost

722 2895 925 2961 multa
978 2897 1267 2973 tempora
1324 2883 1610 2950 invenies
1650 2879 1858 2944 illum.
1905 2898 1937 2937 ι»
1968 2874 2262 2943 Invenies

722 3005 890 3066 certe
919 3015 1152 3082 panem
1179 2994 1729 3074 eleemosynarum
1752 2990 2034 3063 tuarum,
2064 2999 2264 3067 quan-

720 3109 804 3174 do
839 3107 1083 3171 dicetur
1107 3101 1223 3167 tibi
1246 3097 1445 3164 illud¹¹
1479 3118 1495 3161 ε
1529 3117 1562 3156 α
1588 3093 1843 3159 Esurivi
1861 3139 1882 3170 ,
1916 3094 1982 3156 et
2007 3088 2264 3154 dedistis

722 3214 883 3278 mihi
896 3212 975 3277 ad
993 3205 1531 3284 manducandum,
1549 3225 1580 3263 υ
1603 3206 1722 3268 etc.
1750 3199 1854 3265 Sic
1865 3202 1928 3263 et
1945 3197 2071 3262 alia
2095 3197 2264 3260 bona

722 3322 812 3387 ibi
858 3318 1167 3387 iuvenies.
1198 3314 1249 3381 E
1276 3310 1592 3380 contrario
1629 3308 1709 3373 de
1744 3304 2130 3391 quibusdam
2157 3302 2263 3367 di-

724 3431 890 3496 citur
924 3446 965 3493 a
993 3423 1328 3492 Psalmista
1367 3420 1448 3505 (a)
1475 3419 1543 3482 ⁸:
1583 3439 1615 3479 α
1641 3413 2050 3481 Dormierunt
2088 3427 2264 3475 som-

722 3555 884 3602 num
912 3552 1106 3602 suum
1123 3580 1145 3613 ‚
1177 3534 1241 3596 et
1266 3527 1431 3593 nihil
1457 3523 1842 3590 invenerunt
1876 3536 2096 3585 omnes
2136 3517 2263 3581 viri

724 3642 1090 3710 divitiarum
1115 3637 1186 3702 in
1219 3634 1517 3701 manibus
1564 3631 1719 3696 suis.
1752 3651 1784 3690 a
1820 3625 1896 3693 In
1939 3642 2261 3690 resurrec-

723 3752 896 3818 tione
920 3750 1093 3816 enim
1121 3747 1199 3812 de
1224 3759 1450 3810 somno
1477 3739 1703 3806 mortis
1729 3738 2025 3818 surgent,
2061 3737 2125 3798 et
2164 3731 2263 3796 ni·

723 3857 819 3924 hil
843 3856 1171 3924 invenient
1190 3852 1260 3917 in
1278 3848 1577 3915 manibus
1595 3844 1752 3936 suis.
1781 3841 2188 3924 Augustinus
2201 3839 2259 3904 ⁹:

729 3987 762 4027 α
785 3963 896 4032 Vis
919 3963 1096 4030 aliud
1115 3958 1406 4027 invenim
1432 3955 1505 4019 in
1530 3952 1828 4018 manibus
1852 3948 1982 4013 tuis
2005 3946 2262 4031 postea?

726 4071 858 4138 noli
886 4074 1290 4137 contemnere
1318 4063 1509 4129 modo
1536 4075 1805 4125 manum
1830 4053 2164 4139 pauperis;
2198 4059 2263 4117 et

726 4179 966 4263 respice
997 4178 1073 4261 (b)
1104 4191 1336 4241 manus
1361 4173 1583 4237 inanes
1596 4217 1617 4249 ,
1655 4167 1708 4231 si
1734 4165 1834 4233 vis
1857 4163 2094 4228 habere
2119 4179 2258 4226 ma-

727 4304 855 4352 nus
878 4286 1119 4371 plenas.
1152 4304 1183 4343 n
1216 4281 1376 4345 ltem
1412 4275 1736 4345 invenitur
1767 4271 2011 4355 justitia
2047 4269 2120 4333 in
2160 4287 2257 4334 re-

728 4393 1074 4458 tributione
1096 4391 1143 4431 ¹⁰
1175 4407 1193 4453 ε
1233 4405 1266 4450 α
1290 4384 1460 4450 Bene
1497 4383 1595 4447 fac
1622 4383 1800 4464 justo
1813 4428 1831 4460 ,
1870 4381 1933 4443 et
1964 4375 2256 4441 invenies

727 4499 1213 4567 retributionem
1251 4507 1561 4574 magnam
1580 4535 1599 4566 ‚
1628 4490 1694 4552 et
1727 4487 1938 4550 sinon
1966 4483 2215 4567 abipso
2237 4530 2257 4561 ‚

728 4610 897 4672 certe
922 4625 963 4670 a
1001 4601 1290 4669 Domino.
1318 4618 1350 4660 n
1386 4596 1438 4662 E
1484 4594 1802 4661 contrario
1843 4591 2028 4675 impii
2071 4591 2262 4656 inve-

728 4714 911 4779 nient
926 4713 1164 4776 malam
1181 4703 1686 4772 retributionem.
1708 4699 2048 4765 Psalmus¹¹
2070 4718 2086 4762 t
2110 4718 2141 4759 (t
2163 4695 2263 4762 In-

730 4820 1027 4888 veniatur
1052 4830 1285 4881 manus
1302 4817 1412 4877 tua
1428 4809 1728 4876 omnibus
1744 4806 2021 4871 inimicis
2046 4805 2197 4870 tuis.
2219 4823 2251 4865 n

806 4927 896 4993 De
938 4925 1124 4991 tertio
1152 4925 1196 4961 ¹¹
1227 4945 1240 4960 ·
1282 4942 1315 4982 α
1345 4916 1574 4985 Mulier
1605 4915 1923 4998 gratiosa,
1962 4935 1995 4974 ιι
2027 4914 2095 4979 id
2128 4916 2258 4996 est,

791 5126 943 5195 ¹10⁶,
971 5138 1168 5188 xxvm,
1199 5125 1273 5176 13.
1300 5120 1589 5170 —⁸Bern.
1617 5141 1682 5153 —
1707 5113 1937 5176 ⁸1’.‚Eccl
1964 5123 2144 5177 xxxn,
2179 5116 2259 5165 20.

731 5225 786 5240 --
829 5167 1327 5268 1Ἀιι8.,1ῑ;ιιαιί·.ίη
1363 5189 1501 5240 Psal.
1530 5199 1712 5252 c¹1‚n.
1743 5189 1820 5237 14.
1847 5149 2155 5246 —’⁸Hebr·',
2182 5193 2259 5247 xl,

729 5277 897 5326 3δ.-
924 5273 948 5310 ⁸
971 5271 1155 5375 Eccl’e„
1182 5278 1263 5331 ιι,
1293 5270 1338 5317 1.
1364 5262 1470 5301 —'¹
1492 5224 1696 5322 uau’lz„
1724 5268 1849 5320 xxv,
1878 5259 2043 5307 35.—
2068 5253 2091 5289 ⁸
2118 5220 2259 5307 Ρεαὶ.

727 5293 1840 5408 mv‚e.—’Ang=’1³2.,Enar1-.inpeal.
1879 5329 2261 5390 c11,n.¹4.—

730 5414 971 5476 ¹⁸Bccli„
994 5426 1092 5479 ιιι,
1115 5416 1164 5465 2.
1196 5438 1252 5450 -
1286 5367 1485 5458 18ἰ’ςιιὶ.
1516 5415 1617 5464 xx,
1643 5404 1693 5452 9.
1719 5400 1851 5439 -11
1876 5400 2040 5463 Prov„
2065 5410 2143 5464 ιι,
2180 5401 2260 5452 16.

730 5451 2256 5550 --¹⁸Prov.,v111,1·1-28.-¹·13ern.-¹⁸uaetla.,x1x,

1720 564 1725 568 Φ
1816 449 2236 541 SERMON'ES
2278 472 2382 540 DE
2419 468 2812 542 TEMPORE.

2364 610 2579 674 anima
2605 614 2821 676 sancta
2836 660 2854 691 ‚
2893 633 2925 673 α
2951 608 3237 675 inveniet
3268 606 3580 690 gloriam.
3608 628 3640 668 n
3674 606 3750 670 In
3794 604 3913 670 hac

2367 715 2576 798 gloria
2616 716 2946 782 invenient
2963 716 3122 799 justi
3151 733 3345 799 super
3371 709 3445 779 se
3476 711 3876 797 opulentiam
3889 757 3912 790 ,

2363 826 2427 888 et
2456 823 2853 890 divinitatem
2869 825 2916 865 ¹⁸
2950 845 3010 888 :e
3028 821 3147 901 Qui
3174 840 3363 888 mane
3386 819 3822 903 vigilaverint
3837 818 3916 883 ad

2364 950 2468 997 me
2490 980 2506 1012 ,
2538 933 2869 1000 invenient
2896 952 3022 999 me.
3052 932 3301 998 Mecum
3331 935 3490 998 sunt
3537 929 3787 997 divitiae
3810 977 3828 1008 ,
3855 932 3917 992 et

2367 1040 2570 1122 gloria
2590 1090 2607 1122 ‚
2655 1044 2720 1107 et
2766 1058 2918 1126 opes
2963 1058 3257 1125 supernae
3273 1089 3294 1120 ,
3328 1042 3404 1105 'et
3437 1038 3700 1121 Justitia
3751 1035 3848 1119 (c).
3877 1057 3907 1094 n

2364 1146 2727 1214 Bernardus
2770 1149 2816 1185 ¹⁸
2856 1167 2873 1212 ε
2927 1171 2959 1210 α
2996 1148 3269 1214 Additur
3304 1146 3600 1231 justitia,
3649 1143 3806 1228 qnia
3847 1142 3918 1206 in

2363 1255 2605 1322 mundo
2630 1257 2891 1337 divitiae,
2920 1257 2984 1322 et
3009 1255 3221 1339 gloria
3238 1303 3255 1333 ‚
3283 1258 3350 1319 et
3376 1271 3535 1337 opes
3563 1269 3741 1335 saepe
3767 1266 3914 1314 cum

2362 1362 2674 1447 injustitia
2713 1365 3051 1429 habentur.
3098 1385 3130 1423 ι)
3177 1360 3358 1427 Unde
3411 1358 3651 1443 injusti
3693 1355 3918 1421 divites

2354 1473 2566 1555 justos
2592 1476 2862 1538 aeternos
2887 1472 3197 1552 attingere
3211 1488 3343 1535 non
3364 1469 3652 1552 possunt
3664 1466 3711 1505 ¹⁸
3736 1461 3919 1529 :nFa-

2364 1577 2544 1644 cilius
2581 1583 2678 1644 est
2720 1578 3034 1644 camelum
3050 1627 3070 1656 ,
3115 1597 3147 1637 ι)
3192 1580 3310 1641 etc.
3362 1571 3531 1639 Item
3586 1568 3920 1635 invenient

2360 1685 2529 1750 intra
2566 1686 2633 1751 in
2673 1705 2742 1751 se
2796 1685 3234 1768 gratissimam
3267 1681 3757 1767 jucunditatem
3800 1673 3846 1713 1·
3897 1693 3913 1736 z

2367 1816 2399 1856 α
2425 1793 2739 1859 Gaudium
2757 1798 2822 1860 et
2845 1793 3070 1859 laetitia
3086 1792 3500 1858 invenientur
3525 1788 3601 1853 in
3627 1805 3737 1866 ea,
3771 1801 3920 1867 gra-

2363 1901 2601 1966 tiarum
2614 1903 2778 1967 actio
2793 1905 2857 1966 et
2873 1920 3005 1967 vox
3016 1900 3244 1965 laudis.
3256 1919 3286 1960 a
3304 1893 3483 1964 Unde
3499 1895 3660 1962 dicit
3674 1897 3922 1960 utrum-

2364 2027 2490 2093 que
2514 2057 2534 2088 ,
2563 2009 2798 2076 scilicet
2827 2008 3142 2092 gaudium
3180 2012 3243 2072 et
3268 2005 3562 2071 laetitiam
3584 2050 3609 2083 ‚
3658 2001 3919 2085 propter

2364 2123 2705 2202 utramque
2726 2119 2953 2184 stolam
2969 2166 2992 2199 ,
3023 2117 3160 2183 sive
3204 2116 3479 2198 gloriam
3508 2109 3819 2196 {corporis
3857 2111 3919 2171 et

2365 2227 2620 2293 animae.
2653 2226 2777 2305 Qui
2802 2246 2840 2292 e
2868 2226 3184 2292 contrario
3223 2223 3331 2289 hic
3359 2221 3658 2305 gaudent
3698 2219 3918 2282 contra

2366 2334 2602 2415 Deum,
2632 2335 2724 2398 ibi
2750 2334 3030 2417 gaudere
3053 2334 3125 2397 in
3168 2330 3297 2396 Deo
3338 2347 3475 2395 non
3513 2328 3797 2412 possunt
3820 2321 3864 2359 11
3895 2344 3911 2386 :

2374 2463 2407 2503 α
2425 2440 2727 2508 Extrema
2756 2441 2977 2524 gaudii
3005 2440 3214 2505 luctus
3241 2440 3529 2521 occupat.
3563 2457 3598 2497 n
3627 2435 3792 2499 Item
3817 2431 3918 2496 in·

2365 2555 2625 2619 venient
2651 2557 2836 2619 extra
2864 2572 2933 2619 se
2967 2551 3475 2638 jucunditatem,
3530 2546 3779 2613 scilicet
3803 2562 3913 2610 an·

2369 2661 2665 2744 gelorum
2706 2665 2769 2726 et
2814 2659 3154 2726 hominum
3178 2658 3224 2696 ¹⁸
3268 2678 3342 2723 ια
3374 2655 3814 2739 IngredIetur,
3855 2654 3917 2716 et

2367 2786 2602 2852 pascua
2638 2768 3017 2835 inveniet.»
3055 2766 3233 2832 Sicut
3272 2766 3342 2829 in
3389 2741 3672 2846 pascuis
3700 2759 3915 2825 multae

2370 2882 2521 2943 sunt
2543 2877 2805 2957 herbae,
2838 2876 3072 2962 quibus
3096 2891 3249 2940 oves
3275 2871 3680 2951 reficiuntur,
3713 2867 3804 2934 sic
3829 2868 3917 2931 in·

2370 2990 2471 3052 tra
2488 3005 2607 3052 nos
2633 2992 2727 3052 tot
2745 2990 2937 3052 erunt
2954 2984 3173 3049 herbae
3192 3030 3209 3066 ,
3237 2985 3397 3066 quot
3414 2981 3651 3046 merita
3667 2980 3911 3052 nostra;

2370 3099 2552 3161 extra
2577 3113 2694 3161 nos
2721 3099 2815 3160 tot
2843 3094 3088 3171 herbae..
3116 3095 3273 3177 quot
3295 3089 3518 3172 sancti,
3546 3088 3658 3158 vel
3682 3087 3913 3172 potius,

2370 3206 2525 3286 quot
2555 3205 2924 3268 sanctorum
2957 3199 3185 3265 merita
3226 3200 3291 3263 et
3328 3196 3601 3279 praemia
3616 3242 3637 3274 ,
3685 3193 3916 3278 quibus

2372 3310 2758 3375 ⁴:eternaliter
2783 3308 3151 3374 reficiemur
3175 3307 3221 3346 ¹⁹
3252 3326 3316 3369 :a
3342 3303 3418 3368 In
3445 3301 3781 3368 montibus
3803 3312 3912 3363 ex-

2372 3416 2551 3481 celsis
2597 3412 2792 3480 Israel
2846 3416 3042 3479 erunt
3079 3430 3315 3497 pascua
3356 3426 3584 3475 eorum
3610 3456 3628 3490 ‚
3676 3408 3769 3473 ibi
3815 3421 3911 3469 re-

2373 3521 2696 3606 quiescent
2722 3521 2795 3585 in
2818 3515 3039 3585 herbis
3063 3517 3443 3585 virentibus.
3471 3537 3504 3578 ι»
3533 3515 3785 3582 Montes
3814 3524 3914 3577 ex-

2371 3629 2559 3709 celsi,
2589 3632 2741 3695 sunt
2766 3627 3021 3694 ordines
3048 3623 3454 3708 angelorum.

2876 3800 3169 3873 SERMO
3214 3801 3394 3874 VIII.

2454 3947 2863 4030 confitemini
2888 3945 3266 4014 alterutrum
3297 3948 3561 4028 peccata
3599 3944 3818 4012 vestra
3838 3937 3904 4001 ¹⁰.

2371 4053 2599 4120 Beatus
2626 4054 2906 4120 Isidorus
2920 4055 2964 4091 ¹¹
2999 4076 3071 4120 :a
3095 4052 3414 4118 Confessio
3442 4055 3649 4132 sanat,
3676 4048 3905 4116 confes·

2371 4163 2468 4228 sio
2495 4162 2839 4245 justificat,
2869 4161 3177 4227 confessio
3211 4160 3449 4244 peccati
3473 4159 3736 4228 veniam
3767 4154 3900 4230 dat,

2371 4271 2582 4334 omnis
2607 4288 2750 4354 spes
2776 4270 2846 4334 in
2871 4268 3259 4334 confessione
3303 4266 3588 4332 consistit
3610 4314 3631 4347 ,
3660 4265 3731 4329 in
3756 4277 3900 4327 con-

2365 4378 2637 4442 fessione
2675 4375 3113 4442 misericordia
3150 4376 3249 4439 est
3299 4373 3412 4456 (d).
3454 4395 3486 4434 a
3531 4371 3697 4450 Quia
3749 4381 3902 4449 ergo

2369 4488 2503 4548 tam
2518 4483 2878 4550 necessaria
2899 4485 2995 4548 est
3018 4480 3348 4560 confessio,
3380 4474 3902 4545 considerandum

2371 4596 2467 4658 est
2491 4593 2630 4672 cui,
2669 4592 2825 4676 quid
2843 4640 2862 4674 ,
2891 4590 3150 4675 quando
3168 4637 3185 4669 ‚
3216 4588 3537 4673 quomodo
3563 4590 3640 4652 tu
3683 4583 3902 4651 debeas

2371 4698 2676 4764 confiteri.
2707 4698 2976 4764 Attende
2998 4715 3160 4780 ergo
3187 4694 3597 4761 confessionis
3630 4687 3899 4759 auctori-

2369 4810 2567 4873 tatem
2590 4857 2610 4890 ,
2661 4806 2911 4872 sceleris
2963 4805 3306 4870 foeditatem
3325 4852 3347 4883 ‚
3404 4802 3708 4886 temporis
3748 4812 3896 4863 con-

2373 4916 2719 4997 gruitatem
2739 4962 2761 4995 ‚
2793 4910 3208 4979 confessionis
3237 4909 3634 4995 qualitatem.

2370 5087 2450 5137 24.
2475 5111 2539 5124 —
2563 5087 2607 5122 ¹⁸
2634 5086 2753 5150 isa„
2780 5098 2855 5148 ιι,
2888 5087 2939 5136 3.
2969 5109 3029 5124 -
3056 5083 3099 5120 ¹⁷
3129 5083 3296 5144 Prov„
3325 5093 3431 5145 xiv,
3466 5083 3541 5133 13.
3577 5107 3633 5119 --
3667 5081 3707 5118 ¹⁸
3738 5078 3892 5136 Ιοαπ..

2371 5168 2436 5223 x,
2472 5160 2523 5208 9.
2551 5157 2923 5219 —¹⁰Ezech.,
2962 5167 3145 5219 xxx1v,
3193 5156 3272 5205 ¹4.
3302 5179 3367 5193 —
3401 5153 3611 5215 801ασ,
3646 5167 3695 5218 v,
3727 5154 3891 5204 16.-

2370 5230 2407 5264 8·
2434 5228 2576 5292 isid„
2604 5229 2895 5295 Synonym„
2921 5229 3010 5280 lib.
3043 5230 3088 5292 I,
3110 5240 3232 5292 pag.
3253 5239 3327 5278 m.
3356 5228 3469 5289 310,
3497 5227 3598 5277 col.
3629 5229 3679 5278 2.

2434 5331 2501 5395 (α)
2531 5331 2656 5383 Goet.
2678 5330 2797 5382 edit.
2822 5328 3008 5381 dicitur
3035 5326 3359 5378 Psalmus.—
3305 5324 3454 5390 —(b)
3487 5327 3612 5376 Item
3633 5323 3887 5401 respicere

2368 5402 2673 5523 {cg-,dilatem
2695 5400 3004 5466 justitiaen-
2949 5396 3108 5463 -(d)
3133 5395 3254 5448 coet.
3280 5395 3408 5448 edit.
3430 5393 3691 5450 consistit
3679 5410 3731 5448 111
3753 5389 3889 5445 miffl·
