4059 6317
701 454 820 519 132

701 590 971 657 vulnera
1003 589 1406 673 scapularum
1439 592 1637 656 totam
1670 608 1930 656 carnem
1968 590 2237 656 confun-

701 698 888 763 dunt.
933 719 965 759 n

782 804 1001 870 Tertio
1049 806 1377 872 dextruxit
1448 805 1742 872 elationis
1815 807 2183 892 superbiam
2215 855 2233 886 ‚

702 912 1069 979 sustinendo
1158 913 1572 997 dejectionem
1592 962 1613 994 ‚
1688 914 1825 980 sive
1883 914 2239 979 vilificatio-

700 1037 888 1101 nem,
957 1021 1026 1086 in
1069 1022 1506 1105 conspuitione
1546 1024 1565 1058 ¹
1617 1040 1636 1087 1
1694 1046 1726 1085 α
1757 1021 2118 1106 Expuentes
2168 1020 2238 1085 in

704 1144 853 1192 eum
877 1176 896 1207 ‚
928 1133 1304 1212 acceperunt
1350 1128 1732 1195 arundinem
1754 1177 1773 1210 ,
1820 1134 1884 1193 et
1924 1128 2236 1212 percutie-

702 1234 859 1297 bant
883 1239 1074 1318 caput
1099 1238 1260 1319 ejus.
1294 1258 1326 1296 s
1348 1235 1509 1301 Miro
1536 1236 1709 1301 enim
1736 1236 1926 1303 modo
1951 1236 2239 1301 excelsus

702 1339 901 1405 Filius
938 1340 1049 1406 Dei
1085 1342 1416 1408 confundit
1450 1346 1734 1407 nostram
1780 1342 2143 1426 superbiam
2169 1341 2239 1405 in

702 1449 1077 1514 sustinendo
1128 1453 1462 1534 sputorum
1515 1448 2052 1530 abominationes,
2091 1467 2239 1533 quae

702 1560 855 1620 sunt
879 1557 1071 1639 signa
1100 1562 1404 1623 extremae
1442 1557 1810 1641 dejectionis
1839 1579 1857 1623 t
1887 1562 1963 1623 ut
1993 1558 2234 1639 nullus,

701 1667 1289 1747 quantumcumque
1302 1664 1531 1730 nobilis
1547 1668 1611 1729 et
1621 1664 1907 1729 excelsus
1919 1664 2234 1745 videatur,

702 1773 1000 1834 vereatur
1019 1770 1101 1852 (α)
1124 1775 1381 1854 propter
1406 1772 1718 1836 honorem
1739 1771 1853 1837 Dei
1882 1771 2234 1851 humiliari,

703 1884 768 1944 et
804 1880 988 1963 deJici
1027 1880 1098 1946 in
1135 1887 1475 1965 conspectu
1511 1882 1870 1949 hominum.
1919 1882 2061 1948 Non
2087 1877 2239 1947 0111-

702 1988 915 2052 bescat
938 2006 1101 2070 ergo
1138 1992 1502 2056 membrum
1528 1991 1946 2073 dejectionem
1974 1990 2236 2056 humili-

705 2094 874 2176 tatis,
896 2112 1091 2178 quam
1110 2095 1288 2160 novit
1312 2098 1702 2180 praecessisse
1724 2098 1793 2162 in
1814 2099 2038 2182 capite.
2068 2096 2239 2163 Nihil

707 2202 881 2266 enim
902 2202 1244 2285 gloriosius
1263 2209 1462 2288 putet,
1482 2223 1681 2290 quam
1696 2206 2111 2290 opprobrium
2137 2206 2238 2271 sui

706 2309 931 2392 capitis
953 2317 1224 2392 portare.
2099 2328 2110 2342 ·

787 2414 1020 2481 Ultimo
1048 2418 1355 2484 subinfert
1379 2419 1650 2486 dolorosi
1677 2420 1970 2505 supplicii
1996 2422 2237 2486 acerbi-

705 2526 898 2587 tatem
918 2571 936 2602 ,
974 2541 1123 2589 cum
1169 2524 1319 2589 dicit
1357 2544 1375 2588 2
1406 2527 1488 2593 Et
1517 2534 1857 2611 postquam
1880 2529 2240 2612 flaqelwve-

704 2630 878 2709 rint,
910 2630 1197 2698 occident
1219 2647 1384 2698 eum.
1414 2632 1624 2716 Hujus
1647 2635 1923 2700 dolorosi
1950 2635 2243 2718 supplicii

706 2736 1110 2802 acerbitatem
1147 2739 1420 2804 ostendit
1459 2741 1667 2822 primo
1701 2742 1998 2807 nobilitas
2042 2744 2243 2808 teneri

705 2844 841 2908 sive
878 2844 1123 2909 delicati
1159 2846 1428 2929 subjecti
1454 2849 1759 2914 veraciter
1783 2851 2111 2932 patientis;
2138 2870 2243 2916 se-

707 2951 919 3016 cundo
938 3000 955 3031 ,
994 2952 1360 3033 malignitas
1387 2958 1421 3019 J
1425 2955 1634 3020 udaiei
1658 2958 1876 3040 populi
1910 2958 2245 3023 crudeliter

709 3057 1059 3137 saevientis3
1106 3058 1297 3124 tertio
1312 3110 1331 3141 ‚
1382 3063 1675 3128 atrocitas
1718 3064 1920 3128 amari
1956 3065 2246 3149 supplicii

713 3164 1001 3229 celeriter
1024 3165 1414 3248 perimentis.

792 3270 1008 3336 Primo
1043 3271 1489 3339 vehementem
1519 3277 2007 3342 amaritudinem
2051 3279 2248 3362 hujus

710 3377 983 3444 dolorosi
1030 3380 1323 3463 supplicii
1374 3383 1645 3447 ostendit
1701 3384 1995 3449 nobilitas
2048 3386 2248 3450 teneri

712 3486 977 3568 subjecti
1018 3487 1325 3552 veraciter
1363 3489 1676 3570 patientis.
1724 3489 1822 3555 Ex
1861 3494 2040 3575 parte
2075 3491 2247 3556 enim

713 3593 925 3657 carnis
958 3596 1097 3657 erat
1136 3594 1492 3660 teneritudo
1529 3601 1778 3662 naturae
1804 3599 2043 3681 optime
2072 3618 2246 3664 com-

713 3698 1094 3781 plexionatae
1119 3721 1135 3765 1
1161 3703 1226 3765 01
1248 3705 1489 3784 quanto
1503 3708 1732 3768 natura
1748 3705 2044 3787 tenerior,
2072 3712 2250 3774 tanto

714 3807 856 3889 eJus
882 3823 1071 3888 poena
1106 3806 1475 3873 dolorosior.
1519 3809 1782 3877 Ratione
1807 3816 2024 3877 autem
2050 3813 2163 3898 huj
2173 3834 2251 3880 us

716 3913 1156 3979 teneritudinis
1215 3919 1459 3981 tantam
1520 3936 1780 4001 poenam
1831 3920 2067 3986 inflixit
2118 3922 2253 3987 sola

714 4020 1091 4103 imaginatio
1118 4024 1372 4105 mortis,
1403 4027 1575 4108 quod
1599 4027 1623 4063 ¹
1657 4049 1689 4088 α
1711 4027 1911 4093 tactus
1936 4031 2033 4094 est
2058 4032 2252 4096 sudor

715 4130 856 4212 ejus
895 4128 1058 4195 sicut
1110 4136 1313 4214 guttae
1362 4136 1697 4217 sanguinis
1751 4137 2141 4204 decurrentis
2182 4140 2251 4206 in

719 4237 956 4300 terram
988 4258 1061 4301 :s
1086 4254 1244 4319 ergo
1287 4238 1341 4302 si
1372 4243 1619 4306 tantum
1657 4242 1803 4306 fecit
1849 4244 1982 4308 sola
2024 4246 2253 4329 imagi-

716 4341 910 4422 natio,
959 4348 1273 4425 quantum
1298 4346 1658 4429 superaddit
1683 4348 2044 4428 degustatio
2074 4371 2249 4417 acer-

715 4446 996 4513 bissimae
1051 4452 1400 4533 passionis!
1439 4452 1536 4517 Ex
1576 4458 1752 4537 parte
1799 4458 1972 4521 enim
2024 4460 2254 4524 mentis

716 4559 854 4622 erat
895 4557 965 4620 in
1010 4575 1088 4622 00
1140 4560 1503 4625 omnimoda
1553 4565 1789 4644 peccati
1834 4565 2245 4632 immunitas:

717 4681 865 4746 quae
891 4668 1107 4730 autem
1135 4684 1324 4749 poena
1349 4669 1524 4732 venit
1542 4667 1829 4752 indigne,
1859 4672 2129 4739 dolenda
2150 4693 2255 4740 ve·

718 4769 833 4848 nit,
877 4772 1230 4836 secundum
1255 4774 1428 4856 quod
1454 4773 1607 4839 dicit
1649 4774 2060 4859 Augustinus
2078 4781 2123 4845 ⁸.
2157 4781 2254 4847 Ex

718 4879 898 4957 parte
941 4878 1135 4943 etiam
1188 4880 1538 4945 amicabilis
1592 4883 1849 4949 unionis
1908 4887 2140 4953 animae
2193 4892 2257 4953 et

719 4981 928 5046 carnis
953 4983 1073 5049 suit
1096 4986 1165 5048 in
1186 5004 1264 5051 eo
1294 4986 1697 5053 vehementia
1715 4991 2022 5059 dolorosae
2052 4994 2254 5059 afflic-

720 5088 912 5153 tionis
942 5110 959 5155 :
993 5090 1146 5174 quia
1173 5110 1320 5158 caro
1344 5096 1486 5177 ejus
1510 5094 1673 5161 nulli
1700 5101 1838 5163 erat
1862 5102 2255 5185 corruptioni

720 5195 997 5264 obnoxia
1051 5220 1068 5264 ε
1119 5199 1262 5267 ideo
1307 5202 1521 5268 anima
1571 5203 1813 5271 fortiori
1867 5209 2145 5275 amicitia
2196 5210 2257 5275 ei

782 5356 803 5393 ¹
829 5359 1036 5426 Mam..
1069 5373 1245 5428 xxm,
1281 5366 1361 5415 30.
1400 5389 1465 5403 —
1507 5364 1531 5400 ¹
1555 5363 1692 5430 Luc-L,
1722 5378 1861 5433 xm,
1890 5370 1968 5421 44.
1998 5395 2064 5409 -
2092 5372 2113 5402 ⁸
2147 5373 2256 5425 11110

722 5426 881 5482 Poeta
925 5447 939 5484 z
982 5436 1108 5495 Quoe
1156 5436 1294 5487 venit
1341 5437 1576 5503 indigne,
1626 5452 1780 5504 poena
1825 5442 2048 5494 dolenda
2094 5446 2253 5497 venit.

1793 451 2206 522 SERMONES
2245 452 2349 522 DE
2388 451 2788 523 TEMPORE.

2338 592 2869 676 conjungebatur.
2930 592 3048 658 Ubi
3085 595 3296 657 autem
3343 592 3548 674 major
3586 607 3760 656 amor
3792 589 3858 654 in

2341 700 2783 783 conjunctione
2798 749 2817 781 ,
2861 699 2950 764 ibi
3002 700 3211 782 major
3264 698 3442 764 dolor
3494 697 3566 762 in
3613 716 3859 781 separa-

2341 806 2514 871 tione
2553 828 2570 870 :
2609 819 2671 872 et
2715 807 2959 872 ratione
3001 807 3197 888 huJus
3237 824 3370 870 non
3408 806 3526 869 fuit
3563 805 3681 870 sub
3715 805 3862 869 coelo

2343 912 2522 977 dolor
2561 914 2784 978 similis
2808 962 2825 992 ‚
2861 915 3022 979 sicut
3051 914 3231 980 dolor
3265 914 3519 979 Christi.
3549 913 3644 978 Ad
3687 915 3863 995 cujus

2343 1022 2810 1102 expressionem
2838 1023 3116 1087 clamans
3132 1025 3195 1087 et
3207 1022 3568 1106 lacrymans
3586 1023 3867 1083 mortuus

2343 1132 2437 1193 est
2468 1148 2483 1190 2
2513 1128 2623 1210 qui
2650 1129 2974 1193 horribilis
3000 1127 3238 1194 01011101
3266 1129 3458 1193 011010
3483 1126 3637 1210 ipsis
3663 1125 3864 1189 insen-

2343 1235 2634 1301 sibilibus
2662 1236 2993 1302 videbatur
3022 1235 3306 1301 incutere
3331 1237 3689 1313 horrorem,
3715 1251 3869 1316 quo-

2345 1344 2522 1408 niam
2567 1361 2698 1407 non
2733 1347 2982 1408 tantum
3025 1343 3240 1408 velum
3268 1341 3521 1426 templi,
3551 1342 3662 1406 sed
3688 1341 3872 1405 etiam

2345 1455 2543 1536 petrae
2570 1451 2780 1515 scissae
2803 1455 2976 1532 sunt,
3007 1455 3071 1516 et
3096 1451 3188 1515 sol
3215 1450 3590 1516 obscuratus
3618 1453 3734 1514 est.
3760 1446 3876 1512 Sed

2346 1560 2512 1625 hanc
2550 1558 3026 1642 lacrymabilem
3062 1577 3287 1623 vocem
3311 1576 3443 1623 non
3469 1557 3740 1622 audiunt
3765 1556 3873 1620 ho-

2345 1667 2551 1731 mines
2569 1714 2586 1746 ‚
2620 1667 2736 1750 qui
2763 1666 3051 1731 duriores
3077 1671 3225 1730 sunt
3251 1666 3405 1749 ipsis
3427 1664 3767 1747 lapidibus,
3798 1661 3879 1726 De

2347 1773 2469 1837 ista
2521 1791 2676 1838 vero
2726 1774 3037 1837 occisione
3085 1772 3166 1836 ad
3210 1772 3489 1836 litteram
3537 1771 3773 1835 dicitur
3816 1769 3880 1832 in

2345 1880 2527 1946 Isaia
2552 1885 2576 1921 ⁸
2606 1897 2625 1942 t
2664 1903 2695 1941 ι
2722 1879 2897 1945 Sicut
2940 1879 3079 1944 ovis
3121 1879 3201 1944 ad
3234 1879 3611 1943 occisionem
3659 1877 3882 1946 ductus

2345 1992 2462 2065 est,
2490 1991 2553 2052 et
2565 1988 2748 2069 quasi
2767 2003 2977 2069 agnus
2993 2004 3210 2052 coram
3232 1987 3529 2051 tondente
3554 2003 3622 2049 se
3653 1983 3881 2048 obmu-

2346 2097 2561 2158 tescet.
2594 2114 2625 2154 n
2664 2095 2817 2160 Ovis
2841 2098 2933 2158 est
2950 2093 3233 2158 Christus
3273 2092 3517 2157 ratione
3546 2090 3886 2155 tractabili-

2350 2201 2495 2266 tatis
2521 2205 2584 2267 et
2609 2202 2963 2285 patientiae3
2993 2201 3102 2265 sed
3114 2216 3322 2283 aquus
3339 2199 3582 2264 ratione
3592 2197 3887 2280 puritatis

2346 2314 2410 2374 01
2431 2308 2811 2374 innocentiae
2833 2356 2851 2386 ‚
2899 2310 3083 2391 cujus
3118 2308 3360 2372 ratione
3386 2310 3635 2388 peccata
3662 2303 3887 2369 mundi

2348 2417 2513 2482 tulit.
2539 2416 2717 2482 Unde
2741 2418 3027 2499 sequitur
3047 2417 3070 2453 ⁸
3094 2437 3109 2479 :
3138 2439 3171 2478 <1
3187 2414 3309 2479 Pro
3325 2432 3425 2491 00,
3443 2413 3611 2497 quod
3629 2411 3888 2478 tradidit

2348 2525 2418 2589 in
2447 2528 2722 2590 mortem
2747 2526 3027 2589 animam
3059 2541 3265 2603 suam,
3298 2526 3536 2587 etcum
3572 2519 3890 2586 sceleratis

2349 2632 2684 2715 deputatus
2724 2635 2820 2696 est
2862 2653 2878 2695 :
2933 2636 2997 2697 et
3040 2632 3176 2714 ipse
3229 2633 3485 2714 peccata
3538 2628 3889 2692 multorum

2349 2741 2517 2821 tulit,
2545 2748 2611 2806 et
2630 2759 2746 2824 pro
2773 2740 3350 2823 transgressoribus
3377 2737 3605 2803 oravit.
3634 2758 3669 2797 ι

2410 2847 2724 2914 'Secundo
2765 2847 3213 2912 vehementem
3253 2845 3662 2910 acerbitatem
3697 2842 3892 2923 hujus

2355 2954 2632 3021 dolorosi
2659 2953 2952 3037 supplicii
2979 2952 3255 3017 ostendit
3275 2951 3645 3032 malignitas
3672 2947 3891 3033 populi

2352 3063 2387 3130 J
2394 3062 2599 3128 udaiei
2636 3061 2975 3127 crudeliter
3011 3060 3353 3125 saevientis.
3402 3059 3679 3123 Multum
3720 3058 3890 3122 enim

2356 3171 2705 3236 saevierunt
2738 3168 3025 3234 crudeles
3050 3167 3085 3233 J
3087 3168 3259 3233 udaei
3291 3189 3307 3231 ε
3338 3185 3489 3230 0010
3522 3167 3665 3247 ejus
3708 3179 3893 3230 aures

2354 3278 2739 3342 clamoribus
2763 3275 3253 3359 opprobriorum
3283 3272 3735 3357 impleverunt,
3757 3273 3896 3354 ejus

2354 3385 2579 3450 faciem
2625 3382 3203 3449 abominationibus
3243 3384 3579 3463 sputorum
3607 3377 3898 3443 sordida-

2355 3496 2621 3572 verunt‚
2654 3493 2795 3574 ejus
2820 3493 3008 3573 caput
3048 3486 3648 3571 compunctionibus
3679 3485 3893 3568 spina-

2356 3617 2503 3664 rum
2532 3601 2884 3680 fregerunt,
2905 3596 3176 3680 propriis
3187 3594 3476 3659 humeris
3498 3611 3686 3657 suam
3712 3593 3898 3674 igno·

2360 3706 2624 3771 miniam
2676 3705 2881 3770 crucis
2929 3707 3183 3786 portare
3235 3701 3554 3779 fecerunt,
3584 3701 3730 3782 ejus
3758 3715 3894 3763 100-

2356 3813 2541 3878 xillas
2593 3809 2918 3892 sacrilegis
2969 3809 3263 3874 manibus
3311 3809 3802 3891 percusserunt,
3831 3805 3899 3870 in

2359 3919 2463 3982 siti
2504 3937 2622 3982 sua
2654 3916 2797 3981 felle
2831 3919 2896 3980 et
2933 3919 3110 3980 aceto
3155 3932 3308 3979 011111
3349 3916 3781 3996 potaverunt,
3834 3913 3899 3974 et

2359 4026 2532 4110 quod
2559 4026 2705 4108 plus
2731 4028 2848 4104 est,
2877 4022 3011 4088 solo
3034 4023 3165 4087 zelo
3194 4022 3455 4087 invidiae
3479 4037 3633 4085 eum
3660 4018 3899 4084 occide·

2360 4140 2547 4216 runt,
2603 4134 2952 4199 secundum
3012 4132 3183 4216 quod
3227 4133 3582 4214 figuratum
3637 4132 3778 4192 erat
3830 4126 3897 4190 in

2360 4243 2669 4308 occisione
2695 4240 2878 4318 Abel,
2896 4240 2975 4306 110
3002 4258 3132 4323 quo
3156 4239 3389 4305 dicitur
3415 4242 3479 4301 ⁶:
3518 4259 3549 4296 11
3577 4234 3757 4311 Cain,
3786 4233 3896 4317 qui

2360 4371 2441 4416 ex
2470 4351 2752 4433 maligno
2779 4353 2937 4428 erat,
2966 4346 3189 4412 occidit
3214 4347 3471 4410 tratrem
3495 4361 3716 4408 suum.
3749 4342 3896 4407 Pro-

2361 4463 2500 4541 pter
2553 4457 2709 4540 quid
2771 4459 2986 4520 autem
3043 4453 3268 4518 occidit
3323 4456 3528 4516 eum?
3580 4447 3896 4527 Quoniam

2362 4582 2555 4648 opera
2576 4566 2716 4647 ejus
2735 4562 3016 4643 maligna
3039 4563 3241 4639 erant,
3264 4558 3477 4623 fratris
3496 4559 3638 4640 ejus
3647 4558 3845 4637 justa.
3857 4576 3888 4614 n

2365 4671 2709 4737 Perversus
2751 4668 2901 4733 Cain
2919 4716 2938 4748 ‚
2980 4667 3094 4750 qui
3120 4666 3345 4731 occidit
3362 4667 3613 4748 justum
3638 4662 3897 4726 tratrem

2363 4796 2558 4844 suum
2601 4778 2733 4842 solo
2778 4776 2910 4841 zelo
2945 4774 3234 4853 invidiae,
3266 4773 3512 4836 ratione
3547 4787 3682 4835 suae
3712 4768 3894 4833 mali-

2363 4884 2646 4968 gnitatiS,
2668 4887 2884 4966 signat
2905 4881 3214 4966 populum
3236 4878 3593 4957 tuduinum,
3615 4872 3901 4960 quiocci·

2363 4994 2458 5059 dit
2482 4994 2800 5059 Christum
2827 4995 3053 5055 natum
3079 4989 3159 5054 de
3183 4986 3418 5072 populo
3462 4992 3527 5050 et
3557 4989 3751 5067 gente
3777 4981 3898 5048 Ju-

2365 5102 2542 5167 daica
2553 5148 2576 5182 ,
2606 5099 2900 5167 invidens
2923 5096 3112 5163 bonis
3142 5094 3441 5177 operibus
3473 5093 3638 5175 eJ'us.
3670 5090 3748 5155 Et
3778 5089 3899 5153 hoc

2363 5297 2427 5311 .-
2466 5272 2652 5394 ⁸212a„
2704 5281 2829 5336 1111,
2877 5271 2925 5321 7.
2970 5293 3032 5306 -
3077 5268 3102 5304 ⁸
3152 5265 3301 5330 ibid„
3353 5267 3432 5314 ¹2.
3479 5288 3545 5301 —
3594 5263 3615 5294 ⁸
3661 5262 3684 5311 1
3730 5258 3895 5321 loon„

2366 5355 2449 5407 111,
2480 5347 2505 5395 ι
2544 5380 2559 5393 .

2427 5447 2500 5512 (α)
2528 5446 2652 5499 eat.
2679 5446 2800 5498 edit.
2829 5441 3181 5495 verecundari.
