4059 6317
673 507 794 580 ΜΞ

672 648 945 729 coelum,
991 650 1056 712 et
1097 664 1314 712 coram
1358 650 1444 711 te.
1496 669 1527 708 ι
1582 643 1660 710 Et
1697 662 1841 711 eece
1876 645 2049 728 quod
2095 644 2216 709 iste

670 758 917 842 positus
958 758 1095 821 erat
1140 774 1181 819 a
1222 755 1471 820 diabolo
1505 772 1654 820 cnm
1694 752 1899 836 porcis
1915 799 1932 830 ,
1971 751 2039 816 id
2078 753 2215 832 est,

671 883 823 930 cum
850 863 1201 929 immundis
1217 863 1570 947 spiritibus,
1590 862 1704 945 qui
1728 861 1914 927 foedis
1929 859 2216 941 volupta-

670 972 843 1037 tibus
888 971 1237 1058 delectatpr
1251 1019 1268 1052 ,
1317 987 1481 1053 quos
1529 968 1826 1034 continue
1878 966 2215 1051 pascebat,

671 1078 829 1146 dum
857 1078 1067 1144 carnis
1091 1077 1449 1161 voluptates
1474 1077 1561 1158 (a)
1595 1093 1728 1140 non
1756 1072 2106 1140 deserebat.

754 1185 968 1281 Tertio
998 1184 1272 1249 efficitur
1310 1183 1506 1248 homo
1545 1183 1875 1258 infirmus,
1908 1180 2047 1245 sive
2071 1197 2219 1262 pec-

674 1295 868 1372 cator,
900 1293 1163 1375 propter
1186 1290 1404 1355 odium
1436 1288 1726 1355 cordialis
1754 1286 2219 1353 malevolentiae

674 1396 1139 1463 damnificantis
1173 1398 1578 1479 proximum3
1610 1396 1781 1461 unde
1811 1397 1832 1433 ¹
1874 1417 1890 1460 ι
1930 1420 1962 1459 ιι
1990 1395 2217 1461 Pecca-

674 1506 889 1570 vimus
912 1504 982 1569 in
1009 1505 1272 1570 tratrem
1308 1508 1598 1570 nostrum
1623 1552 1641 1583 ,
1672 1504 1961 1569 videntes
2003 1522 2221 1587 angu-

675 1612 861 1679 stiam
890 1613 1126 1681 animae
1145 1614 1308 1695 ejus,
1334 1611 1490 1676 dum
1512 1611 1959 1695 deprecaretur
1986 1630 2127 1692 nos,
2158 1617 2223 1678 et

675 1739 810 1786 non
835 1720 1223 1786 audivimus.
1254 1741 1285 1779 n
1327 1718 1480 1785 Haec
1507 1723 1605 1784 est
1627 1718 1738 1783 illa
1764 1720 1896 1783 fera
1918 1720 2216 1802 pessima,

677 1828 916 1895 scilicet
938 1827 1202 1907 invidia,
1233 1845 1382 1909 quae
1408 1827 1588 1892 omni
1627 1826 1844 1891 bellua
1878 1826 2219 1907 crudelior,

677 1949 826 2016 quae
854 1934 1110 2015 justum
1149 1930 1307 1995 Abel
1348 1930 1605 2009 occidit,
1649 1934 1943 1995 sanctum
1987 1929 2226 2014 Ioseph

679 2038 901 2106 multis
944 2038 1271 2103 doloribus
1315 2036 1730 2119 adimpletum
1756 2037 2078 2119 vendidit,
2109 2037 2221 2102 Fi-

677 2146 842 2212 lium
870 2144 983 2211 Dei
1005 2146 1073 2209 in
1098 2145 1304 2209 crucis
1336 2143 1622 2227 patibulo
1648 2144 1986 2209 crudeliter
2015 2162 2222 2228 quan-

679 2261 820 2320 tum
842 2256 923 2320 ad
950 2254 1415 2320 humanitatem
1442 2253 1793 2334 absorbuit,
1819 2258 1882 2318 et
1913 2254 2105 2319 etiam
2135 2259 2226 2319 to-

679 2367 822 2429 tum
849 2381 1060 2444 genus
1074 2362 1437 2427 humanum
1454 2362 1867 2444 spiritualiter
1889 2363 2220 2428 interfecit.

681 2469 848 2535 Nam
902 2471 927 2506 ¹
977 2493 1009 2531 α
1050 2469 1292 2534 invidia
1347 2468 1581 2534 diaboli
1628 2487 1802 2533 mors
1850 2469 2112 2535 intravit
2155 2469 2224 2533 in

684 2577 906 2642 orbem
946 2580 1292 2642 terrarum.
1335 2598 1366 2636 n
1419 2575 1469 2643 Ο
1525 2581 1838 2642 secretum
1892 2578 2109 2657 virus,
2159 2581 2226 2642 et

684 2683 878 2768 pestis
904 2682 1188 2748 occultat
1221 2682 1269 2749 Ο
1296 2682 1518 2748 livoris
1542 2701 1773 2767 parens
1789 2732 1806 2757 ‚
1838 2687 1902 2748 et
1941 2685 2227 2749 criminis

684 2793 921 2870 fomes,
952 2794 1015 2855 et
1039 2790 1353 2856 virtutum
1394 2807 1655 2872 aerugo,
1685 2803 1750 2855 et
1781 2791 1953 2855 tinea
1987 2793 2228 2856 sancti-

681 2901 855 2979 tatis,
884 2916 1032 2983 quae
1056 2917 1188 2963 non
1215 2915 1422 2963 cessas
1451 2899 1755 2964 continue
1778 2899 2014 2964 damna
2040 2901 2224 2984 spiri-

682 3007 884 3073 tualia
912 3006 1062 3070 filiis
1084 3006 1289 3070 Adam
1318 3005 1573 3084 inferre,
1601 3008 1667 3070 et
1692 3006 1859 3070 bella
1885 3008 2224 3088 concitare,

682 3114 1054 3179 inimicitias
1095 3119 1159 3179 et
1196 3113 1543 3179 homicidia
1588 3132 1922 3198 procreare
1947 3165 1964 3196 ,
2024 3120 2102 3180 ut
2149 3117 2228 3182 de

686 3240 915 3288 cruore
940 3222 1293 3286 occisorum
1332 3222 1673 3286 reficiaris!
1707 3221 1952 3303 Tollite,
1987 3224 2228 3288 charis-

686 3333 858 3413 simi,
886 3331 1084 3398 tollite
1109 3332 1297 3396 istam
1323 3331 1527 3397 feram
1552 3332 1891 3414 pessimam
1919 3334 1997 3399 de
2021 3336 2229 3401 medio

682 3440 883 3506 'vestri
902 3489 921 3520 ,
969 3439 1122 3523 quia
1146 3440 1384 3503 -statim
1439 3439 1560 3505 erit
1603 3440 1907 3505 securitas
1959 3442 2224 3523 mentis,

686 3547 1114 3630 tranquillitas
1159 3546 1397 3623 animi,
1451 3551 1515 3611 et
1561 3547 1930 3630 simplicitas
1981 3549 2225 3628 cordis;

690 3655 903 3718 statim
940 3653 1267 3737 quiescent
1300 3654 1467 3720 bella
1482 3703 1504 3734 ,
1547 3659 1612 3720 et
1644 3656 2084 3722 contentiones
2103 3707 2123 3737 ,
2167 3663 2233 3723 et

689 3761 1173 3827 foederabuntur
1202 3762 1522 3827 discordes
1552 3784 1568 3828 ι
1601 3763 1792 3845 quia,
1836 3764 1959 3827 nisi
2003 3783 2118 3847 per
2152 3766 2227 3829 il-

686 3869 841 3949 lam,
872 3869 1263 3934 nesciremus
1284 3870 1491 3950 odire,
1522 3870 1654 3935 imo
1681 3871 1947 3954 quilibet
1970 3873 2231 3938 fratrem

688 3995 883 4041 suum
909 3978 1071 4042 sicut
1095 3977 1373 4060 seipsum
1401 3978 1720 4061 diligeret.

770 4085 1061 4152 Secundo
1083 4067 1341 4152 notatur
1368 4088 1646 4153 efficacia
1667 4090 1999 4157 medicinae
2024 4093 2229 4176 poeni·

692 4193 990 4273 tentiali3‚
1023 4213 1171 4260 cum
1197 4196 1452 4261 subdit:
1488 4198 1943 4267 Poenicentiam
1971 4210 2194 4285 apeme
2208 4223 2236 4286 ;

694 4305 848 4367 tunc
871 4301 1045 4366 enim
1076 4304 1463 4386 poenitentia,
1495 4325 1646 4389 quae
1675 4311 1770 4371 est
1791 4309 2104 4374 medicina
2130 4331 2231 4375 sa-

686 4410 1119 4490 cramentalis,
1149 4411 1486 4478 efficaciter
1512 4419 1695 4480 sanat
1719 4435 1939 4482 omnes
1964 4419 2235 4485 infirmi-

694 4521 854 4582 tates
880 4517 1137 4597 animae,
1167 4520 1425 4603 quando
1453 4520 1645 4586 habet
1671 4524 1737 4587 in
1766 4542 1833 4589 se
1863 4529 1988 4589 tres
2014 4529 2236 4594 condi·

694 4623 903 4689 tiones
947 4630 1170 4689 contra
1214 4625 1336 4690 tria
1378 4629 1678 4710 praedicta
1730 4637 1985 4713 peccata
2042 4657 2058 4699 :
2103 4655 2238 4719 xper

690 4749 856 4813 quas
896 4731 1285 4796 conditiones
1315 4732 1479 4798 Deus
1508 4743 1887 4818 provocatus
1926 4741 2234 4822 placatur,

692 4837 1050 4920 subjectum
1094 4840 1423 4923 proprium
1454 4842 1895 4910 deordinatum
1924 4849 2238 4915 reforma-

690 4948 834 5024 tur,
880 4945 1215 5028 proximus
1251 4948 1727 5032 damnificatus,
1766 4953 1870 5018 vel
1912 4955 2193 5022 offensus
2213 5007 2234 5038 ‚

696 5051 1136 5117 reconciliatur
1169 5075 1184 5119 ε
1217 5056 1282 5118 et
1305 5061 1563 5139 propter
1590 5058 1710 5124 hoc
1736 5062 2111 5143 poenitentia
2135 5064 2241 5129 de-

760 5196 777 5229 ¹
810 5195 953 5257 Gen„
980 5207 1109 5260 1L11,
1136 5199 1215 5249 21.
1244 5225 1307 5236 -—
1330 5200 1355 5235 ¹
1382 5200 1526 5266 Sap„
1556 5213 1613 5266 11,
1653 5205 1730 5254 24.
1762 5231 1821 5242 —
1850 5206 1872 5241 ⁸
1899 5209 2071 5271 Apoc„
2101 5220 2158 5272 ιι,
2192 5211 2240 5261 5.

699 5290 759 5302 -
783 5265 807 5300 ⁴
834 5273 985 5332 Aug„
1017 5269 1259 5336 Dio-econ,
1286 5271 1433 5337 epist.
1462 5286 1567 5341 Lvs,
1595 5275 1660 5326 al.
1686 5289 1879 5341 cxvm,
1909 5293 1965 5329 n.
1996 5282 2075 5331 22.

766 5356 833 5419 (α)
867 5356 986 5407 Coet.
1014 5358 1137 5408 edit.
1164 5361 1534 5427 voluptatibus.
1562 5391 1625 5403 —
1655 5365 1726 5431 (ὁ)
1766 5367 1967 5419 Tea-tum
1998 5369 2131 5422 hunc
2170 5372 2243 5423 tic

700 5428 907 5477 restitue
940 5444 960 5479 .·
984 5430 1090 5480 Nisi
1116 5431 1374 5485 humilitas
1404 5437 1579 5486 omnia
1606 5451 1943 5503 quincumque
1965 5441 2096 5493 bene
2127 5442 2247 5494 faci-

702 5512 819 5552 mus
844 5504 896 5551 et
920 5504 1238 5568 praecesserit
1263 5508 1316 5560 et
1344 5508 1616 5565 comitetur
1647 5514 1699 5560 et
1747 5517 2022 5566 consecuta
2062 5515 2241 5580 fuerit,

1774 505 2194 576 SERMONES
2229 504 2334 573 DE
2376 499 2773 571 TEMPORE.

2325 642 2434 707 bet
2466 659 2604 707 esse
2629 638 2874 724 primo,
2904 640 2982 703 ut
3017 636 3182 702 Deus
3219 634 3523 718 placetur,
3552 629 3868 717 profunda

2326 768 2409 842 ex
2433 747 2841 832 subjectionis
2865 744 3247 823 reverentia,
3275 746 3497 807 contra
3521 739 3868 805 mentalem

2327 856 2693 940 superbiam
2725 854 2925 920 Deum
2949 853 3431 936 provocantem3
3466 846 3767 926 secundo,
3796 850 3870 910 ut

2328 965 2688 1047 subjectum
2706 961 3039 1046 proprium
3059 959 3465 1035 reformetur,
3483 956 3867 1039 lacrymosa,

2328 1090 2410 1136 ex
2435 1070 2669 1135 doloris
2695 1067 3121 1145 vehementia,
3151 1069 3373 1131 contra
3407 1062 3731 1128 carnalem
3756 1060 3869 1124 de·

2331 1178 2740 1244 mulcentiam
2764 1227 2783 1255 ,
2821 1176 3155 1261 proprium
3201 1173 3565 1256 subjectum
3615 1167 3872 1234 deordi-

2331 1290 2626 1364 nantem;
2667 1284 2884 1364 terti0,
2916 1288 2992 1348 ut
3027 1280 3363 1365 proximus
3401 1277 3868 1353 reconcilietur,

2329 1393 2742 1460 satisfactoria
2755 1440 2776 1471 ,
2805 1410 2890 1456 ex
2928 1385 3529 1472 recompensationis
3563 1383 3870 1449 festinan-

2329 1503 2441 1583 tia,
2474 1506 2692 1569 contra
2717 1500 3060 1566 cordialem
3087 1494 3619 1575 malevolentiam,
3651 1492 3876 1578 proxi-

2329 1630 2511 1677 mum
2536 1610 3069 1676 damnificantem.

2410 1720 2626 1787 Primo
2651 1718 3022 1803 poenitentia
3055 1715 3240 1781 debet
3276 1730 3414 1778 esse
3447 1709 3770 1796 profunda
3794 1725 3878 1774 ex

2331 1828 2739 1913 subjectionis
2757 1825 3142 1903 reverentia,
3162 1824 3384 1887 contra
3399 1817 3748 1908 mentalem
3775 1836 3879 1881 su-

2332 1939 2619 2022 perbiam
2642 1935 2846 2000 Deum
2870 1934 3356 2016 provocantem;
3379 1932 3444 1991 et
3467 1931 3730 2010 propter
3755 1925 3880 1991 hoc

2332 2044 2646 2131 peccatori
2672 2041 2933 2108 nomine
2974 2037 3192 2121 angeli
3231 2056 3270 2102 a
3302 2035 3550 2119 justitia
3591 2034 3881 2100 cadentis

2333 2157 2565 2222 dicitur
2599 2155 2622 2191 ⁸
2650 2173 2668 2218 ε
2707 2175 2739 2214 α
2777 2151 3021 2217 Memor
3056 2152 3193 2213 esto
3234 2146 3408 2212 unde
3436 2143 3789 2224 excideris,
3818 2149 3882 2207 et

2331 2282 2458 2346 age
2497 2261 2931 2347 poenitentiam
2940 2306 2961 2339 ‚
3004 2262 3069 2323 et
3102 2256 3312 2340 prima
3349 2271 3543 2336 opera
3581 2253 3705 2316 fac.
3737 2274 3770 2313 ι
3809 2254 3881 2316 In

2331 2372 2453 2437 hoc
2492 2371 2691 2436 verbo
2723 2368 3028 2433 Dominus
3054 2368 3274 2430 contra
3307 2364 3658 2446 peccatum,
3691 2359 3882 2444 quasi

2334 2482 2602 2561 aegroto,
2631 2477 2842 2560 primo
2866 2474 3054 2540 offert
3082 2471 3465 2537 medicinam
3483 2467 3675 2533 saluti
3700 2467 3886 2551 spiri-

2332 2586 2591 2651 tualiter
2611 2583 3033 2648 necessariam
3059 2599 3174 2664 per
3197 2577 3463 2644 modum
3482 2575 3885 2659 disponentis

2333 2697 2397 2758 et
2461 2691 2879 2776 praeparantis
2898 2739 2916 2772 ,
2977 2689 3213 2753 scilicet
3278 2683 3884 2751 rememorationem

2335 2800 2540 2884 culpae
2580 2805 2644 2865 et
2671 2800 2911 2878 ruinae,
2944 2816 3094 2863 cnm
3122 2794 3316 2861 dicit:
3347 2794 3659 2860 Memento
3707 2792 3884 2858 unde

2335 2908 2712 2976 excideris:
2742 2910 2816 2972 ut
2839 2923 2954 2990 per
2980 2906 3104 2970 hoc
3139 2904 3395 2968 inducat
3428 2918 3580 2966 eum
3616 2900 3884 2965 faciliter

2334 3018 2414 3082 ad
2432 3016 2944 3081 humiliationem
2963 3017 3028 3077 et
3038 3009 3425 3095 poenitentiae
3444 3007 3880 3074 afflictionem.

2335 3124 2514 3190 Unde
2543 3122 2866 3205 sequitur:
2886 3126 2944 3188 et
2960 3136 3074 3204 αρε
3092 3117 3562 3202 poenitentiam,
3579 3122 3641 3183 et
3657 3117 3886 3198 prima

2333 3234 2447 3315 fac
2473 3245 2684 3313 opera.
2717 3227 2931 3292 Prima
2956 3244 3235 3310 namque
3269 3242 3464 3308 opera
3487 3223 3886 3307 poenitentiae

2336 3340 2655 3416 dicuntur,
2689 3341 2753 3401 et
2780 3336 3014 3401 nobilia
3055 3333 3465 3399 fundamenta
3501 3331 3886 3396 humilitatis

2336 3446 2691 3530 profundae,
2714 3461 2792 3508 eo
2821 3444 2993 3526 quod
3021 3442 3160 3506 sine
3176 3441 3593 3505 fundamento
3619 3438 3886 3504 humili-

2336 3554 2483 3619 tatis
2508 3555 2742 3621 divinae
2780 3551 3157 3618 reverentias
3183 3554 3389 3615 totum
3406 3596 3427 3629 ,
3458 3548 3629 3631 quod
3675 3548 3881 3614 aedifl·

2336 3663 2503 3728 cavit
2521 3711 2541 3742 ,
2573 3661 2984 3727 confessionis
3010 3664 3073 3725 et
3109 3658 3498 3743 poenitentiae
3536 3656 3881 3722 {edificium

2337 3772 2556 3836 crescit
2581 3771 2808 3835 ruinae.
2842 3767 3020 3833 Unde
3052 3768 3457 3850 Augustinus
3486 3764 3577 3832 ad
3611 3766 3883 3832 Diosco-

2336 3897 2484 3946 rum
2509 3884 2532 3921 ⁸
2563 3900 2580 3944 z
2616 3902 2648 3940 α
2675 3877 2808 3943 Nisi
2829 3876 3159 3943 humilitas
3174 3874 3409 3955 omnia,
3429 3891 3579 3958 quae
3606 3873 3772 3938 bene
3801 3874 3886 3937 fa-

2337 3990 2584 4067 cimus,
2617 3986 2933 4064 texuerit,
2963 3988 3027 4049 et
3063 3983 3269 4066 posita
3304 3983 3528 4062 fuerit,
3561 3982 3732 4065 quod
3779 3981 3879 4046 in·

2337 4099 2595 4160 tueatur
2605 4093 2913 4177 opposita,
2931 4092 3068 4157 sive
3086 4090 3524 4169 concomitata,
3548 4090 3653 4152 cui
3671 4088 3884 4154 adhae-

2339 4221 2620 4282 mamus,
2649 4205 2713 4266 et
2751 4199 3064 4283 imposita,
3101 4216 3233 4282 qua
3267 4197 3718 4280 reprimamur,
3740 4197 3883 4278 jam

2340 4310 2525 4374 nobis
2537 4309 2618 4374 de
2632 4308 2852 4390 aliquo
2866 4306 3173 4372 beneflcio
3185 4304 3620 4387 gaudentibus
3638 4326 3654 4367 t
3673 4308 3883 4368 totum

2340 4421 2761 4499 extorquetur
2786 4416 2865 4480 de
2896 4429 3095 4478 manu
3128 4416 3344 4476 nostra
3377 4412 3673 4495 superbia
3703 4411 3814 4494 (α).
3845 4431 3876 4469 n

2343 4526 2476 4591 Hoc
2501 4524 2832 4589 attendens
2860 4522 3121 4605 quidem
3143 4519 3210 4585 S.
3241 4517 3433 4601 Papa,
3455 4537 3603 4584 cum
3630 4520 3885 4584 conflte-
3910 4518 4059 4637 ἐξ·

2343 4634 2555 4713 batur,
2586 4631 2839 4697 nolebat
2865 4628 3083 4693 sedere
3110 4627 3190 4692 ad
3218 4626 3385 4691 latus
3406 4625 3511 4690 sui
3542 4625 3882 4708 Capeliani,

2344 4741 2459 4826 qui
2485 4759 2637 4806 eum
2664 4738 2982 4819 audiebat,
3012 4735 3123 4801 sed
3143 4734 3410 4819 pedibus
3427 4737 3570 4818 ejus
3589 4733 3888 4816 provolu-

2344 4855 2481 4930 ωε,
2513 4863 2845 4932 quousque
2880 4844 3270 4910 confessione
3300 4842 3640 4926 completa,
3669 4859 3883 4906 mora-

2344 4963 2535 5026 batur
2557 4979 2575 5022 :
2597 4957 2842 5022 dicebat
2864 4952 3074 5019 enim:
3096 4950 3279 5015 Modo
3308 4967 3436 5015 non
3460 4954 3644 5014 teneo
3670 4947 3887 5014 locum

2349 5067 2537 5149 Papae
2549 5114 2575 5147 ,
2609 5066 2719 5129 sed
2760 5060 3140 5146 peccatoris3
3175 5063 3238 5123 et
3261 5057 3404 5122 ideo
3429 5074 3578 5122 cnm
3607 5056 3890 5137 recogito

2348 5191 2572 5241 omnes
2601 5172 2880 5238 defectus
2910 5185 3108 5247 meOS,
3147 5183 3404 5231 necesse
3439 5165 3645 5229 habeo
3670 5164 3888 5228 humi-

2345 5302 2404 5351 et
2433 5298 2692 5365 proposita
2723 5308 2878 5361 quam
2910 5294 3219 5356 intueamur,
3266 5295 3319 5343 et
3356 5289 3588 5355 apposita
3613 5288 3696 5340 cui
3722 5289 3891 5340 adhoe·

2349 5385 2585 5434 reamus,
2614 5375 2667 5420 et
2700 5366 2939 5431 imposita
2974 5379 3076 5431 qua
3107 5364 3466 5429 reprimamur,
3498 5361 3608 5426 jam
3639 5361 3787 5412 nobis
3823 5361 3889 5412 de

2350 5442 2520 5507 aliquo
2555 5441 2695 5492 bono
2745 5439 2877 5492 facto
2936 5436 3275 5506 gaudentibus
3322 5439 3487 5488 totum
3513 5437 3781 5502 extorquet
3821 5432 3885 5488 dc

2349 5528 2506 5568 manu
2532 5511 2783 5580 superbia.
