4059 6317
876 509 961 577 IN
1003 509 1304 579 VIGILIA
1336 510 1844 581 NATIVITATIS
1886 511 2190 592 DOMINI,
2229 513 2494 584 SERMO
2539 516 2644 582 ΙΙΙ.
3281 523 3355 585 41

188 649 299 719 den
317 652 381 718 et
396 662 501 732 ooo
520 645 843 729 mortalis,
885 646 1073 716 hmo
1100 648 1340 718 simus
1377 650 1695 731 omnibus,

186 765 237 827 et
256 773 328 826 ατ
347 773 566 840 amm
587 757 854 836 :terreno
896 755 1111 836 illius,
1136 758 1255 839 qui
1279 759 1459 842 prior
1488 760 1698 839 factm

186 873 272 936 est.
293 866 537 946 Anima,
564 864 703 930 sive
727 863 1021 947 spiritns,
1049 865 1202 947 quia
1229 864 1307 931 de
1328 867 1697 950 parentibus

184 992 289 1039 non
312 973 677 1053 traducitur,
706 971 882 1037 filius
906 972 1116 1036 nostri
1141 973 1398 1054 generis
1424 990 1553 1038 non
1574 978 1693 1050 est,

183 1082 271 1147 sed
290 1079 497 1165 potius
538 1079 677 1161 Dei,
707 1080 863 1163 qnia
905 1078 1273 1144 immediate
1298 1098 1339 1144 a
1368 1082 1495 1144 Deo
1522 1098 1697 1145 crea·

186 1190 355 1256 tur¹2
390 1187 1352 1272 Gmeseroocumsimusllei,
1381 1192 1501 1253 etc.
1534 1187 1696 1253 Fac·

182 1303 374 1363 tusest
396 1315 561 1379 ergo
586 1296 755 1364 Deus
790 1314 875 1361 ex
921 1312 1162 1376 genere
1200 1296 1456 1374 nostro,
1484 1297 1560 1359 ut
1584 1312 1692 1359 re·

182 1407 413 1471 dimeret
446 1404 621 1489 quod
658 1403 782 1469 fuit
806 1403 889 1468 de
913 1419 1152 1484 genere
1193 1418 1333 1467 suo.
1376 1401 1695 1483 Augusti-

180 1514 371 1579 nus².
412 1536 449 1575 ι
488 1512 697 1590 Quare
733 1511 861 1576 hoc
903 1509 1109 1575 nostri
1159 1510 1416 1592 generis
1467 1528 1699 1594 corpus

181 1626 391 1687 tantum
437 1623 699 1704 propter
742 1636 861 1684 nos
908 1617 1077 1683 Deus
1129 1635 1455 1683 assumere
1506 1623 1698 1702 atque

181 1746 343 1810 agere
378 1728 692 1810 dignatus
725 1730 858 1806 est;
889 1729 1133 1811 quanto
1177 1726 1435 1792 videtur
1478 1725 1692 1807 vilius,

181 1841 329 1901 tanto
346 1841 438 1901 est
460 1833 1125 1917 clementiaplenius.»
1140 1832 1321 1898 Mons
1336 1832 1477 1898 Seir
1502 1850 1694 1897 mun-

179 1944 279 2009 dus
315 1947 421 2023 est,
467 1941 588 2026 qui
630 1940 1088 2025 temporalium
1127 1940 1693 2024 superfluitatibus,

180 2050 441 2116 versutiis
462 2055 532 2115 et
561 2047 897 2114 fraudibus
940 2047 1177 2131 pilosus
1219 2051 1337 2111 est.
1373 2046 1503 2113 Hos
1535 2047 1698 2130 pilos

179 2157 294 2225 Seir
333 2158 690 2241 significat3
736 2156 1193 2239 interpretatur
1225 2155 1401 2220 enim
1423 2153 1696 2237 pilosus.

181 2266 452 2332 standum
480 2283 652 2347 ergo
677 2282 718 2329 a
744 2262 936 2329 nohis
962 2262 1045 2328 ed
1066 2263 1302 2327 festum
1324 2261 1485 2327 illud
1511 2261 1697 2327 rada-

180 2393 319 2439 mus.
344 2372 474 2439 Ros
501 2373 682 2438 enim
704 2371 869 2456 pilos
890 2369 1181 2436 Emchiel
1206 2370 1513 2454 propheta
1540 2387 1700 2454 prae·

181 2482 305 2565 cipit
341 2483 565 2548 radere
608 2483 674 2546 et
716 2495 1023 2545 amovere
1054 2478 1078 2515 ⁸
1108 2479 1351 2545 :Sume
1398 2480 1522 2546 tibi
1563 2479 1700 2563 ola-

180 2589 616 2658 wemmam
658 2586 995 2655 radentem
1024 2586 1230 2667 pilos,
1272 2592 1391 2651 etc.
1422 2585 1491 2653 Si
1524 2586 1698 2651 enim

180 2699 246 2764 oh
274 2696 690 2764 reverentiam
740 2693 888 2759 festi
924 2691 1088 2775 pilos
1138 2693 1421 2776 corporis
1475 2711 1697 2777 super.

181 2806 313 2871 finos
354 2804 680 2882 radimus,
720 2804 969 2885 quanto
1010 2801 1219 2881 magis
1268 2800 1431 2882 pilos
1469 2818 1694 2883 super-

181 2912 314 2978 fluos
336 2912 642 2979 vitiorum
665 2915 680 2972 l
711 2911 836 2973 etc.

241 3019 313 3084 De
352 3013 1146 3102 quarto*:139redimini,
1192 3015 1349 3097 filiae
1403 3016 1582 3099 Sion,
1630 3018 1696 3084 id

179 3135 255 3196 est
293 3129 521 3195 animae
559 3145 781 3211 purae,
829 3143 980 3210 quae
1026 3124 1176 3190 oetis
1213 3125 1324 3191 Dei
1361 3128 1696 3209 speculum

182 3237 344 3318 (Sion
397 3235 724 3320 muham
785 3233 1309 3315 interpretatur.)
1356 3234 1443 3302 Et
1484 3234 1695 3304 videte

177 3361 349 3428 mem
382 3345 681 3412 Sdomon
719 3342 799 3408 in
847 3339 1399 3424 diademate‚quo
1427 3323 1690 3412 corono-

176 3454 261 3520 vit
280 3469 412 3520 eum
433 3459 645 3520 mater
667 3465 817 3516 sua.
843 3446 1205 3513 Bel-nardus
1231 3447 1338 3513 hic
1354 3448 1697 3532 distinguit

175 3559 617 3643 quadruplicem
662 3572 970 3622 coronam
1013 3554 1225 3619 dicens
1246 3555 1316 3620 ἐ
1356 3578 1387 3618 ι
1413 3556 1692 3622 Corona-

178 3667 255 3731 ιιι
272 3686 412 3734 enm
455 3669 668 3732 mter
703 3681 826 3729 sua
857 3679 1095 3727 corona
1119 3662 1513 3746 paupertatis
1538 3682 1690 3729 nos-

178 3779 308 3855 trae3
331 3793 505 3841 nnnc
524 3774 876 3839 coronatus
898 3773 993 3834 est
1016 3788 1058 3833 a
1082 3787 1361 3835 noverca
1378 3789 1496 3835 sua
1521 3789 1695 3837 coro-

178 3883 505 3967 naspinea,
535 3898 778 3948 corona
810 3877 1128 3958 miseriae3
1174 3878 1573 3970 coronandus
1598 3884 1695 3945 est

179 4008 211 4053 a
231 3991 453 4056 familia
485 4008 643 4069 sua,
692 4004 930 4052 corona
953 3984 1241 4068 iustitiae,
1267 3985 1524 4068 quando
1549 3987 1689 4052 exi-

179 4096 314 4163 bunt
334 4099 568 4182 angeli,
600 4100 665 4163 et
690 4094 998 4176 colligent
1035 4094 1113 4158 de
1155 4111 1362 4176 regno
1386 4095 1527 4176 eJus
1549 4112 1693 4160 om-

178 4207 266 4271 nia
299 4206 607 4273 wandala.
656 4202 996 4270 Coronavit
1028 4219 1179 4267 eum
1208 4204 1389 4285 peter
1414 4204 1556 4285 ejus
1583 4221 1690 4269 co-

179 4327 309 4375 rona
345 4311 588 4394 gloriae,
617 4331 654 4370 ιι
688 4308 853 4372 sicut
887 4305 978 4370 ait
1013 4304 1339 4388 psalmista
1366 4305 1388 4341 ⁸
1417 4327 1435 4369 t
1474 4305 1694 4374 Gloria

180 4425 227 4486 et
246 4419 464 4488 honore
488 4416 813 4486 coronasti
837 4430 1003 4492 omn,
1038 4413 1327 4480 Donum.
1372 4412 1557 4480 Nunc
1590 4433 1690 4481 er-

177 4544 249 4607 go
290 4525 669 4610 egredimini
720 4523 801 4588 ad
850 4538 1182 4606 pugnam,
1240 4524 1318 4585 ut
1366 4521 1436 4585 in
1490 4527 1695 4589 morte

178 4634 565 4715 egrediamini
614 4633 695 4698 ad
744 4647 1071 4696 coronam.
1130 4629 1203 4693 In
1250 4648 1478 4713 pugna
1519 4633 1693 4699 enim

178 4738 349 4823 huius
387 4740 538 4808 vitae
575 4742 774 4806 fortes
815 4755 955 4803 esse
996 4737 1306 4802 debemus
1354 4755 1558 4821 usque
1611 4740 1693 4806 ad

177 4863 481 4929 egressum
513 4847 749 4912 animae
788 4848 1063 4922 nostrae,
1092 4846 1169 4908 ut
1209 4860 1590 4910 coronemur
1622 4847 1694 4912 in

182 4958 393 5020 aterna
430 4954 848 5039 jucunditate.
891 4952 916 4990 ⁷
955 4951 1177 5018 Media
1212 4965 1371 5033 pars
1401 4958 1694 5021 nostrum

183 5067 363 5131 teneat
404 5064 652 5130 lanceas
699 5060 781 5127 ab
831 5074 1097 5127 ascensu
1149 5072 1439 5139 aurorae,
1495 5058 1693 5128 donec

183 5169 556 5251 medianum
596 5172 802 5237 astra.
846 5165 1092 5232 Lancea
1133 5169 1230 5231 est
1262 5164 1433 5231 zelus
1470 5170 1695 5235 contra

184 5275 351 5357 vitia3
377 5295 605 5343 amora
631 5278 730 5342 est
770 5272 1030 5339 initium
1061 5271 1248 5338 bonae
1281 5270 1479 5354 vitae3
1519 5278 1695 5341 astra

238 5437 403 5500 utet„
442 5449 580 5502 πη,
619 5439 699 5488 29.
739 5460 803 5474 -
848 5435 869 5466 ²
904 5439 1031 5499 Aug.
1069 5460 1132 5474 —
1164 5435 1182 5465 ⁸
1218 5434 1418 5496 Enoch„
1459 5446 1511 5498 v,
1547 5441 1594 5487 t.
1633 5462 1693 5475 —

192 5509 206 5534 ⁶
231 5506 381 5571 Gom,
404 5520 487 5577 m,
507 5511 587 5562 11.
612 5535 680 5549 -
701 5507 727 5545 ⁸
748 5508 919 5570 Rern„
952 5507 1007 5557 in
1031 5506 1210 5571 epiph.
1242 5507 1407 5569 Dom„
1436 5519 1596 5559 serm.
1632 5520 1694 5573 11,

1806 651 1960 714 sunt
2028 649 2217 716 honae
2280 652 2518 718 animae
2539 699 2558 729 ,
2611 670 2760 737 quae
2816 653 3242 736 egrediuntur
3291 653 3361 718 in

1806 759 2039 823 morte.

2354 839 2645 911 SERMO
2689 841 2804 910 III.

1890 971 2047 1037 Cras
2069 972 2195 1039 erit
2218 971 2397 1040 vobis
2421 975 2621 1055 salus,
2652 991 2797 1041 cum
2826 975 3175 1043 incaluerit
3190 975 3285 1043 sol
3309 981 3358 1041 ⁸.

1806 1077 1970 1156 Quia
2014 1077 2200 1144 Jesus
2234 1079 2686 1164 interpretatur
2708 1081 2910 1163 salus,
2947 1087 3152 1166 potest
3177 1083 3302 1148 dici
3335 1104 3353 1147 ε

1807 1186 1957 1249 Cras
1983 1184 2107 1249 erit
2131 1186 2313 1251 nobis
2343 1188 2538 1255 salus.
2583 1188 2768 1254 Nunc
2798 1191 2974 1255 enim
3001 1191 3081 1254 ad
3108 1190 3233 1255 hoc
3256 1190 3358 1254 in·

1808 1310 2074 1374 gressus
2097 1296 2194 1357 est
2221 1295 2552 1375 nascendo,
2583 1300 2658 1361 ut
2682 1300 2848 1361 efflet
2872 1297 3055 1360 nobis
3081 1297 3252 1362 salus
3274 1297 3298 1333 ⁹
3331 1319 3347 1362 :

1806 1400 2118 1483 Emesam
2158 1406 2253 1468 est
2287 1402 2363 1468 in
2407 1402 2709 1483 salutem,
2755 1408 2875 1467 etc.
2924 1402 3033 1468 Sol
3076 1402 3361 1469 Christus

1806 1513 1903 1574 est
1927 1512 2013 1551 ¹⁰·
1996 1509 2308 1577 .Or2’etur
2321 1509 2501 1576 vobis
2523 1510 2892 1578 timentibus
2913 1527 3139 1578 nomen
3156 1527 3361 1578 meum

1806 1616 1901 1682 sol
1913 1615 2222 1698 justicioe.
2251 1615 2416 1682 Solis
2441 1617 2613 1682 calor
2630 1623 2724 1683 est
2742 1616 2974 1684 Christi
2993 1637 3200 1698 amor,
3224 1638 3358 1703 quo

1806 1726 2060 1787 coactus
2097 1728 2193 1787 est
2223 1722 2567 1789 incarnari.
2597 1721 2672 1787 In
2701 1727 2981 1808 quatuor
3003 1729 3220 1790 autem
3244 1725 3356 1792 be-

1806 1830 2050 1895 neflciis
2075 1831 2395 1915 praecipue
2419 1832 2593 1897 calor
2618 1831 2946 1897 charitatis
2978 1832 3356 1912 ostenditur,

1806 1937 2099 2003 videlicet
2138 1938 2210 2002 in
2255 1938 2692 2006 incarnatione
2708 1989 2728 2021 ,
2789 1940 2862 2005 in
2914 1940 3196 2023 corporis
3253 1941 3360 2006 sui

1806 2046 2178 2127 traditione,
2227 2047 2295 2111 in
2339 2048 2632 2131 passione
2652 2093 2674 2127 ,
2720 2052 2788 2114 et
2835 2048 3112 2133 Spiritus
3159 2050 3360 2116 sancti

1806 2154 2143 2220 emisione.

1886 2262 1975 2328 De
1997 2263 2209 2347 primo
2241 2266 2471 2331 dicitur
2500 2265 2608 2330 hic
2643 2284 2666 2330 ε
2702 2266 2859 2333 Grae
2887 2267 3012 2334 erit
3035 2266 3217 2334 vobis
3250 2281 3362 2334 sa-

1805 2369 1928 2436 lus.
1960 2368 2125 2436 Nota
2149 2371 2510 2454 historiam,
2534 2372 2792 2457 quando
2826 2372 2990 2439 Naas
3012 2373 3221 2439 noluit
3240 2373 3361 2439 ha-

1806 2477 1956 2543 bere
2001 2496 2224 2562 pacem
2272 2497 2424 2545 cum
2470 2479 2632 2546 viris
2675 2479 2863 2546 Jabes
2911 2479 3145 2545 Galaad
3165 2525 3187 2559 ,
3235 2480 3361 2545 nisi

1806 2589 2061 2650 erueret
2102 2585 2394 2652 omnium
2438 2587 2656 2653 oculos
2698 2587 2995 2653 dexteros
3042 2603 3060 2650 ε
3103 2591 3361 2670 propter

1806 2691 1928 2756 hoc
1966 2692 2238 2757 missum
2273 2696 2368 2758 est
2410 2693 2501 2758 eis
2544 2694 2817 2760 verbum
2865 2694 3358 2761 consolatorium

1804 2797 1963 2864 illud
1995 2819 2012 2863 ε
2048 2798 2205 2866 Grac
2239 2801 2363 2868 erit
2387 2800 2565 2868 vobis
2596 2801 2795 2868 salus.
2835 2799 3002 2866 Naas
3044 2802 3356 2885 interpre-

1802 2910 1976 2971 tatur
2029 2924 2325 2992 semms,
2376 2914 2441 2975 et
2491 2909 2813 2991 significat
2870 2909 3226 2989 diabolum,
3280 2909 3361 2975 de

1803 3032 1934 3096 quo
1960 3014 2096 3080 Eva
2113 3016 2264 3081 dicit
2277 3018 2316 3054 ¹²
2340 3039 2355 3082 z
2383 3017 2648 3100 Serpens
2665 3015 2908 3100 decepit
2924 3034 3047 3085 me.
3064 3016 3361 3084 Diabolus

1803 3138 2065 3205 serpens
2090 3126 2187 3188 est
2216 3123 2523 3204 lubricus,
2571 3125 2760 3207 cujus
2804 3124 2858 3189 si
2901 3123 3091 3207 capiti
3112 3171 3131 3204 ,
3174 3125 3238 3190 id
3266 3129 3363 3190 est

1802 3228 2029 3310 primae
2055 3230 2446 3312 suggestioni
2467 3249 2601 3296 non
2625 3231 2961 3312 resistitur,
2984 3236 3159 3296 totus
3181 3232 3360 3297 cordi

1803 3333 2109 3403 illabitur.
2144 3337 2381 3404 Oculus
2407 3342 2501 3403 est
2529 3338 2689 3404 fides
2715 3338 3007 3404 :sinister
3021 3343 3239 3404 autem
3264 3342 3363 3404 est

1800 3447 1959 3511 fides
2007 3446 2089 3511 de
2131 3445 2529 3511 humanitate
2580 3444 2848 3525 Christi3
2901 3446 3125 3512 dexter
3176 3463 3354 3527 vem,

1800 3552 1955 3619 fides
1995 3553 2075 3619 de
2114 3553 2466 3618 divinitate.
2500 3554 2608 3618 Isti
2634 3554 2975 3619 suntoculi
3015 3553 3168 3619 caeci
3199 3554 3356 3634 nati,

1800 3661 1915 3744 qui
1951 3679 2068 3745 per
2105 3660 2319 3727 lutum
2361 3661 2796 3741 humanitatis,
2845 3665 2911 3727 et
2951 3665 3214 3745 sputum
3255 3679 3360 3727 sa-

1798 3769 2059 3853 pientise
2099 3768 2444 3835 divinitatis
2486 3770 2888 3853 aperiuntur.
2954 3768 3079 3836 Sed
3138 3770 3362 3835 dexter

1797 3878 2025 3944 oculus
2075 3877 2110 3944 J
2113 3878 2314 3944 udaeis
2367 3879 2616 3944 eruitur
2637 3926 2657 3957 ,
2712 3878 2828 3962 qui
2878 3882 3101 3944 Jesum
3155 3877 3362 3942 homi-

1797 4003 1972 4064 nem,
1998 3989 2063 4050 et
2090 4003 2222 4051 non
2257 3985 2458 4051 Deum
2504 3987 2751 4069 putant.
2809 3985 2968 4050 Item
3007 3989 3104 4050 est
3137 3985 3360 4051 oculus

1796 4093 2108 4159 intentio:
2139 4094 2362 4160 dexter
2399 4096 2615 4158 autem
2666 4093 2892 4159 oculus
2936 4093 3017 4158 ad
3056 4093 3352 4174 gloriam,

1797 4201 2052 4266 sinister
2122 4201 2201 4266 ad
2270 4200 2638 4283 gehennam
2699 4200 2977 4284 respicit.
3048 4199 3357 4264 Dextrum

1797 4326 2003 4389 amor,
2035 4308 2370 4393 sinistrum
2397 4307 2590 4372 timor
2615 4306 2852 4391 aperit·
2885 4306 3006 4385 Qui
3034 4324 3197 4388 ergo
3225 4324 3356 4371 non

1797 4435 2017 4482 amore
2062 4415 2492 4494 beatitudinis,
2523 4414 2633 4479 sed
2660 4413 2892 4480 timore
2927 4414 3356 4481 damnationis

1798 4525 2044 4590 malum
2086 4524 2254 4607 fugit
2287 4527 2352 4588 et
2385 4523 2630 4588 bonnm
2673 4521 2831 4604 agit,
2869 4522 3172 4587 dextrum
3198 4539 3353 4587 ocu·

1797 4633 1936 4698 lum
1966 4632 2157 4697 eruit.
2206 4631 2366 4696 Hinc
2392 4631 2476 4695 ¹³:
2511 4630 2743 4697 Oculus
2771 4628 2994 4697 dexter
3021 4628 3160 4711 (zius
3187 4636 3356 4697 tene-

1798 4741 2082 4808 brescens
2125 4738 2584 4807 obscurabitur.
2639 4738 2872 4803 Contra
2912 4736 3080 4801 hanc
3118 4736 3355 4802 diaboli

1796 4846 2276 4931 oppressionem
2315 4845 2495 4912 venit
2518 4844 2705 4910 nobis
2731 4843 2926 4924 salus,
2953 4842 3212 4926 quando
3235 4861 3350 4909 ve·

1797 4956 1894 5020 nit
1920 4955 2105 5021 nobis
2130 4953 2336 5020 Jesus.
2376 4952 2564 5018 Venit
2588 4952 2847 5017 autem·
2830 4969 2898 5016 ιιι
2925 4951 3155 5031 calore,
3200 4953 3355 5035 quia

1797 5063 1985 5129 ᾶειῑιιε
2010 5063 2199 5127 estin
2224 5077 2443 5126 amore
2461 5061 2549 5103 ¹⁸·
2534 5060 2690 5127 ,Sic
2713 5060 2874 5126 Deus
2897 5058 3140 5127 dile-rit
3167 5074 3353 5127 mun-

1798 5168 1980 5249 dum,
2008 5175 2130 5234 etc.

1798 5309 1851 5347 n.
1891 5296 1939 5346 3.
1976 5320 2041 5332 -
2083 5291 2106 5328 ¹
2143 5291 2284 5345 Ptol.
2332 5304 2454 5358 vm,
2493 5296 2542 5344 6.
2578 5317 2641 5333 -
2676 5294 2701 5332 ⁷
2739 5295 2782 5345 11
2826 5292 3005 5355 Esar..
3058 5302 3133 5357 iv,
3174 5294 3256 5345 2¹.
3289 5318 3352 5333 -

1797 5369 1866 5419 *Ι
1909 5368 2046 5430 neq„
2089 5378 2176 5429 xi,
2218 5368 2268 5418 9.
2306 5391 2369 5404 -
2416 5367 2437 5398 ’
2480 5365 2687 5434 Hebae„
2725 5378 2817 5428 111,
2861 5369 2939 5418 13.
2970 5392 3033 5405 -
3067 5366 3111 5403 ¹⁰
3144 5364 3350 5426 Malae..

1801 5451 1875 5503 ιν,
1918 5441 1965 5489 2.
2014 5462 2071 5473 -
2130 5436 2163 5473 ¹¹
2216 5436 2361 5501 Gen„
2406 5448 2496 5501 ιιι,
2543 5440 2621 5489 ¹3.
2656 5464 2719 5478 —
2760 5437 2801 5475 ¹²
2833 5436 3004 5490 ΖωΙι..
3045 5448 3133 5502 ιι,
3171 5439 3252 5492 17.
3292 5462 3348 5478 -

1805 5507 1844 5550 '⁸
1868 5510 2036 5570 Joan„
2063 5518 2148 5572 ιιι,
2185 5510 2263 5562 16.
