4059 6317
938 534 1047 599 DE
1086 535 1153 600 S.
1197 534 1465 623 MARCO
1508 530 2086 601 EVANGELlsTA.
2132 533 2399 603 SERMO
2445 536 2520 602 11.

116 688 243 732 non
272 670 512 747 repulit,
539 671 646 730 sed
663 670 921 745 benigne
940 671 1215 746 suscepit,
1234 672 1408 747 eique
1427 672 1671 746 peccata

117 764 358 825 dimisit.
390 767 581 836 Quare
604 765 715 823 ista
741 764 820 823 ad
848 765 1293 838 praedicandum
1330 768 1467 823 sunt
1491 764 1670 823 valde

113 858 405 935 pulchra:
434 858 596 932 quia,
620 859 766 916 dum
790 859 1083 917 modestia
1099 863 1260 918 tanta
1287 858 1362 917 de
1387 861 1503 917 Deo
1526 874 1671 932 prse-

113 952 370 1024 dicatur,
396 968 509 1010 nos
541 952 623 1011 ad
649 952 1003 1010 modestiam
1029 953 1377 1026 invitamur;
1407 955 1464 1011 et
1489 952 1667 1010 valde

109 1047 441 1119 arguimur,
462 1045 511 1105 si
525 1062 693 1104 more
717 1046 869 1120 apri,
887 1046 986 1104 vel
1003 1045 1144 1118 ursi,
1171 1047 1497 1104 irascimur.
1523 1046 1664 1105 Miro

109 1138 274 1204 enim
303 1140 490 1199 modo
508 1155 616 1215 per
640 1140 794 1197 iram
811 1138 1183 1198 inordinatur
1208 1141 1415 1208 homo,
1445 1142 1503 1197 et
1519 1139 1663 1196 sub·

55 1308 62 1316 ἱ
107 1232 356 1293 vertitur
389 1234 570 1308 rati03
615 1233 720 1291 sed
762 1250 795 1291 e
829 1238 1034 1292 contra
1070 1234 1378 1293 ordinatur
1403 1250 1511 1308 per
1537 1249 1667 1290 mo-

110 1326 388 1385 destiam.
417 1327 525 1397 Qui
553 1343 696 1401 ergo
725 1328 789 1386 in
815 1328 927 1385 hac
952 1328 1163 1385 virtute
1194 1328 1508 1386 Dominum
1537 1326 1666 1384 imi·

106 1425 286 1495 tatur,
330 1423 410 1481 ab
453 1439 524 1481 eo
569 1422 900 1497 plurimum
940 1424 1289 1481 honoratur.
1331 1427 1458 1498 Ipse
1505 1424 1662 1481 enim

110 1515 255 1575 dicit
278 1518 298 1552 ¹
316 1535 372 1574 :a
392 1516 448 1575 Si
476 1516 610 1591 quis
631 1517 778 1576 mihi
791 1517 1226 1588 ministraverit,
1246 1516 1665 1576 honorificabit

107 1625 247 1669 eum
276 1608 444 1669 Pater
467 1626 654 1671 meuS.
689 1630 719 1666 ιο
753 1609 1022 1669 Secundo
1065 1609 1243 1668 debet
1279 1611 1464 1669 homo
1501 1610 1663 1669 ordi-

104 1703 238 1761 nari
277 1704 527 1762 exterius
555 1705 637 1762 ad
662 1704 923 1779 seipsum
964 1720 1070 1777 per
1105 1703 1240 1763 vitae
1278 1703 1656 1763 munditiam.

106 1797 316 1855 Nullus
345 1798 505 1855 enim
540 1801 625 1856 est
665 1815 795 1869 rex,
836 1798 959 1857 imo
995 1815 1106 1857 nec
1130 1798 1289 1856 ullus
1316 1798 1524 1870 homo,
1552 1799 1659 1874 qui

106 1893 406 1953 mundum
433 1894 768 1954 ministrum
786 1911 911 1953 non
938 1896 1202 1970 requirat
1233 1914 1248 1954 ι
1278 1911 1446 1969 erg0,
1474 1897 1523 1953 si
1551 1914 1657 1956 vo-

105 1987 237 2047 lunt
259 1988 377 2048 hoc
404 1989 675 2048 homines
714 1989 1032 2063 immundi,
1063 1994 1121 2048 et
1150 1990 1401 2065 peccatis
1439 1989 1658 2062 infecti,

107 2081 318 2158 quales
356 2088 531 2158 putas
580 2083 709 2141 vult
751 2083 974 2142 habere
1022 2081 1319 2142 ministros
1377 2084 1658 2143 Dominus

105 2176 577 2236 mundissimus?
615 2177 778 2235 Unde
828 2176 1039 2236 dicitur
1068 2179 1091 2212 ²
1140 2195 1155 2234 ε
1193 2196 1220 2232 α
1242 2177 1566 2237 Ambulans
1593 2179 1658 2237 in

103 2270 203 2329 via
247 2255 667 2344 immaculata,
707 2271 804 2330 hic
841 2272 988 2329 mihi
1031 2271 1424 2330 ministrabat.
1463 2293 1491 2328 n
1543 2272 1657 2331 Sed

106 2366 241 2439 quis
284 2364 467 2423 hodie
510 2381 648 2422 cum
691 2365 987 2423 munditia
1038 2366 1231 2424 carnis
1273 2369 1390 2425 Deo
1431 2367 1657 2426 servit?

103 2459 244 2529 Quis
270 2460 457 2517 vitam
485 2459 929 2519 immaculatam
958 2459 1166 2518 ducit?
1195 2462 1333 2531 Quis
1368 2461 1657 2520 maculari

101 2551 213 2611 hac
239 2550 607 2626 turpitudine
648 2569 774 2611 non
821 2554 1024 2628 cupit?
1050 2557 1219 2627 Nam,
1261 2554 1403 2629 quia
1449 2571 1656 2613 omnes

101 2646 318 2722 polluti
341 2662 567 2714 sumuS,
596 2650 654 2704 et
679 2647 845 2705 velut
884 2663 1060 2706 canes
1086 2652 1142 2705 et
1175 2648 1312 2723 equi
1356 2648 1436 2706 ad
1463 2649 1656 2707 carnis

100 2741 409 2801 lasciviam
446 2743 759 2814 currimus,
798 2743 939 2802 ideo
975 2759 1012 2801 a
1039 2746 1156 2802 Deo
1183 2743 1248 2800 in
1275 2743 1490 2802 nostris
1517 2761 1654 2820 pre-

99 2836 268 2895 cibus
287 2851 415 2895 non
437 2836 735 2895 audimur.
765 2837 927 2895 Unde
956 2836 1170 2896 dicitur
1188 2838 1249 2895 ⁸:
1291 2856 1319 2891 α
1337 2839 1484 2896 Cum
1505 2838 1656 2896 mul-

97 2929 499 3005 tiplicaveritis
547 2946 751 3005 preces
768 2971 787 3002 ‚
836 2946 962 2989 non
1015 2930 1337 2989 exaudiam
1372 2950 1387 2989 ε
1439 2947 1655 2989 manus

98 3024 257 3081 enim
305 3028 516 3082 vestrae
562 3023 849 3097 sanguine
904 3023 1096 3098 plenas
1148 3026 1300 3085 sunt.
1331 3044 1362 3080 n
1424 3025 1656 3098 Legitur

99 3120 258 3178 enim
277 3120 334 3178 ⁸:
373 3138 402 3174 α
416 3124 480 3180 Et
497 3120 691 3179 omnis
710 3136 849 3178 caro
871 3125 1216 3194 corruperat
1232 3120 1393 3179 viam
1414 3136 1645 3179 suam.»

96 3216 224 3271 Non
255 3216 423 3272 tanta
449 3214 560 3271 fuit
589 3213 736 3271 olim
765 3212 999 3271 infectio
1028 3214 1090 3270 in
1116 3214 1363 3288 paganis
1379 3257 1402 3287 ,
1432 3219 1654 3289 quanta

55 3350 70 3361 .
95 3306 276 3365 hodie
310 3311 398 3364 est
423 3308 488 3365 in
510 3307 853 3366 hominibus
880 3306 1227 3366 christianis,
1252 3308 1393 3366 ideo
1412 3314 1654 3367 narrant

94 3402 378 3459 Romanae
400 3400 680 3472 historiae,
708 3400 873 3476 quod
900 3417 1025 3460 non
1055 3400 1253 3459 solum
1271 3400 1523 3460 Romani
1547 3401 1652 3460 de-

93 3495 460 3553 testabantur
501 3498 706 3553 actum
748 3494 945 3568 ipsum
995 3494 1502 3568 nefandissimum,
1544 3496 1651 3555 sed

93 3603 337 3646 omnem
376 3604 600 3647 vanum
644 3592 968 3662 aspectum,
1008 3592 1067 3646 et
1094 3593 1431 3663 suspectum
1467 3588 1649 3648 collo-

89 3681 324 3756 quium.
371 3684 518 3741 Nam
544 3683 567 3718 ⁸
596 3681 866 3757 quidam,
909 3680 1152 3740 nomine
1199 3683 1445 3754 Quintus
1487 3683 1648 3742 Anti-

86 3778 251 3850 etius,
266 3778 606 3853 repudiavit
630 3795 904 3852 uxorem,
933 3795 1007 3838 eo
1034 3779 1201 3855 quod
1227 3798 1365 3839 cum
1383 3781 1647 3855 quadam

86 3876 359 3949 suspecta
399 3870 644 3931 foemina
681 3887 817 3930 eam
860 3872 1093 3932 viderat
1128 3873 1491 3949 loquentem.
1531 3878 1597 3933 Et
1624 3875 1647 3911 ⁸

87 3966 471 4042 Sempronius
524 3983 776 4026 uxorem
829 3968 1072 4041 dimisit,
1125 3985 1200 4027 eo
1257 3968 1458 4044 quod,
1510 3968 1644 4043 ipso

87 4058 424 4135 ignorante,
457 4061 732 4120 homines
777 4061 1049 4120 ludentes
1085 4062 1334 4136 aspexit.
1377 4066 1492 4122 Nec
1521 4067 1647 4125 erat

86 4161 248 4234 apud
285 4163 590 4219 Romanos
631 4161 748 4219 hoc
791 4160 1276 4234 reprehensibile,
1321 4161 1426 4220 sed
1464 4162 1641 4222 valde

84 4253 410 4313 laudabile.
455 4257 631 4328 Erg0,
660 4254 709 4311 si
755 4254 895 4313 talia
930 4254 1229 4313 faciebant
1260 4261 1503 4330 propter
1543 4273 1639 4316 so·

83 4345 210 4405 lum
237 4349 544 4422 aspectum
571 4350 629 4404 et
655 4345 1048 4421 colloquium,
1079 4347 1275 4422 cogita
1302 4349 1449 4423 quid
1474 4349 1641 4409 fecis-

84 4444 232 4513 sent,
259 4440 311 4499 si
339 4442 538 4499 actum
563 4441 869 4499 vidissent.

152 4533 426 4592 Secundo
481 4533 659 4593 debet
711 4533 975 4592 minister
1028 4535 1185 4593 bene
1240 4535 1504 4595 ordinari
1557 4537 1637 4596 ad

0 4659 61 4692 n·-
82 4628 287 4686 Deum.
316 4626 632 4686 Ordinatur
648 4632 845 4687 autem
862 4644 971 4703 per
990 4627 1147 4701 duo;
1188 4629 1384 4704 primo
1411 4646 1520 4705 per
1546 4629 1637 4689 in-

0 4737 10 4755 ·
85 4721 472 4796 telligentiam
498 4720 562 4779 in
588 4721 855 4795 agendiS,
893 4721 1157 4781 secundo
1204 4739 1347 4782 vero
1380 4740 1489 4798 per
1533 4742 1636 4800 pa-

83 4815 348 4874 tientiam
374 4816 436 4873 in
464 4814 743 4890 periculis
780 4815 1123 4874 tolerandiS.
1166 4816 1297 4874 Dico
1328 4817 1493 4891 quod
1519 4818 1637 4893 pri-

80 4926 182 4968 mo
211 4909 523 4968 ordinatur
548 4908 813 4967 minister
836 4908 1045 4968 Christi
1061 4925 1168 4984 per
1186 4897 1634 4984 intelligentiam

80 5001 142 5061 in
167 5003 439 5077 agendis.
461 5003 707 5062 Multum
729 5003 890 5063 enirn
918 5001 1174 5076 diligunt
1190 5019 1362 5076 reges
1391 5009 1448 5062 et
1473 5005 1634 5079 prin-

82 5098 240 5173 cipes
266 5096 568 5155 ministros
602 5096 756 5155 bene
793 5099 934 5155 vota
972 5111 1081 5154 sua
1116 5095 1527 5171 intelligenteS,
1577 5101 1634 5157 et

81 5207 190 5265 pro
216 5206 393 5266 posse
422 5189 655 5249 effectui
683 5189 1053 5248 mandantes.
1085 5190 1248 5248 Unde
1275 5190 1547 5250 scribitur
1568 5193 1626 5250 ²:

143 5340 161 5374 ¹
196 5340 363 5396 dean..
388 5350 485 5403 ιιι,
517 5342 596 5390 26.
636 5364 691 5375 -
718 5339 742 5374 ²
763 5337 903 5388 Psal.
942 5349 1000 5400 c,
1024 5340 1071 5389 6.
1093 5363 1154 5375 —
1182 5337 1206 5372 ⁸
1237 5339 1356 5403 lca„
1388 5352 1431 5402 1,
1463 5344 1539 5390 15.
1568 5366 1630 5378 -

86 5410 103 5439 ⁴
131 5409 379 5509 ng.‚-v1,
416 5413 489 5460 12.
513 5436 577 5449 -
601 5411 625 5447 ⁸
652 5409 820 5497 Valer-
856 5410 1014 5501 M⁸.¹‘'
1039 5408 1131 5497 lib.
1161 5408 1249 5471 Vl,
1277 5423 1322 5459 c.
1356 5423 1436 5493 111,
1464 5424 1518 5460 n.
1551 5417 1627 5499 ¹⁶1.

89 5507 139 5519 --
225 5482 375 5544 ibid„
400 5495 455 5532 n.
491 5485 565 5534 12.
597 5507 654 5518 -
682 5481 705 5518 ⁷
733 5482 899 5544 Pron„
931 5493 1041 5557 siv,
1069 5484 1145 5531 ὀὶ).
1180 5508 1237 5517 -
1266 5479 1289 5515 ⁸
1315 5481 1350 5533 Η
1389 5484 1526 5539 cor..
1557 5492 1625 5543 w,

3214 543 3335 605 549

1787 688 1817 721 «
1841 670 2126 743 Acceptus
2154 673 2238 728 est
2264 671 2392 745 regi
2428 670 2694 730 minister
2720 671 3068 746 intelligens.
3101 694 3129 728 n
3164 674 3334 741 Stulti

1779 761 2063 836 ministri,
2108 763 2284 822 etiam
2320 765 2372 823 si
2409 766 2597 824 ferant
2643 781 2885 838 aurum,
2913 781 3038 824 non
3071 767 3327 842 placent.

1777 859 1890 914 Nec
1916 857 2168 915 mirum:
2219 875 2363 917 nam
2403 860 2535 917 sola
2565 859 2953 934 intelligentia
2987 864 3329 925 excellimus

1775 949 1971 1009 bruta.
1997 954 2166 1022 Nam,
2193 969 2334 1010 cum
2362 970 2399 1011 a
2424 953 2753 1028 leporibus,
2782 955 3055 1028 tigribuS,
3087 960 3144 1014 et
3170 959 3328 1016 cani·
3406 974 3564 1019 Exom-

1773 1044 1888 1102 bus
1915 1061 2265 1120 superemur
2302 1047 2366 1105 in
2412 1048 2742 1119 velocitate,
2790 1034 2867 1107 ab
2914 1050 3323 1124 elephantibus
3350 1033 3491 1091 th-

1773 1137 1836 1195 in
1861 1139 2247 1212 malignitate,
2277 1158 2314 1199 a
2344 1142 2532 1200 cervis
2557 1141 2621 1199 in
2645 1142 2886 1215 robore,
2921 1144 2999 1202 ab
3023 1144 3239 1219 aquilis
3266 1149 3324 1204 et

1772 1230 2049 1305 lyncibus
2076 1232 2139 1290 in
2158 1233 2311 1305 visu,
2341 1250 2378 1292 a
2405 1234 2561 1310 lupis
2582 1235 2646 1293 in
2674 1236 2901 1308 auditu,
2927 1253 2962 1294 a
2986 1237 3325 1299 vulturibus

1771 1323 1835 1382 in
1865 1324 2104 1399 olfactu,
2127 1331 2183 1384 et
2203 1327 2281 1385 ab
2303 1328 2534 1387 araneis
2560 1330 2624 1386 in
2647 1331 2826 1400 tactu,
2849 1329 2979 1388 sola
2997 1330 3323 1405 intelligen-

1770 1421 1850 1479 tia
1873 1437 2223 1495 superamus
2247 1426 2454 1481 caetera
2475 1422 2777 1481 animalia.
2802 1426 2868 1481 Et
2885 1422 3023 1482 ideo
3049 1424 3323 1484 homines

1770 1515 1883 1572 soli
1907 1519 2151 1590 propter
2178 1515 2623 1590 intelligentiam
2665 1520 2782 1575 Deo
2813 1522 2949 1575 sunt
2991 1519 3235 1593 accepti,
3266 1522 3324 1578 et

1770 1609 1848 1666 ad
1883 1609 2312 1668 beatitudinem
2337 1611 2524 1671 electi.
2563 1613 2899 1671 Secundum
2936 1630 3108 1684 vern,
3155 1616 3321 1690 quod

1771 1704 2009 1763 ordinat
2037 1705 2117 1762 ad
2144 1705 2454 1772 Christum,
2478 1706 2601 1765 sive
2629 1708 2708 1765 ad
2738 1711 2939 1779 Deum,
2962 1707 3317 1781 ministrum,

1771 1802 1859 1856 est
1885 1799 2220 1872 tolerantia,
2247 1801 2366 1858 sive
2392 1801 2671 1874 patientia
2696 1801 2760 1860 in
2784 1801 3043 1877 perculis
3068 1803 3321 1863 toleran-

1769 1891 1853 1951 di.
1905 1892 2009 1951 llle
2052 1893 2213 1951 enim
2251 1893 2515 1952 minister
2560 1894 2777 1968 dignus
2803 1896 2990 1954 amari
3036 1914 3159 1955 non
3197 1902 3284 1957 est
3298 1941 3319 1971 ‚

1767 1985 1873 2059 qui
1908 1991 2151 2060 propter
2170 1974 2484 2046 Dominum
2523 1992 2760 2063 portare
2779 1990 2941 2048 mala
2960 2007 3083 2049 non
3105 1995 3315 2065 potest.

1766 2078 1928 2136 Unde
1974 2079 2212 2138 dicebat
2235 2082 2547 2156 Apostolus
2574 2085 2596 2119 ⁸
2631 2101 2647 2140 ε
2689 2102 2719 2137 α
2748 2086 2811 2142 ln
2840 2084 3119 2142 omnibus
3154 2085 3320 2144 exhi-

1763 2171 2013 2231 beamus
2036 2176 2428 2249 nosmetipsos
2445 2177 2596 2234 sicut
2613 2179 2711 2235 Dei
2728 2178 3026 2236 ministros
3044 2178 3106 2236 in
3132 2179 3320 2239 multa

1763 2267 2063 2342 patientia,
2091 2271 2159 2326 ut
2191 2285 2317 2328 non
2348 2271 2712 2345 vituperetur
2747 2271 3137 2330 ministerium
3177 2288 3318 2331 nos-

1762 2363 1939 2418 trum.
1960 2382 1987 2416 n
2022 2365 2197 2435 Ergo,
2216 2364 2545 2422 secundum
2573 2364 2688 2423 hoc
2706 2365 2968 2440 Apostoli
2982 2365 3226 2439 dictum,
3242 2367 3315 2424 il-

1761 2453 1870 2511 lud
1886 2454 2344 2530 vituperandum
2354 2460 2441 2514 est
2453 2456 2860 2530 ministerium,
2872 2459 3038 2534 quod
3053 2475 3175 2517 non
3187 2461 3316 2520 vult

1761 2549 1883 2624 pati
1908 2549 2139 2625 aliquid
2157 2556 2397 2626 propter
2420 2551 2732 2611 Christum.
2762 2554 2906 2611 Sunt
2932 2553 3092 2611 enim
3117 2554 3310 2625 multi,
3396 2574 3555 2617 uxam-

1762 2641 1866 2717 qui
1894 2648 2120 2702 tantum
2150 2646 2265 2702 Deo
2298 2646 2562 2705 serviunt
2584 2646 2646 2703 in
2681 2646 2999 2722 prosperis3
3024 2647 3130 2705 sed
3154 2664 3309 2706 nun·
3340 2636 3481 2699 le‘

1762 2753 1944 2810 quam
1967 2738 2047 2797 ad
2064 2741 2242 2796 Deum
2270 2740 2544 2812 clamant,
2576 2738 2691 2797 nisi
2718 2757 2855 2797 cum
2882 2757 2944 2798 se
2970 2741 3228 2800 sentiunt
3247 2741 3310 2800 in

1762 2829 2044 2889 adversiS.
2074 2832 2218 2890 Sunt
2243 2831 2403 2890 enim
2425 2832 2644 2891 similes
2670 2832 2850 2906 ferre,
2880 2835 3047 2910 quod
3075 2852 3212 2893 cum
3239 2837 3313 2895 sit
3393 2853 3551 2897 axem-

1760 2942 1994 3002 semper
2035 2927 2295 3001 nigrum,
2321 2928 2766 3003 rubiginosum,
2803 2930 2867 2987 in
2902 2931 3033 2990 solo
3067 2932 3205 3006 igne
3244 2934 3315 2991 fit
3338 2913 3478 2970 ⁹¹⁰⁰·

1759 3022 2110 3097 pulchrum,
2157 3021 2255 3080 vel
2293 3038 2475 3081 arena
2510 3040 2721 3098 aspera
2756 3024 2980 3083 fortiter
3019 3026 3313 3085 confrica-

1760 3119 1906 3173 tum.
1938 3115 2254 3174 Plumbum
2283 3116 2483 3175 colore
2511 3123 2597 3176 est
2630 3117 2883 3175 lividum
2892 3136 2914 3191 3
2948 3119 3052 3176 sed
3085 3119 3153 3177 fit
3176 3108 3312 3194 pul-

1761 3210 1991 3281 chrum,
2020 3208 2143 3283 igni
2174 3209 2471 3270 adustum.
2489 3212 2579 3269 Sic
2599 3216 2657 3270 et
2678 3212 2850 3270 multi
2877 3229 3000 3272 non
3026 3213 3105 3271 ad
3129 3218 3312 3273 Deum

1760 3302 2047 3376 redeunt,
2086 3300 2196 3361 nec
2220 3304 2627 3379 poenitentiam
2665 3310 2873 3379 agunt,
2909 3306 3021 3364 nisi
3057 3323 3095 3365 a
3127 3307 3312 3366 tribu-

1759 3396 1978 3456 latione
2016 3403 2320 3470 cogantur.
2353 3402 2449 3458 Est
2472 3415 2611 3473 ergo
2638 3398 2938 3458 tribulatio
2963 3415 3087 3457 non
3114 3399 3310 3458 solum

1756 3491 2045 3565 patienter
2065 3492 2326 3560 ferenda,
2356 3493 2461 3550 sed
2490 3493 2907 3566 desideranda,
2935 3511 3075 3553 cum
3099 3495 3177 3554 sit
3199 3512 3312 3555 no·

1757 3584 1852 3642 bis
1871 3586 1942 3643 aci
1962 3588 2144 3644 Deum
2162 3586 2454 3645 redeundi
2481 3586 2596 3645 via.

1825 3679 2014 3737 Tertio
2044 3684 2278 3754 oportet
2319 3680 2418 3739 Dei
2460 3682 2796 3740 ministrum
2833 3683 2989 3741 bene
3037 3683 3304 3743 ordinari
3355 3688 3551 3763 ‘ordina-

1754 3773 1836 3830 ad
1859 3771 2223 3847 proximum.
2255 3774 2399 3833 Sunt
2424 3778 2624 3834 autem
2654 3775 2799 3848 due,
2828 3793 2935 3849 per
2977 3794 3111 3852 quae
3140 3777 3306 3836 ordi·
3334 3754 3396 3796 ²¹⁰
3426 3765 3490 3796 ¹¹¹·

1754 3871 1927 3924 natur
1955 3867 2035 3925 ad
2056 3867 2396 3942 proximum
2426 3886 2441 3926 ε
2474 3870 2736 3944 primum
2763 3872 2850 3928 est
2883 3870 3308 3930 benevolentia

1752 3960 2093 4031 voluntatiS,
2122 3963 2188 4018 ut
2215 3978 2289 4019 ex
2333 3963 2640 4038 proposito
2684 3964 2919 4023 nullum
2960 3965 3166 4037 laedat3
3214 3981 3307 4024 se-

1754 4054 2017 4112 cundum
2048 4058 2133 4112 est
2156 4055 2516 4115 beneficium
2553 4057 2879 4129 charitatiS‚
2915 4062 2982 4116 ut
3025 4060 3306 4118 omnibus

1750 4164 1862 4223 pro
1909 4165 2084 4224 posse
2131 4149 2466 4209 subveniat.
2513 4151 2650 4211 Dico
2700 4154 2868 4227 quod
2910 4153 3171 4228 primum
3221 4159 3307 4212 est

1749 4243 2168 4303 benevolentia
2210 4245 2530 4304 voluntatis
2545 4288 2566 4318 ,
2626 4248 2692 4304 ut
2743 4247 3045 4305 neminem
3097 4248 3301 4323 laedat,
3386 4310 3395 4317 ,

1750 4337 1901 4396 nulli
1948 4337 2230 4412 injuriam
2274 4338 2482 4411 faciat,
2529 4340 2681 4398 nulli
2722 4340 3074 4413 maledicat,
3118 4342 3226 4401 sed
3270 4360 3302 4401 e

1750 4449 2038 4492 converso
2069 4433 2416 4507 benedicat,
2447 4439 2503 4492 et
2529 4436 2761 4494 serviat.
2792 4435 2955 4493 Unde
2982 4436 3201 4494 Paulus
3228 4441 3251 4476 ⁹
3281 4456 3296 4495 :

1756 4549 1784 4581 α
1812 4528 2040 4587 Nemini
2070 4529 2277 4588 dantes
2305 4530 2492 4588 ullam
2522 4529 2935 4601 offensionem,
2964 4535 3181 4590 utnon
3206 4532 3294 4591 vi-

1746 4628 2048 4699 tuperetur
2086 4624 2479 4683 ministerium
2523 4628 2812 4683 nostrum.
2860 4644 2888 4681 x>
2932 4628 2995 4684 ln
3031 4624 3297 4685 benevo-

1745 4719 1928 4778 lentia
1953 4719 2109 4778 servi
2151 4720 2525 4793 cognoscitur
2563 4718 2981 4777 benevolentia
3011 4717 3292 4801 ,domini3

1746 4819 1804 4874 et
1827 4814 2166 4886 malignitas
2185 4813 2435 4872 ministri
2463 4830 2617 4889 soepe
2635 4812 3009 4872 redundatin
3032 4812 3294 4871 dedecus

1743 4907 2069 4966 ministerii
2102 4912 2250 4968 Nam
2274 4908 2430 4966 servi
2455 4906 2754 4981 refugiunt
2779 4906 3009 4965 malum
3036 4906 3294 4964 ministe-

1741 5002 1932 5072 rium,
1980 5001 2131 5059 sicut
2183 5000 2481 5059 scholares
2531 5000 2761 5058 malum
2804 5000 3187 5073 magistrum,
3234 5003 3293 5058 et

1742 5094 1941 5153 clerici
1966 5094 2197 5153 malum
2224 5095 2631 5169 praepositum,
2659 5095 2782 5152 sive
2808 5092 3162 5167 malignum.
3189 5093 3286 5151 Di-

1743 5189 1894 5247 citur
1921 5189 2082 5247 enim
2116 5190 2179 5247 in
2219 5189 2436 5247 fabulis
2462 5187 2525 5261 ¹⁰,
2556 5188 2722 5264 quod
2751 5188 2897 5246 dum
2922 5187 3014 5246 leo
3042 5204 3149 5246 rex
3175 5187 3286 5245 ali·

1742 5281 1982 5356 quando
2039 5282 2320 5340 animalia
2375 5282 2454 5340 ad
2509 5281 2822 5343 consilium
2872 5282 3284 5355 convocasset,

1741 5410 1788 5470 4,
1817 5409 1866 5457 3.
1889 5433 1952 5444 —
1978 5407 2001 5442 ⁹
2025 5407 2064 5455 ll
2094 5407 2232 5467 Gor„
2255 5419 2330 5468 vr,
2348 5408 2395 5458 3.
2418 5432 2480 5444 —
2505 5407 2543 5441 ¹⁸
2558 5407 2755 5472 AEwp„
2781 5405 2870 5456 lib.
2900 5407 2963 5470 ll,
2983 5404 3091 5470 fab.
3122 5417 3278 5470 xum

1743 5479 1941 5545 Horat„
1979 5478 2163 5547 Epist„
2191 5478 2278 5529 lib.
2311 5481 2347 5544 l,
2380 5478 2527 5542 epist.
2563 5491 2600 5542 1,
2632 5492 2680 5531 v.
2716 5480 2884 5533 73-75.
