4059 6317
1036 462 1115 530 IN
1156 462 1286 529 DIE
1326 462 1626 530 SANCTO
1666 461 2238 533 PENTEGOSTES.
2286 467 2551 536 SERMO
2592 469 2667 534 X.

237 593 526 675 honoris,
555 599 619 661 et
642 595 953 690 desiderio
986 597 1067 681 (a)
1103 598 1441 664 oculorum
1467 601 1717 664 ornata.
1750 618 1784 659 n

239 702 367 770 Per
400 721 705 769 coronam
750 723 1020 771 auream
1064 706 1337 790 positam
1374 725 1568 791 super
1598 709 1789 790 caput

239 810 585 894 cujuslibet
609 812 898 896 apostoli,
928 814 998 878 in
1020 816 1334 897 quantum
1360 817 1461 879 est
1482 830 1788 896 expressa

239 918 293 982 si
300 936 434 1000 gno
460 919 809 984 sanctitatis
823 967 844 1000 ,
877 920 1086 1002 gloria
1126 924 1190 985 et
1224 921 1469 986 honore
1506 919 1785 1003 praemii,

239 1023 633 1106 intelligitur
667 1032 1159 1108 ornamentum,
1202 1029 1340 1095 sive
1375 1029 1587 1111 prima
1622 1026 1787 1092 stola

240 1132 502 1198 animas.
531 1132 699 1199 Sed
683 1153 752 1199 ιιι
769 1139 1085 1219 quantum
1110 1135 1423 1201 desiderio
1454 1134 1791 1201 oculorum

241 1248 506 1332 ornata,
536 1244 915 1328 intelligitur
957 1244 1236 1312 secunda
1281 1244 1442 1310 stola
1480 1244 1785 1327 corporis.

3317 473 3434 533 303

1895 600 2034 683 git,
2064 619 2104 665 a
2129 602 2362 686 quibus
2388 603 2692 669 mundari
2716 602 3024 667 debemus
3043 650 3064 682 ,
3094 601 3384 668 videlicet
3413 623 3431 666 ε

1893 710 1975 775 ab
2018 710 2521 795 inquinamentis
2565 710 2845 778 luxuriae
2872 710 2895 745 ⁰
2936 734 2951 776 ε
2997 731 3029 771 α
3058 709 3439 775 Mundemus

1894 836 2013 884 nos
2028 819 2111 883 ab
2125 819 2300 884 omni
2319 818 2809 903 inquinamento
2835 817 3044 882 carnis
3068 819 3133 882 et
3151 816 3436 900 spiritus,

1895 926 2291 1009 perficientes
2318 926 2884 992 sanctificationem
2929 926 2999 990 in
3034 924 3264 989 timore
3312 924 3441 989 Do-

1897 1034 2079 1098 mini.
2108 1054 2140 1094 »
2175 1034 2335 1099 Item
2377 1035 2458 1099 ab
2498 1034 2681 1100 idolis
2720 1032 3008 1099 avaritiae
3046 1032 3069 1067 '¹
3101 1054 3118 1098 ι
3159 1055 3192 1093 α
3218 1030 3440 1096 Omnis

1896 1138 2258 1223 fornicator,
2277 1145 2393 1207 aut
2406 1140 2819 1220 immundus,
2841 1142 2956 1205 aut
2972 1156 3243 1219 avarus,
3264 1160 3296 1199 n
3314 1141 3434 1203 etc.

1900 1245 1948 1311 Ο
1984 1266 2217 1327 avare,
2264 1267 2466 1333 quare
2492 1266 2624 1314 non
2666 1265 2735 1313 es
2779 1265 3013 1312 avarus
3051 1245 3442 1311 haereditatis

243 1349 422 1417 Stola
447 1354 689 1437 prima,
716 1354 853 1420 sive
887 1357 1341 1420 ornamentum
1367 1354 1604 1418 animae
1634 1370 1787 1417 con·
1892 1357 2158 1420 aeternae
2208 1356 2451 1437 potius,
2506 1373 2706 1440 quam
2764 1358 3082 1420 terrenae?
3128 1352 3439 1436 Augusti-

23 1479 199 1550 τιιριιι
243 1460 449 1525 sistit
432 1478 503 1525 ιιι
524 1461 758 1545 triplici
793 1461 981 1540 dote,
1008 1461 1243 1526 scilicet
1270 1460 1537 1526 visionis
1563 1460 1789 1539 clarae,

32 1552 189 1648 ⁸¹¹4„
245 1567 546 1633 tentionis
584 1586 869 1650 securas,
914 1572 978 1634 et
1021 1568 1341 1633 firmitatis
1378 1568 1641 1652 quietae.
1690 1568 1797 1633 Se·

246 1674 461 1741 cunda
476 1693 632 1741 vero
648 1675 832 1758 stola,
855 1676 993 1742 sive
1010 1680 1463 1741 ornamentum
1485 1674 1791 1758 corporis,

26 1806 223 1860 Qudn-
247 1783 577 1849 ΟΟΠΒίΕῑὶῐ
559 1803 629 1849 ln
654 1783 1059 1868 quadruplici
1086 1782 1275 1874 dote,
1322 1783 1560 1849 scilicet
1600 1782 1797 1864 agili·

12 1873 333 2064 ¹1:¹33„ssOE
248 1892 436 1972 ῒὸῑίὃ,
464 1891 804 1973 claritatis,
834 1891 1200 1958 subtilitatis
1225 1895 1288 1957 et
1313 1889 1797 1975 impassibilita-

337 1997 581 2065 .Unde
630 1998 1075 2081 Augustinus,
1117 1998 1198 2066 de
1242 1999 1518 2068 civitate
1562 1998 1737 2065 Dei¹

254 2129 287 2169 ι
249 2001 364 2174 hSA
382 2107 759 2192 corporibus
782 2110 1131 2174 electorum
1152 2108 1558 2174 amovebitur
1583 2105 1802 2171 omnis

254 2215 618 2283 deformitas
635 2263 654 2295 ,
682 2215 894 2281 omnis
933 2215 1198 2281 tarditas
1213 2262 1233 2293 ,
1267 2214 1479 2280 omnis
1523 2213 1797 2278 infirmi-

253 2326 388 2404 tas,
416 2324 625 2390 omnis
650 2321 995 2407 corruptio.
1028 2344 1062 2385 n
1091 2321 1278 2401 Quod
1317 2321 1793 2406 adimplebitur,

254 2431 512 2515 quando
538 2449 769 2497 corona
795 2430 1174 2496 humilitatis
1209 2433 1449 2495 nostrae
1491 2429 1613 2495 erit
1655 2429 1793 2511 glo-

252 2540 354 2605 ria
392 2539 816 2620 circumdata,
860 2543 923 2604 et
962 2537 1273 2605 desiderio
1316 2535 1652 2602 oculorum
1688 2554 1800 2602 or-

252 2650 441 2727 nata,
490 2664 569 2711 eo
608 2645 785 2729 quod
821 2646 1041 2711 oculos
1079 2644 1475 2710 intuentium
1502 2628 1792 2709 'delecta-

253 2754 440 2819 bunt.
470 2753 548 2819 Et
572 2771 797 2819 omnes
817 2753 997 2818 dotes
1019 2752 1397 2818 excellenter
1424 2755 1488 2816 et
1514 2751 1795 2835 singula·

256 2862 414 2928 riter
436 2861 768 2927 habebunt
797 2860 1088 2946 apostoli.
1109 2858 1438 2943 Rogemus
1460 2878 1644 2943 erge,
1674 2863 1797 2927 etc.

798 3040 1086 3112 SERMO
1131 3041 1265 3111 X2.

345 3187 396 3254 Ο
422 3204 617 3271 quam
643 3186 843 3256 bonus
870 3193 930 3256 et
956 3189 1183 3255 suavis
1211 3192 1329 3268 est,
1357 3185 1644 3265 Domine,
1673 3186 1803 3268 spi-

258 3297 429 3363 ritus
454 3299 604 3362 tuus
631 3296 708 3363 in
732 3295 1029 3363 omnibus
1056 3295 1129 3359 Ἰ
1160 3293 1241 3359 Ut
1267 3293 1603 3359 videamus
1627 3291 1804 3357 boni-

259 3406 455 3470 tatem
482 3409 546 3467 et
572 3403 953 3468 suavitatem
979 3401 1177 3486 hujus
1207 3400 1471 3485 spiritus
1495 3400 1564 3464 in
1593 3398 1801 3481 nobis,

261 3510 420 3576 scire
446 3511 755 3576 debemus
777 3510 951 3593 quod
976 3528 1091 3592 per
1117 3508 1293 3574 hunc
1337 3508 1634 3592 spiritum
1680 3507 1803 3572 ba·

259 3619 486 3686 bemus
525 3620 785 3686 veniam
836 3622 1239 3702 peccatorum
1259 3666 1282 3698 ,
1337 3617 1677 3683 victoriam
1720 3617 1799 3683 de

257 3726 550 3809 inimico,
591 3728 870 3811 gratiam
896 3727 1213 3793 donorum
1227 3773 1251 3806 ,
1302 3724 1584 3809 gloriam
1626 3741 1796 3809 prae·

258 3835 568 3902 miorum.

338 3942 429 4010 De
453 3944 665 4028 primo
685 3942 749 4008 ⁸:
784 3967 817 4006 a
833 3942 1175 4009 Effundam
1202 3960 1396 4026 super
1418 3959 1535 4008 vos
1565 3960 1802 4025 aquam

259 4052 601 4135 mundam,
644 4058 707 4120 et
731 4052 1201 4119 mundabimini
1228 4053 1310 4118 ab
1350 4050 1653 4118 omnibus
1690 4050 1799 4116 in·

259 4162 690 4245 quinamentis
715 4161 944 4229 vestris
958 4210 976 4240 ,
1012 4164 1078 4227 et
1103 4161 1185 4227 ab
1212 4160 1535 4226 universis
1559 4158 1747 4225 idolis
1775 4180 1792 4224 z

260 4273 325 4335 et
341 4270 503 4336 dabo
524 4270 707 4337 vobis
730 4288 841 4336 cor
858 4288 1128 4349 novum,
1158 4272 1224 4333 et
1235 4268 1530 4352 spiritum
1548 4285 1798 4335 novum

259 4394 498 4460 ponam
522 4377 595 4442 in
617 4377 830 4444 medio
856 4377 1074 4443 vestri.
1100 4398 1133 4438 s
1159 4374 1229 4442 ld
1255 4382 1350 4442 est
1380 4396 1399 4440 ε
1428 4376 1621 4442 venia
1649 4393 1793 4459 pec-

261 4488 550 4552 catorum
574 4486 645 4550 in
677 4486 802 4550 hac
835 4483 1252 4557 mundatione
1297 4482 1625 4549 consistit:
1658 4483 1800 4552 haec

260 4596 478 4660 autem
511 4593 845 4678 mundatio
872 4610 986 4677 per
1002 4609 1240 4676 aquam
1258 4594 1324 4656 et
1338 4590 1636 4675 spiritum
1660 4610 1794 4657 non

262 4701 473 4768 solum
498 4703 573 4768 fit
598 4702 666 4768 in
690 4702 1008 4786 baptismo
1027 4748 1049 4781 ,
1079 4700 1188 4765 sed
1214 4701 1407 4765 etiam
1445 4702 1515 4765 in
1557 4701 1795 4766 contri-

171 4832 181 4843 ·
262 4808 467 4890 tione,
495 4827 612 4893 per
637 4827 876 4894 aquam
904 4808 1341 4893 lacrymarum
1360 4854 1380 4892 ,
1406 4810 1472 4874 et
1501 4808 1799 4892 spiritum

262 4934 371 4983 cor
387 4920 960 5002 compungentem3
986 4916 1319 4982 Psalmista
1332 4920 1355 4957 ⁸
1379 4935 1395 4979 x
1420 4939 1453 4979 ι
1473 4915 1593 4982 Gor
1615 4935 1805 4983 mun-

262 5024 417 5094 dum
444 5044 622 5107 crea,
655 5047 687 5088 n
715 5030 834 5092 etc.
863 5023 1235 5109 Specialiter
1261 5028 1477 5092 autem
1507 5024 1637 5091 duo
1664 5028 1802 5090 tan·

328 5194 341 5223 ¹
366 5192 600 5257 August„
626 5189 687 5241 de
715 5189 870 5243 civit.
904 5189 1020 5252 Dei,
1054 5187 1144 5238 lib.
1173 5188 1337 5251 xxii,
1359 5201 1406 5238 c.
1437 5199 1528 5249 xx,
1568 5201 1623 5239 ιι.
1659 5189 1708 5238 3.
1738 5215 1801 5229 --

260 5263 285 5298 ²
325 5264 472 5315 Hunc
510 5266 563 5315 et
604 5276 713 5328 seq.
751 5273 914 5326 usque
960 5259 1026 5310 ad
1066 5262 1216 5311 Dom.
1266 5260 1313 5325 l,
1350 5258 1646 5323 exclusive,
1683 5263 1804 5324 post

263 5336 438 5388 octav.
482 5336 715 5399 Pentec„
747 5332 906 5385 habet
938 5345 1146 5398 quoque
1183 5330 1306 5384 edit.
1336 5331 1495 5386 Paris.
1529 5344 1616 5382 an.
1658 5335 1800 5383 1521.

262 5432 324 5447 —
349 5407 371 5439 ⁸
399 5408 547 5473 Sap„
567 5418 669 5471 ιιι,
701 5411 747 5459 1.
766 5431 831 5445 -
849 5405 871 5436 ⁴
893 5405 1093 5469 Essem,
1122 5415 1311 5466 mvs,
1326 5404 1504 5454 25-26.
1526 5429 1590 5441 -
1616 5404 1635 5434 ⁵
1660 5403 1800 5457 Psal.

264 5489 319 5545 ι,
349 5480 540 5534 12.—⁶
568 5480 607 5529 ll
639 5477 777 5539 Gor„
803 5488 897 5540 vu,
918 5481 1035 5530 1.-
1071 5475 1090 5510 ²
1120 5474 1327 5539 Epulas„
1352 5486 1403 5539 v,
1432 5476 1499 5538 ὃς
1534 5474 1552 5524 1
1578 5474 1717 5540 Cor„
1744 5486 1799 5540 v,

1897 1479 2023 1527 nus
2044 1464 2116 1500 ⁸·
2101 1485 2179 1527 ,α
2197 1461 2356 1528 Ecce
2376 1463 2742 1529 accenditur
2770 1460 3041 1529 avaritia
3066 1465 3314 1543 nostra,
3346 1478 3443 1526 ar-

1903 1575 2175 1652 gentum
2196 1571 2511 1639 incertum
2539 1590 2687 1638 cum
2717 1572 2883 1650 fine,
2904 1570 3106 1637 vitam
3133 1573 3444 1636 aeternam

1902 1678 2267 1744 desiderans
2292 1679 2431 1745 sine
2456 1681 2609 1747 fine.
2632 1702 2664 1741 n

1982 1786 2071 1851 De
2094 1788 2372 1853 secundo
2398 1793 2422 1829 ⁹
2450 1810 2465 1852 ε
2497 1812 2530 1850 α
2551 1787 2744 1855 Irruit
2765 1789 2836 1853 in
2862 1788 3139 1854 Samson
3169 1786 3445 1870 Spiritus

1904 1893 2179 1976 Domini,
2219 1899 2280 1960 et
2295 1895 2660 1963 dilaceravit
2683 1896 2756 1979 (b)
2779 1896 3055 1963 leonem.
3070 1918 3102 1957 n
3126 1895 3291 1961 Nota
3312 1893 3446 1959 his·

1906 2004 2135 2069 toriam
2159 2052 2176 2083 ‚
2205 2007 2524 2089 quomodo
2549 2006 2841 2072 Samsoni
2857 2055 2878 2088 ,
2904 2025 3058 2072 cum
3084 2004 3166 2071 ad
3187 2005 3448 2072 vineam

1906 2111 2202 2192 venisset,
2231 2112 2332 2179 leo
2358 2113 2653 2180 occurrit.
2685 2113 2839 2180 Haec
2857 2114 3076 2194 vinea,
3106 2112 3210 2178 vel
3237 2112 3449 2196 poeni-

1903 2221 2169 2285 tentiam
2183 2269 2205 2302 ,
2235 2221 2341 2288 vel
2365 2223 2746 2305 religionem
2790 2224 3007 2305 signat
3029 2270 3048 2302 ,
3076 2222 3183 2288 vel
3209 2239 3439 2305 quam-

1903 2327 2057 2393 libet
2097 2328 2336 2396 bonam
2377 2331 2579 2397 vitam
2597 2380 2615 2410 ,
2665 2335 2854 2415 cujus
2893 2334 3083 2398 flores
3126 2331 3446 2400 virtutum

1904 2437 2165 2504 odorem
2222 2439 2410 2505 bonae
2467 2440 2786 2524 opinionis
2843 2440 2914 2524 (c)
2963 2439 3242 2505 reddunt
3311 2440 3358 2481 ¹⁸
3427 2460 3442 2501 ε

1913 2568 1946 2607 α
1969 2543 2188 2612 Vineae
2213 2547 2513 2613 florentes
2536 2548 2797 2614 odorem
2818 2565 3010 2617 suum
3037 2547 3373 2614 dederunt.
3401 2566 3434 2608 ι

1907 2652 1981 2719 In
2006 2654 2131 2720 hac
2151 2655 2340 2722 vinea
2365 2657 2650 2723 carnales
2674 2661 2740 2722 et
2764 2656 3085 2737 deliciosi,
3134 2659 3199 2721 et
3242 2655 3445 2721 anbe-

1906 2763 2058 2828 litus
2077 2764 2479 2832 detractionis
2498 2766 2734 2833 foetidae
2754 2769 2904 2832 sunt
2927 2765 3156 2849 vulpes
3179 2766 3222 2808 ¹¹
3255 2786 3311 2830 :e
3337 2762 3448 2830 Ca-

1906 2871 2037 2955 pite
2072 2871 2257 2937 nobis
2286 2872 2535 2956 vulpes.
2561 2896 2595 2935 »
2624 2873 2753 2939 Leo
2788 2891 3033 2953 saevus,
3077 2874 3142 2938 et
3176 2871 3449 2954 rugiens

1906 2978 2197 3046 diabolus
2222 2985 2318 3046 est
2341 2981 2389 3019 ¹’
2421 3003 2438 3045 :
2479 3004 2511 3041 a
2534 2980 2953 3048 Adversarius
2979 2983 3187 3047 vester
3231 2979 3453 3044 diabo-

1905 3082 2047 3162 lus,
2107 3087 2416 3168 tanquam
2457 3083 2559 3150 leo
2605 3085 2928 3167 rugiens,
2954 3104 2986 3144 n
3020 3086 3140 3149 etc.
3175 3082 3294 3150 Hic
3342 3100 3449 3148 oc-

1907 3190 2108 3256 currit
2132 3190 2214 3256 ad
2238 3192 2498 3257 vineam
2528 3190 2847 3257 accedenti
2875 3190 3063 3256 bonae
3089 3190 3274 3270 vitae,
3296 3191 3455 3272 jux·

1910 3303 1977 3364 ta
1991 3299 2153 3366 illud
2175 3300 2253 3337 ²⁸·
2237 3299 2466 3382 ‚eFili,
2488 3300 2787 3365 accedens
2818 3298 2900 3365 ad
2916 3298 3286 3376 servitutem
3313 3296 3450 3376 Dei,

1912 3408 2053 3474 sta
2034 3427 2105 3473 m
2120 3383 2369 3491 ,iustitia
2388 3413 2453 3474 et
2475 3408 2738 3488 timore,
2764 3411 2828 3473 et
2854 3424 3146 3491 praepara
3167 3405 3454 3470 animam

1912 3520 2096 3581 tuam
2137 3516 2219 3581 ad
2246 3515 2744 3581 tentationem.»
2784 3513 2908 3582 Sed
2945 3513 3189 3597 Spiritu
3234 3516 3454 3578 sancto

1907 3623 2236 3688 irruente
2217 3642 2291 3688 ιιι
2317 3641 2436 3689 nos
2451 3672 2472 3704 ,
2499 3623 2837 3689 hortamur
2861 3625 2929 3688 et
2951 3621 3449 3700 confirmamur3

1911 3730 2244 3796 Psalmista
2283 3734 2335 3771 ¹⁸
2377 3753 2395 3796 ε
2434 3751 2466 3791 ι
2490 3730 2731 3815 Spiritu
2773 3728 3105 3814 principali
3146 3728 3457 3793 confirma

1910 3856 2015 3903 me
2044 3861 2059 3903 ε
2090 3861 2123 3900 1>
2161 3839 2340 3904 etsie
2364 3838 2616 3904 leonem
2647 3837 2989 3904 vincimus.
3023 3835 3139 3900 Hic
3164 3840 3261 3900 est
3300 3833 3449 3918 Spi-

1909 3947 2075 4015 ritus
2099 3950 2354 4012 sanctus
2372 3995 2390 4028 ,
2425 3964 2556 4031 quo
2599 3945 2758 4011 duce
2782 3943 3087 4009 Dominus
3126 3943 3196 4007 in
3235 3941 3454 4007 deser-

1908 4060 2053 4122 tum
2076 4055 2350 4135 ducitur,
2370 4072 2489 4119 nec
2513 4054 2596 4118 ab
2613 4053 2948 4118 accedente
2969 4054 3288 4117 tentatore
3309 4048 3456 4115 vin·

1910 4164 2098 4243 citur,
2128 4165 2293 4228 sicut
2333 4161 2565 4228 dicitur
2589 4162 2660 4226 ¹⁸.
2691 4158 2853 4227 Nota
2886 4176 3047 4241 ergo
3091 4157 3266 4242 quod
3305 4156 3450 4222 haec

1910 4272 2104 4339 vinea
2120 4319 2142 4352 ,
2196 4270 2281 4337 ad
2313 4287 2512 4355 quam
2555 4268 2732 4336 venit
2774 4267 3081 4346 Samson,
3127 4266 3454 4332 desertum

1909 4378 2230 4462 significat
2272 4378 2343 4443 in
2370 4396 2501 4462 quo
2527 4377 2649 4442 fuit
2691 4374 2999 4441 Dominus
3021 4396 3040 4454 ;
3090 4372 3199 4439 sed
3224 4371 3327 4437 leo
3349 4371 3451 4435 in-

1911 4490 2144 4552 venms
2192 4487 2388 4569 juxta
2427 4485 2683 4551 vineam
2706 4532 2727 4564 ,
2776 4484 3154 4548 tentatorem
3173 4527 3193 4558 ‚
3247 4479 3314 4543 id
3361 4482 3457 4544 est

1910 4593 2241 4660 diabolum
2258 4643 2277 4676 ‚
2304 4593 2419 4677 qui
2447 4592 2774 4658 Christum
2796 4588 3097 4670 tentavit,
3120 4586 3232 4654 sed
3249 4586 3320 4651 in
3346 4597 3456 4653 va-

1909 4720 2075 4767 num
2092 4750 2115 4782 ,
2143 4701 2300 4785 quia
2321 4718 2457 4765 non
2482 4698 2696 4783 potuit
2720 4696 3093 4781 praevalere.

1989 4809 2081 4875 De
2123 4808 2308 4875 tertio
2332 4807 2391 4891 ,¹⁸
2430 4829 2447 4872 t
2487 4830 2519 4869 α
2551 4805 2939 4890 Egredietur
2979 4804 3168 4886 virga
3195 4850 3213 4882 ‚
3239 4824 3271 4863 ι
3306 4807 3456 4883 etc.;

1910 4934 2117 5001 usque
2145 4937 2163 4981 z
2195 4937 2229 4977 ι
2259 4917 2324 4980 et
2349 4914 2699 4998 requiescet
2723 4930 2985 4995 semper
3010 4930 3164 4977 eum
3191 4910 3456 4995 spiritus

1912 5081 1989 5130 11.
2017 5104 2081 5116 -
2106 5075 2128 5113 ⁸
2164 5080 2318 5143 Aug„
2351 5077 2526 5128 Enarr.
2558 5077 2612 5126 in
2637 5074 2776 5125 Psal.
2807 5087 2903 5138 xc,
2934 5088 2988 5124 n.
3022 5077 3111 5136 12,
3147 5071 3313 5138 quoad
3340 5085 3456 5123 sen-

1911 5165 2047 5202 sum.
2067 5177 2132 5188 —
2152 5151 2172 5182 ⁰
2194 5149 2380 5209 ludio„
2408 5159 2517 5212 xiv,
2545 5150 2598 5199 6.
2618 5174 2679 5186 —
2699 5149 2743 5183 ¹⁰
2770 5147 2941 5209 Cant„
2970 5157 3031 5211 ιι,
3054 5150 3135 5196 13.
3157 5171 3220 5183 -
3248 5148 3278 5175 ··
3305 5143 3454 5209 ibid„

1913 5223 2134 5275 15.¹—
2142 5216 2942 5284 ²m1Pe1‚,.¹vs—⁸Eccti.‚
2972 5229 3042 5280 ιι,
3079 5216 3453 5270 t.—¹⁴Psal.

1911 5290 2885 5362 1.,14.—¹⁸Matt}1.,1v,.10tseq
2918 5254 3197 5352 ·’-¹⁶Isa.,
3226 5300 3313 5352 xx,
3351 5289 3454 5338 1·.2

1973 5397 2043 5463 (α)
2087 5394 2234 5460 Vuly.
2273 5391 2543 5446 desideria.
2576 5416 2639 5430 —
2675 5389 2749 5455 (b)
2788 5389 2915 5441 Goec.
2939 5387 3067 5440 edet.
3096 5387 3357 5440 dilacerat.
3393 5405 3456 5428 «ι-

1911 5473 1952 5536 (c
1954 5472 1971 5535 )
2002 5471 2126 5521 Item
2147 5463 3460 5533 oppositionis..
