4059 6317
1069 487 1172 552 DE
1215 486 1283 553 S.
1326 485 1630 555 JOANNE
1671 483 2089 557 BAPTISTA.
2132 484 2397 555 SERMO
2440 485 2488 550 1.

188 615 453 683 blicanos
505 616 588 681 ad
633 620 948 695 justitiam,
1001 619 1214 680 milites
1258 621 1340 681 ad
1393 622 1726 682 misericor-

189 711 380 781 diam3
422 727 602 789 nam,
644 713 793 774 sicut
835 715 1086 774 habetur
1126 715 1191 777 in
1230 719 1376 775 Luca
1401 717 1445 790 ¹,
1493 738 1521 769 «
1549 716 1726 777 inter-

185 804 482 879 rogabant
524 822 661 866 eum
702 802 918 881 turbas,
975 809 1235 869 dicentes
1275 832 1293 870 ε
1341 811 1496 882 Quid
1539 810 1722 870 facie-

186 915 318 955 mus
343 901 401 957 et
429 903 583 959 nos?
610 901 829 976 quibus
857 902 1092 961 dicebat
1129 922 1143 960 ε
1181 925 1212 960 α
1235 905 1344 976 Qui
1372 905 1554 964 habet
1576 905 1730 963 duas

186 993 444 1066 tunicas,
474 1009 656 1053 unam
688 996 784 1053 det
810 1011 935 1054 non
974 997 1219 1056 habenti
1250 1016 1266 1058 ι
1305 1003 1361 1057 et
1403 1000 1508 1073 qui
1548 998 1731 1057 habet

188 1103 382 1157 escas,
424 1087 691 1146 similiter
724 1089 920 1149 faciat.
967 1090 1247 1151 Dicebant
1289 1096 1346 1150 et
1372 1092 1680 1168 publicani
1712 1112 1726 1151 ε

185 1180 485 1254 Magister,
533 1182 680 1257 quid
733 1182 1059 1243 faciemus?
1102 1185 1327 1256 Quibus
1371 1186 1473 1244 ille
1515 1206 1529 1244 ε
1575 1187 1730 1247 Nihil

185 1273 383 1346 aliud,
414 1291 596 1351 quam
636 1276 802 1350 quod
839 1278 1218 1337 constitutum
1255 1282 1342 1336 est
1373 1279 1579 1350 vebia,
1609 1302 1637 1333 »
1667 1280 1732 1338 id

188 1372 273 1427 est
299 1384 402 1440 ea,
436 1386 568 1444 quae
595 1371 928 1445 recepistis,
962 1371 1216 1431 fideliter
1252 1369 1330 1432 et'
1339 1373 1493 1446 juste
1529 1378 1731 1432 tracte·

179 1462 278 1521 tis.
308 1465 450 1521 Item
475 1463 763 1522 militibus
805 1466 1204 1539 quaerentibus
1234 1485 1250 1525 :
1289 1470 1398 1525 «Et
1428 1484 1540 1527 nos
1583 1468 1731 1543 quid

187 1555 513 1614 faciemus?
539 1559 668 1617 Ait:
699 1559 1004 1618 Neminem
1028 1561 1386 1629 concutiatis
1420 1578 1616 1637 neque
1643 1562 1732 1620 al-

189 1650 294 1708 teri
330 1650 691 1711 calumniam
732 1652 993 1725 faciatiS,
1034 1659 1091 1713 et
1137 1659 1316 1715 estote
1353 1657 1610 1715 contenti
1636 1655 1735 1714 sti-

189 1743 423 1823 pendiis
446 1746 673 1803 vestriS.
703 1766 732 1802 ι)
764 1746 910 1806 Vide
939 1748 1247 1822 quomodo
1277 1766 1484 1808 omnes
1523 1750 1586 1807 in
1630 1766 1735 1823 ge-

190 1836 406 1910 nerali,
433 1843 492 1897 et
526 1839 589 1897 in
615 1840 855 1914 speciali
888 1842 1276 1902 confortabat.
1315 1845 1361 1903 Ο
1391 1859 1577 1919 quam
1601 1841 1734 1901 feli-

191 1948 286 1991 ces
316 1933 530 2004 turboe,
557 1940 912 1993 mercatores
939 1939 996 1994 et
1029 1936 1275 2011 milites„
1314 1939 1363 1995 si
1399 1937 1734 1997 doctrinam

193 2026 349 2084 hanc
380 2028 788 2087 observarent!
823 2030 940 2088 Sed
967 2030 1100 2105 quis
1129 2036 1235 2103 est,
1265 2033 1370 2107 qui
1396 2031 1470 2090 de
1500 2031 1736 2090 duabus

192 2120 426 2194 tuniciS,
452 2121 577 2180 imo
605 2122 680 2181 de
707 2123 967 2181 minimis
994 2126 1068 2200 (a)
1099 2128 1156 2184 et
1179 2126 1395 2199 variis,
1423 2126 1524 2184 det
1548 2141 1734 2187 unam

190 2230 312 2272 non
334 2214 621 2274 habenti?
648 2216 786 2287 Quis
815 2222 937 2291 est,
966 2219 1068 2294 qui
1089 2220 1243 2292 juste
1271 2225 1330 2278 et
1363 2219 1487 2278 sine
1527 2220 1735 2279 fraude

189 2308 579 2367 mercationes
614 2308 826 2383 faciat,
864 2316 921 2369 et
961 2313 1064 2387 qui
1099 2314 1165 2370 in
1201 2312 1397 2375 aliena
1432 2312 1596 2373 bona
1621 2312 1737 2371 sibi

190 2404 508 2462 commissa
556 2404 799 2480 turpiter
849 2423 972 2465 non
1019 2406 1306 2466 invadat?
1347 2407 1487 2478 Quis
1533 2412 1619 2466 est
1662 2424 1736 2466 ex

188 2498 549 2571 majoribuS‚
586 2501 690 2573 qui
724 2498 1058 2560 minoribus
1096 2501 1457 2561 calumniam
1493 2518 1616 2560 non
1649 2502 1736 2561 fa-

191 2593 332 2663 ciat,
363 2594 470 2666 qui
497 2609 699 2651 servos
722 2610 848 2652 non
876 2595 1198 2666 concutiat,
1231 2597 1334 2670 qui
1364 2596 1484 2653 suis
1521 2596 1737 2671 stipen-

189 2685 426 2760 pendiis
460 2689 767 2747 contentus
795 2687 1038 2747 existat?
1076 2689 1306 2749 Utinam
1334 2689 1615 2749 officiales
1643 2691 1735 2748 ni·

188 2778 273 2838 hil
301 2779 636 2853 acciperent
666 2780 820 2839 ultra
847 2786 1052 2840 suum!
1087 2782 1203 2842 Sed
1241 2799 1448 2841 omnes
1490 2783 1738 2858 quidem

190 2872 482 2945 furantur,
509 2877 567 2930 et
592 2874 864 2948 rapiunt3
893 2878 952 2932 et
978 2876 1082 2950 qui
1106 2876 1281 2950 plura
1313 2877 1498 2953 rapit,
1525 2876 1738 2936 melior

191 2970 246 3025 et
269 2967 594 3041 sapientior
619 2972 942 3043 reputatur,
974 2972 1086 3027 etc.

257 3062 483 3132 Terti0,
523 3061 627 3120 lux
669 3066 757 3121 est
799 3067 1010 3123 natura
1054 3064 1343 3138 arguitiva
1385 3081 1495 3140 per
1536 3082 1739 3125 rerum

191 3156 559 3215 occultarum
584 3155 1120 3215 manifestationem
1143 3176 1156 3214 :
1181 3157 1330 3215 dum
1352 3160 1513 3216 enim
1528 3158 1634 3217 lux
1660 3163 1739 3218 te-

191 3249 410 3308 nebras
434 3249 625 3324 pellit,
657 3250 888 3308 occulta
913 3250 1132 3324 detegit
1157 3254 1216 3309 et
1245 3251 1594 3311 abscondita
1618 3270 1740 3312 rna-

191 3343 422 3401 nifestat
454 3362 470 3401 2
499 3343 759 3401 latrones
781 3349 836 3402 et
864 3344 1117 3403 adulteri
1144 3346 1417 3404 tenebras
1446 3350 1738 3420 quaerunt,

192 3437 372 3496 latere
402 3437 615 3495 volunt
644 3457 661 3493 ε
690 3440 749 3496 et
771 3437 909 3496 ideo
935 3438 1133 3497 lucem
1157 3439 1413 3512 fugiunt,
1443 3445 1498 3499 et
1527 3440 1739 3500 odiunt

11 3544 166 3651 ἵκω
192 3531 269 3589 ad
306 3532 563 3589 modum
589 3530 834 3589 rubetoe.
867 3534 960 3589 Est
1005 3532 1166 3590 enim
1209 3532 1421 3591 rubeta
1463 3534 1738 3609 quaedam

0 3620 27 3661 ,u
69 3637 82 3651 .

190 3641 334 3683 rana
361 3641 689 3696 venenosa,
711 3642 846 3700 quae
872 3625 1000 3685 odit
1023 3626 1158 3685 loca
1178 3626 1493 3695 odorifera,
1517 3633 1573 3686 et
1590 3627 1738 3687 boni

190 3718 427 3790 odoriS,
455 3724 512 3777 et
540 3718 730 3793 diligit
755 3718 959 3777 foetida
991 3727 1047 3779 et
1073 3720 1287 3779 fimosa
1317 3739 1332 3779 ε
1376 3726 1432 3779 et
1465 3721 1601 3780 ideo
1647 3722 1739 3780 lu-

192 3830 319 3871 cem
360 3813 539 3887 fugit,
589 3817 645 3870 et
688 3814 961 3872 tenebras
1004 3831 1238 3891 semper
1282 3815 1521 3891 quaerit,
1571 3816 1736 3890 quod

191 3908 466 3966 omnium
491 3906 921 3965 maleficiorum
945 3907 1015 3983 (b)
1046 3908 1311 3966 officium
1339 3909 1546 3967 existit.
1573 3910 1737 3970 Unde

190 3999 405 4060 dicitur
447 4000 511 4059 in
548 4003 753 4060 Ioanne
779 4001 798 4032 ²
829 4020 844 4059 ι
882 4022 909 4056 α
945 4004 1067 4061 Hoc
1105 4005 1192 4059 est
1225 4002 1517 4075 judicium
1535 4005 1738 4079 ,quia

191 4094 293 4153 lux
321 4096 387 4153 in
421 4095 719 4153 mundum
760 4095 950 4169 venit,
990 4098 1048 4154 et
1092 4095 1427 4155 dilexerunt
1468 4100 1737 4157 homines

189 4191 380 4265 magis
415 4189 721 4262 tenebraS,
762 4206 943 4263 quam
987 4189 1184 4248 lucem
1200 4210 1220 4264 3
1251 4196 1417 4250 erant
1448 4192 1607 4250 enim
1639 4208 1738 4250 co-

189 4300 322 4343 rum
347 4283 512 4342 mala
539 4298 742 4359 opera.
770 4283 970 4342 Omnis
1004 4284 1198 4357 enim,
1243 4285 1347 4359 qui
1386 4275 1558 4344 male'
1584 4286 1736 4360 agit,

191 4379 318 4438 odit
344 4380 581 4450 lucem,
610 4381 666 4435 et
688 4393 811 4435 non
838 4378 1000 4435 venit
1025 4378 1102 4436 ad
1131 4378 1325 4437 lucem
1345 4422 1365 4452 ,
1396 4382 1610 4438 utnon
1649 4398 1739 4440 ar-

191 4477 453 4547 guantur
480 4470 606 4545 ejus
632 4487 815 4546 opera
836 4471 996 4531 mala
1025 4491 1040 4531 ε
1075 4472 1178 4547 qui
1206 4476 1427 4546 autem,
1457 4494 1487 4531 »
1519 4472 1735 4550 inquit,

193 4588 222 4620 α
247 4566 392 4625 facit
418 4565 755 4637 veritatem,
784 4565 948 4623 venit
973 4565 1053 4624 ad
1091 4565 1321 4637 lucem,
1357 4571 1421 4625 ut
1461 4568 1737 4644 manifes-

190 4663 384 4719 tentur
427 4660 554 4732 ejus
602 4675 817 4733 opera,
866 4676 998 4734 quae
1042 4658 1105 4717 in
1152 4663 1268 4719 Deo
1315 4664 1450 4719 sunt
1486 4661 1660 4720 facta.
1700 4684 1728 4717 n

189 4754 317 4813 Fuit
340 4769 488 4827 ergo
515 4756 541 4811 J
547 4768 769 4811 oannes
794 4752 901 4811 lux
928 4752 1239 4827 arguitiva,
1272 4753 1374 4827 qui
1398 4760 1739 4828 peccatores

190 4847 452 4922 graviter
480 4847 788 4921 arguebat,
815 4847 1083 4923 nullique
1109 4847 1394 4924 parcebat
1422 4867 1436 4906 ε
1468 4849 1628 4929 unde
1652 4850 1739 4908 di-

192 4943 345 5001 citur
371 4942 438 4999 in
465 4941 719 4998 Matthoeo
747 4942 790 5013 ⁸,
818 4941 987 5016 quod
1014 4941 1264 5000 «videns
1292 4942 1511 5001 multos
1540 4943 1737 5001 Phari-

190 5055 448 5098 soeornm
458 5082 478 5112 ,
514 5041 569 5096 et
593 5036 1053 5096 Sadducaeorum
1079 5038 1157 5096 ab
1179 5038 1542 5113 baptismum
1562 5056 1738 5099 suum

189 5134 427 5203 venire,
478 5131 743 5191 dixit·eis
780 5149 795 5188 ε
840 5132 1156 5209 Progenies
1193 5132 1564 5208 viperarum,
1603 5154 1633 5189 ιο
1681 5138 1740 5194 et

254 5284 271 5318 ¹
305 5282 445 5342 Luc„
471 5291 553 5341 ιιι,
585 5281 755 5331 10-14.
782 5303 842 5316 -
876 5280 894 5311 ²
920 5281 1086 5341 lom„
1112 5291 1193 5343 m,
1217 5283 1379 5333 19-21.
1400 5307 1462 5319 —
1490 5283 1510 5315 ⁸
1528 5281 1739 5343 Mami„

197 5365 255 5403 m
274 5390 288 5414 ,
317 5354 429 5416 7-8,
456 5354 603 5402 10.—
626 5350 646 5381 ⁴
675 5350 825 5414 ibid„
851 5363 961 5416 xxv,
983 5352 1091 5402 4.-
1124 5351 1147 5387 ⁸
1167 5352 1401 5419 Niceph.,
1435 5354 1567 5406 Hist.
1596 5353 1736 5419 eccl„

188 5424 283 5477 tib.
311 5425 352 5486 1,
382 5436 433 5474 c.
463 5434 552 5486 xx,
581 5436 647 5473 ex
673 5423 883 5489 loseph.
912 5424 1193 5491 Antiquit„
1224 5424 1312 5475 lib.
1340 5426 1454 5477 xvl
1479 5428 1532 5477 et
1554 5427 1735 5481 xviu.

3255 487 3376 553 ³5oe

1830 621 1941 681 filii
1965 624 2205 703 patrum
2219 638 2659 697 perversorum,
2681 643 2711 676 «
2737 622 2870 699 quis
2889 620 3243 685 monstravit
3266 637 3374 683 vo·

1832 717 1929 775 bis
1976 715 2180 790 fugere
2208 732 2246 773 a
2271 721 2521 776 ventura
2559 716 2688 776 ira?
2732 717 2922 777 Facite
2968 732 3111 790 ergo
3162 715 3377 790 dignos

1831 810 2054 869 fructus
2081 809 2450 883 poenitentioe.
2483 814 2628 870 Ecce
2655 811 2874 870 securis
2899 810 2979 868 ad
2999 810 3263 870 radicem
3288 825 3379 868 ar·

1832 904 1999 962 boris
2025 904 2221 978 posita
2246 908 2333 962 est
2362 923 2377 961 ε
2410 905 2605 963 omnis
2646 905 2865 975 arbor,
2896 921 3028 979 quoe
3068 919 3192 961 non
3240 902 3380 962 facit

1833 998 2092 1055 fructum
2117 998 2367 1070 bonum,
2386 998 2709 1069 excidetur,
2738 1002 2796 1055 et
2815 996 3025 1070 inigne
3044 996 3320 1055 mittetur.
3341 1019 3370 1051 »

1839 1095 1979 1150 Ecce
2031 1107 2216 1166 quam
2251 1093 2506 1165 graviter
2548 1090 2837 1165 arguebat
2884 1091 3058 1162 illos,
3088 1090 3192 1165 qui
3218 1090 3380 1148 vide-

1836 1183 2052 1242 bantur
2079 1184 2296 1243 coeteris
2323 1184 2659 1244 sanctiores.
2700 1188 2828 1243 Non
2856 1184 3035 1243 etiam
3062 1184 3379 1244 verebatur

1837 1293 2154 1351 personam
2180 1278 2435 1353 potentis
2465 1297 2480 1336 ε
2510 1277 2671 1337 unde
2694 1294 2807 1336 nec
2835 1276 3048 1337 Herodi
3073 1278 3377 1352 parcebat,

1837 1371 1944 1429 sed
1972 1388 2111 1431 eum
2147 1372 2222 1431 de
2258 1389 2444 1430 uxore
2470 1370 2663 1432 fratris
2704 1372 2816 1445 sui,
2849 1389 3033 1447 quam
3063 1371 3241 1430 fratre
3287 1372 3383 1429 vi-

1835 1469 2006 1522 vente
2035 1470 2366 1540 acceperat,
2396 1466 2651 1540 graviter
2678 1468 2982 1541 arguebat,
3017 1466 3167 1525 sicut
3193 1466 3381 1525 habe-

1839 1562 1933 1615 tur
1966 1558 2026 1616 in
2064 1560 2320 1616 Matthceo
2346 1558 2385 1617 ⁶.
2433 1563 2579 1617 Nam
2622 1562 2679 1618 et
2710 1559 2790 1619 ob
2830 1560 2984 1619 hanc
3026 1575 3266 1621 causam
3301 1560 3380 1619 ab

1839 1652 2067 1710 Herode
2108 1652 2334 1710 occisus
2377 1656 2480 1712 est.
2530 1656 2680 1727 Lege
2724 1654 3029 1712 historiam
3083 1655 3288 1715 totam.
3337 1656 3382 1713 Ο

1841 1750 1988 1822 quot
2012 1745 2166 1803 inter
2191 1762 2302 1805 nos
2338 1752 2474 1805 sunt
2512 1746 2691 1806 hodie
2724 1747 2983 1807 Herodes
2994 1791 3013 1820 ,
3062 1746 3383 1807 fornicato-

1838 1856 1953 1912 reS,
1984 1840 2242 1898 aliorum
2266 1841 2552 1901 habentes
2594 1857 2807 1899 uxores
2818 1882 2839 1913 ,
2865 1840 3169 1915 virginum
3205 1857 3380 1900 cons-

1839 1938 2206 2010 tupratores,
2256 1939 2314 1994 et
2348 1935 2751 1993 masculorum
2793 1936 3240 2007 concubitores,
3278 1936 3385 2010 qui

1840 2027 2041 2086 lucem
2069 2027 2299 2099 odiunt,
2330 2033 2642 2102 arguentes
2677 2027 2940 2103 fugiunt,
2970 2028 3386 2110 praedicatores

1843 2121 2051 2179 audire
2100 2122 2333 2195 nolunt,
2365 2122 2472 2179 sed
2508 2124 2830 2194 Ioannem,
2860 2122 2909 2179 si
2932 2127 3201 2197 possent,
3231 2123 3384 2181 occi-

1843 2214 2078 2274 derent!
2100 2215 2213 2274 Sed
2228 2215 2521 2290 numquid
2541 2216 2802 2275 Herodes
2814 2216 2929 2274 hoc
2946 2214 3083 2274 fecit
3099 2216 3341 2292 impune
3356 2219 3386 2275 ‘i

1843 2313 1992 2381 Non,
2027 2309 2306 2386 inquam,
2345 2311 2455 2369 sed
2498 2311 2626 2386 ipse
2670 2310 2736 2369 in
2777 2310 3020 2371 exilium
3067 2312 3386 2385 relegatuS,

1842 2402 2167 2462 miserrime
2198 2404 2383 2465 vitam
2416 2403 2608 2462 finivit
2648 2421 2785 2463 cum
2826 2406 2957 2480 ipsa
2991 2406 3385 2479 meretricula,

1844 2512 2028 2573 quam
2058 2498 2281 2556 amavit
2311 2516 2325 2555 ε
2353 2498 2457 2556 sed
2489 2500 2547 2556 et
2571 2498 2864 2574 puellam,
2892 2516 3026 2574 quae
3050 2499 3304 2572 saltavit,
3332 2505 3389 2559 et

1845 2595 2021 2666 caput
2046 2591 2288 2649 loannis
2315 2592 2498 2667 petiit,
2526 2592 2728 2650 vivam
2756 2596 2910 2651 terra
2938 2592 3266 2651 absorbuit.
3299 2593 3389 2650 Di-

1843 2684 1922 2741 cit
1948 2686 2146 2742 tamen
2183 2685 2457 2758 quaedam
2483 2685 2728 2744 historia
2757 2685 2800 2759 ⁸,
2837 2686 3003 2761 quod
3027 2686 3173 2744 dum
3203 2689 3386 2746 Hero-

1846 2776 1974 2834 dias
2002 2779 2184 2852 caput
2207 2779 2449 2835 loannis
2485 2781 2741 2850 teneret,
2769 2781 2947 2854 caput
2982 2779 3110 2851 ejus
3149 2779 3210 2843 in
3255 2795 3390 2838 eam

1845 2870 2084 2941 efflavit,
2116 2874 2174 2929 et
2200 2871 2469 2945 protinus
2496 2873 2557 2930 in
2585 2873 2896 2948 pulverem
2922 2872 3111 2931 vertit.

1917 2967 2158 3037 Quart0,
2188 2965 2293 3023 lux
2318 2969 2404 3025 est
2428 2971 2641 3025 natura
2663 2966 3115 3039 inflammativa,
3142 2969 3265 3029 sive
3291 2986 3386 3029 ca-

1842 3058 2118 3117 lefactiva
2143 3076 2251 3135 per
2276 3060 2584 3121 radiorum
2610 3063 3119 3138 repercussionem
3148 3065 3206 3121 et
3229 3064 3388 3123 mul-

1847 3151 2197 3227 titudinem3
2229 3153 2375 3211 dum
2402 3154 2561 3213 enim
2601 3155 2824 3214 solares
2865 3156 3018 3215 radii
3056 3157 3131 3217 ad
3174 3173 3391 3233 corpus

1847 3262 2106 3323 opacum
2131 3248 2397 3321 veniunt,
2427 3249 2575 3307 dum
2612 3250 2859 3308 transire
2905 3250 3058 3309 ultra
3095 3268 3218 3309 non
3254 3268 3391 3327 pos-

1845 3345 2001 3411 sunt,
2034 3342 2110 3399 ab
2154 3341 2286 3417 ipso
2304 3344 2308 3349 ’
2327 3359 2576 3418 corpore
2618 3344 2947 3419 repercussi
2992 3345 3389 3420 retrocedunt,

1846 3434 1995 3492 sicut
2020 3435 2167 3510 pila,
2195 3436 2274 3494 ad
2292 3453 2533 3497 murum
2561 3438 2844 3512 projecta,
2876 3455 3012 3497 cum
3036 3439 3391 3515 pertransire

1844 3544 1967 3586 non
1993 3529 2218 3603 possit,
2258 3546 2604 3605 repercussa
2630 3531 2709 3589 ab
2745 3532 2877 3607 ipso
2914 3547 3166 3608 corpore
3209 3536 3392 3592 retro-

1846 3621 2018 3680 cedit.
2050 3623 2220 3683 Radii
2261 3639 2404 3696 ergo
2437 3624 2521 3683 sic
2548 3626 2876 3701 repercussi
2903 3625 3060 3684 circa
3084 3643 3299 3702 corpus
3323 3626 3393 3685 il-

1845 3717 1952 3776 lud
1979 3735 2041 3777 se
2071 3720 2494 3795 multiplicant,
2536 3726 2594 3781 et
2629 3722 2960 3781 maximum
2999 3722 3084 3781 ibi
3131 3723 3392 3781 calorem

1847 3815 2151 3885 generant.
2182 3813 2344 3872 Unde
2384 3831 2620 3889 semper
2655 3816 2849 3889 major
2895 3815 3057 3874 calor
3103 3818 3189 3874 est
3221 3814 3393 3888 juxta

1844 3906 2167 3980 parictem,
2207 3923 2386 3981 quam
2413 3908 2478 3965 in
2505 3925 2717 3983 campo
2753 3928 2767 3965 ε
2798 3912 2855 3967 et
2881 3910 3075 3982 maj0r
3101 3914 3187 3968 est
3214 3909 3392 3968 etiam

1847 3998 2010 4058 calor
2038 3999 2101 4058 in
2125 4001 2318 4073 valle,
2348 4017 2531 4076 quam
2568 4004 2651 4085 in,
2674 4005 2916 4074 monte;
2957 4002 3101 4078 quia
3142 4003 3209 4060 in
3233 4002 3390 4062 valle

1846 4093 1998 4151 radii
2035 4093 2387 4161 detinentur,
2426 4110 2502 4153 ne
2550 4099 2873 4168 transeant,
2902 4113 3041 4155 cum
3083 4098 3146 4155 in
3187 4101 3390 4157 monte

1848 4186 2096 4246 detineri
2133 4203 2257 4246 non
2297 4186 2551 4248 valeant.
2603 4193 2745 4249 ltem
2795 4207 2871 4250 ex
2910 4190 3123 4250 eadem
3160 4192 3392 4250 ratione

1847 4280 2043 4339 minor
2067 4285 2154 4339 est
2180 4281 2344 4340 calor
2375 4286 2640 4358 tempore
2661 4283 2917 4359 hyemis,
2938 4301 3122 4359 quam
3136 4285 3386 4344 aestatis:

1848 4374 1991 4449 quia
2016 4375 2079 4433 in
2103 4375 2318 4450 hyeme
2345 4376 2499 4434 radii
2520 4394 2698 4452 super
2725 4382 2943 4438 terram
2971 4380 3142 4457 quasi
3169 4379 3392 4441 cadunt

1849 4468 2154 4541 exlatere,
2184 4472 2242 4531 et
2267 4469 2422 4528 ultra
2450 4472 2754 4531 transeunt
2768 4513 2790 4545 ,
2820 4477 2878 4531 et
2902 4488 3027 4532 non
3053 4473 3139 4531 ibi
3167 4472 3390 4532 subsis-

1848 4565 1976 4619 tunt
2002 4562 2147 4621 :sed
2170 4562 2232 4620 in
2255 4566 2450 4622 aestate
2479 4579 2617 4622 cum
2642 4564 2838 4624 zenith
2864 4567 2908 4638 ⁸,
2939 4567 3045 4642 qui
3072 4569 3160 4625 est
3198 4582 3388 4642 punc-

1847 4656 1941 4711 tus
1982 4657 2199 4714 directe
2248 4657 2475 4731 positus
2512 4675 2691 4734 super
2727 4663 2904 4736 caput
2940 4663 3245 4732 nostrum,
3287 4678 3391 4737 ap-

1846 4748 2150 4823 proximat
2174 4751 2294 4824 sol,
2336 4755 2394 4810 et
2435 4752 2586 4811 radii
2631 4754 2803 4829 quasi
2847 4754 3268 4813 diametraliter
3294 4771 3390 4814 ca-

1849 4841 1997 4901 dunt
2044 4849 2500 4918 superterram,
2538 4848 2595 4905 et
2630 4848 2714 4905 sic
2763 4847 2849 4906 ibi
2895 4849 3251 4923 subsistunt,
3281 4865 3391 4909 nec

1848 4938 2002 4996 ultra
2046 4942 2420 5014 procedunt:
2458 4949 2701 5023 propter
2741 4945 2907 5020 quod
2952 4945 3216 5003 calorem
3267 4946 3391 5005 effi·

1848 5032 2027 5090 ciunt.
2076 5033 2202 5091 Fuit
2228 5051 2371 5109 ergo
2405 5040 2665 5097 loannes
2707 5039 2812 5101 lux
2839 5038 3181 5099 calefactiva
3221 5043 3278 5097 et
3303 5040 3393 5097 in-

1847 5127 2212 5189 flammativa
2232 5130 2296 5190 in
2320 5132 2539 5203 verbis,
2568 5135 2627 5193 et
2653 5132 2956 5209 operibus,
2985 5138 3042 5192 et
3064 5133 3386 5209 exemplis:

1848 5287 1910 5297 —
1935 5262 1956 5295 ⁶
1992 5262 2173 5313 Zenith
2210 5271 2429 5328 punctus
2455 5270 2534 5317 est
2558 5266 2613 5318 in
2646 5266 2967 5318 firmamento
2994 5268 3185 5321 directe
3213 5283 3393 5335 supra·

1847 5339 2047 5404 positus
2069 5339 2318 5405 capitibus
2344 5337 2549 5390 nostris.

1919 5424 1984 5489 (o)
2016 5425 2170 5476 Forte
2195 5423 2293 5489 leq.
2323 5423 2513 5479 multis.
2536 5449 2595 5460 -
2620 5422 2687 5487 (ὁ)
2713 5422 2861 5474 Forte
2888 5422 2989 5490 leq.
3021 5424 3389 5486 maleficorum.
