4059 6317
743 503 863 568 118

1823 497 2241 569 SERMONES
2281 496 2384 564 DE
2424 494 2819 564 TEMPORE.

741 637 1077 702 vocantur.
1103 656 1136 697 n
1167 639 1258 702 De
1292 637 1413 704 hac
1439 639 1630 712 vinea
1655 639 1935 704 fructum
1973 636 2125 702 fidei
2141 684 2161 715 ,
2204 635 2266 698 et
2371 650 2493 715 pus
2551 650 2701 698 caro
2746 632 3029 697 suaviter
3064 631 3267 711 vivit,
3321 632 3469 699 inde
3527 633 3785 718 spiritus
3828 636 3894 716 ip

744 743 982 808 amoris
1000 792 1020 823 ‚
1065 747 1133 809 et
1175 746 1440 828 justitiae
1481 747 1745 812 reddere
1792 746 1976 811 debet
2028 745 2224 809 homo
2246 759 2264 821 3

743 849 982 933 alioqui
1007 869 1124 934 per
1144 852 1619 919 damnationem
1657 856 1714 938 ej
1722 853 1967 930 icimur,
2006 856 2071 917 et
2105 849 2271 916 alius

741 960 1124 1024 assumetur.
1145 960 1165 995 ¹
1189 982 1221 1019 ι
1237 958 1434 1025 Malos
1452 961 1615 1026 male
1636 960 1893 1044 perdet,
1923 963 1988 1025 et
2014 958 2270 1024 vineam

742 1080 927 1128 suam
970 1063 1201 1130 locabit
1227 1065 1368 1131 aliis
1392 1066 1690 1149 agricolis
1706 1115 1727 1148 ,
1774 1068 1885 1150 qui
1912 1065 2182 1132 reddant
2208 1062 2269 1128 ei

741 1173 1018 1236 fructum
1046 1172 1437 1255 temporibus
1474 1172 1627 1238 suis.
1662 1194 1695 1234 ι
1724 1173 1845 1238 Sed
1871 1172 2038 1238 alius
2072 1170 2272 1236 habe-

744 1275 839 1339 bit
861 1274 1138 1340 fructum
1157 1323 1175 1353 ,
1217 1275 1382 1342 alius
1421 1276 1681 1341 babebit
1716 1276 2091 1354 denarium,
2141 1274 2272 1338 imo

744 1400 1066 1448 coronam,
1095 1385 1120 1420 ⁸
1149 1406 1182 1446 ι
1211 1383 1383 1449 Tene
1408 1385 1577 1467 quod
1602 1384 1834 1467 habes,
1868 1406 1897 1443 n
1932 1387 2051 1448 etc.

825 1488 913 1554 De
929 1490 1292 1571 secundam)
1302 1496 1324 1532 ⁸
1340 1490 1596 1557 :nvinea
1611 1508 1754 1556 mea
1761 1507 1978 1556 coram
1992 1507 2099 1554 me
2114 1491 2207 1552 est
2210 1507 2266 1566 ,ι

742 1595 811 1661 id
827 1599 921 1662 est
952 1596 1365 1676 conscientia,
1402 1615 1550 1680 quae
1578 1597 1749 1662 intra
1780 1615 1883 1661 me
1907 1599 2023 1660 est.
2056 1594 2131 1659 ln
2156 1593 2278 1658 hac

748 1702 935 1767 multi
960 1721 1077 1786 pro
1097 1703 1249 1770 vino
1260 1704 1765 1786 compunctionis
1781 1751 1799 1782 ,
1820 1707 1884 1767 et
1908 1701 2146 1767 amoris
2170 1700 2277 1764 Dei

750 1813 814 1876 et
833 1809 1132 1893 proximi,
1147 1809 1384 1875 babent
1398 1811 1674 1876 urticam
1686 1810 2044 1876 ardentium
2064 1812 2126 1872 et
2142 1824 2277 1871 car-

749 1916 991 1984 nalium
1018 1917 1497 1997 desideriorum,
1519 1921 1584 1983 et
1608 1918 1823 2002 spinas
1843 1915 2278 2000 pungentium

749 2022 1251 2090 amaritudinum
1297 2029 1361 2089 et
1404 2024 1719 2089 odiorum.
1752 2028 1776 2064 ¹
1812 2045 1843 2085 «ι
1882 2022 2003 2087 Per
2039 2040 2276 2104 agrum

739 2117 922 2217 pigri
943 2129 1221 2196 hominis
1245 2130 1512 2195 transivi
1533 2179 1550 2211 ,
1584 2134 1647 2194 et
1672 2148 1788 2213 per
1814 2130 2072 2194 vineam
2099 2128 2279 2194 stulti

748 2239 907 2316 viri,
928 2240 993 2304 et
1014 2240 1375 2302 eccetotum
1395 2237 1796 2320 repleverant
1821 2237 2044 2304 urticae
2072 2239 2136 2301 et
2157 2236 2281 2319 spi-

749 2365 876 2413 nae.
921 2366 953 2405 ι
988 2344 1162 2427 Ager
1187 2348 1283 2409 est
1321 2362 1429 2408 cor
1472 2348 1764 2410 nostrum
1783 2391 1805 2422 ‚
1850 2343 2006 2409 dum
2046 2342 2283 2425 profert

751 2455 1034 2519 fructum
1063 2452 1250 2516 bouae
1275 2451 1659 2535 operationis
1683 2449 2019 2517 exterioris
2044 2472 2062 2529 ;
2091 2449 2283 2516 vinea

753 2579 909 2628 vero
924 2609 943 2640 ,
967 2559 1125 2625 dum
1143 2558 1381 2642 profert
1396 2558 1622 2624 vinum
1645 2558 1999 2625 devotionis
2024 2563 2090 2623 et
2113 2576 2284 2624 com-

753 2667 1134 2753 punctionis.
1166 2665 1497 2732 Psalmista
1521 2672 1544 2706 ⁸
1576 2689 1591 2731 :
1630 2689 1662 2728 α
1685 2665 1919 2732 Potasti
1966 2683 2086 2731 nos
2129 2665 2283 2730 vino

754 2773 1276 2858 compunctionis.
1301 2795 1332 2834 n
1371 2772 1771 2856 Quicumque
1799 2790 1960 2856 ergo
1995 2771 2140 2838 vult
2162 2772 2284 2837 ba-

752 2882 902 2946 bere
926 2879 1260 2945 denarium
1285 2880 1437 2947 vitae
1463 2884 1720 2946 aeternae
1730 2927 1744 2962 ,
1772 2881 1984 2947 videat
2011 2881 2286 2962 diligen-

754 2992 872 3068 ter,
893 3006 979 3053 an
991 2987 1074 3052 sit
1098 2989 1425 3071 operarius
1441 2987 1779 3053 dominicae
1797 2986 2028 3052 viueae.
2052 2985 2285 3069 Grego-

756 3096 892 3161 rius
917 3094 940 3129 ⁸
970 3116 987 3159 ε
1025 3116 1056 3156 «ι
1079 3092 1307 3160 Penset
1331 3094 1772 3177 unusquisque
1795 3092 1956 3178 quid
1980 3099 2179 3176 agat,
2221 3098 2286 3159 et

757 3201 1105 3267 consideret
1123 3220 1211 3266 an
1233 3202 1304 3266 in
1332 3202 1441 3267 Dei
1467 3201 1655 3266 vinea
1679 3201 1945 3266 laboret.
1978 3223 2010 3259 n

838 3309 925 3375 De
961 3310 1147 3374 tertia
1160 3356 1183 3389 ,
1221 3310 1300 3392 (b)
1326 3309 1514 3375 vinea
1551 3308 1941 3391 poenitentiae
1986 3307 2090 3373 vel
2132 3307 2289 3372 reli-

763 3417 1004 3499 gionis,
1048 3416 1378 3482 Psalmista
1410 3422 1434 3457 ‘¹
1468 3438 1484 3480 z
1520 3438 1552 3477 α
1574 3414 1842 3481 Vineam
1887 3415 1966 3480 de
2009 3415 2288 3499 AEgypto

763 3523 1131 3589 transtulisti
1150 3572 1169 3604 ,
1198 3545 1230 3584 ι
1262 3522 1330 3588 id
1356 3526 1480 3603 est,
1507 3521 1888 3603 religionem
1916 3521 1995 3586 de
2025 3522 2287 3587 saecule.

772 3652 805 3692 a
829 3629 1085 3714 Ejecisti
1112 3632 1362 3711 3611188,
1386 3650 1419 3689 n
1450 3627 1515 3692 id
1540 3632 1634 3692 est
1660 3626 2075 3711 spiritualiter
2099 3628 2293 3692 incir-

762 3736 1114 3803 cumcisos:
1161 3753 1312 3802 nam
1339 3732 1451 3817 qui
1495 3752 1537 3797 a
1560 3732 1734 3800 vitiis
1762 3733 2126 3798 circumcidi
2161 3751 2292 3800 uon

766 3843 927 3923 vult,
941 3844 1013 3908 iu
1031 3843 1222 3909 vinea
1245 3840 1578 3923 religionis
1602 3857 1737 3905 esse
1753 3857 1885 3905 uon
1909 3839 2117 3906 debet.
2141 3840 2164 3876 ⁸
2184 3840 2295 3906 «Si

765 3951 910 4034 quis
933 3949 1425 4034 peregrinorum
1452 3946 1520 4011 in
1548 3949 1828 4013 vestram
1874 3947 2148 4014 transire
2176 3966 2297 4013 vo-

2374 744 2686 805 aeternum
2712 738 2952 805 dolebit
2980 739 3078 822 (c).
3107 761 3140 801 ι

2468 848 2554 914 De
2578 848 3268 932 quartavinea,scilicet
3276 849 3626 933 sapientise,
3652 869 3796 934 quae
3813 857 3906 917 est

2376 957 2593 1020 sancta
2618 954 2944 1038 Scriptura
2967 960 3063 1019 ¹⁸:
3103 978 3136 1016 a
3164 958 3368 1021 Erunt
3391 957 3592 1022 ubera
3613 960 3727 1023 tua
3748 959 3907 1024 sicut

2375 1062 2598 1127 botrus
2625 1061 2853 1127 viueae.
2884 1082 2915 1121 n
2951 1061 3237 1127 Christus
3279 1064 3682 1129 commendat
3725 1083 3905 1132 suam

2375 1186 2671 1251 sponsam
2715 1168 3053 1234 Ecclesiam
3070 1216 3093 1248 ,
3122 1172 3308 1253 cujus
3332 1173 3487 1235 sunt
3517 1170 3648 1236 duo
3671 1172 3902 1238 ubera:

2377 1275 2506 1340 duo
2527 1276 2712 1353 botri,
2741 1275 2872 1341 duo
2891 1280 3041 1341 sunt
3063 1274 3482 1342 Testamenta.
3505 1276 3582 1342 Iu
3601 1278 3909 1345 uberibus

2376 1380 2475 1446 lac
2520 1381 2821 1464 simplicis
2880 1381 3182 1447 doctrinae
3246 1383 3457 1466 quoad
3513 1382 3912 1467 imperfectos

2388 1489 2751 1553 continetur
2760 1488 2806 1528 ¹⁸
2824 1509 2841 1551 ε
2863 1487 3252 1578 «Tamquam
3279 1507 3438 1572 parv
3446 1489 3567 1554 ulis
3584 1489 3659 1554 in
3676 1490 3913 1557 Christo

2378 1595 2477 1662 lac
2500 1597 2725 1677 potum
2751 1593 2894 1660 dedi
2920 1594 3121 1671 vobis,
3151 1616 3182 1655 n
3207 1599 3324 1659 etc.
3360 1594 3434 1660 ln
3464 1595 3668 1660 botris
3693 1597 3916 1663 vinum

2381 1700 2775 1766 sublimioris
2796 1700 3097 1765 doctrinae
3105 1701 3314 1784 quoad
3333 1703 3646 1784 perfectos
3664 1702 3748 1767 ¹⁴:
3773 1702 3914 1768 «Sa-

2379 1807 2687 1891 pientiam
2722 1812 2937 1873 autem
2968 1809 3295 1893 loquimur
3322 1809 3487 1874 inter
3517 1811 3827 1894 perfectos
3842 1860 3859 1891 ,
3884 1834 3916 1873 n

2382 1918 2500 1980 etc.
2532 1914 2645 1981 Vel
2672 1915 2870 1981 ubera
2895 1914 3193 1981 dicuntur
3207 1915 3334 1982 duo
3352 1915 3761 1983 Testamenta
3782 1937 3917 2002 pro-

2383 2027 2524 2106 pter
2567 2022 2664 2087 lac
2713 2021 3016 2088 doctrinas
3060 2022 3138 2087 de
3198 2022 3427 2088 Christi
3481 2023 3879 2092 humanitate
3893 2050 3912 2105 3

2383 2130 2607 2194 botrus
2646 2146 2832 2208 vero,
2863 2128 3015 2212 quia
3041 2128 3319 2194 continet
3362 2129 3590 2196 vinum
3618 2131 3918 2199 doctrinae

2385 2234 2463 2300 de
2489 2233 2719 2300 Christi
2751 2236 3101 2301 divinitate.
3146 2236 3309 2301 Dum
3349 2236 3538 2303 floret
3572 2237 3787 2320 vinea,
3816 2240 3921 2305 fu-

2388 2342 2577 2423 giunt
2616 2347 2936 2426 serpentes
2978 2346 3042 2407 et
3083 2361 3420 2409 venenosa.
3458 2343 3672 2410 Floret
3712 2351 3922 2413 autem

2394 2451 2607 2529 vinea,
2624 2448 2780 2515 dum
2807 2449 3116 2516 veraciter
3140 2450 3483 2534 exponitur
3494 2450 3825 2536 Scriptura
3840 2456 3883 2490 ¹⁸
3904 2477 3921 2518 z

2397 2578 2430 2620 a
2455 2555 2671 2622 Vineae
2681 2556 2978 2621 florentes
3001 2557 3263 2621 odorem
3292 2557 3628 2639 dederunt,
3650 2566 3836 2641 »etc.,
3864 2566 3925 2627 et

2388 2666 2541 2729 tunc
2568 2664 2854 2745 fugiunt,
2883 2667 2949 2728 et
2971 2662 3195 2729 audire
3222 2664 3456 2730 nolunt
3479 2667 3789 2749 perversi,
3817 2669 3925 2751 qui

2390 2771 2613 2853 utique
2629 2773 2777 2835 suut
2789 2771 3185 2854 serpentes¹⁸,
3195 2772 3526 2854 qenimina
3539 2774 3921 2856 viperarum.

2392 2875 2466 2940 ln
2526 2876 2630 2940 his
2676 2876 2876 2940 vineis
2927 2880 3204 2960 quatuor
3257 2896 3501 2959 genera
3551 2881 3925 2946 animalium

2390 2987 2675 3053 timenda
2708 2992 2880 3053 suut.
2917 2987 2989 3052 ln
3035 2989 3223 3054 vinea
3252 2988 3540 3055 Ecclesiae
3560 3037 3579 3070 ,
3616 2990 3925 3057 timendus

2393 3097 2489 3159 est
2540 3094 2640 3159 leo
2708 3096 3162 3177 persecutionis
3189 3145 3211 3176 ‚
3267 3096 3370 3162 vel
3423 3096 3793 3164 ambitionis
3817 3099 3859 3139 ¹¹
3904 3116 3921 3163 ε

2402 3223 2434 3262 α
2460 3201 2747 3284 Cumque
2789 3202 3063 3266 venisset
3089 3202 3171 3266 ad
3196 3202 3415 3270 vineas
3449 3203 3666 3287 oppidi
3688 3252 3706 3286 ,
3737 3222 3921 3289 appa·

2394 3306 2528 3372 ruit
2571 3306 2819 3378 catulus
2874 3306 3077 3372 leonis
3122 3327 3336 3374 saevus
3356 3357 3374 3388 ,
3412 3331 3443 3370 n
3491 3314 3613 3374 etc.
3671 3309 3925 3394 Expone

2395 3414 2746 3478 historiam.
2791 3413 2865 3477 In
2907 3407 3097 3479 vinea
3141 3416 3542 3482 conscientiae
3569 3418 3811 3482 vermis
3834 3435 3926 3482 re-

2396 3520 2753 3600 morsionis‚
2794 3521 2909 3603 qui
2949 3521 3117 3587 rodit
3159 3523 3611 3588 conscientiam
3639 3526 3686 3562 ¹⁸
3721 3545 3737 3589 ε
3777 3522 3926 3589 «Ἶί-

2399 3645 2586 3692 neam
2596 3626 2929 3711 plantabis,
2947 3632 3012 3693 et
3030 3629 3252 3694 vinum
3263 3647 3394 3695 non
3410 3630 3613 3711 bibeS,
3629 3630 3927 3713 quoniam

2400 3733 2748 3799 vastabitur
2775 3734 3121 3800 vermibus.
3139 3758 3170 3797 n
3196 3736 3284 3797 ¹⁸«
3299 3735 3547 3802 Vermis
3559 3755 3786 3802 eorum
3806 3754 3929 3802 non

2404 3839 2733 3905 morietur.
2762 3862 2793 3900 ι)
2828 3840 2901 3905 In
2934 3842 3121 3906 vinea
3163 3843 3549 3925 poenitentiae
3581 3847 3647 3908 et
3672 3833 3929 3924 religio-

2404 3947 2509 4013 nis
2522 3964 2675 4030 aper
2693 3946 2962 4030 dyscolae
2982 3948 3497 4028 conversationis3
3519 3947 3924 4014 Psalmista⁸⁰z

767 4058 958 4123 luerit
983 4056 1317 4135 coloniam,
1337 4076 1369 4115 ι
1390 4055 1457 4121 id
1481 4058 1574 4119 est
1599 4053 1981 4136 religionem
2000 4103 2022 4134 ,
2055 4076 2086 4116 «ι
2111 4060 2175 4120 et
2198 4057 2299 4120 fa·
2414 4077 2447 4115 α
2471 4053 2931 4119 Exterminavit
2950 4071 3095 4118 eam
3121 4072 3273 4137 aper
3300 4054 3376 4120 de
3402 4056 3606 4138 sylva,
3636 4059 3702 4121 et
3722 4056 3930 4137 singu·

769 4182 912 4229 cere
956 4166 1157 4246 phase
1194 4161 1442 4227 Domini
1463 4209 1485 4242 ,
1513 4160 1998 4226 circumcidetur
2025 4162 2229 4245 prius.
2256 4184 2289 4223 n

2405 4159 2558 4225 laris
2584 4160 2774 4236 ferne,
2808 4182 2839 4216 ιι
2869 4163 2988 4224 etc.
3024 4157 3101 4223 ln
3130 4176 3285 4243 apro
3312 4162 3650 4227 manifesta
3680 4180 3926 4246 perver-

772 4272 934 4351 Sed,
985 4269 1150 4335 heu!
1197 4268 1416 4334 Achab
1440 4313 1458 4350 ,
1506 4268 1572 4331 id
1612 4270 1707 4332 est
1765 4266 2096 4348 diabolu8‚
2146 4269 2303 4335 dicit
2410 4268 2588 4344 sitas;
2619 4268 2687 4331 in
2713 4266 3185 4349 sinqularit'era
3201 4267 3930 4352 superstitiosasingula-

773 4380 891 4445 tibi
916 4384 984 4442 ⁸:
1027 4399 1059 4440 ιι
1085 4376 1176 4442 Da
1217 4375 1375 4439 mibi
1401 4375 1657 4441 vineam
1701 4376 1881 4438 tuam
1902 4423 1920 4454 ,
1954 4380 2027 4440 ut
2076 4376 2302 4441 faciam
2410 4373 2566 4439 ritas
2591 4374 3007 4456 significatur,
3024 4391 3172 4456 quae
3189 4373 3316 4438 duo
3334 4374 3592 4442 vineam
3614 4376 3930 4459 religionis

777 4487 937 4552 mihi
961 4486 1222 4552 hortum
1271 4483 1542 4548 olerum.
1573 4503 1605 4542 ι»
1640 4480 1823 4547 Olera
1862 4500 1979 4565 pro
2023 4485 2263 4549 vitibus
2281 4533 2300 4566 ,

778 4592 1060 4660 carnales
1087 4609 1201 4674 pro
1241 4588 1677 4674 spiritualibus
1718 4590 1951 4672 quaerit
1988 4590 2298 4656 diabolus.

779 4701 903 4767 Sed
925 4699 1134 4765 brevis
1158 4704 1256 4764 est
1279 4714 1505 4762 eorum
1534 4695 1828 4779 voluptas
1852 4699 1918 4761 et
1941 4697 2095 4762 vita.
2133 4697 2304 4764 Psal-

781 4809 968 4874 mista
981 4807 1029 4843 ¹⁰
1054 4823 1073 4871 z
1107 4827 1140 4868 α
1161 4802 1706 4883 Quemadmodum
1735 4801 1908 4868 olera
1928 4803 2301 4889 herbarum,

781 4916 907 4981 cito
932 4912 1238 4982 decident.
1265 4933 1297 4972 »
1318 4909 1660 4992 Gregorius
1675 4909 1756 4974 ¹¹:
1794 4931 1826 4972 ιι
1842 4909 2022 4976 Unde
2050 4911 2131 4978 ad
2156 4916 2311 4979 tem·

846 5114 864 5148 ¹
904 5109 1104 5173 nauh„
1134 5119 1243 5172 ιιι,
1283 5111 1363 5158 Η.
1403 5133 1468 5146 -
1498 5106 1518 5138 ²
1551 5106 1724 5168 Apoc„
1765 5117 1857 5169 ιιι,
1887 5109 1964 5157 11.
1994 5132 2059 5145 —
2091 5109 2112 5141 ⁸
2145 5108 2314 5175 Cant,

786 5194 910 5245 vm,
944 5185 1020 5234 12.
1056 5209 1111 5219 —
1146 5180 1169 5215 ⁴
1199 5183 1364 5241 Prov„
1400 5187 1544 5241 mv,
1577 5179 1656 5226 30.
1689 5202 1747 5214 —
1788 5178 1806 5208 ⁸
1847 5177 1983 5229 Psal.
2021 5190 2129 5245 mx,
2170 5185 2216 5234 5.
2250 5207 2314 5220 —

787 5256 810 5291 ⁸
836 5255 1008 5320 Greg„
1041 5253 1093 5303 in
1121 5250 1331 5314 Eueno„
1359 5247 1502 5299 hom.
1532 5259 1646 5308 xlx,
1672 5261 1728 5299 n.
1755 5251 1803 5300 2.
1829 5274 1890 5288 -
1923 5250 1939 5281 ¹
1965 5250 2102 5302 Psal.
2132 5263 2312 5317 Lxxlx,

789 5328 840 5390 9,
883 5328 959 5376 ¹⁰.
988 5350 1044 5362 -
1078 5324 1098 5355 ⁸
1131 5317 1313 5386 Emd„
1340 5331 1447 5382 ιιι,
1480 5320 1643 5382 48.,—
1678 5317 1701 5355 ⁹
1732 5319 1798 5370 111
1838 5320 1902 5371 Re
1940 5355 1975 5387 .,
2016 5333 2128 5388 xxi,
2165 5325 2214 5375 2.
2252 5351 2315 5364 -

792 5397 832 5431 ¹⁸
863 5395 999 5446 Ρεαι.
1026 5404 1206 5455 xxxvi,
1233 5393 1283 5443 2.
1311 5417 1375 5429 -
1403 5391 1434 5422 ¹¹
1456 5391 1630 5456 Greg„
1657 5389 1898 5455 uoral.,1
1956 5427 1969 5441 .
1992 5393 2058 5458 x,
2086 5408 2133 5445 c.
2157 5406 2315 5460 xxm,

793 5466 861 5520 al.
881 5477 1000 5531 xm,
1021 5477 1075 5518 u.
1102 5467 1183 5520 42.
1201 5489 1265 5502 -
1293 5462 1335 5500 ¹⁸
1357 5460 1522 5524 Gaui„
1545 5473 1617 5513 vu
1634 5498 1650 5524 ,
1677 5462 1726 5514 8.
1745 5490 1809 5502 —
1833 5463 1876 5500 ¹⁸
1897 5464 1912 5516 Ι
1936 5464 2074 5531 Cor„
2094 5477 2155 5518 ιιι
2169 5500 2185 5530 ,
2212 5469 2314 5519 t·2.

2414 4481 2694 4546 maxime
2732 4481 3089 4545 destruunt.
3135 4479 3207 4548 In
3240 4480 3431 4548 vinea
3456 4482 3824 4568 Scripturae,
3854 4482 3935 4546 ti-

2413 4587 2648 4653 menda
2672 4589 2768 4653 est
2796 4586 3022 4670 vulpes
3047 4587 3363 4653 haereticae
3388 4589 3774 4675 deceptionis
3805 4606 3933 4654 cor-

2415 4697 2770 4781 rumpentis
2805 4696 3167 4779 Scripturas
3190 4699 3233 4734 ⁸¹
3259 4720 3274 4763 ε
3301 4719 3333 4760 ιι
3361 4698 3574 4782 Capite
3594 4699 3781 4766 nobis
3801 4698 3934 4764 vul-

2418 4823 2566 4888 pes,
2607 4821 2753 4888 quae
2793 4804 3225 4870 demoliuntur
3265 4806 3504 4871 vineas.
3536 4828 3569 4868 ι
3604 4804 3837 4890 Vulpes
3877 4804 3939 4868 in
4010 4820 4059 4862 a.

2419 4931 2530 4978 ore
2555 4912 2842 4977 foetidum
2872 4912 3223 4979 anhelitum
3250 4914 3517 4995 hahent3
3548 4915 3639 4984 ita
3670 4911 3938 4981 haeoefici
3960 4883 4036 4995 {⁵2
4055 4891 4059 4908 ,

2419 5018 2704 5084 foetidam
2729 5018 3107 5084 doctrinam.

2423 5187 2487 5200 —
2511 5162 2553 5199 ¹⁸
2584 5161 2734 5227 ibid„
2762 5173 2823 5226 11,
2849 5164 2896 5215 6.
2919 5189 2983 5202 -
3014 5165 3052 5197 ¹⁸
3085 5163 3255 5229 Cant„
3280 5177 3338 5230 ιι,
3368 5168 3445 5219 13.
3471 5193 3533 5205 -
3564 5168 3605 5203 ¹⁸
3628 5166 3763 5229 Luc„
3793 5175 3869 5224 ιιι,
3894 5164 3939 5214 ἵ.

2426 5259 2481 5270 -
2516 5235 2558 5271 ¹⁷
2582 5233 2763 5297 ludio„
2790 5245 2900 5298 xiv,
2930 5237 2982 5285 5.
3004 5261 3066 5273 —
3096 5237 3133 5268 ¹⁸
3155 5237 3327 5301 Dent„
3351 5249 3546 5301 xxvm,
3574 5241 3652 5290 39.
3679 5264 3743 5278 -
3771 5237 3804 5268 ¹⁸
3831 5237 3938 5295 1⁸⁶·-

2425 5316 2566 5370 nxv1,
2593 5307 2673 5356 2⁴.
2699 5330 2761 5344 —
2787 5305 2831 5338 ¹⁸
2858 5305 2996 5359 Psal.
3024 5318 3205 5373 Lxxrx,
3235 5311 3313 5361 ss.
3334 5335 3399 5348 —
3423 5310 3463 5345 ²¹
3496 5310 3664 5368 Cant..
3696 5321 3753 5374 ιι,
3784 5310 3855 5359 15.

2487 5394 2558 5458 (α)
2588 5393 2708 5447 Coet.
2749 5394 2869 5448 edit.
2914 5398 3160 5448 secundo.
3207 5425 3262 5435 —
3307 5397 3375 5464 (ὁ)
3417 5397 3597 5466 Suppl,
3642 5398 3842 5451 ,ὤσει
3884 5417 3938 5431 .-

2429 5467 2490 5532 (c)
2523 5465 2609 5518 Al.
2638 5465 2824 5520 interit.
