4059 6317
1012 526 1095 594 IN
1132 523 1265 592 DIE
1305 523 1606 593 SANGTO
1645 520 2219 592 PENTECOSTES.
2262 522 2523 593 SERMO
2570 521 2706 594 vn.

266 659 388 727 dici
407 661 617 746 potest
639 658 800 727 illud
824 659 892 727 ¹:
930 683 962 724 ι
985 658 1295 746 Iniquitas
1321 679 1579 745 egressa
1603 665 1699 728 est
1717 659 1797 727 de

266 769 590 855 Babylone
622 785 663 834 a
700 768 1056 835 senioribus
1074 817 1093 850 ,
1122 791 1156 830 ι
1188 772 1308 835 616.
1338 768 1593 836 Talium
1638 787 1796 852 ergo

265 877 479 962 opinio
491 877 736 957 stetida3
769 875 1086 943 Simeonis
1110 880 1351 958 autem,
1369 881 1435 943 et
1460 877 1792 971 similium,

266 985 579 1052 odorifera
606 989 725 1050 est.
757 983 1111 1068 Gregorius
1135 985 1159 1023 ⁸
1190 1006 1206 1050 ι
1241 1007 1274 1047 ι
1299 983 1580 1051 Virtutes
1608 985 1797 1068 profl-

264 1094 569 1161 cientium
590 1095 661 1159 in
688 1093 914 1160 notitia
937 1097 1317 1161 caeterorum
1330 1142 1349 1174 ,
1377 1094 1564 1178 quasi
1590 1093 1799 1160 suavi-

262 1205 425 1268 tates
453 1203 749 1284 fragrant
774 1201 1111 1268 odorum.»
1131 1200 1204 1267 In
1228 1202 1434 1267 tribus
1449 1205 1664 1267 autem
1687 1203 1800 1267 de-

261 1311 371 1376 bet
394 1327 532 1375 esse
558 1310 748 1376 bonae
771 1310 1002 1389 famae,
1031 1308 1101 1374 in
1135 1327 1212 1375 eo
1236 1308 1409 1392 quod
1434 1310 1518 1374 sit
1535 1311 1750 1393 justus
1769 1357 1792 1390 ,

261 1418 629 1498 timoratus,
668 1416 835 1501 pius.
870 1415 1076 1482 Pietas
1112 1416 1289 1482 enim
1335 1417 1689 1481 ostenditur
1728 1417 1798 1480 in

258 1524 412 1607 hoc,
461 1524 635 1609 quod
674 1525 1050 1609 expectabat
1090 1524 1591 1608 redemptionem
1634 1524 1796 1590 alio-

258 1650 430 1699 rum.
459 1632 680 1699 Justus
701 1632 806 1712 sit,
837 1632 962 1697 hoc
988 1632 1072 1698 ad
1096 1632 1413 1716 seipsum3
1437 1631 1793 1713 timoratus,

258 1741 339 1806 ad
364 1739 744 1820 Dominu'm3
777 1740 957 1824 pius,
985 1740 1069 1806 ad
1093 1741 1484 1824 proximum.

241 1911 247 1921 .
340 1850 501 1915 Item
518 1850 860 1932 linguosus
872 1853 968 1915 est
987 1848 1263 1932 Spiritus
1277 1852 1533 1914 sanctus
1551 1849 1621 1914 in
1636 1867 1799 1933 prae·

260 1960 567 2026 dicatione
589 2008 609 2041 ,
645 1959 769 2025 hoc
792 1959 1107 2040 innuitur,
1148 1976 1298 2024 cum
1334 1958 1589 2038 dicitur,
1625 1960 1797 2044 quod

261 2073 700 2153 apparuerunt
748 2067 885 2136 tuis
921 2067 1282 2151 dispertitae
1322 2068 1563 2151 linquoe
1606 2088 1624 2132 ι
1671 2068 1793 2133 1166

261 2177 661 2259 significatur
696 2175 765 2241 in
799 2175 1123 2260 discipulis
1146 2225 1163 2252 ,
1194 2175 1430 2259 quibus
1467 2175 1796 2241 evidenter

260 2281 330 2349 in
354 2282 706 2366 Evangelio
739 2283 1110 2349 invenimus
1148 2280 1459 2365 Spiritum
1503 2286 1796 2348 sanctum

261 2390 648 2474 promissum
662 2439 687 2472 ,
711 2391 845 2456 imo
864 2390 1111 2456 datum.
1128 2388 1322 2454 Datus
1339 2394 1434 2455 est
1447 2387 1621 2455 enim
1648 2393 1796 2456 ante

260 2500 620 2582 passionem
666 2504 690 2541 ⁸
733 2517 753 2564 t
789 2522 820 2559 α
851 2499 1222 2565 Convocatis
1262 2516 1419 2564 vero
1459 2499 1794 2565 duodecim

260 2605 587 2690 discipulis
622 2606 760 2670 suis
800 2605 967 2671 dedit
1011 2607 1383 2689 potestatem
1423 2604 1793 2672 immundo·-

259 2732 404 2779 rum
424 2714 791 2797 spirituum.
806 2735 838 2774 n
858 2712 1018 2779 Item
1030 2716 1175 2798 post
1190 2714 1718 2780 resurrectionem
1735 2719 1790 2780 ⁸:

268 2845 299 2885 (1
337 2821 720 2902 Insufflavit,
758 2825 823 2886 et
853 2821 1037 2886 dixit
1084 2843 1101 2885 ε
1155 2820 1436 2905 Accipite
1485 2821 1794 2907 Spiritum

257 2931 573 2995 sanctum.
601 2949 634 2988 r
669 2928 829 2994 ltem
857 2932 1003 3011 post
1045 2930 1481 2995 ascensionem
1503 2931 1526 2968 ⁸
1555 2949 1573 2995 ε
1614 2953 1645 2993 s
1672 2930 1794 2997 Re-

256 3036 410 3121 pleti
435 3039 588 3102 sunt
610 3053 835 3102 omnes
852 3036 1096 3121 Spiritu
1112 3039 1358 3116 sancto,
1390 3041 1455 3102 61
1470 3043 1798 3120 coeperunt

256 3145 457 3227 loqui.
486 3165 519 3206 n
537 3144 753 3211 Primo
776 3163 935 3228 ergo
963 3144 1148 3211 datus
1173 3149 1269 3209 est
1290 3145 1382 3210 eis
1412 3145 1491 3211 ad
1518 3147 1795 3213 miracu-

255 3253 471 3320 lorum
505 3254 936 3337 operationem
959 3273 978 3335 ;
1025 3252 1336 3333 secundo,
1380 3254 1463 3319 ad
1507 3261 1793 3337 peccato-

254 3379 403 3425 rum
438 3360 912 3442 remissionem3
956 3361 1144 3427 tertio
1158 3409 1181 3442 ,
1232 3361 1316 3426 ad
1357 3362 1641 3428 veritatis
1688 3366 1794 3431 in·

254 3467 689 3533 structionem.

332 3574 493 3641 Item
521 3576 757 3658 igneus
781 3577 877 3641 est
904 3574 1178 3660 Spiritus
1215 3580 1472 3643 sanctus
1503 3578 1571 3643 in
1599 3580 1791 3647 dilec-

253 3685 425 3749 tione
438 3732 460 3764 ,
489 3684 613 3749 hoc
636 3684 1037 3766 significatur
1061 3686 1133 3750 in
1160 3685 1434 3752 Maria⁸z
1470 3710 1502 3750 (ι
1522 3688 1797 3772 Spiritus

255 3796 511 3858 sanctus
531 3792 939 3875 superveniet
960 3793 1030 3858 in
1047 3797 1130 3874 te,
1143 3815 1175 3854 n
1199 3800 1317 3860 616.
1322 3843 1346 3877 ,
1376 3815 1581 3881 usque
1604 3820 1620 3864 z
1652 3821 1685 3860 (ι
1698 3797 1797 3863 Fi-

252 3900 379 3966 lius
431 3899 562 3965 Dei.
601 3920 634 3960 n
664 3899 820 3978 Quis
864 3919 1157 3986 unquam
1206 3904 1532 3970 ardentius
1575 3905 1796 3972 dilexit

255 4025 451 4091 quam
477 4005 724 4072 Maria?
750 4006 906 4085 Quae
942 4009 1137 4073 etiam
1184 4010 1391 4075 virtus
1434 4010 1654 4078 Jesum
1673 4062 1689 4095 ,
1730 4015 1795 4080 id

255 4118 382 4194 661,
407 4113 679 4179 66161661
704 4114 902 4197 parit,
932 4114 1160 4198 6161(α)
1187 4116 1462 4182 charitas
1479 4121 1512 4183 ⁴?
1542 4117 1615 4183 ln
1639 4139 1797 4205 prae-

252 4222 437 4287 dictis
462 4225 614 4286 nota
638 4221 717 4287 (16
742 4220 1015 4304 Spiritus
1040 4223 1242 4288 sancti
1270 4230 1791 4310 superventione,

256 4329 334 4394 (16
361 4327 578 4393 Mariae
603 4328 1125 4411 obumbratione,
1166 4329 1244 4395 (16
1271 4330 1413 4396 Filii
1453 4332 1794 4417 11613666-

252 4435 520 4500 ratione.
553 4434 626 4500 16
655 4435 759 4500 1116
778 4435 950 4500 66116
979 4437 1404 4519 significatur,
1435 4442 1611 4523 quod
1648 4444 1792 4508 ani-

257 4559 361 4607 ma
378 4590 399 4623 ,
446 4544 553 4608 cui
601 4542 876 4626 Spiritus
916 4545 1122 4609 sancti
1164 4546 1441 4612 charitas
1489 4567 1793 4635 superve-

257 4649 440 4715 nien's
480 4650 691 4730 datur,
749 4650 890 4734 ipsa
942 4656 1161 4717 contra
1212 4657 1444 4719 aestum
1490 4657 1795 4725 vitiorum

259 4758 703 4838 obumbratur,
732 4778 773 4823 a
797 4762 988 4842 partu
1015 4758 1238 4826 salutis
1265 4766 1523 4831 aeternae
1548 4766 1792 4834 166666-

260 4867 471 4931 datur.

338 4972 496 5038 item
551 4972 1027 5040 mansionarius
1084 4975 1361 5061 Spiritus
1414 4986 1670 5049 sanctus
1727 4986 1796 5052 in

261 5080 743 5164 perseverantias
766 5081 1134 5162 duratione3
1161 5083 1284 5150 hoc
1306 5085 1704 5169 significatur
1726 5092 1796 5158 in

262 5188 509 5254 Christo
527 5237 547 5269 ,
576 5186 655 5254 de
681 5206 812 5271 (166
836 5190 860 5226 ‘¹
893 5210 909 5255 ε
950 5210 981 5252 (ι
1006 5189 1150 5255 vidi
1179 5189 1490 5276 Spiritum
1537 5198 1794 5265 descen-

326 5371 344 5404 ¹
369 5368 525 5433 Dan„
563 5379 688 5433 1111,
725 5373 773 5420 Β.
799 5396 863 5407 -
906 5370 930 5405 ¹
953 5369 1190 5436 Gregor„
1217 5372 1424 5436 uorat„
1463 5375 1552 5427 lib.
1592 5380 1796 5445 XXXV,

263 5452 312 5489 6.
339 5450 480 5501 xvn,
510 5453 566 5491 n.
594 5442 674 5490 33.
705 5464 766 5478 -—
791 5440 813 5476 ⁸
840 5440 1040 5505 nauh„
1072 5453 1133 5506 x,
1170 5447 1216 5494 1.
1246 5470 1308 5483 -
1340 5447 1362 5479 ⁸
1386 5448 1551 5512 loun„
1579 5461 1680 5514 xx,
1714 5455 1794 5503 22.

264 5534 326 5547 —
349 5511 372 5548 ⁸
396 5512 531 5574 Act„
559 5524 627 5574 11,
653 5513 699 5563 4.
726 5536 790 5550 —
822 5514 843 5545 ⁸
872 5512 1011 5576 Luc,
1045 5525 1086 5577 1,
1114 5517 1195 5569 35.
1223 5540 1287 5560 —·
1316 5517 1340 5556 ⁷
1362 5518 1525 5586 loun„
1555 5533 1594 5590 ι,
1628 5525 1707 5580 33,
1733 5550 1798 5563 -

3325 521 3443 588 297

1903 661 2156 726 dentem
2169 708 2192 741 ,
2232 660 2415 746 (16661
2452 659 2816 726 columbam
2848 657 2928 726 de
2962 659 3121 724 coelo
3141 705 3163 739 ‚
3202 659 3271 724 et
3304 675 3447 724 ma·

1905 773 2163 835 nentem
2191 788 2386 854 super
2412 785 2587 835 eum.
2616 788 2650 828 n
2682 766 2754 832 In
2801 765 3038 854 quibus
3070 766 3284 832 verbis
3320 765 3446 832 tria

1905 877 2354 959 ostenduntur,
2401 894 2549 961 (1661
2591 875 2872 940 maxime
2910 874 2990 939 ad
3030 892 3445 959 perseveran-

1908 984 2067 1050 tiam
2094 986 2160 1049 in
2190 986 2373 1051 bonis
2396 985 2699 1069 operibus
2722 983 3074 1050 necessaria
3095 986 3249 1049 sunt
3276 1006 3293 1046 z
3318 983 3444 1049 hu·

1903 1087 2140 1158 militas
2163 1141 2181 1172 ,
2254 1093 2494 1158 mititas
2521 1141 2543 1173 ,
2608 1093 2933 1159 stabilitas.
2987 1091 3324 1158 Humilitas
3374 1090 3445 1155 in

1907 1201 2317 1285 prosperitate
2333 1223 2351 1280 ;
2373 1200 2544 1266 unde
2571 1199 2723 1265 dicit
2737 1202 3055 1284 Spiritum
3067 1198 3445 1268 descenden-

1907 1313 2054 1388 tm,
2070 1326 2204 1373 non
2220 1308 2681 1374 ascendentem.
2698 1308 2928 1375 Mititas
2943 1308 3013 1373 in
3029 1307 3436 1387 adversitate;

1905 1415 2079 1481 unde
2100 1416 2297 1480 dicit:
2334 1416 2531 1490 Quasi
2557 1415 2907 1483 columbam
2926 1462 2946 1495 ,
2977 1416 3049 1480 in
3091 1434 3222 1499 qua
3260 1433 3439 1479 man-

1904 1523 2178 1589 suetudo
2205 1523 2626 1606 significatur.
2648 1522 2969 1588 Stabilitas
2989 1523 3059 1589 in
3076 1523 3406 1589 voluntate
3422 1544 3440 1602 ;

1901 1631 2074 1697 unde
2099 1631 2190 1697 ait
2219 1651 2235 1698 :
2267 1618 2351 1699 Et
2379 1636 2747 1700 manentem
2769 1646 2964 1714 super
2987 1646 3149 1698 eum.

2430 1811 2718 1883 SERMO
2761 1811 2913 1883 VH.

1983 1954 2348 2024 Paraclitus
2371 1960 2583 2024 autem
2608 1956 2907 2038 Spiritus
2932 1958 3227 2031 sanctus,
3258 1963 3443 2036 quem

1901 2062 2113 2129 mittet
2128 2062 2211 2145 (b)
2234 2063 2417 2130 Pater
2440 2065 2516 2130 in
2536 2063 2794 2131 nomine
2821 2077 2952 2129 meo
2967 2063 3014 2142 ⁸,
3037 2064 3157 2127 616.
3181 2059 3229 2125 Ο
3248 2077 3445 2144 quam

1902 2169 2188 2234 maxima
2212 2170 2465 2235 missio!
2516 2170 2791 2253 Magnus
2835 2173 2932 2235 est
2974 2169 3088 2252 (161
3136 2167 3434 2247 mittitur,

1903 2293 2187 2357 magnus
2226 2296 2268 2341 a
2301 2296 2429 2360 (166
2476 2279 2769 2358 mittitur,
2801 2295 3081 2360 magnus
3107 2277 3295 2359 cujus
3322 2293 3442 2341 no·

1904 2384 2080 2450 mine
2114 2385 2409 2453 mittitur.
2442 2386 2600 2452 Ecce
2626 2388 2907 2452 amicum
2933 2390 3123 2451 tuum
3147 2387 3406 2468 reputas
3422 2429 3441 2462 ,

1901 2492 2018 2576 qui
2043 2492 2160 2556 tibi
2199 2492 2526 2559 scutellam
2543 2542 2565 2574 ,
2617 2511 2734 2559 seu
2781 2510 2897 2561 vas
2937 2490 3250 2558 escarium
3273 2538 3292 2571 ‚
3340 2488 3448 2559 vel

1904 2599 2133 2665 vinum
2159 2600 2444 2667 suumin
2471 2601 2748 2684 quadam
2773 2618 3014 2683 magna
3033 2599 3212 2665 curia
3227 2598 3442 2664 mittit.

1903 2706 2192 2785 Quantus
2216 2725 2379 2790 ergo
2405 2707 2651 2773 amicus
2688 2707 2795 2772 ille
2815 2755 2834 2788 ,
2875 2706 2987 2789 qui
3020 2705 3174 2771 olim
3210 2705 3444 2770 Filium

1903 2833 2097 2880 suum
2112 2864 2130 2895 ,
2177 2818 2243 2881 61
2287 2832 2464 2880 6666
2515 2813 2829 2897 Spiritum
2873 2816 3166 2878 sanctum
3213 2810 3439 2876 mittit!

1903 2923 2174 2989 Mittitur
2203 2939 2362 3004 ergo
2388 2921 2662 3004 Spiritus
2688 2927 2942 2985 sanctus
2981 2921 3063 2985 ad
3104 2918 3442 2983 ostenden·

1902 3031 2054 3098 dam
2080 3029 2418 3096 veritatem
2435 3075 2452 3106 ,
2484 3028 2564 3092 ad
2589 3026 2987 3110 arguendam
3014 3025 3442 3108 iniquitatem,

1901 3140 1985 3204 ad
2033 3137 2495 3205 accendendam
2532 3135 2608 3220 (6)
2632 3135 3024 3201 voluntatem
3042 3180 3061 3212 ,
3089 3132 3170 3198 ad
3206 3132 3443 3198 facien-

1903 3246 2054 3312 dam
2104 3245 2528 3311 securitatem.

1985 3353 2075 3419 De
2109 3354 2351 3437 primo,
2392 3355 2544 3417 nota
2578 3349 2751 3435 quod
2797 3351 2876 3416 de
2918 3369 3093 3433 agno
3137 3354 3446 3435 tanquam

1904 3461 2109 3527 occiso
2135 3460 2365 3525 dicitur
2389 3464 2437 3540 ⁹,
2473 3459 2645 3542 quod
2680 3481 2714 3521 α
2737 3458 3011 3524 1161161161
3036 3458 3255 3525 666166
3298 3477 3443 3543 sep·

1904 3574 2037 3637 tem
2055 3617 2078 3650 ,
2108 3570 2397 3654 quisunt
2434 3570 2679 3651 septem
2723 3567 2984 3651 spiritus
3025 3567 3136 3633 Dei
3171 3567 3350 3633 missi
3378 3567 3446 3632 in

1904 3691 2167 3743 omnem
2207 3680 2469 3741 terram.
2490 3698 2524 3737 n
2561 3675 2610 3743 Ο
2647 3693 2843 3759 quam
2889 3693 3206 3759 magnum
3244 3685 3406 3742 esset
3421 3723 3440 3757 ‚

1904 3785 2021 3868 qui
2049 3783 2235 3849 nobis
2256 3782 2326 3846 in
2351 3782 2617 3865 signum
2656 3781 3012 3848 dilectionis
3054 3801 3261 3848 unum
3290 3802 3443 3848 ocu-

1902 3892 2044 3957 lum
2081 3892 2389 3955 mitteret!
2444 3892 2522 3955 Et
2566 3906 2710 3955 6666
2749 3893 2965 3955 noster
3003 3906 3222 3971 agnus
3260 3889 3446 3955 nobis

1904 4003 2146 4084 septem
2173 3999 2389 4065 oculos
2407 4045 2425 4078 ,
2458 3998 2525 4064 id
2549 4001 2647 4063 est
2689 4000 2932 4080 septem
2968 3996 3138 4062 dona
3174 3994 3447 4081 Spiritus

1904 4107 2106 4172 sancti
2133 4107 2356 4186 mittit,
2385 4106 2624 4189 (1611166
2649 4105 2869 4171 videre
2896 4122 3244 4188 possumus
3275 4106 3446 4172 veri-

1904 4216 2101 4279 tatem
2117 4260 2142 4293 ,
2172 4216 2237 4278 et
2265 4212 2482 4278 omnia
2506 4211 2586 4276 ad
2610 4211 2882 4277 salutem
2905 4211 3283 4277 necessaria.
3313 4212 3445 4277 Un-

1905 4319 1984 4384 de
2023 4319 2253 4385 dicitur
2301 4318 2447 4383 hice
2480 4317 2843 4386 Paraclitus
2902 4324 3119 4386 autem
3155 4318 3447 4402 Spiritus

1905 4433 2208 4508 sanctus,
2249 4431 2395 4508 616,
2434 4423 2540 4492 illc
2597 4441 2710 4494 vos
2761 4425 3004 4495 docebit
3063 4429 3284 4495 omnia
3331 4427 3443 4510 (d).

1906 4535 2083 4600 Dona
2107 4533 2381 4618 Spiritus
2407 4533 2609 4598 sancti
2635 4534 2800 4599 oculi
2829 4533 3018 4599 nobis
3046 4536 3303 4600 suntad
3336 4553 3444 4600 co-

1905 4641 2344 4724 gnoscendum
2361 4689 2385 4721 ,
2427 4659 2669 4707 cornua
2692 4659 2849 4708 vero
2876 4643 2958 4707 ad
2982 4642 3447 4708 defendendum

1904 4749 2211 4814 animam.
2265 4749 2313 4815 Ο
2362 4747 2629 4813 Domine
2658 4796 2679 4829 ,
2736 4748 2916 4813 mitte
2968 4750 3155 4814 nobis
3204 4753 3449 4834 septem

1905 4857 2126 4924 oculos
2150 4857 2304 4921 istos
2336 4856 2514 4938 Agni
2552 4860 2773 4923 contra
2797 4863 3042 4941 septem
3067 4857 3283 4923 666166
3309 4858 3449 4923 dia-

1913 4968 2067 5048 boli,
2097 4966 2177 5032 de
2205 4966 2443 5050 (1611166
2471 4967 2708 5032 dicitur
2724 4969 2771 5006 ¹⁰
2796 4988 2860 5031 :e
2879 4967 3072 5034 Datus
3096 4967 3449 5052 insipientis

1907 5094 2040 5141 666
2064 5074 2188 5140 erit
2210 5074 2388 5140 utilis
2411 5074 2554 5154 tibi,
2584 5074 2750 5140 oculi
2777 5076 2955 5140 enim
2980 5075 3153 5141 illius
3180 5078 3449 5159 septem·

1903 5182 2100 5267 plices
2135 5184 2306 5247 sunt.
2348 5179 2610 5263 Exigua
2636 5181 2849 5262 dabit,
2880 5185 2946 5247 et
2972 5182 3175 5247 multa
3209 5183 3447 5267 impro-

1905 5298 2122 5363 ⁸Joan.,
2151 5308 2261 5362 xiv,
2292 5299 2373 5348 26.
2413 5322 2468 5335 -·
2510 5297 2533 5333 ⁹
2573 5296 2749 5362 apoc„
2789 5309 2840 5361 r,
2882 5300 2931 5349 6.
2958 5325 3021 5338 -—
3063 5301 3099 5332 ¹⁰
3134 5299 3314 5363 flecti„
3352 5313 3446 5366 xx,

1910 5373 2038 5514 “tciri
2062 5449 2184 5500 Cot.
2203 5448 2330 5500 edit.
2345 5447 2452 5501 ubi.
2476 5474 2540 5488 —
2561 5448 2629 5512 (ὁ)
2649 5448 2774 5499 Item
2793 5449 2977 5502 mittit.
3000 5477 3060 5491 —
3089 5451 3154 5518 (c)
3180 5454 3445 5506 attenden-

1908 5521 2120 5573 dam.—
2143 5521 2216 5588 (d)
2244 5522 2368 5574 caet.
2398 5520 2523 5573 edit.
2548 5533 2656 5572 nou
2683 5520 2801 5573 add.
2833 5521 2924 5573 itte
2947 5524 3240 5581 voedocebit
3260 5527 3444 5580 omnia.
