4059 6317
676 508 796 570 554

673 639 932 714 stultitia,
948 642 1115 716 quod
1126 644 1250 700 tam
1266 641 1400 702 laeta
1413 641 1564 702 facie
1582 641 1966 717 genuflectitis
1977 647 2211 703 terreno

670 737 819 811 regi,
849 752 885 795 a
907 753 1029 811 quo
1055 736 1207 796 nihil
1231 738 1467 813 penitus
1492 737 1753 809 habetis,
1781 737 1905 796 sive
1939 737 2212 814 posside-

672 833 765 906 tis,
795 834 854 891 et
878 832 1050 892 illum
1077 833 1560 894 verecundamini
1588 834 1860 907 adorare,
1891 850 1928 892 a
1954 851 2077 909 quo
2104 835 2214 893 ha-

671 926 823 985 betis
863 942 1041 986 omne
1082 928 1247 1003 quod
1285 929 1440 1000 estis,
1464 944 1641 987 omne
1679 927 1845 1002 quod
1885 928 2062 1001 scitiS,
2094 931 2152 985 et
2177 944 2214 986 a

672 1036 795 1095 quo
823 1037 918 1079 res
946 1038 1153 1080 omnes
1191 1022 1522 1097 possidetis.
1552 1023 1667 1082 Sed
1698 1038 1810 1096 ego
1839 1038 1950 1097 pro
1987 1021 2212 1080 Christo

672 1130 877 1173 secure
904 1115 1175 1189 spondeo
1193 1115 1385 1189 vobis,
1407 1116 1573 1192 quod
1597 1116 1746 1175 sicut
1760 1131 1866 1175 vos
1890 1132 2027 1174 eum
2054 1131 2214 1174 nunc

673 1208 1032 1281 erubescitis,
1063 1213 1121 1267 et
1158 1210 1408 1267 adorare
1447 1209 1838 1282 contemnitis„
1863 1209 1947 1267 sic
1988 1210 2115 1283 ipse
2150 1208 2213 1267 in

673 1306 864 1360 morte
892 1307 1104 1374 vestra,
1138 1320 1276 1361 cum
1316 1306 1450 1361 ante
1495 1303 1692 1378 ipsum
1729 1302 2031 1373 veneritiS,
2061 1303 2216 1362 dicet

673 1396 845 1455 vobis
867 1399 885 1433 ¹
920 1413 936 1452 ε
965 1398 1158 1456 Nescio
1174 1413 1284 1454 vos.
1316 1418 1343 1450 u
1362 1397 1492 1469 Qui,
1520 1397 1767 1473 inquit⁸,
1792 1413 1888 1455 me
1916 1397 2217 1457 erubuerit

674 1493 732 1549 et
756 1506 1058 1549 sermones
1075 1506 1240 1549 meos
1259 1507 1460 1549 coram
1484 1490 1849 1565 hominibus,
1872 1496 1932 1550 et
1950 1507 2065 1565 ego
2084 1506 2213 1549 eru-

673 1586 916 1644 bescam
945 1601 1082 1643 eum
1111 1601 1313 1643 coram
1342 1587 1505 1643 Patre
1535 1601 1692 1645 meo.
1712 1607 1740 1641 n

744 1678 1042 1751 Secundo,
1072 1679 1271 1737 venire
1298 1678 1586 1738 debemus
1608 1680 1687 1737 ad
1711 1678 1897 1738 divini
1922 1679 2054 1754 jugi
2077 1696 2217 1755 sup-

671 1774 1067 1850 portationem
1083 1816 1102 1845 ,
1142 1773 1367 1832 Christo
1420 1772 1780 1832 obediendo.
1836 1777 1958 1833 Hoc
2003 1774 2216 1848 ,iugum

671 1868 803 1927 leve
827 1870 1270 1943 assumpserunt
1295 1868 1481 1943 sancti
1510 1867 1784 1941 apostoli,
1813 1867 2081 1942 quando,
2111 1883 2217 1927 vo-

674 1965 842 2022 cante
871 1961 1143 2032 Domino,
1159 1966 1294 2020 sunt
1321 1976 1459 2020 eum
1486 1960 1686 2019 secuti.
1708 1960 2031 2020 Audierant
2056 1962 2216 2020 enim

673 2057 869 2132 ipsum
894 2056 1189 2114 dicentem
1206 2057 1230 2093 ⁸
1254 2073 1269 2113 ε
1305 2073 1335 2109 α
1354 2054 1558 2114 Tollite
1572 2055 1785 2128 ¹iugum
1808 2071 2012 2113 meum
2039 2071 2217 2129 super

661 2154 804 2207 vos.
858 2152 1077 2223 iugum
1130 2147 1291 2206 enim
1325 2163 1528 2206 meum
1575 2163 1756 2207 suave
1806 2151 1913 2220 est,
1955 2152 2013 2207 et
2064 2165 2217 2209 onus

674 2260 877 2302 meum
903 2242 1054 2301 leve.
1079 2262 1108 2297 n
1141 2241 1231 2301 Ad
1259 2242 1375 2300 hoc
1401 2240 1579 2315 igitur
1595 2241 1812 2315 jugum
1832 2241 1911 2300 ab
1939 2243 2219 2301 omnibus

673 2335 1098 2397 assumendum
1126 2336 1334 2394 invitat
1360 2335 1641 2395 Dominus
1660 2338 1683 2372 ¹⁶
1706 2354 1722 2391 ε
1754 2357 1782 2389 «
1799 2336 1998 2395 Venite
2020 2337 2103 2395 ad
2119 2354 2216 2396 me

654 2446 904 2502 «omnes,
944 2431 1047 2504 qui
1093 2429 1399 2502 laboratis,
1438 2432 1496 2488 et
1541 2428 1768 2488 onerati
1803 2430 1960 2503 estis,
2000 2433 2060 2489 et
2105 2447 2218 2504 ego

673 2522 938 2582 reficiam
963 2539 1095 2593 vos,
1128 2546 1155 2575 n
1188 2521 1503 2580 dulcedine
1522 2522 1741 2581 scilicet
1759 2522 2068 2599 spirituali.
2090 2528 2219 2583 Non

676 2618 925 2677 credunt
951 2617 1138 2679 modo
1167 2616 1360 2675 miseri
1388 2620 1729 2691 peccatores
1752 2617 2052 2689 laborare,
2082 2634 2219 2676 cum

675 2715 874 2771 tamen
901 2713 1098 2770 omnis
1126 2727 1334 2770 eorum
1361 2711 1484 2769 vita
1515 2710 1589 2769 sit
1613 2711 1981 2771 amarissima
2007 2728 2186 2786 poena
2201 2756 2219 2785 ,

677 2808 735 2864 et
760 2821 923 2876 cura,
952 2805 1076 2863 sive
1103 2804 1305 2877 febris,
1335 2809 1444 2863 etc.
1474 2804 1615 2876 Quis
1639 2821 1763 2863 non
1787 2806 2001 2879 videat,
2027 2822 2219 2882 quan-

672 2900 801 2957 tum
826 2900 1104 2958 laborant
1129 2899 1457 2958 luxuriosi?
1487 2904 1776 2974 quantum
1797 2900 2005 2958 avari?
2033 2917 2222 2976 quan-

672 2997 804 3052 tum
832 2994 1119 3068 superbi?
1137 2995 1428 3068 quantum
1454 2992 1678 3067 invidi,
1700 2993 1811 3051 nisi
1839 2995 1954 3052 sint
1986 2994 2221 3070 penitus

675 3087 855 3146 caeci?
899 3090 1028 3145 Non
1066 3087 1240 3144 sentit
1285 3086 1661 3161 phreneticus
1712 3087 2093 3146 durissimam
2133 3089 2220 3148 fe-

675 3182 844 3239 brem
872 3196 1056 3255 quam
1083 3180 1293 3239 tolerat
1327 3181 1384 3245 ⁸3
1433 3180 1558 3238 imo
1604 3182 1817 3255 saepius
1852 3181 1968 3240 alte
2008 3188 2219 3257 cantat,

495 3292 650 3334 Exem—
675 3274 957 3348 ignorans
982 3273 1148 3349 quod
1183 3290 1346 3333 mors
1370 3274 1482 3332 sibi
1510 3274 1701 3332 instat.
1733 3278 1860 3333 Non
1896 3276 2070 3335 sentit
2095 3277 2221 3353 epi-

435 3354 576 3410 plum.

673 3368 925 3443 lepticus
942 3369 986 3440 ⁶,
1017 3367 1164 3425 dum
1195 3367 1354 3425 cadit
1388 3368 1450 3424 in
1489 3367 1731 3441 ignem3
1759 3372 1818 3426 et
1851 3372 2051 3427 tamen
2081 3386 2219 3443 gra-

674 3462 911 3520 vissima
956 3465 1044 3520 est
1083 3461 1188 3519 illa
1232 3461 1570 3534 infirmitaS,
1612 3478 1745 3537 quoe
1796 3463 1858 3519 in
1908 3477 2086 3521 carne
2136 3464 2221 3521 sic

675 3556 941 3615 animam
982 3555 1217 3628 alienat,
1243 3558 1310 3614 ut
1345 3556 1500 3629 ignis
1543 3557 1787 3616 ardores
1822 3573 1946 3616 non
1988 3560 2217 3618 sentiat.

675 3650 1010 3710 Gravissimi
1062 3666 1206 3723 ergo
1254 3649 1475 3708 infirmi
1518 3654 1653 3708 sunt
1693 3655 2053 3725 peccatores,
2091 3653 2218 3729 qui,

676 3760 814 3803 cum
841 3744 904 3802 in
930 3744 1139 3802 labore
1169 3745 1240 3819 (a)
1281 3745 1505 3816 vivant,
1532 3746 1614 3804 sic
1658 3746 1933 3804 abstracti
1972 3751 2125 3820 sunt,
2156 3752 2222 3806 ut

677 3859 779 3902 eos
821 3858 946 3902 non
990 3843 1260 3902 sentiant.
1298 3842 1411 3900 Sed
1452 3844 1648 3902 veniet
1683 3844 1812 3902 dies
1853 3844 1981 3917 illa,
2010 3846 2221 3905 ultima

677 3953 855 4013 poena
875 3936 1091 4008 veniet,
1123 3954 1281 4012 quae,
1310 3938 1493 3995 velint
1516 3938 1729 4011 nolint,
1763 3940 1987 4014 aperiet
2013 3940 2222 4000 oculos

677 4032 862 4090 modo
892 4029 1147 4103 clausos,
1177 4036 1233 4089 et
1272 4032 1549 4091 excitabit
1582 4049 1788 4091 sensus
1831 4035 2015 4092 modo
2057 4051 2220 4094 mor·-

676 4130 830 4198 tuos,
861 4126 984 4184 sive
1010 4126 1388 4201 paralyticos
1421 4127 1753 4187 membrum
1788 4130 1947 4188 enim
1980 4132 2221 4208 paraly-

677 4218 858 4276 ticum
888 4219 1075 4277 modo
1102 4234 1238 4276 non·
1266 4219 1458 4291 sentit,
1487 4237 1623 4278 cum
1661 4236 1867 4279 sensus
1905 4223 1984 4280 ad
2023 4224 2221 4298 ipsum

678 4311 923 4370 transire
977 4327 1101 4371 non
1151 4312 1367 4387 possit;
1424 4314 1530 4372 sed
1584 4330 1720 4372 cum
1767 4314 2075 4375 infernalis
2122 4318 2223 4377 illa

677 4421 859 4480 poena
888 4405 1048 4464 viam
1076 4406 1356 4479 servabit,
1381 4406 1522 4464 velit
1547 4407 1720 4479 nolit,
1747 4412 1886 4466 tunc
1914 4425 2117 4468 sensus
2144 4412 2223 4470 ad

678 4499 1018 4558 membrum
1040 4498 1276 4570 redibit,
1302 4504 1361 4558 et
1379 4504 1516 4557 tunc
1534 4500 1691 4558 male
1710 4501 1922 4560 vixisse
1941 4502 2220 4576 plorabit.

637 4613 644 4619 ·
679 4593 843 4650 Unde
872 4591 1138 4651 damnati
1165 4592 1379 4651 dicturi
1403 4598 1537 4652 sunt
1557 4594 1712 4652 illud
1736 4596 1759 4633 '¹
1789 4613 1805 4651 z
1845 4597 2105 4655 «Lassati
2132 4615 2225 4656 su-

679 4702 814 4744 mus
840 4685 903 4744 in
929 4687 1028 4744 via
1053 4686 1376 4761 iniquitatis
1401 4690 1458 4745 et
1482 4687 1849 4762 perditioniS,
1871 4693 1928 4748 et
1953 4691 2225 4750 ambula-

678 4781 875 4840 vimus
900 4797 1007 4856 per
1047 4781 1177 4839 vias
1218 4780 1508 4839 difficiles
1541 4781 1706 4840 Viam
1750 4788 1946 4842 autem
1992 4785 2225 4844 Domini

679 4875 1107 4950 ignoravimus,
1125 4894 1153 4931 n
1206 4874 1273 4932 id
1314 4877 1419 4946 est,
1465 4876 1612 4934 scire
1651 4876 1974 4949 noluimus,
2010 4877 2127 4948 vel,
2175 4877 2226 4936 si

680 4970 981 5041 scivimus,
1002 4967 1077 5027 de
1099 4984 1171 5027 ea
1187 4983 1312 5026 non
1331 4968 1688 5028 curavimus.
1708 4974 1884 5044 Ergo,
1906 4974 2039 5029 ante
2057 4970 2223 5031 illam

748 5168 761 5195 ⁸
787 5164 991 5231 matth„
1021 5177 1144 5230 xxv,
1174 5167 1251 5216 12.
1276 5190 1338 5203 —·
1365 5165 1387 5200 ²
1417 5165 1550 5222 Luc„
1581 5177 1657 5229 rx,
1684 5168 1765 5216 26.
1785 5190 1843 5203 -
1871 5165 2120 5230 ⁸Hatth„
2151 5179 2225 5233 x1‚

685 5241 764 5301 20,
788 5239 869 5289 39.
890 5265 946 5276 -
971 5238 996 5275 ι
1026 5237 1173 5299 thid„
1197 5240 1275 5289 29.
1304 5264 1367 5276 —
1384 5240 1403 5270 ⁸
1428 5236 1599 5299 Arias,
1622 5238 1677 5289 tn
1700 5236 1970 5297 rmum,
1998 5242 2124 5290 sect.
2148 5251 2222 5304 ιι,

684 5323 737 5372 q.
778 5320 921 5374 1111,
950 5309 982 5374 ς
1009 5312 1057 5359 7.
1085 5335 1148 5346 -
1186 5310 1208 5345 ⁸
1240 5309 1547 5374 Epilepticus
1583 5311 1662 5359 est
1695 5308 1939 5374 epilepsia
1963 5309 2224 5362 laborans.

685 5381 782 5433 Hic
825 5382 1034 5433 morbus
1076 5382 1258 5434 dicitur
1308 5382 1462 5433 etiam
1501 5380 1798 5445 comitialis,
1840 5382 2022 5433 dicitur
2059 5396 2223 5449 sacer,

687 5451 875 5518 maior,
913 5453 977 5504 ab
1031 5454 1297 5507 Aristotele
1340 5452 1649 5517 Herculeus,
1697 5453 1787 5505 sed
1835 5468 1866 5505 a
1914 5453 2126 5506 Platone
2174 5458 2226 5506 et

1513 504 1934 573 SERMONES
1978 506 2079 572 DE
2121 507 2471 576 SANCTIS.
2517 511 2782 578 SERMO
2822 509 3032 578 XXVI.

2321 646 2693 706 tremendam
2726 647 2937 707 horam
2950 690 2971 720 ,
3004 662 3380 708 assumamus
3414 664 3553 709 cum
3580 652 3860 725 Apostoh

2315 740 2527 814 iugum
2558 741 2788 800 Domini
2813 757 3017 813 suave,
3048 758 3202 800 onus
3225 744 3380 817 leve,
3401 744 3573 820 quod
3600 761 3725 804 non
3741 762 3859 819 gra-

2322 838 2443 907 vat,
2460 835 2566 893 sed
2592 835 2828 895 alleviat
2838 856 2855 909 ;
2885 851 3011 895 non
3032 836 3326 912 deprimit,
3355 838 3466 897 sed
3491 838 3719 911 reficit3
3749 857 3859 899 non

2324 930 2405 987 ad
2439 928 2737 988 infernum
2781 930 3013 1003 mergit,
3038 929 3145 989 sed
3188 930 3251 988 in
3286 931 3589 989 coelestem
3618 934 3858 1009 patriam

2322 1038 2557 1081 sursum
2622 1022 2803 1081 vehit.
2859 1023 3097 1081 Videtur
3157 1024 3345 1082 stultis
3365 1067 3385 1097 ,
3443 1026 3617 1100 quod
3664 1042 3858 1101 pennas
3912 1016 3921 1029 '

2323 1114 2521 1175 multas
2558 1117 2675 1175 sint
2717 1117 2780 1173 in
2820 1132 3140 1189 gravamen
3180 1118 3393 1176 avibus
3443 1138 3460 1177 ε
3496 1135 3641 1178 cum
3678 1123 3858 1179 tamen

2322 1210 2438 1268 sint
2458 1209 2520 1267 in
2547 1210 2872 1269 maximum
2894 1211 3123 1270 volatus
3147 1212 3459 1284 auxilium,
3479 1214 3613 1272 sine
3631 1215 3855 1289 quibus,

2323 1319 2434 1362 nec
2458 1320 2496 1362 a
2519 1307 2676 1363 terra
2712 1321 2953 1378 surgere
2979 1310 3251 1381 possunt,
3277 1323 3390 1366 nec
3418 1308 3483 1366 in
3516 1324 3665 1367 aera
3699 1326 3759 1367 se
3785 1314 3856 1367 at-

2322 1397 2551 1456 tollere.
2594 1402 2660 1457 Et
2694 1402 2780 1456 est
2818 1399 3102 1473 notabile,
3134 1401 3325 1476 quod,
3353 1406 3587 1478 quanto
3625 1403 3761 1477 plus
3796 1402 3857 1461 de
3916 1412 4010 1452 Em

2323 1502 2657 1561 pennarum
2701 1503 2881 1546 onere
2918 1488 3158 1562 habent,
3203 1493 3367 1548 tanto
3408 1490 3621 1549 volare
3667 1491 3857 1549 melius
3876 1473 3968 1529 ⁹¹⁸²

2324 1579 2565 1651 habent,
2596 1580 2720 1639 sive
2754 1580 2972 1639 valent.
3006 1581 3097 1640 Sic
3138 1586 3227 1640 est
3261 1583 3338 1641 de
3383 1599 3577 1643 onere
3624 1585 3855 1657 Domini,

2325 1673 2489 1748 quia,
2519 1674 2622 1749 qui
2647 1675 2783 1749 plus
2815 1674 2891 1734 de
2926 1691 3002 1735 eo
3030 1676 3236 1751 arripit
3260 1676 3343 1735 ad
3366 1677 3763 1752 portandum,
3788 1678 3858 1737 ta·

2326 1768 2592 1827 ciliorem
2620 1785 2682 1827 se
2708 1768 2924 1828 reddit.

2394 1862 2609 1936 Terti0,
2638 1862 2837 1922 venire
2859 1862 3150 1923 debemus
3171 1865 3253 1923 ad
3272 1866 3580 1925 malorum
3606 1867 3856 1926 omnium

2324 1957 2720 2028 tolerantiam,
2736 1956 3027 2016 Christum
3050 1960 3375 2033 sequendo.
3409 1959 3693 2019 «Christo
3722 1962 3859 2019 enim

2324 2051 2389 2109 in
2418 2067 2593 2110 carne
2618 2068 2818 2127 passo,
2837 2072 2868 2108 n
2891 2052 3041 2111 sicut
3062 2052 3202 2110 dicit
3217 2053 3539 2128 Apostolus
3558 2055 3605 2125 ⁸,
3645 2076 3677 2109 α
3695 2059 3753 2113 et
3770 2071 3860 2113 vos

2326 2144 2540 2204 eadem
2580 2146 2934 2220 cogitatione
2976 2148 3359 2207 armamini.»
3391 2149 3561 2208 Unde
3588 2151 3657 2208 hi
3694 2150 3861 2209 sancti

2325 2240 2591 2315 Apostoli
2618 2240 2889 2313 libenter,
2907 2242 3030 2300 sive
3051 2242 3357 2317 patienter,
3379 2244 3587 2301 omnia
3616 2244 3861 2319 pericula

2324 2339 2727 2409 portaverunt,
2771 2334 2854 2393 ita
2893 2335 3062 2411 quod
3099 2352 3210 2393 nec
3254 2335 3408 2395 mori
3454 2353 3571 2410 pro
3626 2339 3857 2398 Domino

2327 2427 2664 2502 timuerunt,
2694 2430 2845 2488 sicut
2871 2446 2947 2487 ex
2975 2445 3183 2488 eorum
3205 2433 3367 2503 patet
3390 2431 3695 2504 Legenda.
3722 2433 3861 2491 Scie-

2327 2521 2474 2580 bant
2502 2523 2662 2581 enim
2696 2523 3010 2582 Dominum
3055 2524 3364 2582 docuisse·
3392 2541 3407 2582 :
3437 2526 3549 2584 «si
3590 2526 3729 2602 quis
3753 2525 3860 2584 vult

2329 2617 2529 2675 venire
2569 2621 2706 2692 post
2740 2634 2859 2689 me,
2897 2617 3152 2691 abneget
3178 2616 3582 2692 semetipsum,
3615 2624 3674 2677 et
3710 2618 3862 2677 tollat

2329 2726 2565 2768 crucem
2590 2726 2780 2784 suam,
2806 2714 2864 2769 et
2901 2716 3182 2786 sequatur
3208 2728 3326 2770 me.
3345 2734 3374 2769 π
3420 2712 3522 2772 llle
3551 2713 3711 2771 enim
3736 2730 3860 2771 vere

2329 2802 2590 2878 abnegat
2631 2804 3034 2879 semetipsum,
3083 2806 3187 2880 qui
3240 2822 3304 2864 se
3352 2806 3417 2864 in
3462 2811 3721 2865 mortem
3762 2822 3859 2880 pro

2330 2898 2554 2956 Christo
2601 2898 2833 2956 tradere
2878 2913 3003 2956 non
3041 2897 3343 2971 formidat,
3373 2904 3430 2960 et
3469 2900 3677 2959 omnia
3715 2900 3859 2958 mala

2327 2993 2537 3051 mundi
2583 3009 2691 3068 pro
2739 2993 2867 3066 ejus
2907 3010 3111 3053 amore
3145 2994 3432 3068 patienter
3466 2994 3699 3054 tolerat.
3732 2999 3860 3057 sunt

2331 3087 2491 3145 enim
2518 3088 2661 3160 justi
2703 3087 2927 3146 similes
2964 3087 3128 3161 ligno
3170 3087 3415 3160 sethim,
3445 3088 3617 3162 quod
3649 3090 3714 3147 in
3736 3090 3859 3164 igne

2329 3182 2378 3239 si
2423 3186 2699 3255 ponatur,
2737 3181 2907 3240 nullo
2950 3180 3228 3240 incendio
3271 3183 3658 3241 consumitur.
3702 3184 3859 3242 Pellis

2328 3275 2719 3334 salamandrae
2734 3318 2752 3348 ,
2801 3279 3351 3351 quantumcumque
3404 3280 3665 3349 vetusta,
3714 3278 3763 3335 si
3803 3277 3859 3336 in

2328 3369 2463 3442 igne
2503 3367 2677 3428 suerit
2711 3369 2925 3444 posita,
2956 3385 3081 3428 non
3110 3371 3305 3428 solum
3332 3385 3458 3428 non
3485 3371 3857 3444 comburitur,

2327 3462 2513 3520 sedin
2530 3463 2743 3521 melius
2761 3467 3081 3522 renovatur
3093 3462 3157 3521 ¹⁹.
3171 3463 3446 3536 Adamas,
3463 3467 3529 3522 ut
3542 3465 3788 3524 refertur
3801 3468 3855 3538 ¹¹,

2326 3561 2498 3615 tantae
2539 3556 2897 3616 fortitudinis
2940 3562 3065 3630 est,
3111 3561 3177 3617 ut
3214 3574 3339 3617 non
3384 3558 3585 3616 solum
3635 3559 3698 3616 in
3736 3559 3858 3633 igne

2328 3667 2451 3710 non
2480 3651 2706 3725 ardeat,
2736 3652 2841 3710 sed
2877 3668 2988 3711 nec
3016 3652 3220 3727 aliquo
3248 3652 3434 3711 modo
3476 3652 3730 3712 calefiat.
3755 3652 3857 3711 Viri

2328 3761 2470 3819 ergo
2494 3746 2634 3820 justi
2674 3745 2754 3804 ad
2797 3745 3048 3805 modum
3094 3745 3224 3804 auri
3265 3750 3514 3820 possunt
3560 3746 3856 3822 liquefieri,

2327 3838 2432 3897 sed
2463 3855 2587 3898 non
2613 3841 2677 3897 in
2701 3839 2969 3914 pondere
2990 3839 3127 3898 etin
3144 3839 3349 3897 valore
3378 3839 3592 3909 minui,
3617 3856 3726 3899 nec
3747 3857 3859 3899 cor·

2325 3935 2559 4010 rumpi3
2604 3934 2726 3993 imo
2777 3950 2989 3993 aurum
3047 3934 3114 3993 fit
3150 3934 3456 4011 pulchrius
3500 3939 3561 3993 et
3611 3935 3858 4010 splendi-

2328 4030 2484 4101 dius,
2514 4030 2660 4087 dum
2688 4029 2765 4087 ab
2793 4029 2932 4102 igne
2960 4028 3382 4088 inflammatur.
3412 4031 3562 4088 Vere
3598 4029 3861 4104 patientia

2327 4123 2534 4182 similis
2562 4128 2646 4181 est
2674 4122 2913 4180 cuidam
2942 4138 3210 4195 gemmae,
3231 4139 3267 4180 a
3285 4137 3411 4198 qua
3435 4123 3487 4180 si
3507 4123 3687 4181 vestis
3710 4126 3864 4182 com

2326 4217 2498 4277 fuerit
2536 4221 2600 4275 in
2636 4216 2773 4291 igne
2813 4216 3025 4291 posita,
3057 4232 3180 4275 non
3214 4216 3450 4275 ardebit
3487 4235 3504 4274 ε
3546 4216 3861 4292 quia,nihil

2329 4317 2433 4385 est,
2473 4309 2641 4386 quod
2675 4326 2890 4369 nocere
2928 4310 3116 4387 possit
3145 4310 3376 4368 homini
3412 4311 3659 4385 patienti
3691 4330 3706 4368 :
3735 4311 3864 4387 quia

2328 4406 2409 4465 ad
2434 4404 2685 4464 modum
2724 4404 2978 4477 incudis,
3017 4408 3240 4480 quanto
3271 4403 3484 4463 fortius
3508 4405 3741 4465 malleis
3778 4405 3863 4463 in·

2328 4499 2614 4572 tunditur,
2658 4502 2821 4558 tanto
2866 4498 3124 4573 amplius
3165 4496 3536 4557 insolidatur.
3584 4500 3701 4558 Sed
3744 4499 3866 4575 quis

2327 4592 2509 4653 hodie
2560 4593 2727 4652 talis?
2768 4592 2955 4651 Hodie
3003 4608 3211 4650 sumus
3250 4591 3470 4650 similes
3517 4592 3697 4665 foliis,
3744 4610 3866 4669 qum

2330 4703 2713 4764 quocumque
2759 4689 2938 4744 vento
2986 4685 3304 4759 agitantur,
3346 4686 3676 4746 secundum
3719 4686 3867 4745 illius

2330 4783 2653 4859 impulsum
2693 4784 3009 4841 moventur
3055 4799 3070 4838 ε
3121 4796 3245 4840 non
3288 4786 3396 4853 est,
3450 4782 3557 4857 qui
3598 4783 3867 4840 sustineat

2328 4874 2501 4949 facta,
2529 4891 2653 4935 non
2674 4875 2881 4948 verba,
2909 4875 3032 4933 imo
3071 4891 3185 4934 uec
3227 4875 3399 4950 signa
3430 4894 3445 4932 ε
3473 4874 3580 4933 sed
3624 4880 3762 4935 sunt
3795 4874 3869 4933 ad

2333 5066 2545 5133 Apuleio
2586 5066 2807 5118 divinus.
2842 5094 2895 5104 —
2927 5067 2950 5103 '¹
2988 5068 3131 5133 Sap„
3159 5079 3211 5131 v,
3248 5069 3297 5119 Ἰ.
3325 5092 3385 5105 -
3424 5066 3446 5102 ⁸
3475 5068 3493 5117 Ι
3533 5067 3693 5132 Petra,
3724 5078 3795 5129 tv,
3826 5069 3867 5116 t.

2332 5141 2433 5180 -θ
2454 5138 2659 5203 nauh„
2686 5151 2792 5204 xvi,
2822 5142 2899 5191 ἐξ.
2922 5167 2978 5178 --
3011 5141 3048 5172 ¹·
3067 5141 3243 5204 Arist„
3266 5140 3397 5191 [list.
3421 5139 3667 5198 Animal..
3688 5138 3777 5190 lib.
3807 5138 3868 5195 V,

2329 5226 2377 5263 c.
2403 5223 2509 5272 xix,
2532 5225 2646 5275 par.
2667 5214 2716 5261 5.
2731 5238 2795 5251 -
2816 5211 2853 5247 ¹¹
2877 5211 3028 5276 Ptin„
3050 5211 3140 5263 lib.
3165 5213 3226 5272 X,
3249 5226 3294 5262 c.
3315 5223 3460 5264 nvn
3479 5226 3497 5273 ς
3514 5211 3603 5264 lib.
3624 5211 3867 5269 xxxvtl,

2333 5299 2378 5334 c.
2406 5294 2476 5335 w.
2510 5282 2849 5348 Augustinus,
2874 5281 2936 5333 de
2963 5282 3120 5334 civit.
3152 5282 3265 5339 Dei,
3295 5281 3384 5333 lib.
3412 5283 3555 5346 xxi,
3578 5297 3625 5332 c.
3661 5294 3730 5346 tv,
3758 5295 3816 5332 u.
3842 5286 3864 5331 t

2332 5358 2386 5406 et
2409 5356 2460 5417 4,
2486 5354 2553 5406 de
2578 5355 2901 5406 salamandra
2925 5357 2979 5406 et
3002 5355 3069 5406 de
3097 5354 3371 5408 adamante
3396 5354 3538 5409 idem
3560 5354 3729 5405 refert.

2398 5452 2468 5518 (a)
2496 5455 2610 5518 Lep.
2641 5452 2920 5509 laboribus.
