4059 6317
626 406 749 469 236

629 557 700 605 es
718 558 845 606 me.
874 564 906 603 n
940 541 1287 626 Adiuvisti
1303 561 1400 614 me
1426 548 1649 613 contra
1665 546 1912 613 malum
1935 545 2166 630 culpae,

628 655 692 717 et
727 649 1086 719 consolatus
1124 666 1192 718 es
1236 668 1335 719 me
1376 656 1597 718 contra
1639 653 1880 718 malum
1931 669 2167 735 poenae.

630 756 808 825 Unde
836 757 906 822 in
936 759 1198 842 templo,
1229 760 1342 824 ubi
1368 759 1629 842 signum
1656 760 1860 826 crucis
1882 765 2167 844 apparet,

631 864 850 930 unctio
875 864 1000 930 olei
1028 866 1277 949 subest,
1307 868 1461 951 quia
1485 867 1556 932 in
1600 869 1785 933 nobis
1807 869 1993 933 debet
2034 887 2173 934 esse

630 972 1001 1058 triumphus
1028 975 1326 1055 exterior,
1356 979 1419 1040 et
1452 976 1670 1043 unctio
1696 977 1981 1043 interior.
2017 977 2172 1044 Ber-

630 1079 875 1146 nardus
901 1087 919 1124 ¹
954 1103 969 1144 :
1006 1104 1039 1143 α
1081 1080 1264 1147 Multi
1295 1082 1515 1149 vident
1553 1088 1840 1149 nostram
1879 1103 2133 1151 crucem
2146 1132 2168 1165 ‚

631 1188 742 1253 sed
784 1206 916 1253 non
954 1188 1173 1255 vident
1223 1191 1613 1257 unctionem.
1660 1214 1692 1253 s
1738 1192 2027 1257 Tertium
2081 1198 2179 1257 est

633 1294 1050 1379 privilegium
1074 1296 1442 1364 inviolabile
1467 1322 1481 1364 z
1505 1317 1692 1365 cruce
1709 1299 1949 1382 signati
1971 1300 2177 1365 solent

634 1420 718 1469 ex
741 1403 1088 1486 privilegio
1110 1423 1249 1471 esse
1265 1405 1338 1469 in
1361 1406 1629 1472 tuitione
1653 1406 1863 1491 Papae.
1894 1407 2016 1473 Sed
2037 1408 2178 1474 haec

635 1511 958 1577 multoties
977 1511 1257 1577 violatur
1274 1533 1291 1591 ;
1322 1517 1387 1577 et
1411 1531 1542 1577 non
1564 1514 1655 1579 sic
1670 1513 1740 1578 in
1757 1514 1877 1578 hac
1901 1533 2094 1581 cruce
2108 1521 2132 1556 ¹
2157 1538 2174 1582 z

642 1642 675 1682 α
705 1618 911 1703 Super
933 1638 1128 1703 quem
1155 1620 1440 1686 videritis
1459 1619 1663 1702 Thau,
1693 1640 1778 1687 ne
1802 1624 2118 1690 occidatis.
2139 1647 2171 1685 n

635 1729 659 1765 ⁸
688 1748 721 1788 α
770 1725 856 1792 De
882 1732 1113 1793 caetero
1139 1746 1331 1793 nemo
1355 1728 1519 1793 mihi
1558 1729 1866 1795 molestus
1890 1732 1971 1796 sit
2001 1754 2016 1796 ε
2052 1750 2180 1815 ego

639 1834 812 1900 enim
831 1834 1139 1918 stigmata
1166 1835 1410 1901 Domini
1447 1835 1600 1902 Jesu
1624 1837 1695 1902 in
1728 1856 1990 1922 corpore
2036 1858 2181 1904 meo

637 1947 844 2026 porto.
873 1964 905 2004 ι
928 1944 1239 2022 Quartum
1258 1948 1354 2009 est
1376 1945 1715 2027 praemium
1739 1945 2178 2012 inamissibile.

639 2049 822 2115 Multi
848 2050 927 2115 de
950 2053 1171 2115 sancta
1196 2053 1366 2115 terra
1391 2051 1683 2129 redeunt,
1703 2054 1768 2116 et
1788 2051 2183 2133 negligendo

640 2163 705 2223 et
731 2158 902 2224 male
926 2158 1206 2224 vivendo
1248 2159 1591 2242 praemium
1621 2159 1955 2238 amittunt;
1999 2177 2184 2224 secus

639 2269 735 2332 est
761 2265 828 2329 in
854 2265 959 2330 his
986 2266 1256 2348 signatis
1280 2265 1301 2301 ⁸
1326 2289 1341 2331 ε
1365 2290 1398 2329 α
1424 2265 1675 2349 Signati
1702 2285 1785 2332 ex
1808 2252 1988 2332 omni
2007 2267 2183 2333 tribu

641 2378 824 2438 eraut
847 2376 1086 2437 stantes
1124 2375 1271 2437 ante
1298 2372 1630 2438 thronum.
1675 2395 1706 2433 ι)
1744 2371 1816 2437 ln
1844 2372 1966 2437 hac
1993 2392 2186 2439 cruce

641 2482 940 2566 pendere,
962 2499 1003 2546 o
1023 2480 1240 2545 anima
1256 2480 1626 2563 christiana,
1644 2481 1945 2547 continue
1967 2482 2182 2561 debeS‚

642 2594 807 2657 sicut
835 2589 1146 2670 Christus,
1175 2591 1288 2674 qui
1318 2590 1541 2654 vivens
1569 2608 1906 2674 nunquam
1930 2591 2189 2656 descen-

644 2699 794 2764 dere
820 2697 1025 2763 voluit
1056 2719 1071 2761 :
1117 2697 1208 2761 sic
1232 2715 1351 2763 nec
1389 2702 1466 2762 tu
1508 2696 1588 2762 de
1627 2699 1997 2780 poenitentia
2013 2746 2033 2776 ‚
2083 2699 2188 2763 vel

644 2810 724 2874 de
748 2808 993 2875 ordine.
1035 2807 1393 2874 Bernardus
1420 2813 1443 2849 ⁸
1476 2830 1492 2870 ι
1534 2832 1565 2870 α
1592 2809 1929 2875 Neminem
1964 2810 2189 2874 audia-

646 2934 816 2995 mm,
845 2917 1090 2996 tratres,
1119 2935 1252 2982 non
1278 2916 1664 2999 sanguinem
1684 2966 1703 2995 ‚
1730 2935 1864 2982 non
1891 2917 2186 3000 spiritum

613 3023 996 3107 ‚quemlibet
1044 3024 1420 3089 descensum
1460 3043 1497 3088 a
1550 3042 1738 3089 cruce
1780 3025 2187 3106 suadentem3

648 3130 1062 3214 persistamus
1089 3131 1156 3195 in
1194 3149 1411 3213 cruce,
1455 3132 1813 3197 moriamur
1848 3133 1919 3196 in
1962 3152 2150 3198 cruce
2171 3184 2190 3215 ,

650 3239 1046 3322 deponamur
1082 3239 1358 3306 aliorum
1385 3239 1717 3319 manibus,
1747 3258 1882 3305 non
1922 3242 2190 3322 nostris,

650 3346 946 3430 exemplo
972 3347 1166 3428 illius,
1196 3348 1404 3431 quiin
1432 3366 1619 3413 cruce
1636 3347 1788 3413 dicit
1805 3348 1863 3412 ⁸:
1899 3349 2194 3417 Consum·

653 3457 897 3520 matum
924 3460 1038 3522 est.
1063 3476 1095 3515 n
1123 3454 1228 3521 Sic
1251 3458 1315 3520 et
1343 3459 1412 3519 tu
1437 3454 1710 3519 finaliter
1737 3458 1864 3521 stes
1888 3455 1958 3519 in
1980 3474 2190 3536 cruce,

655 3566 719 3627 et
747 3562 930 3627 sicin
956 3563 1086 3641 fine
1111 3562 1263 3629 vitae
1281 3568 1434 3644 tuae‚
1464 3563 1721 3647 quando
1747 3565 2074 3649 exspirare
2096 3566 2197 3630 de-

654 3670 788 3749 bes,
817 3672 994 3753 potes
1017 3669 1260 3736 dicere:
1300 3671 1812 3739 consummatum
1837 3676 1930 3738 est
1956 3693 1981 3736 .·
2001 3690 2198 3754 regu-

655 3778 788 3843 lam
841 3796 1039 3861 quam
1082 3779 1235 3844 vovi
1280 3779 1619 3845 observavi
1645 3802 1662 3859 ;
1721 3778 2146 3844 obedientiam
2174 3827 2192 3860 ‚

657 3886 1094 3969 poenitentiam
1105 3934 1127 3967 ‚
1156 3891 1474 3971 praecepta
1500 3886 1641 3967 Dei,
1671 3890 1880 3952 totum
1907 3904 2199 3951 consum-

657 3993 855 4071 mavi,
878 3997 1069 4078 juxta
1095 3995 1256 4060 illud
1279 3995 1302 4032 '¹
1328 4014 1347 4060 z
1387 4018 1419 4058 α
1446 3994 1700 4060 Bonum
1725 3997 2046 4060 certamen
2070 4013 2200 4060 cer-

659 4102 814 4182 tavi,
844 4119 1108 4167 cursum
1128 4102 1592 4181 consummavi,
1626 4106 1747 4167 etc.

740 4210 826 4276 De
852 4209 1129 4275 aecundo
1156 4212 1180 4248 ⁸
1212 4229 1231 4275 z
1271 4233 1302 4271 c
1329 4210 1607 4294 Accipite
1633 4214 1696 4276 et
1715 4210 2047 4290 comedite,
2077 4210 2203 4275 hoc

661 4322 756 4384 est
779 4336 1011 4400 corpus
1036 4334 1280 4383 meum.
1316 4339 1347 4378 υ
1393 4316 1721 4395 Quomodo
1764 4317 2202 4402 accipiendum

660 4426 745 4491 sit
769 4443 1001 4508 corpus
1020 4423 1192 4505 Jesu,
1224 4424 1454 4490 dicitur
1471 4430 1495 4465 ⁸
1527 4443 1584 4489 z«
1612 4425 1887 4508 Accepto
1912 4444 2199 4509 corpore,

661 4530 893 4615 Joseph
926 4530 1203 4597 involvit
1245 4530 1403 4595 illud
1439 4530 1510 4594 in
1553 4529 1815 4596 sindone
1857 4531 2123 4596 munda.
2162 4554 2194 4591 υ

663 4638 778 4705 Illo
807 4655 963 4720 ergo
987 4638 1258 4719 fervore,
1304 4640 1368 4702 et
1396 4638 1754 4718 devotione,
1785 4656 2016 4722 corpus
2056 4637 2090 4703 J
2092 4657 2204 4704 esu

664 4749 948 4832 accipere
988 4747 1181 4813 debes
1217 4746 1297 4811 de
1337 4744 1517 4810 altari
1533 4793 1554 4823 ‚
1600 4763 1730 4828 quo
1771 4746 1928 4811 illud
1971 4764 2206 4830 corpus

492 4864 640 4908 nun
667 4856 904 4940 accepit
926 4853 1161 4939 Joseph
1190 4853 1269 4919 de
1295 4870 1503 4918 cruce.
1533 4852 1750 4918 Altare
1776 4858 2055 4938 quatuor
2075 4873 2208 4920 cor·

452 4988 618 5043 agnin-

490 5052 579 5094 αι.

667 4963 859 5031 nibus
888 4982 1142 5030 crucem
1171 4962 1492 5044 significat
1527 4981 1546 5026 ε
1589 4962 1680 5027 sic
1723 4968 1940 5029 autem
1983 4983 2204 5048 accep-

731 5127 746 5163 ¹
773 5128 948 5185 Rern„
983 5126 1036 5175 in
1062 5123 1233 5176 Dedic.
1260 5123 1424 5183 Eccl„
1458 5137 1614 5174 serm.
1647 5135 1698 5189 1,
1719 5138 1773 5175 n.
1803 5127 1852 5174 5.
1875 5150 1937 5162 —
1962 5126 1986 5161 ¹
2005 5125 2209 5187 Ezech„

669 5207 747 5261 ιι,
773 5201 823 5248 6.
845 5224 908 5235 -
933 5197 955 5233 ⁸
982 5196 1178 5261 Galat„
1203 5198 1379 5260 v1,17.
1401 5223 1464 5236 —
1490 5196 1508 5227 ⁴
1531 5197 1701 5262 apoc..
1729 5208 1824 5259 vn,
1853 5198 1902 5246 9.
1920 5222 1975 5233 -·
2008 5197 2030 5232 ⁸
2056 5199 2205 5250 Rern.

670 5294 726 5304 —
757 5269 778 5300 ⁸
798 5269 964 5327 loun..
1000 5280 1123 5333 111,
1152 5271 1229 5320 3ο.
1270 5293 1332 5308 -
1358 5269 1382 5305 '¹
1412 5269 1454 5320 lt
1486 5268 1635 5328 Tim„
1678 5280 1751 5331 ιν,
1778 5271 1826 5319 7.
1859 5295 1915 5305 -
1950 5267 1974 5303 ⁸
2004 5267 2211 5330 flatu..

667 5349 822 5401 τινι,
858 5343 938 5391 26.
974 5365 1039 5378 -
1078 5340 1102 5375 ⁸
1136 5338 1338 5403 naeth„
1368 5350 1542 5403 xxvn,
1577 5342 1658 5391 59.
1694 5367 1751 5378 -
1787 5340 1833 5376 ¹⁰
1865 5341 1940 5392 Ex
1970 5340 2120 5404 Bed„
2154 5340 2209 5390 in

668 5411 874 5469 Natta..
913 5410 1003 5464 lib.
1049 5412 1136 5474 tv,
1183 5426 1231 5464 c.
1277 5422 1441 5466 xxvn.
1495 5438 1552 5450 -
1607 5412 1660 5448 ¹¹·
1693 5410 1888 5475 Taren„
1938 5423 2010 5477 iv,
2053 5414 2103 5462 7.
2145 5437 2207 5451 -

1719 408 2140 477 SERMONES
2179 408 2283 475 DE
2322 409 2723 478 TEMPORE.

2275 548 2416 611 tum
2445 545 2710 612 sindone
2735 545 3050 613 involvas.
3068 545 3292 613 (ΗΜ
3312 547 3357 587 ¹⁸
3379 565 3436 614 :a
3456 545 3528 611 In
3541 545 3786 613 sindone

2278 653 2520 719 munda
2538 653 2759 719 Jesum
2785 653 3082 732 involvit,
3102 654 3216 737 qui
3242 657 3455 721 mente
3480 671 3789 736 puraeum

2276 762 2562 845 suscipit.
2594 783 2625 823 n
2661 761 2829 827 Bene
2871 766 3085 828 autem
3113 763 3429 828 munditia
3453 780 3558 845 per
3597 762 3793 827 sindo-

2278 888 2460 951 nem,
2498 871 2670 954 quod
2711 874 2807 936 est
2852 889 3064 954 genus
3103 870 3219 936 lini
3258 870 3757 936 candidissimum
3773 918 3790 949 ‚

2279 976 2704 1057 significatur,
2732 978 3037 1061 quoniam
3074 976 3326 1043 candidi
3368 977 3438 1041 in
3480 976 3797 1041 animabus

2279 1085 2778 1151 essedebemus.
2809 1084 3048 1150 Dicitur
3069 1086 3113 1127 ¹²
3148 1107 3163 1149 z
3200 1107 3232 1147 α
3264 1084 3652 1149 candidiores
3688 1081 3799 1148 Na·

2280 1191 2469 1257 zaraei
2522 1195 2664 1276 ejus
2709 1192 2978 1276 myrrha
3031 1193 3136 1274 (a),
3192 1191 3518 1256 nitidiores
3563 1190 3735 1254 lacte.
3762 1210 3792 1247 n

2280 1299 2589 1365 Munditia
2615 1299 2821 1364 cordis
2847 1304 2943 1364 est
2980 1299 3104 1377 lac,
3133 1317 3262 1382 quo
3310 1299 3475 1363 Deus
3506 1301 3569 1362 et
3599 1295 3802 1379 angeli

2280 1406 2690 1473 delectantur.
2719 1406 2793 1471 In
2817 1405 2982 1473 lacte
3008 1408 3131 1472 cito
3158 1409 3422 1490 apparet
3447 1423 3681 1483 musca,
3706 1402 3804 1467 vel

2282 1514 2535 1598 pulvis:
2567 1515 2657 1579 ita
2680 1515 2754 1579 in
2780 1514 3163 1583 conscicntia
3191 1514 3437 1581 munda
3469 1513 3658 1577 latere
3683 1527 3805 1575 non

2281 1626 2489 1706 potest
2500 1621 2979 1706 qualiscumque
2997 1622 3247 1687 macula
3257 1644 3274 1701 ;
3299 1625 3363 1686 et
3382 1621 3545 1685 sicut
3562 1619 3638 1685 de
3658 1618 3809 1683 lacte

2284 1731 2409 1796 cito
2435 1729 2689 1812 ejicitur
2715 1746 2934 1793 musca
2961 1746 3001 1793 a
3017 1728 3411 1805 comedente,
3439 1729 3530 1793 ita
3555 1726 3629 1792 de
3657 1743 3812 1811 pura

2286 1837 2665 1903 conscientia
2691 1837 2987 1920 abjicitur
3012 1854 3235 1901 musca
3263 1834 3539 1900 volatilis
3580 1833 3808 1916 cogita-

2285 1944 2479 2009 tionis
2517 1962 2759 2028 pravae.
2804 1943 3078 2009 Multum
3114 1943 3401 2025 displicet
3438 1942 3681 2008 diabolo
3694 1988 3714 2017 ‚
3752 1944 3812 2004 et

2285 2053 2491 2137 placet
2516 2052 2644 2118 Deo
2672 2056 2737 2117 et
2765 2052 3042 2134 angelis,
3081 2051 3339 2134 quando
3365 2068 3645 2117 muscam
3691 2049 3814 2115 dia·

2288 2164 2420 2228 boli
2450 2163 2572 2228 cito
2600 2165 2773 2247 ejicis
2799 2164 2878 2230 de
2902 2163 3067 2229 lacte
3092 2164 3323 2231 cordis.
3353 2162 3707 2228 Ber-nardus
3734 2164 3811 2225 ¹⁸:

2298 2294 2330 2334 α
2370 2270 2752 2337 Daemonum
2796 2275 2891 2337 est
2938 2271 3355 2353 cogitationes
3399 2269 3600 2335 malas
3636 2269 3814 2350 inge·

2289 2396 2468 2457 rore;
2521 2383 2814 2443 nostrum
2858 2382 2954 2443 est
3006 2379 3135 2442 illis
3179 2396 3313 2442 non
3371 2377 3738 2442 consentire.
3782 2395 3810 2434 t

2293 2485 2455 2551 Nam
2486 2485 2739 2569 quoties
2774 2485 3129 2550 resistimus
3143 2533 3162 2564 ‚
3199 2484 3526 2550 diabolum
3570 2500 3813 2567 supera·

2293 2611 2461 2673 mus,
2501 2593 2769 2675 angelos
2793 2592 3227 2675 glorificamus
3243 2637 3260 2668 ,
3306 2591 3511 2656 Deum
3554 2592 3814 2657 honora·

2296 2720 2463 2765 mus.
2495 2700 2636 2766 Non
2661 2703 2756 2765 est
2781 2699 2956 2764 dictu
2976 2699 3295 2783 possibile,
3327 2702 3640 2783 quantum
3670 2715 3817 2780 gau·

2294 2809 2474 2874 dium
2502 2807 2753 2891 capiant
2787 2806 2996 2888 angeli
3024 2806 3103 2871 de
3145 2810 3365 2871 nostra
3406 2805 3481 2889 (b)
3511 2806 3591 2871 ad
3632 2805 3819 2871 Deum

2298 2916 2531 2982 mentis
2559 2916 3008 2995 couversione;
3039 2916 3130 2979 sic
3146 2918 3370 2980 contra
3396 2914 3670 2998 exprimi
3701 2930 3820 2978 non

2296 3029 2503 3110 potest
2527 3028 2835 3109 quantam
2875 3023 3197 3088 tristitiam
3224 3022 3303 3087 de
3332 3021 3555 3087 eadem
3593 3022 3818 3088 daemo-

2298 3152 2414 3199 nes
2439 3133 2777 3217 accipiant,
2817 3133 2930 3215 qui
2973 3149 3223 3215 semper
3250 3130 3628 3197 insidiantur
3650 3130 3823 3196 saluti

2301 3244 2561 3307 nostrae.

2382 3347 2470 3414 De
2504 3348 2693 3414 tertio
2729 3347 2962 3414 dicitur
2989 3345 3095 3410 hic
3126 3366 3141 3411 ε
3189 3345 3473 3429 Accipite
3516 3345 3825 3427 Spa-itm

2301 3463 2617 3524 sanctum.
2647 3456 2844 3520 Datus
2866 3456 2962 3518 est
2988 3451 3267 3536 Spiritus
3294 3454 3549 3517 sanctus
3577 3452 3682 3517 hic
3704 3449 3824 3516 dis·

2303 3563 2559 3647 cipulis,
2601 3561 2834 3626 clausis
2872 3560 3146 3640 foribus3
3193 3560 3286 3625 sic
3323 3559 3562 3637 oleum,
3612 3556 3825 3625 clausis

2304 3672 2480 3738 ostiis
2499 3719 2516 3751 ‚
2549 3669 3045 3753 multiplicatum
3078 3673 3173 3734 est
3199 3670 3244 3707 ¹⁸
3269 3669 3337 3733 in
3364 3668 3534 3736 vasis
3564 3666 3765 3752 petitis
3791 3682 3827 3728 a

2304 3780 2554 3845 vicinis.
2604 3777 2766 3844 Nota
2809 3777 3167 3842 historiam.
3224 3775 3451 3841 Oleum
3499 3782 3596 3841 est
3637 3772 3826 3858 gratia

2306 3887 2582 3971 Spiritus
2600 3887 2796 3951 sancti
2817 3908 2833 3965 ;
2858 3886 3194 3951 Psalmista
3215 3889 3263 3925 ¹⁸
3286 3906 3348 3949 z«
3364 3883 3560 3949 Unxit
3575 3888 3639 3949 te
3654 3883 3824 3957 Deus,

2308 3995 2474 4060 Deus
2498 3998 2672 4074 tuus,
2721 3993 2861 4059 oleo
2899 3992 3161 4071 laetitiae,
3194 4013 3225 4052 n
3279 3995 3402 4057 etc.
3440 3990 3608 4056 Vasa
3650 4003 3826 4055 manu

2307 4103 2514 4169 levata
2538 4106 2688 4166 sunt
2703 4101 2975 4166 virtutes
2997 4108 3064 4166 et
3087 4101 3404 4185 exempla,
3434 4119 3583 4185 quae
3609 4119 3649 4165 a
3673 4113 3827 4163 sanc-

2309 4211 2392 4274 tis
2418 4228 2592 4274 nunc
2632 4210 3156 4274 conversantibus
3195 4208 3266 4272 in
3294 4207 3537 4272 mundo
3582 4201 3826 4271 attendi·-

2312 4336 2479 4397 mus‚
2525 4320 2589 4383 et
2626 4317 2696 4381 in
2746 4317 3013 4382 domum
3061 4316 3295 4380 mentis
3339 4318 3577 4381 nostrae
3618 4308 3830 4392 colligi·

2311 4445 2492 4506 mm,
2542 4425 2733 4508 quasi
2779 4442 2814 4489 a
2852 4423 3078 4488 vicinis
3125 4440 3284 4487 vasa
3326 4422 3698 4505 accipimus3
3734 4413 3829 4482 sed

2310 4552 2465 4599 vasa
2507 4532 2580 4596 in
2612 4530 2797 4596 nobis
2846 4547 3055 4594 vacua
3099 4533 3272 4607 sunt,
3313 4530 3369 4593 si
3411 4529 3702 4613 exempla
3735 4523 3830 4589 illa

2313 4646 2682 4707 sanctorum
2703 4655 2819 4722 per
2859 4638 3135 4719 gratiam
3177 4638 3456 4720 Spiritus
3480 4637 3681 4701 sancti
3718 4648 3830 4698 non

2316 4750 2670 4815 imitamur.
2696 4745 2929 4811 Contra
2946 4745 3115 4828 quod
3144 4767 3175 4806 α
3202 4744 3546 4827 prudentes
3568 4741 3830 4825 virgines

2316 4858 2695 4941 acceperunt
2720 4852 2935 4918 oleum
2959 4853 3030 4917 in
3057 4852 3247 4931 vasis,
3278 4872 3311 4911 x»
3344 4856 3494 4929 etc„
3523 4851 3686 4918 sicut
3708 4844 3831 4912 dici·

2315 4970 2423 5031 tur
2451 4964 2515 5027 ²⁸.
2562 4960 2732 5029 Ostia
2755 4964 2909 5025 sunt
2944 4975 3165 5023 sensus
3191 4957 3422 5037 nostri,
3461 4958 3672 5035 visus,
3702 4967 3831 5037 με·

2314 5076 2440 5150 tus,
2469 5068 2749 5147 auditus,
2779 5070 3008 5145 tactus,
3034 5064 3334 5141 olfactus;
3364 5067 3429 5129 et
3448 5083 3524 5130 os
3547 5067 3729 5130 tuum
3750 5060 3831 5125 est

2320 5244 2360 5280 ¹²
2386 5244 2539 5296 Bet-n.
2579 5266 2641 5281 —
2677 5240 2722 5278 ¹⁸
2750 5240 2817 5291 tv
2844 5238 2983 5305 Ray„
3013 5248 3087 5302 xv,
3122 5240 3173 5289 5.
3201 5263 3263 5277 -
3296 5236 3336 5274 ¹⁸
3362 5235 3502 5289 Pml.
3538 5249 3680 5302 uxr,
3713 5237 3827 5288 8.-

2320 5316 2359 5350 ¹⁸
2378 5314 2585 5377 unuh„
2609 5322 2734 5376 xxv,
2761 5311 2809 5363 4.

2381 5412 2443 5475 (α)
2478 5411 2618 5478 Vu19.
2646 5410 2786 5462 nive.
2815 5434 2879 5447 —
2904 5408 2972 5473 (ὁ)
3006 5408 3161 5461 Forte
3187 5405 3285 5471 leq.
3315 5409 3527 5461 nostra.
