4059 6317
681 416 801 480 560

677 553 765 609 est
791 566 805 606 ε
836 547 1059 623 quippe
1086 544 1230 620 quia
1256 546 1479 618 laqueus
1506 548 1625 615 est,
1652 561 1851 617 sagena
1891 547 2005 614 est,
2031 545 2218 600 vincu-

677 645 787 700 lum
816 644 918 699 est.
945 642 1181 713 Laqueo
1211 636 1523 712 capiuntur
1552 653 1689 697 aves
1707 681 1724 708 ,
1755 653 1977 711 sagena
2006 637 2217 711 pisces,

676 734 917 794 vinculo
935 731 1210 791 homines
1235 730 1438 789 :nulla
1467 747 1602 789 esca
1626 730 1710 789 sic
1736 730 1961 789 fortiter
1983 729 2221 787 attrabit

677 846 840 901 aves,
875 826 1043 885 66116
1082 840 1302 898 sagena
1346 824 1430 882 sic
1472 824 1760 883 violenter
1798 824 2023 899 pisces,
2072 821 2221 879 sicut

676 923 954 982 mulieres
981 919 1279 980 attrahunt
1303 918 1592 976 homines.
1615 918 1768 987 Quid
1796 917 1974 989 igitur
1999 915 2219 973 facien-

678 1016 823 1075 dum
851 1019 937 1073 est
975 1015 1037 1071 16
1063 1017 1225 1071 tanto
1251 1011 1518 1088 periculo
1535 1012 1564 1068 1
1602 1014 1766 1070 Certe
1795 1009 1959 1085 quod
1992 1008 2221 1066 ibidem

679 1110 944 1184 sequitur
971 1109 987 1142 ¹
1017 1127 1085 1165 z«
1109 1107 1239 1177 Qui,
1273 1106 1529 1181 »inquit,
1563 1105 1802 1181 «placet
1833 1108 1969 1174 Dec,
1982 1102 2223 1174 effugiet

675 1203 878 1274 illam3
936 1201 1040 1277 qui
1090 1204 1288 1260 autem
1339 1204 1617 1274 peccator
1655 1203 1780 1270 est,
1835 1198 2097 1273 capietur
2141 1196 2218 1254 611

677 1297 801 1356 1116.
835 1317 864 1353 w
895 1300 1024 1356 Non
1052 1298 1138 1354 est
1158 1296 1319 1353 enim
1343 1299 1534 1353 tutum
1551 1295 1718 1368 juxta
1744 1297 2074 1368 serpentem
2087 1291 2221 1349 dor·

677 1394 845 1451 mire.
877 1392 1141 1450 Foemina
1167 1389 1497 1465 scorpionis
1525 1403 1714 1460 more,
1743 1402 1973 1461 semper
2000 1389 2086 1444 est
2112 1385 2221 1441 ho·

678 1490 900 1548 minem
920 1493 1125 1565 parata
1151 1485 1323 1546 ferire
1356 1505 1370 1545 ε
1405 1508 1436 1541 α
1464 1486 1612 1545 nihil
1638 1486 1798 1544 enim
1821 1490 1926 1555 est,
1957 1505 1988 1541 11
2018 1484 2223 1542 611116-

678 1599 968 1659 ronymus
1015 1580 1156 1640 dicit
1181 1584 1226 1652 ¹,
1260 1601 1287 1634 α
1316 1580 1381 1638 16
1407 1595 1660 1655 corpore
1707 1578 2001 1651 mulieris,
2052 1576 2220 1653 quod

678 1676 890 1739 intuitu
930 1692 1055 1734 666
1096 1676 1324 1748 sagittet
1368 1690 1472 1734 cor
1513 1673 1793 1732 hominis.
1840 1694 1869 1727 11
1921 1674 2075 1745 Ergo
2116 1672 2220 1746 qui

677 1771 808 1829 vult
845 1770 1102 1843 effugere
1150 1768 1436 1844 laqueum
1485 1768 1690 1825 mortis
1710 1809 1727 1836 ,
1774 1765 1960 1839 fugiet
2007 1782 2045 1823 a
2071 1763 2222 1823 facie

679 1867 962 1939 1116116115,
995 1865 1163 1940 quasi
1191 1882 1228 1922 a
1255 1864 1403 1921 facie
1431 1863 1663 1922 colubri
1703 1866 1761 1919 et
1798 1860 2115 1934 serpentiS‚
2143 1859 2220 1916 si-

679 1966 774 2019 cut
801 1960 950 2033 fugit
975 1960 1165 2019 Helias
1178 1975 1215 2016 a
1225 1957 1372 2017 facie
1387 1956 1638 2015 Iezabel.
1652 1959 1745 2013 Est
1763 1959 1819 2012 et
1834 1953 2000 2011 aliud
2020 1954 2216 2011 consi-

677 2055 846 2126 lium,
873 2053 1040 2130 quod
1068 2053 1241 2111 datur
1265 2054 1319 2108 ³:
1349 2052 1506 2123 «Dic,
1537 2073 1563 2102 »
1583 2049 1796 2124 inquit,
1830 2048 2171 2123 «sapientiae
2200 2067 2215 2105 :

679 2152 858 2209 Soror
909 2165 1046 2206 mea
1089 2163 1188 2216 es;
1241 2150 1298 2204 et
1335 2144 1713 2221 prudentiam
1757 2158 1911 2201 voca
1966 2142 2221 2201 amicam

680 2247 862 2309 tuam,
890 2246 956 2299 ut
981 2240 1266 2299 custodiat
1294 2243 1349 2297 te
1391 2254 1428 2297 a
1453 2237 1701 2295 muliere
1730 2241 2025 2308 extranea,
2059 2241 2115 2294 61
2139 2235 2219 2294 611

680 2338 895 2409 611666,
924 2352 1056 2410 quae
1081 2334 1267 2392 verba
1292 2349 1399 2391 sua
1430 2331 1628 2389 dulcia
1654 2330 1811 2388 facit.
1829 2350 1860 2384 11
1884 2333 1958 2387 De
1986 2329 2220 2403 sapien-

679 2433 760 2491 tia
784 2432 1063 2499 increata,
1095 2428 1173 2486 ad
1218 2443 1399 2503 quam
1446 2423 1869 2484 recurrendum
1913 2428 2030 2494 est,
2073 2422 2220 2481 dum

681 2525 874 2584 carnis
899 2525 1182 2582 sentimus
1221 2520 1496 2579 incendia
1518 2563 1534 2591 ,
1574 2519 1706 2592 lege
1752 2522 1943 2576 totum
1976 2518 2101 2589 jam
2129 2532 2221 2574 511-

677 2619 1011 2697 pradictum
1050 2616 1407 2691 capitulum,
1458 2613 1602 2688 quia
1638 2616 1722 2669 est
1764 2611 2115 2685 pulchrum,
2165 2615 2221 2668 61

680 2712 857 2772 valde
884 2709 1255 2786 praedicatori
1288 2712 1492 2783 aptum
1533 2711 1735 2764 contra
1763 2704 2025 2763 mulieris
2050 2703 2221 2762 mali-

681 2808 841 2866 tiam.
873 2806 981 2877 Qui
1012 2820 1155 2878 ergo
1184 2819 1323 2861 vere
1353 2801 1659 2860 continens
1702 2816 1826 2857 esse
1869 2798 2013 2871 vult,
2043 2798 2223 2856 debet

681 2916 802 2958 non
832 2899 1026 2957 solum
1054 2900 1239 2955 tactus
1266 2895 1600 2970 impudicos
1628 2892 1830 2966 fugere
1846 2933 1866 2963 ,
1897 2891 2004 2950 sed
2030 2907 2220 2950 vanos

682 2996 974 3069 aspectus,
1001 3006 1190 3049 vanos
1212 2990 1468 3059 audituS‚
1499 2994 1555 3048 et
1581 3003 1761 3046 vanas
1783 2986 2111 3045 locutiones
2140 2984 2222 3041 vi-

681 3093 827 3146 tare.
871 3091 1016 3145 Nam
1069 3084 1547 3153 Lacedaemones,
1606 3085 1891 3155 tanquam
1944 3079 2219 3137 castitatis

683 3183 881 3252 amici,
899 3184 966 3238 ut
989 3182 1230 3237 narrant
1250 3192 1458 3234 eorum
1482 3173 1770 3242 historiae,
1806 3172 1992 3231 libros
2020 3172 2220 3245 cujus-

683 3277 825 3334 dam
868 3271 1208 3347 philosophi
1248 3272 1410 3328 extra
1446 3267 1737 3326 civitatem
1775 3266 2074 3339 jusserunt
2126 3281 2220 3323 65-

681 3368 928 3446 portari,
957 3383 1030 3426 66
1062 3366 1228 3441 quod
1271 3364 1512 3423 illorum
1553 3362 1725 3421 lectio
1772 3378 1898 3419 non
1925 3365 2052 3419 erat
2097 3377 2222 3418 om-

682 3464 827 3522 nino
852 3461 1093 3539 pudica,
1121 3460 1228 3518 sed
1250 3458 1446 3533 potius
1469 3456 1545 3514 ad
1569 3456 1867 3513 luxuriam
1887 3455 2220 3513 inflamma-

683 3559 822 3618 tiva.
847 3556 1170 3615 Noluerunt
1196 3553 1356 3610 66116
1381 3550 1531 3607 filios
1577 3565 1718 3606 suos
1750 3549 1968 3607 talibus
2010 3549 2217 3607 lectio-

684 3653 860 3711 nibus
904 3647 1123 3718 imbui,
1167 3662 1242 3704 ne
1273 3643 1544 3702 ‘honestis
1573 3642 1841 3701 moribus
1879 3642 2013 3716 plus
2042 3659 2220 3701 6666·

684 3748 834 3817 rent,
864 3759 1046 3818 quam
1089 3738 1337 3813 ingeniis
1376 3736 1739 3812 prodessent.
1785 3738 1972 3808 ErgO,
2002 3735 2050 3792 si
2080 3734 2221 3794 talia

684 3836 904 3915 pagani
943 3834 1236 3906 fecerunt,
1289 3830 1437 3907 quid
1480 3829 1765 3888 deberent
1805 3828 1997 3888 facere
2024 3827 2221 3887 Chris-

685 3933 865 3993 tiani?

758 4030 851 4085 Est
872 4025 1039 4084 tertio
1055 4040 1151 4082 res
1169 4022 1394 4096 aliqua,
1416 4020 1586 4092 cuius
1604 4018 1866 4077 inventio
1887 4019 1974 4075 est
1990 4031 2223 4074 summe

684 4123 849 4182 bona
877 4142 891 4177 ε
922 4123 1075 4179 Crux
1122 4116 1424 4176 Dominica
1469 4132 1483 4171 ε
1517 4118 1574 4172 61
1598 4113 1740 4172 talis
1782 4111 1893 4170 fuit
1926 4127 2037 4187 per
2063 4109 2225 4169 Hele-

686 4232 827 4274 nam
867 4214 1104 4271 inventa
1132 4229 1147 4268 ε
1180 4211 1243 4269 16
1271 4225 1390 4283 qua
1436 4206 1665 4281 dejecta
1701 4210 1837 4264 sunt
1882 4205 2223 4263 daemonum

684 4308 857 4368 fortia
901 4309 1107 4365 castra.
1140 4302 1302 4361 Unde
1334 4300 1512 4360 valde
1547 4300 1887 4358 clamabant
1918 4299 2223 4358 daemones

686 4409 891 4463 contra
918 4400 1150 4471 ludam,
1169 4398 1274 4475 qui
1301 4396 1412 4454 fuit
1425 4396 1637 4454 ductor
1662 4395 1822 4453 illius
1848 4395 2223 4467 inventionis,

685 4500 833 4558 dum
858 4497 1081 4563 locum,
1110 4492 1218 4551 ubi
1255 4493 1381 4565 iam
1420 4490 1685 4548 ducentis
1721 4489 1892 4548 annis
1933 4490 2221 4563 jacuerat,

683 4591 973 4669 patefecit.
1005 4592 1153 4660 Lege
1181 4584 1488 4643 historiam
1512 4582 1558 4656 ⁸,
1599 4588 1655 4642 et
1690 4598 1886 4642 narra.
1927 4586 2021 4641 Est
2048 4582 2225 4656 igitur

684 4704 721 4747 a
749 4686 921 4747 nobis
942 4683 1188 4743 sollicite
1215 4678 1535 4756 quaerenda
1561 4696 1705 4738 crux
1731 4679 1862 4755 ipsa
1898 4678 2220 4750 dominica,

683 4786 746 4843 in
792 4798 915 4857 qua
968 4777 1176 4838 mundi
1222 4774 1505 4850 pependit
1546 4774 1687 4832 vita.
1739 4773 1904 4832 Unde
1957 4789 2083 4831 non
2138 4775 2225 4831 est

685 4875 851 4937 aliud
887 4888 1123 4932 crucem
1159 4869 1456 4939 invenire,
1498 4883 1680 4941 quam
1725 4866 1894 4925 illum
1934 4865 2223 4938 invenire,

685 4970 789 5046 qui
813 4966 1097 5044 pependit
1121 4965 1184 5021 16
1219 4979 1411 5021 61666.
1451 4960 1651 5020 016615
1687 4961 1846 5018 66161
1869 4960 2066 5020 honor
2093 4977 2226 5019 cru·

685 5067 768 5125 cis
795 5064 875 5124 ad
895 5060 1252 5123 crucifixum
1264 5056 1528 5117 refertur.
1557 5054 1721 5113 Unde
1740 5070 1893 5130 saepe
1920 5071 2031 5129 pro
2052 5069 2223 5113 cruce

745 5218 764 5252 ¹
815 5213 991 5277 Eccle.‚
1038 5223 1129 5275 vn,
1179 5210 1259 5258 27.
1290 5234 1342 5245 —
1377 5206 1398 5241 ²
1446 5202 1678 5266 Hieron„
1726 5204 1778 5253 in
1822 5202 2005 5263 Ecclae„
2054 5215 2126 5259 vi.
2171 5207 2223 5253 et

687 5288 854 5352 Reyul.
881 5284 1130 5343 Monam,
1155 5297 1201 5332 6.
1228 5292 1316 5332 xx.
1340 5306 1394 5316 -
1415 5277 1438 5312 ⁸
1462 5276 1630 5340 Pron„
1655 5287 1748 5339 vn,
1773 5277 1954 5325 4-5.—
1974 5274 1996 5308 ⁶
2023 5275 2222 5338 Surius,

700 5361 795 5413 Vir.
827 5362 1017 5416 sanct„
1056 5360 1083 5405 3
1113 5354 1249 5405 Maii.
1277 5378 1340 5393 -
1371 5352 1394 5386 ⁸
1425 5350 1593 5411 Prov„
1631 5360 1747 5408 vui,
1782 5348 1863 5397 35.
1898 5373 1959 5382 -
1988 5347 2008 5378 ’
2038 5346 2223 5410 Eccle„

1662 402 2077 475 SERMONES
2125 403 2225 470 DE
2266 402 2618 475 SANCTIS.
2659 406 2867 478 XXIX.

2327 546 2642 604 assumitur
2674 546 2827 605 illud
2864 548 3152 621 verbum,
3200 552 3369 627 quod
3408 551 3485 610 de
3511 569 3575 611 se
3601 553 3743 614 dicit
3768 555 3863 616 illa

2326 638 2617 711 Sapientia
2645 642 2966 700 6166111161ς
2992 662 3007 701 t
3034 664 3066 699 α
3093 646 3203 715 Qui
3234 663 3329 704 1116
3357 646 3687 720 invenerit,
3712 650 3863 708 inve-

2324 732 2445 789 niet
2470 733 2671 806 vitam,
2703 740 2761 792 et
2783 735 3015 796 hauriet
3039 740 3292 797 salutem
3326 757 3364 799 a
3392 743 3665 801 Domino.
3698 764 3726 796 ι
3760 744 3865 803 Sed

2326 826 2430 899 qui
2461 827 2586 884 vult
2610 827 2871 888 invenire
2900 847 3158 904 crucem,
3184 834 3310 893 imo
3334 837 3539 912 ipsum
3557 838 3863 896 Dominum

2326 919 2698 993 crucifixum,
2730 930 2951 998 quaerat
2985 942 3122 986 eum
3150 934 3441 1002 tempore,
3471 947 3597 1005 quo
3626 931 3866 989 inveniri

2325 1016 2518 1086 potest
2537 1059 2552 1081 ‚
2584 1019 2642 1072 et
2667 1015 2824 1089 loce,
2853 1018 2913 1075 in
2942 1036 3064 1094 quo
3101 1024 3207 1080 est.
3244 1026 3432 1081 Nemo
3460 1026 3649 1096 enim,
3679 1024 3867 1083 sinon
3932 1042 4035 1082 rm·

2327 1106 2400 1164 sit
2425 1106 2634 1165 stultus
2654 1150 2674 1179 ,
2703 1112 2911 1184 quaerit
2938 1129 3082 1171 uvas
3107 1114 3169 1172 16
3194 1133 3356 1188 vere,
3378 1133 3579 1192 neque
3598 1118 3663 1174 in
3682 1124 3865 1178 astate
3890 1100 3989 1156 ἰι

2325 1198 2535 1269 violas,
2569 1218 2678 1261 666
2705 1203 2926 1263 fructus
2964 1207 3027 1264 16
3069 1208 3263 1268 hieme
3310 1231 3324 1268 ε
3361 1230 3393 1266 a
3422 1212 3638 1271 omnia
3668 1214 3823 1271 66116
3844 1218 3866 1251 ⁸

2327 1296 2559 1368 tempus
2610 1296 2862 1371 habeut;
2918 1304 2976 1358 61
3016 1303 3218 1362 omnia
3263 1304 3430 1363 bona
3486 1307 3553 1363 in
3610 1312 3869 1382 tempore

2327 1403 2455 1446 566.
2485 1410 2514 1445 n
2550 1393 2693 1450 item
2733 1408 2913 1451 nemo
2956 1397 3162 1470 quoerit
3207 1397 3355 1456 ficus
3396 1399 3461 1457 in
3498 1401 3663 1474 1116,
3700 1418 3866 1462 nemo

2328 1496 2541 1541 aurum
2587 1482 2650 1541 16
2690 1485 2937 1559 6111616;
2987 1504 3164 1548 nemo
3208 1491 3400 1565 pisces
3446 1494 3514 1551 in
3561 1500 3792 1553 monte.
3816 1498 3865 1555 Si

2326 1578 2486 1634 enim
2507 1594 2602 1636 res
2628 1581 2822 1637 omnis
2848 1583 3167 1656 quoerenda
3179 1589 3265 1643 651
3292 1586 3398 1645 6111
3420 1592 3530 1659 651,
3546 1605 3698 1663 ergo
3720 1607 3869 1666 111161-

2326 1686 2529 1729 166165
2553 1673 2911 1733 crucifixum
2937 1692 3049 1751 pro
3075 1681 3363 1754 tempore,
3393 1680 3457 1738 in
3489 1699 3618 1756 quo
3649 1700 3865 1755 sumus,

2328 1765 2471 1840 quia
2524 1783 2682 1825 nunc
2729 1768 3121 1829 inveniendus
3172 1778 3274 1831 est.
3333 1777 3478 1832 Item
3536 1793 3869 1851 quaeramus

2328 1874 2465 1916 eum
2492 1861 2556 1917 in
2584 1861 2738 1933 loco,
2770 1862 2876 1920 ubi
2902 1868 3006 1936 est,
3026 1865 3133 1922 ubi
3155 1866 3433 1926 continue
3457 1869 3644 1942 jacet,
3679 1869 3745 1928 id
3769 1876 3868 1945 est,

2326 1954 2390 2012 in
2420 1970 2610 2013 cruce.
2658 1960 2988 2017 Bernardus
3013 1962 3036 1997 '¹
3065 1979 3080 2018 ε
3113 1980 3141 2015 α
3167 1962 3421 2022 Circuire
3448 1980 3735 2039 possum,
3765 1971 3869 2025 Do·

2327 2049 2509 2122 mine,
2537 2051 2755 2110 coelum
2784 2059 2841 2112 61
2865 2058 3101 2128 1611661,
3132 2060 3190 2114 61
3216 2072 3519 2132 nusquam
3547 2066 3605 2118 16
3634 2077 3871 2134 possum

2326 2143 2592 2203 invenire
2615 2190 2629 2215 ‚
2669 2148 2782 2204 nisi
2817 2148 2881 2207 16
2916 2165 3087 2209 61666
3118 2170 3133 2208 :
3162 2150 3246 2210 ibi
3273 2152 3535 2225 11616115,
3564 2156 3658 2213 1111
3695 2156 3871 2214 661165

2327 2237 2388 2295 16
2434 2239 2700 2299 1116111116.
2730 2264 2758 2297 »
2807 2246 2986 2317 Ergo,
3036 2246 3139 2319 qui
3180 2247 3433 2306 suaviter
3479 2249 3722 2323 vivunt,
3775 2253 3871 2326 qui

2327 2335 2490 2392 carni
2519 2335 2889 2407 deserviunt,
2929 2338 3219 2398 Christum
3262 2341 3532 2401 invenire
3570 2361 3700 2403 non
3738 2362 3873 2421 pos·

2327 2431 2495 2495 sunt,
2544 2428 2686 2503 quia
2729 2431 2810 2488 ad
2853 2429 3093 2504 locum,
3123 2434 3226 2491 6111
3253 2439 3398 2507 5161,
3428 2452 3747 2512 nunquam
3775 2456 3870 2497 va·

2329 2520 2497 2579 dunt.
2548 2522 2765 2581 Dicitur
2809 2524 2970 2583 enim
3012 2528 3035 2562 ⁸
3078 2545 3095 2584 ε
3140 2546 3169 2581 cr
3213 2529 3354 2597 Quis
3399 2529 3631 2588 invenit
3675 2532 3869 2592 locum

2329 2614 2474 2687 ejus,
2514 2619 2613 2673 aut
2641 2617 2772 2691 quis
2808 2617 3043 2676 intravit
3081 2618 3143 2678 in
3186 2620 3498 2680 thesauros
3534 2620 3705 2698 ejus?
3750 2630 3869 2686 Non

2328 2707 2625 2768 invenitur
2667 2710 2728 2768 16
2756 2715 2913 2770 terra
2957 2714 3214 2772 suaviter
3242 2714 3597 2776 viventium.
3637 2741 3667 2776 n
3698 2724 3867 2794 Ergo,

2329 2803 2378 2860 si
2408 2820 2644 2863 crucem
2666 2848 2685 2877 ,
2715 2822 2856 2880 ergo
2884 2807 2934 2865 si
2962 2810 3275 2868 Dominum
3312 2812 3668 2872 crucifixum
3711 2816 3870 2873 inve-

2329 2897 2457 2955 nire
2486 2899 2764 2957 volumus
2777 2944 2796 2975 ,
2833 2907 3065 2976 oportet
3098 2921 3333 2963 carnem
3375 2906 3665 2982 affligere,
3697 2926 3870 2985 opor-

2328 2994 2410 3050 tet
2434 2995 2788 3067 poenitentiae
2817 3012 3053 3055 crucem
3093 3014 3424 3072 assumere,
3463 3008 3700 3077 oportet
3743 3022 3871 3063 eum

2331 3088 2679 3161 magdalena
2720 3090 2799 3148 ad
2835 3092 3170 3167 sepulcrum
3215 3095 3432 3154 fluvios
3474 3097 3873 3174 lacrymarum

2331 3180 2633 3240 effundere
2655 3202 2673 3256 ;
2699 3189 2932 3258 oportet
2956 3202 3093 3244 eum
3129 3189 3308 3262 Magis
3335 3190 3415 3247 ad
3452 3208 3744 3268 praesepe,
3770 3194 3869 3253 ubi

2324 3276 2499 3347 jacet,
2515 3278 2794 3338 accedere
2825 3298 2839 3337 ε
2872 3285 3104 3356 oportet
3124 3299 3261 3341 cum
3287 3286 3638 3359 pastoribus
3666 3288 3749 3346 ad
3768 3293 3873 3347 sta-

2329 3370 2541 3428 bulum
2568 3371 2651 3429 ire
2683 3390 2698 3429 t
2726 3379 2960 3449 oportet
2987 3376 3155 3449 juxta
3192 3394 3428 3436 crucem
3457 3397 3601 3439 cum
3629 3383 3729 3440 Dei
3757 3401 3870 3442 ma·

2330 3466 2417 3522 tre
2447 3468 2657 3538 astare,
2684 3470 2739 3523 et
2767 3468 3056 3543 cumipse
3081 3469 3375 3547 lacrymas
3401 3472 3871 3535 irremediabiles

2329 3560 2597 3622 fundere.
2630 3565 2910 3623 Brevibus
2934 3566 3132 3625 verbis
3159 3569 3373 3628 multas
3388 3570 3671 3631 historias
3694 3575 3869 3650 tetigi,

2329 3660 2396 3715 ut
2421 3657 2494 3714 sit
2510 3657 2878 3732 praedicatori
2892 3659 2991 3718 via
3005 3661 3085 3720 ad
3097 3661 3358 3736 plurima
3376 3664 3759 3726 diffundendi
3776 3668 3869 3743 (a).

2332 3753 2623 3829 Scriptum
2649 3759 2735 3813 est
2762 3756 2923 3814 66116
2940 3758 2963 3793 ⁹
2995 3776 3010 3815 ε
3046 3776 3075 3811 α
3104 3763 3186 3817 Da
3211 3760 3463 3835 sapienti
3476 3765 3869 3836 occasionem,

2334 3851 2391 3907 et
2419 3847 2717 3907 festinabit
2754 3851 3039 3926 accipere.
3069 3873 3098 3906 »
3131 3855 3427 3926 Rogemus
3454 3854 3640 3928 igitur
3681 3858 3870 3916 Domi·

2330 3958 2478 4001 num
2507 3943 2877 4018 crucifixum,
2905 3961 3012 4020 per
3038 3946 3234 4021 ipsum
3257 3949 3603 4008 venerabile
3623 3950 3870 4025 lignum,

2333 4036 2502 4111 quod
2540 4042 2810 4097 contactu
2835 4056 2957 4098 suae
2995 4040 3370 4101 sanctissimae
3415 4045 3615 4102 carnis
3660 4045 3875 4105 16611116

2332 4135 2419 4190 651
2445 4136 2741 4206 56661616,
2767 4137 2877 4193 616.

2451 4331 2568 4406 DE
2639 4333 2705 4413 5.
2784 4333 3225 4409 ANTONIO
3297 4335 3768 4413 PADUANO

2810 4486 3056 4533 oamms
3082 4487 3391 4535 nmmum.

2708 4641 3035 4703 SERMO
3099 4644 3499 4707 PRIMUS.

2405 4772 2515 4829 Iste
2551 4776 2631 4829 651
2653 4773 2828 4841 stater
2843 4779 3014 4831 vester
3036 4778 3322 4848 parvulus,
3364 4776 3432 4835 de
3459 4793 3566 4851 quo
3610 4780 3881 4836 dica-atis

2333 4863 2568 4922 mihist?
2585 4865 2792 4924 Mirum
2820 4874 2924 4935 est,
2950 4871 3009 4926 et
3023 4868 3479 4942 valdadignum
3506 4875 3593 4930 est
3619 4872 3882 4931 admira·

2335 4957 2517 5029 tione,
2548 4960 2857 5032 quomodo
2884 4963 3065 5034 Deus,
3097 4979 3235 5020 cum
3260 4964 3334 5021 sit
3373 4964 3726 5036 altissimuS,
3754 4982 3879 5024 666

2333 5051 2416 5111 ad
2442 5052 2593 5111 altos
2618 5053 2824 5112 oculos
2852 5059 3056 5128 vertat,
3068 5056 3177 5114 sed
3198 5059 3523 5118 tantumad
3540 5059 3805 5134 deiectos
3824 5076 3883 5120 et

2336 5197 2416 5249 ιιι,
2448 5192 2489 5239 i.
2518 5214 2582 5226 —
2614 5189 2630 5220 ⁷
2661 5190 2812 5241 Bern.
2839 5215 2903 5227 —
2928 5190 2950 5224 ⁸
2978 5192 3119 5253 Bar„
3149 5204 3240 5255 ιιι,
3278 5198 3352 5245 15.
3379 5220 3442 5231 -
3466 5194 3489 5229 ⁹
3518 5194 3690 5261 Pron„
3722 5208 3796 5262 ix,
3830 5200 3880 5247 9.

2333 5282 2397 5295 -
2425 5258 2469 5296 ¹⁰
2492 5258 2636 5324 Gen„
2666 5272 2817 5325 xmn,
2844 5264 2924 5310 29.

2401 5343 2469 5409 (a)
2495 5345 2606 5408 Δις.
2630 5345 2977 5398 diffundenda.
