4059 6317
672 468 790 530 47ss

669 618 875 678 mum,
907 597 1141 663 malam
1172 596 1456 661 animam
1497 595 1802 662 ostendit!
1839 596 2211 663 ostendetur

667 708 841 772 enim
885 712 1038 772 tunc
1087 708 1476 770 tormentum
1528 721 1641 786 per
1690 703 2168 769 damnationem
2186 751 2204 781 ‚

666 815 836 898 quod
847 816 985 897 jam
1013 816 1340 877 ostensum
1354 814 1448 875 est
1460 828 1574 894 per
1587 812 2131 876 conversationem
2143 813 2164 849 ¹
2187 833 2202 875 :

669 945 700 985 e
731 920 1072 989 Ostendam
1103 924 1319 985 autem
1347 919 1566 998 vobis,
1598 937 1790 1002 quem
1830 918 2131 983 timeatiS.
2164 939 2197 977 ι

1207 1097 1497 1169 SERMO
1543 1099 1657 1169 ΙΙΙ.

745 1246 1010 1317 Reddite
1051 1261 1194 1329 erqo
1226 1259 1369 1327 quoe
1401 1249 1557 1310 sunt
1587 1242 1860 1310 Goesaris
1881 1290 1898 1321 2
1935 1243 2200 1322 Gaesari,

666 1368 728 1426 et
751 1375 896 1442 quoe
933 1362 1086 1424 sunt
1113 1356 1232 1421 Dei
1251 1401 1270 1432 ‚
1305 1355 1424 1421 Deo
1452 1361 1498 1417 ¹.
1541 1352 1747 1418 Caesar
1792 1351 2097 1417 sollicitus
2123 1354 2205 1418 sit

663 1485 780 1550 pro
806 1483 906 1544 se;
934 1481 1051 1528 nos
1077 1466 1293 1528 autem
1321 1460 1401 1525 de
1437 1460 1548 1537 iis,
1579 1477 1728 1543 quae
1772 1459 1899 1525 Deo
1938 1459 2205 1526 reddere
2248 1526 2253 1530 ,

663 1573 989 1638 debemus.
1019 1570 1361 1635 Videamus
1378 1584 1538 1648 ergo
1565 1566 2045 1649 quadruplicem
2064 1567 2204 1632 red-

661 1680 991 1745 ditionem.
1029 1677 1245 1759 Exigit
1292 1677 1458 1741 Deus
1502 1694 1544 1739 a
1580 1675 2018 1758 peccatoribus
2059 1675 2201 1757 pri-

661 1805 836 1852 mam
865 1788 930 1851 iu
961 1786 1223 1863 mundo,
1256 1782 1600 1848 secundam
1627 1780 1697 1845 in
1715 1784 2027 1861 extremo,
2062 1787 2201 1847 ter-

663 1897 817 1958 tiam
869 1895 941 1958 in
987 1893 1269 1976 judicio,
1328 1894 1623 1974 quartam
1668 1890 1739 1955 in
1791 1890 2064 1985 inferno.
2130 1890 2201 1957 ln

663 2002 906 2068 mundo
932 2001 1140 2083 exigit
1167 2000 1287 2064 sibi
1314 1998 1492 2064 reddi
1527 1998 1795 2079 dignam
1823 1998 2198 2065 satisfactio-

663 2129 852 2190 nem;
883 2111 952 2173 in
978 2113 1302 2186 extremo,
1350 2122 1535 2170 suam
1577 2104 1968 2187 imaginem3
1996 2106 2065 2169 in
2092 2108 2197 2188 iu-

659 2218 846 2297 dicio,
873 2220 1110 2281 rectam
1137 2215 1485 2292 rationem;
1513 2212 1585 2278 in
1611 2213 1861 2278 inferno
1883 2216 2195 2279 aeternam

657 2325 1014 2391 luitionem.

737 2432 824 2497 De
840 2432 1050 2516 primo
1075 2429 1307 2495 dicitur
1333 2430 1378 2507 ⁸,
1408 2428 1580 2512 quod
1608 2447 1760 2493 eum
1807 2429 2028 2510 exegit
2061 2430 2197 2495 Rex

655 2560 697 2606 a
724 2539 1004 2623 quodam
1031 2538 1249 2602 decem
1285 2536 1486 2601 millia
1523 2536 1792 2615 talenta,
1836 2536 1998 2601 dixit
2036 2537 2143 2603 ille
2176 2560 2191 2603 ε

664 2669 695 2708 c
724 2644 1099 2709 Patientiam
1139 2643 1304 2707 habe
1328 2641 1398 2706 in
1428 2661 1531 2707 me
1550 2688 1567 2723 ‚
1598 2650 1660 2707 et
1688 2643 1906 2708 omnia
1933 2643 2194 2709 reddam

654 2754 790 2817 tibi.
820 2773 852 2812 n
888 2751 960 2816 In
991 2752 1225 2817 talento
1253 2751 1460 2833 culpae
1492 2751 1774 2817 mortalis
1792 2751 2081 2816 debitum
2110 2754 2193 2817 si·

653 2861 996 2942 gnificatur
1025 2880 1042 2923 ε
1073 2859 1142 2922 in
1169 2857 1528 2923 millenario
1567 2863 1662 2922 est
1688 2858 2024 2923 abundans
2068 2879 2191 2925 nu-

655 2967 984 3030 merositas
1016 2983 1034 3028 z
1079 2965 1296 3047 decem
1335 2983 1496 3047 ergo
1537 2965 1739 3029 millia
1782 2971 1934 3030 sunt
1972 2967 2191 3032 decem

653 3073 1098 3139 mandatorum
1156 3071 1589 3155 multipliciter
1639 3078 2192 3155 transgressorum

650 3198 998 3245 numerosa
1023 3179 1253 3259 debita,
1289 3197 1436 3262 quae
1463 3180 1899 3246 satisfaciendo
1927 3182 2193 3248 reddere

652 3288 977 3351 tenemini.
1017 3285 1065 3351 Ο
1095 3292 1250 3370 quot
1277 3293 1427 3352 sunt
1440 3288 1644 3371 quiad
1665 3288 1942 3353 litteram
1970 3290 2188 3355 decem

653 3395 855 3460 millia
880 3401 1135 3478 peccata
1161 3397 1648 3460 commiserunt!
1679 3396 1703 3431 ¹·
1737 3420 1769 3459 α
1796 3396 2061 3464 Peccavi
2083 3418 2189 3464 su·

651 3521 767 3587 per
792 3521 1139 3568 numerum
1167 3522 1379 3574 arenae
1430 3504 1623 3568 maris
1642 3552 1662 3583 ,
1699 3508 1819 3570 etc.
1848 3527 1880 3567 n
1926 3506 2188 3584 Quando

650 3616 868 3675 autem
891 3610 1211 3682 reddenda
1233 3616 1382 3676 sunt
1399 3616 1803 3695 peccatorum
1822 3614 2051 3695 debita,
2084 3615 2188 3679 do·

649 3722 748 3783 cet
774 3736 891 3782 nos
929 3718 1339 3800 Magdalena‚
1387 3738 1534 3802 quae
1573 3720 1876 3804 lacrymis
1919 3723 2191 3788 reddidit

648 3825 960 3907 quidquid
989 3825 1244 3905 debuit,
1276 3828 1377 3909 cuj
1388 3845 1464 3890 us
1508 3828 1842 3910 culparum
1868 3829 2082 3894 debita
2106 3831 2187 3894 ad

647 3932 1043 4014 quingentos
1088 3931 1383 3997 denarios
1426 3934 1732 3999 Dominus
1775 3938 2088 4019 expressit
2118 3939 2185 4001 in

644 4033 945 4115 parabola
989 4034 1067 4099 de
1104 4035 1354 4099 duobus
1392 4037 1900 4102 foeneratoribus.
1931 4039 1998 4104 Si
2028 4057 2185 4121 ergo

642 4139 1021 4223 Magdalena
1043 4147 1137 4207 tot
1169 4143 1472 4226 lacrymis
1508 4145 1778 4210 reddidit
1804 4148 2185 4229 quingento-

638 4267 785 4314 rum
816 4250 1227 4315 denariorum
1264 4251 1516 4330 debita,
1566 4254 1823 4334 quantis
1864 4254 2044 4319 reddi
2070 4255 2178 4319 de-

638 4356 862 4421 herent
895 4357 1153 4422 fletibus
1179 4357 1398 4422 decem
1427 4359 1628 4422 millia
1665 4362 1901 4426 talenta
1918 4364 1950 4426 ⁴?
1980 4362 2177 4429 Isido-

637 4482 751 4529 rus
789 4469 859 4528 ⁸:
899 4487 930 4526 c
957 4464 1106 4529 Esto
1153 4469 1368 4530 tamen
1409 4484 1651 4548 pronus
1695 4468 1775 4531 ad
1815 4470 2115 4537 lamenta.
2148 4495 2178 4531 n

718 4570 807 4635 De
833 4571 1112 4636 secundo
1138 4572 1370 4638 dicitur
1396 4573 1541 4638 hic:
1573 4574 1841 4642 Reddite
1870 4593 2016 4658 quoe
2028 4585 2183 4645 sunt

641 4678 937 4758 GoeaariS,
972 4679 1235 4759 Gaesari,
1256 4684 1378 4745 etc.
1396 4680 1615 4746 Glossa
1641 4682 1663 4717 ⁸
1689 4704 1703 4747 :
1729 4706 1760 4744 α
1778 4682 1955 4749 Sicut
1974 4684 2182 4749 Caesar

633 4786 845 4867 exigit
869 4787 1355 4869 impressionem
1383 4807 1518 4853 suae
1538 4790 1871 4872 imaginiS,
1902 4792 1991 4855 ita
2011 4792 2178 4857 Deus

633 4893 914 4958 animam
930 4894 1172 4959 lumine
1183 4896 1402 4959 vultus
1421 4896 1524 4960 Dei
1537 4897 1935 4978 insignitam.
1950 4921 1981 4959 n
2003 4899 2179 4964 Hanc

635 5000 988 5083 imaginem
1035 5001 1102 5065 in
1141 5002 1401 5067 denario
1443 5004 1678 5069 animae
1727 5024 1843 5071 nos
1893 5008 2174 5074 maxime

633 5112 879 5191 oportet
903 5108 1168 5174 reddere
1193 5109 1264 5173 in
1291 5113 1518 5175 morte.
1541 5109 1731 5179 ,Unde
1757 5113 1824 5177 in
1852 5113 2104 5180 Psalmo
2125 5122 2173 5197 ⁷,

697 5307 707 5333 ¹
740 5304 877 5367 Luc„
911 5316 1014 5366 κη,
1044 5308 1091 5357 5.
1135 5331 1198 5343 -
1226 5306 1245 5336 ²
1272 5306 1472 5370 Mami„
1510 5321 1629 5374 xxt,
1657 5314 1739 5361 21.
1767 5336 1829 5349 -
1861 5312 2062 5377 ⁸1bid.‚
2093 5317 2171 5367 26.

636 5400 689 5442 ·-.
720 5374 738 5405 ⁴
764 5378 907 5426 orat.
932 5377 1170 5439 Mauors„
1198 5376 1331 5427 inter
1357 5380 1654 5446 apocrypha
1681 5381 1813 5432 Bibl.
1829 5410 1893 5421 —
1917 5386 1940 5421 ⁸
1971 5386 2089 5436 isid.
2114 5410 2177 5426 --

641 5449 659 5482 ⁰
684 5445 848 5502 Gloss.
887 5460 952 5498 ex
983 5448 1126 5512 Bed-,
1157 5450 1210 5499 in
1236 5449 1439 5513 March„
1470 5464 1597 5505 xxii.
1632 5478 1690 5492 -
1721 5453 1740 5488 ⁷
1773 5454 1907 5508 Psal.
1936 5469 2061 5522 ew,
2099 5464 2173 5510 14.

1771 459 2186 527 SERMONES
2230 457 2331 524 DE
2373 456 2770 525 TEMPORE.

2313 593 2427 658 ubi
2453 593 2714 676 legitur,
2745 611 2941 677 quam
2977 597 3267 678 pretiosa
3301 597 3395 663 sit
3419 598 3496 663 in
3520 605 3857 682 cmispectu

2324 700 2436 767 Dei
2459 716 2627 767 mors
2654 706 3016 769 sanctorum
3061 702 3201 785 ejus
3224 750 3241 781 ‚
3291 704 3526 770 dicitur
3567 728 3584 770 z
3640 730 3673 768 ι
3702 706 3855 773 Vota

2315 826 2459 872 mea
2493 808 2760 873 Domino
2785 810 3069 875 reddam.
3091 832 3122 871 ι)
3151 811 3367 875 Glossa
3397 831 3415 875 :
3457 835 3488 874 α
3516 812 3847 897 Meipsum,

2313 915 2424 997 qui
2452 934 2600 980 sum
2639 916 2884 997 imago.
2929 916 3151 1000 Imago
3189 919 3362 983 enim
3411 919 3517 984 Dei
3551 920 3678 984 Deo
3706 921 3853 985 red-

2312 1022 2517 1087 denda
2560 1028 2673 1086 est.
2723 1023 2893 1089 Bene
2940 1030 3159 1090 autem
3201 1026 3457 1091 additur
3512 1046 3529 1089 τ
3574 1029 3655 1094 In
3680 1045 3852 1096 cons-

2306 1135 2496 1213 pectu
2523 1132 2734 1197 omnis
2756 1131 2983 1214 populi
3004 1181 3025 1211 ,
3055 1133 3118 1198 id
3163 1139 3256 1197 est
3283 1134 3576 1199 omnium
3604 1142 3848 1201 saneto·

2310 1255 2483 1317 rum,
2514 1238 2582 1301 iu
2610 1256 2891 1320 quorum
2927 1240 3317 1305 consortium
3361 1240 3628 1306 reddere
3654 1242 3846 1308 debe-

2311 1364 2457 1409 mus
2476 1346 2780 1410 animam.
2800 1345 3025 1411 Utrum
3048 1352 3264 1412 autem
3291 1347 3595 1414 denarius
3617 1352 3847 1417 animae

2311 1453 2396 1516 sit
2419 1452 2637 1537 falsuS,
2670 1473 2751 1518 an
2770 1472 2924 1535 non,
2950 1459 3103 1519 tuuc
3122 1455 3463 1536 videbitur,
3494 1459 3755 1541 quando
3776 1459 3851 1524 de

2312 1562 2635 1643 marsupio
2678 1563 2960 1644 corporis
3004 1563 3377 1627 extrahetur
3395 1612 3414 1641 ‚
3445 1570 3567 1629 etc.
3606 1565 3675 1630 Si
3705 1571 3850 1632 tuuc

2309 1686 2440 1733 non
2472 1669 2665 1733 fuerit
2692 1687 2958 1749 aureuS‚
3003 1670 3108 1735 vel
3151 1676 3500 1753 argenteus
3518 1722 3537 1752 ,
3590 1675 3703 1739 sed
3742 1694 3849 1741 cu·

2309 1794 2504 1859 preus
2524 1824 2546 1857 ,
2578 1778 2681 1842 vel
2709 1779 2995 1857 ferrem,
3041 1779 3418 1845 conflabitur
3456 1781 3528 1844 in
3552 1781 3713 1864 igue
3738 1801 3848 1864 ge·

2306 1884 2562 1950 henuae.
2592 1890 2616 1926 ⁸
2643 1908 2674 1946 a
2693 1882 2926 1950 Omnes
2955 1886 3055 1957 isti
3079 1905 3190 1967 ωε,
3215 1892 3517 1952 stannum
3528 1888 3640 1971 (a),
3655 1894 3721 1953 et
3738 1890 3853 1954 fer-

2308 2009 2477 2067 rum,
2518 1994 2586 2056 et
2611 1992 2950 2074 plumbum
2982 1994 3052 2057 in
3079 1993 3292 2058 medio
3327 1995 3624 2074 fornacis,
3653 2018 3701 2063 n,
3722 1999 3841 2060 etc.

2388 2098 2473 2165 De
2508 2101 2696 2165 tertio
2743 2100 2766 2134 ⁰
2818 2123 2833 2165 ε
2895 2124 2925 2162 ιι
2970 2100 3173 2166 Omne
3218 2101 3493 2166 verbum
3531 2103 3844 2181 otiosum,

2305 2208 2477 2291 quod
2506 2207 2702 2272 loculi
2726 2208 2963 2272 fuerint
2989 2208 3282 2272 homines
3303 2258 3320 2288 ‚
3353 2209 3622 2274 reddent
3647 2211 3846 2274 ratio-

2305 2332 2456 2380 nem
2482 2313 2559 2379 de
2585 2332 2661 2379 eo
2688 2314 2758 2378 in
2785 2315 2888 2380 die
2912 2315 3160 2397 judicii.
3192 2338 3223 2375 n
3268 2315 3431 2392 Quid
3458 2316 3582 2380 erit
3611 2318 3690 2380 de
3718 2318 3843 2382 sae-

2302 2421 2409 2501 tis,
2441 2421 2553 2486 ubi
2579 2423 2739 2486 ratio
2761 2422 3064 2486 reddetur
3090 2423 3169 2486 de
3191 2423 3404 2487 verbis
3443 2424 3700 2488 otiosis?
3720 2444 3845 2490 non

2303 2528 2514 2593 solum
2562 2528 2640 2594 de
2683 2528 2897 2594 verbis
2924 2534 2988 2593 et
3013 2530 3344 2612 operibus,
3389 2530 3500 2595 sed
3540 2531 3741 2596 etiam
3772 2533 3847 2598 de

2302 2636 2641 2701 inutilitate
2670 2637 3127 2701 beneficiorum
3155 2636 3545 2702 naturalium
3569 2687 3587 2716 ,
3618 2644 3683 2704 et
3700 2658 3842 2727 cor-

2302 2743 2645 2827 poralium,
2675 2747 2739 2808 et
2765 2744 3191 2826 spiritualium
3233 2744 3417 2808 nobis
3459 2745 3842 2811 collatorum

2303 2854 2612 2916 rationem
2626 2852 2986 2931 reddemuS,
3009 2870 3156 2935 quae
3186 2855 3362 2917 tanto
3388 2855 3679 2918 severius
3712 2856 3844 2919 exi-

2304 2965 2497 3041 getur
2518 3009 2539 3040 ,
2571 2964 2809 3043 quanto
2840 2959 3082 3023 diutius
3108 2958 3436 3024 differetur
3456 3008 3478 3038 ‚
3509 2966 3573 3024 et
3603 2968 3843 3045 quanto

2300 3067 2590 3132 inutilius
2634 3065 2864 3130 talenta
2892 3064 3142 3129 Domini
3173 3066 3377 3131 multo
3420 3072 3711 3152 tempore
3738 3071 3844 3134 de-

2300 3176 2659 3241 tinentur.¹⁰
2688 3199 2719 3239 c
2756 3175 2899 3240 Post
2926 3175 3202 3240 multum
3227 3195 3380 3242 vero
3410 3181 3719 3262 temporis
3747 3200 3845 3245 ve·

2299 3285 2396 3348 nit
2419 3285 2726 3371 dominus·
2745 3283 3003 3347 illorum
3029 3302 3391 3364 servorum,
3413 3292 3478 3351 et
3497 3290 3716 3371 posuit
3738 3309 3839 3355 ra-

2299 3392 2538 3458 tionem
2564 3410 2713 3457 cum
2742 3393 2832 3455 eis
2851 3439 2867 3468 ,
2898 3413 2929 3451 a
2972 3396 3119 3472 ete„
3159 3397 3223 3457 et
3259 3392 3423 3458 infra
3450 3396 3491 3430 ¹¹
3524 3416 3539 3456 ε
3582 3420 3614 3457 α
3642 3397 3843 3463 Inuti-

2298 3500 2425 3565 lem
2452 3519 2707 3565 servum
2741 3501 2950 3583 ejicite
2978 3501 3045 3565 in
3073 3502 3367 3566 tenebras
3398 3505 3773 3573 exteriores.
3800 3529 3833 3567 ι

2304 3608 2427 3687 Qui
2461 3627 2623 3691 ergo
2649 3609 3018 3692 potentiam,
3052 3608 3167 3692 qui
3209 3610 3560 3691 scientiam,
3606 3615 3718 3696 qui
3748 3616 3841 3680 di-

2302 3719 2522 3797 vitias,
2556 3718 2661 3784 vel
2702 3718 2877 3782 aliud
2922 3719 2989 3783 in
3029 3717 3343 3783 talentum
3386 3722 3661 3804 accepit,
3710 3725 3844 3789 sive

2305 3825 2607 3903 multum,
2635 3825 2770 3888 sive
2796 3843 3023 3907 parum
3052 3826 3399 3908 acceperit,
3429 3828 3752 3894 rationem
3776 3832 3844 3896 in

2306 3934 2407 3999 die
2434 3934 2661 4017 judicii
2701 3933 2957 4012 reddet,
2990 3935 3243 3997 tantum
3278 3933 3513 4017 quippe
3557 3936 3641 3999 ab
3684 3956 3843 4003 uno-

2306 4059 2565 4125 quoque
2593 4045 2885 4105 nostrum
2914 4045 3225 4105 venturus
3244 4041 3452 4123 judex
3480 4044 3723 4126 exiget.

2384 4148 2471 4213 De
2497 4153 2729 4232 quarto
2756 4150 2801 4184 ¹²
2828 4170 2842 4211 ε
2878 4171 2909 4209 α
2930 4146 3080 4211 Esto
3110 4149 3513 4213 consentiens
3540 4154 3837 4218 adversa-

2302 4259 2402 4325 rio
2427 4262 2542 4323 tuo
2570 4256 2715 4335 cito,
2746 4256 2900 4319 dum
2928 4273 2997 4319 es
3021 4273 3170 4319 cum
3200 4273 3275 4319 eo
3305 4255 3375 4320 in
3406 4257 3528 4337 via,
3563 4279 3646 4324 ne
3682 4263 3842 4327 forte

2299 4365 2509 4430 tradat
2538 4368 2603 4427 te
2631 4362 3036 4428 adversarius
3067 4365 3217 4426 tuus
3241 4363 3487 4445 judici,
3532 4371 3600 4430 et
3637 4369 3840 4450 judex

2293 4473 2502 4538 tradat
2527 4475 2590 4534 te
2623 4469 2945 4546 ministro,
2989 4474 3053 4533 et
3086 4468 3152 4532 in
3182 4487 3500 4535 carcerem
3537 4475 3835 4542 mittaris·

2295 4580 2499 4645 Amen
2529 4579 2668 4644 dico
2696 4577 2837 4657 tibi,
2872 4595 3005 4640 non
3031 4576 3206 4641 exies
3234 4576 3417 4656 inde,
3458 4579 3662 4646 donee
3690 4586 3834 4649 red-

2292 4689 2406 4753 das
2437 4685 2862 4750 novissimum
2891 4682 3335 4766 quadrantem.
3354 4707 3386 4744 1>
3414 4686 3839 4757 Adversarius

2291 4800 2388 4860 est
2415 4793 2716 4878 quilibet,
2744 4791 2843 4856 cui
2888 4808 3002 4873 per
3039 4789 3417 4856 discordiam
3454 4794 3832 4864 adversaris.

2292 4904 2457 4970 Huic
2508 4903 2633 4967 cito
2695 4900 3051 4965 consentire
3121 4898 3310 4963 debes
3367 4904 3831 4971 concordando.

2290 5011 2460 5077 Bene
2488 5009 2638 5075 dicit
2668 5029 2685 5071 z
2714 5009 2877 5087 cito;
2896 5003 3326 5069 interlinearis
3350 5028 3365 5069 :
3389 5006 3633 5101 «Nemo
3662 5015 3835 5078 enim

2290 5120 2472 5184 novit
2513 5115 2766 5199 quando
2811 5113 2889 5177 de
2935 5111 3055 5175 hac
3099 5111 3233 5175 vita
3270 5119 3476 5178 exeat.
3520 5138 3552 5174 »
3586 5116 3703 5183 Via
3736 5127 3833 5186 est

2289 5317 2351 5329 —
2379 5290 2402 5327 ⁸
2428 5287 2630 5351 Ezech„
2660 5295 2794 5345 xxit,
2825 5285 2899 5334 18.
2927 5306 2987 5319 -
3012 5282 3035 5316 ⁰
3062 5282 3267 5343 Mateta..
3294 5295 3391 5347 xii,
3419 5288 3499 5336 36.
3520 5313 3584 5325 -
3612 5291 3654 5325 ¹⁰
3682 5291 3827 5357 ibid„

2289 5375 2412 5425 xxv,
2445 5363 2521 5411 19.
2549 5386 2611 5398 —
2645 5359 2685 5394 ¹¹
2718 5356 2866 5419 ibid„
2896 5356 2977 5405 30.
3003 5379 3063 5392 -
3088 5354 3133 5389 ¹⁸
3156 5354 3360 5412 Hattlae„
3396 5368 3445 5415 v,
3471 5361 3550 5412 25.

2355 5460 2426 5527 (α)
2455 5460 2581 5513 coet.
2610 5455 2730 5508 edit.
2760 5453 2906 5507 istius
2934 5456 3195 5517 stagnum,
3224 5452 3332 5507 sine
3356 5467 3518 5510 sensu.
