4059 6317
718 492 821 558 DE
862 490 975 557 SS.
1007 487 1396 585 ⁴PHILIPPO
1436 487 1536 555 ET
1581 442 1870 554 JAGOBO
1913 484 2365 554 APOSTOLIS.
2411 488 2676 555 SERMO
2718 488 2798 554 Il.

182 636 318 706 Ergo
343 646 469 690 non
510 628 826 689 timeamus
866 627 1007 685 dare
1049 628 1299 694 terrena,
1346 628 1412 684 ut
1448 623 1705 698 accipia-

3236 494 3355 557 553

1814 621 1981 681 audit
2005 623 2470 698 praecipientem3
2508 625 2633 684 imo
2670 623 2952 700 relinquit
2990 625 3357 686 voluntatem

181 742 300 785 mus
321 727 537 790 aeterna
567 740 582 782 ε
622 722 794 797 quia,
834 718 1163 780 secundum
1209 719 1555 779 sententiam
1594 722 1707 777 Do-
1811 717 2138 791 propriam,
2167 733 2230 776 se
2267 721 2454 775 totum
2481 717 2720 777 tradens
2766 717 3004 777 alterius
3039 718 3354 780 voluntati.

181 820 313 879 mini
340 823 381 893 ¹,
415 839 445 875 α
470 819 535 876 in
563 833 687 894 qua
711 831 990 875 mensura
1014 812 1203 873 mensi
1240 812 1485 886 fuerim,
1513 829 1704 871 reme-

177 915 338 972 tietur
361 911 556 971 vobis.
578 932 606 965 υ
628 908 653 945 ²
670 932 697 964 α
714 910 823 981 Qui
852 909 1010 967 enim
1023 925 1200 985 parce
1227 907 1500 979 seminat,
1527 922 1706 982 parce

179 1013 230 1066 et
254 1011 443 1066 metet.
474 1014 503 1062 n·
542 1010 703 1064 Iusta
743 1004 901 1063 enim
935 1019 1216 1062 mensura
1254 1002 1516 1073 seminis,
1542 1017 1709 1060 men-

177 1116 305 1159 sura
332 1099 527 1158 sutura
572 1103 658 1158 cst
699 1096 1028 1156 messionis,
1071 1098 1199 1154 Non
1234 1096 1499 1171 perditur
1541 1096 1709 1170 quod

177 1194 508 1262 seminatur,
536 1195 660 1251 imo
696 1192 776 1250 ad
820 1207 1068 1264 magnas
1109 1206 1319 1248 usuras
1344 1192 1513 1247 terrai
1540 1205 1705 1247 com·

175 1291 430 1349 mittitur.
451 1290 586 1349 Plus
612 1288 697 1346 illi
734 1286 982 1346 usurarii
1010 1286 1333 1358 lucrantur,
1365 1289 1422 1343 et
1451 1285 1709 1359 majores

174 1385 449 1460 pecunias
476 1381 802 1454 cumulant,
842 1381 945 1456 qui
972 1380 1178 1451 multa,
1219 1395 1403 1454 quam
1430 1379 1534 1453 qui
1562 1395 1709 1453 pau-

176 1495 243 1537 ca
261 1480 548 1536 mutuant.
588 1475 1006 1550 Eleemosynas
1034 1473 1200 1545 dare,
1225 1489 1349 1530 non
1374 1478 1461 1531 est
1500 1473 1709 1530 datum

174 1573 438 1649 perdere,
469 1571 577 1630 sed
602 1571 683 1632 ad
706 1585 913 1628 usuras
933 1567 1226 1627 maximas
1249 1567 1413 1625 dare.
1443 1570 1569 1625 Non
1588 1570 1711 1624 tan-

175 1674 294 1727 tum
319 1665 680 1737 redduntur,
718 1663 825 1722 sed
852 1679 974 1721 uno
1018 1661 1263 1721 denario
1308 1676 1561 1734 regnum
1602 1660 1710 1718 da-

174 1766 294 1835 tur,
348 1776 473 1819 non
516 1763 844 1828 terrenum,
881 1758 986 1815 sed
1033 1755 1355 1815 coeliferum
1369 1774 1389 1828 3
1423 1771 1548 1815 non
1579 1772 1712 1830 par-

173 1871 334 1928 vum,
358 1855 467 1913 sed
492 1868 817 1928 magnum5
846 1868 969 1910 non
995 1849 1343 1926 periturum,
1365 1849 1472 1908 sed
1499 1865 1710 1924 perpe-

174 1956 273 2010 tuo
296 1948 751 2025 possidendum.
781 1946 872 2006 Ob
901 1962 1084 2021 quam
1112 1959 1353 2003 eausam
1388 1944 1482 2001 isti
1527 1942 1710 2001 sancti

172 2044 455 2121 Apostoli,
472 2041 686 2102 relictis
702 2041 1003 2111 omnibuS,
1032 2038 1302 2113 datisque
1324 2037 1711 2114 pauperibus,

172 2154 499 2215 pauperem
536 2135 851 2194 Dominum
874 2149 1170 2208 pauperes
1195 2136 1329 2191 sunt
1365 2131 1566 2191 secuti.
1601 2135 1711 2191 Ro-

171 2248 377 2308 gemus
401 2246 568 2305 ergo,
597 2233 706 2289 etc.

735 2388 991 2449 SERMO
1035 2388 1086 2448 ΙΙ
1115 2385 1162 2448 ⁸.

244 2517 456 2584 Venite,
483 2515 611 2586 filii,
643 2512 830 2569 audite
856 2527 940 2568 mc
965 2509 1004 2566 ⁶.
1036 2508 1190 2568 Licet
1218 2508 1377 2567 enim
1400 2508 1464 2566 in
1497 2509 1714 2567 sanctis

167 2608 501 2682 Evangeliis
519 2606 709 2665 multa
733 2620 859 2663 non
884 2604 1179 2677 legantur,
1204 2604 1347 2677 quia
1372 2603 1714 2660 innumera-

167 2706 310 2765 bilia
334 2703 478 2763 feeit
502 2701 782 2760 Dominus
800 2703 858 2758 et
885 2698 1051 2769 dixit,
1079 2715 1212 2773 quas
1239 2714 1419 2755 nemo
1450 2701 1713 2772 Evange-

160 2800 437 2858 listarum
462 2795 710 2870 scripsit,
732 2792 880 2851 sicut
899 2793 1151 2850 habetur
1188 2792 1250 2850 in
1276 2792 1396 2850 fine
1423 2795 1647 2850 Joannis
1669 2795 1712 2864 ⁶,

163 2892 315 2951 nulli
372 2897 571 2949 tamen
628 2887 881 2945 dubium
927 2902 1053 2945 esse
1096 2885 1295 2956 debet,
1342 2887 1510 2961 quod
1563 2885 1714 2945 sicut

163 2986 454 3045 Dominus
482 2987 736 3054 Petrum,
769 2984 826 3039 et
851 2979 1169 3049 Andream‚
1194 2978 1505 3051 Iacobum,
1536 2983 1713 3038 Joan-

159 3097 325 3152 nem,
349 3077 621 3136 similiter
655 3075 986 3135 Matthoeum
1025 3075 1280 3143 vocavit,
1310 3076 1365 3131 et
1398 3073 1476 3131 ad
1518 3090 1581 3132 se
1623 3090 1715 3132 se-

160 3174 483 3249 quendum
510 3170 794 3241 invitavit,
824 3168 906 3226 sic
936 3173 992 3226 et
1008 3168 1311 3243 apostolos
1326 3173 1562 3226 caeteros
1576 3184 1715 3226 evo-

161 3267 340 3326 cavit.
371 3270 525 3325 Nam
552 3264 627 3322 de
647 3262 917 3337 Philippo
947 3277 1220 3336 expresse
1246 3261 1523 3333 habetur,
1546 3261 1716 3337 quod

160 3363 314 3421 dixit
342 3362 401 3419 ei
429 3362 451 3395 ⁶
482 3378 497 3418 z
535 3379 565 3413 α
604 3360 859 3433 Sequere
900 3372 1017 3414 me.
1048 3375 1076 3411 n
1110 3355 1258 3426 Quia
1292 3356 1470 3428 igitur
1495 3356 1579 3433 ita
1606 3361 1710 3428 est,

157 3457 317 3516 bene
346 3460 407 3514 et
435 3468 697 3526 congrue
725 3451 801 3509 de
838 3450 1054 3508 horum
1093 3450 1511 3524 Apostolorum
1541 3468 1718 3509 voca-

157 3553 322 3611 tione
365 3549 515 3609 dicit
555 3546 839 3606 Dominus
881 3560 990 3619 per
1041 3544 1391 3619 prophetam
1423 3563 1438 3602 2
1489 3547 1712 3619 Venite,

154 3649 290 3720 filii,
320 3645 523 3703 audite
548 3657 654 3713 nie,
692 3639 756 3697 id
794 3642 898 3706 est,
927 3637 1120 3696 venite
1167 3641 1301 3712 post
1327 3654 1422 3696 me
1468 3658 1482 3695 ε
1536 3656 1714 3713 quem

151 3740 387 3813 audite,
435 3741 500 3795 ut
535 3733 876 3794 Pontificem
910 3748 1233 3802 summum,
1273 3734 1339 3789 ut
1374 3732 1714 3804 Dominum,

152 3841 211 3894 et
253 3832 628 3907 Magistrum.
669 3831 734 3886 ln
768 3827 987 3902 quibus
1027 3826 1228 3885 verbis
1273 3825 1557 3885 Dominus
1605 3828 1715 3886 tria

145 3926 294 3987 facit
344 3944 361 3984 t
411 3923 613 4000 primo
649 3921 808 3980 enim
849 3919 1103 3978 ostendit
1147 3936 1319 3978 suam
1353 3920 1715 3979 benevolen-

148 4022 323 4091 tiam,
355 4024 427 4078 ut
451 4016 684 4076 facilius
709 4014 1172 4086 retraherentur3
1187 4013 1476 4073 ‘secundo
1504 4015 1716 4074 invitat

145 4116 230 4176 ad
253 4114 528 4184 veniam,
555 4117 683 4197 utsa
710 4110 900 4185 culpis
937 4108 1240 4185 praeteritis
1284 4115 1712 4185 purgarentur3

143 4210 324 4269 tertio
353 4206 610 4267 mandat
635 4204 1059 4276 obedientiam,
1084 4220 1205 4278 qua
1232 4204 1295 4261 in
1333 4204 1522 4278 gratia
1548 4220 1714 4263 com-

141 4304 489 4379 plerentur.
518 4300 747 4375 Optime
775 4298 1217 4371 conjunguntur
1243 4297 1368 4355 hoec
1395 4298 1526 4370 tria,
1571 4299 1715 4373 quia

143 4399 227 4457 ad
247 4394 641 4472 sequendum
655 4392 1073 4452 benevolentia
1090 4391 1292 4463 allicit,
1316 4392 1492 4451 venia
1514 4393 1713 4469 dispo-

139 4492 254 4567 nit,
286 4490 406 4552 sed
422 4487 768 4549 obedientia
784 4487 1031 4562 perficit.
1058 4490 1302 4545 Notatur
1319 4487 1499 4561 igitur
1516 4488 1713 4563 primo

49 4592 54 4599 '
139 4586 394 4646 Domini
423 4580 863 4650 benevolentia,
892 4596 1029 4639 cum
1057 4580 1272 4638 dicitur
1302 4600 1319 4637 ε
1351 4583 1488 4638 Filii
1512 4599 1533 4640 .·
1566 4582 1714 4639 nihil

140 4679 312 4739 enim
345 4682 445 4738 est
485 4677 549 4735 in
591 4674 896 4734 amoribus
935 4675 1129 4748 majus
1179 4690 1383 4733 amore
1425 4674 1709 4734 filiorum.

138 4772 443 4835 Secundo
471 4772 710 4829 notatur
737 4769 964 4827 vocatio
992 4767 1074 4826 ad
1096 4768 1356 4841 veniam,
1381 4769 1504 4827 sive
1531 4786 1716 4829 reces-

136 4885 283 4928 sum
314 4883 357 4926 a
388 4864 595 4938 culpa,
625 4867 683 4921 et
719 4879 757 4921 a
792 4863 914 4921 vita
951 4861 1276 4936 praeterita,
1318 4879 1454 4920 cum
1497 4863 1664 4922 addit
1696 4884 1710 4923 :

142 4964 355 5023 Venite
387 4979 406 5016 ε
444 4956 593 5034 quid
637 4959 724 5014 est
749 4956 909 5014 enim
934 4954 1160 5026 venire,
1187 4955 1301 5035 nisi
1333 4973 1369 5015 a
1408 4959 1713 5032 praeteritis

134 5073 401 5133 surgere
435 5059 494 5113 et
541 5053 620 5113 ad
664 5050 955 5112 Christum
989 5051 1309 5110 accedere?
1334 5055 1523 5114 Tertio
1568 5070 1712 5115 vero

134 5155 399 5212 notatur
430 5146 701 5206 invitatio
745 5145 820 5203 ad
860 5144 1295 5217 obedientiam,
1338 5162 1474 5205 cum
1509 5150 1715 5207 scribi-

137 5250 239 5306 tur
275 5266 291 5304 :
327 5243 553 5303 Audite
587 5257 670 5298 me
696 5259 716 5296 .-
754 5254 932 5297 verus
970 5237 1128 5297 euim
1171 5240 1457 5299 obediens
1502 5246 1715 5304 attente

209 5375 221 5405 ¹
271 5373 434 5430 Luc„
476 5379 557 5431 vi,
602 5369 682 5418 38.
717 5391 781 5404 -
823 5367 845 5401 ²
881 5366 920 5416 n
970 5365 1108 5426 Gor..
1149 5377 1236 5428 ιε,
1276 5369 1324 5417 6.
1359 5394 1414 5406 -
1441 5368 1636 5421 ’Hunc
1665 5376 1717 5424 et

137 5447 482 5512 sequentem
523 5439 680 5491 habet
708 5437 832 5491 edit.
868 5440 1096 5503 flageno.
1137 5451 1222 5493 au.
1263 5440 1403 5491 1496.
1433 5464 1495 5479 -
1531 5442 1549 5472 ⁴
1579 5443 1711 5498 psat,

1813 812 1971 870 Dicat
2000 829 2142 886 ergo
2171 813 2451 873 Dominus
2473 814 2765 888 Apostolis
2792 813 2953 872 suis:
2990 816 3200 887 Venite,
3222 819 3351 888 filii,

1814 908 2004 964 audite
2029 924 2131 964 me.
2164 910 2259 966 Est
2299 924 2440 981 ergo
2468 907 2821 980 notandum,
2852 908 3020 983 quod
3069 925 3205 966 cum
3234 910 3354 967 suis

1815 1001 2106 1074 Apostolis
2130 1001 2436 1109 debemus
2443 1001 2642 1060 venire
2671 1001 2749 1059 ad
2779 1001 3042 1059 divinam
3085 1018 3354 1060 reveren-

1814 1190 2230 1264 portationem,
2254 1195 2548 1265 praecepta
2586 1116 2913 1261 se³rvanc103
2951 1190 3029 1248 ad
3057 1191 3354 1250 malorum

1816 1283 2087 1341 omnium
2115 1284 2520 1355 tolerantiam,
2563 1284 2857 1342 Christum
2897 1284 3242 1357 sequend03
3275 1284 3355 1342 ad

1814 1377 2176 1453 paupertatis
2228 1377 2638 1449 eminentiam,
2698 1378 3049 1452 temporalia
3092 1383 3357 1436 contem-

1815 1473 2054 1548 nend03
2099 1474 2180 1533 ad
2218 1474 2446 1550 praemii
2489 1473 2931 1544 excellentiam,
2979 1474 3060 1532 ad
3101 1473 3358 1548 patriam

1817 1569 2162 1640 aspirando.

1890 1664 2049 1733 Dico,
2080 1662 2245 1737 quod
2282 1662 2476 1737 primo
2509 1661 2710 1720 venire
2751 1661 3040 1720 debemus
3076 1661 3156 1719 ad
3205 1661 3358 1719 divi-

1817 1774 1958 1816 nam
1984 1758 2395 1829 reverentiam,
2415 1756 2687 1815 ecclesias
2708 1756 3161 1831 trequentando.
3190 1755 3356 1814 Unde

1819 1853 2067 1921 dicitur⁷
2097 1852 2265 1927 quod
2309 1855 2554 1910 «Petrus
2590 1856 2647 1909 et
2684 1854 2936 1909 loannes
2964 1850 3359 1909 ascenderunt

1816 1948 1882 2006 in
1919 1947 2239 2023 templum,
2269 1947 2349 2005 ad
2387 1947 2599 2005 horam
2639 1946 2919 2004 orationis
2956 1962 3199 2004 nonam.
3232 1966 3262 2001 n
3292 1948 3360 2004 Et

1819 2043 2183 2102 credendum
2203 2045 2311 2113 est,
2341 2041 2508 2116 quod
2533 2040 2682 2098 sicut
2706 2040 2769 2098 in
2794 2039 2920 2110 illa,
2940 2039 3024 2097 sic
3045 2039 3203 2097 etad
3230 2056 3359 2099 om-

1817 2154 1925 2196 nes
1953 2137 2100 2195 alias
2132 2136 2311 2195 horas
2345 2134 2743 2193 ascendebant
2775 2134 2840 2192 in
2873 2134 3181 2208 templum.
3211 2138 3358 2215 Nam

1820 2238 1876 2291 et
1901 2234 2017 2291 hoc
2044 2233 2121 2291 de
2157 2236 2359 2291 sancto
2400 2230 2622 2289 Jacobo
2662 2229 2894 2300 dicitur,
2926 2227 3092 2302 quod
3116 2233 3362 2303 propter

1819 2326 2229 2385 excellentiam
2260 2342 2381 2384 suae
2418 2324 2756 2395 sanctitatiS,
2786 2339 2922 2407 cum
2964 2321 3256 2380 diceretur
3283 2321 3361 2380 ab

1821 2421 2099 2481 omnibus
2131 2421 2344 2494 iustus,
2380 2423 2647 2493 essetque
2682 2412 2967 2477 salvatori
3006 2416 3364 2489 simillimus,

1819 2522 2061 2592 propter
2090 2515 2257 2591 quod
2301 2517 2358 2572 et
2396 2513 2576 2572 frater
2617 2510 2847 2570 Domini
2894 2510 3003 2568 fuit
3044 2509 3254 2583 dictus,
3285 2508 3361 2568 de

1820 2625 2115 2670 consensu
2159 2607 2575 2683 Apostolorum
2621 2606 2911 2679 omnium,
2937 2607 3072 2679 post
3111 2607 3364 2661 mortem

1820 2705 2053 2765 Domini
2101 2702 2519 2778 Hierosolymis
2557 2701 2747 2760 factus
2790 2704 2877 2758 est
2923 2699 3264 2774 episcopus;
3311 2703 3367 2758 et

1823 2801 1988 2877 quod
2016 2799 2071 2857 ei
2098 2798 2210 2856 soli
2238 2815 2313 2856 ex
2338 2796 2618 2855 omnibus
2655 2794 2950 2870 Apostolis
2987 2794 3363 2853 concedeba-

1822 2898 1938 2966 tur,
1954 2898 2019 2952 ut
2044 2896 2255 2952 Sancta
2271 2895 2607 2949 sanctorum
2626 2887 3033 2962 ingrederetur
3049 2908 3068 2962 3
3097 2893 3154 2946 et
3174 2888 3363 2963 quod,

1823 3004 2021 3062 genua
2056 2986 2246 3060 figens
2276 2987 2340 3043 in
2372 2984 2616 3059 temple,
2646 2998 2757 3058 pro
2786 2981 3016 3057 populo
3044 2982 3273 3053 orabat,
3303 2986 3372 3040 ut

1823 3084 1949 3157 ejus
1976 3097 2174 3156 genua
2197 3079 2613 3138 indurarentur
2639 3092 2818 3151 super
2860 3075 3138 3134 duritiam
3167 3090 3367 3133 came·-

1823 3178 2041 3237 lorum.
2074 3180 2188 3235 Nos
2216 3190 2359 3248 ergo
2387 3173 2467 3231 ad
2485 3173 2639 3230 hanc
2659 3171 2925 3228 divinam
2951 3169 3364 3243 reverentiam,

1824 3276 1881 3330 et
1925 3269 2258 3341 orationem
2307 3269 2586 3325 devotam
2629 3264 2986 3322 invitamur⁸
3026 3282 3041 3321 :
3097 3250 3365 3335 «Venite,

1824 3367 2166 3436 adoremus,
2198 3368 2254 3422 ct
2271 3360 2654 3438 procidamus
2681 3362 2815 3417 ante
2833 3363 3040 3429 Deum,
3063 3357 3369 3433 ploremus

1824 3478 2027 3521 coram
2053 3457 2326 3529 Domino,
2354 3455 2459 3531 qui
2486 3454 2623 3513 fecit
2646 3469 2758 3511 nos
2789 3471 2804 3510 ε
2835 3451 2978 3527 quia
3001 3451 3126 3526 ipse
3149 3456 3234 3510 est
3261 3455 3371 3511 Do-

1823 3557 2023 3613 minus
2052 3557 2200 3611 Deus
2225 3552 2443 3609 noster.
2462 3568 2492 3605 n
2526 3548 2583 3605 Si
2610 3546 2770 3606 enim
2796 3544 2921 3620 ipse
2949 3550 3034 3604 est
3062 3544 3367 3620 DominuS,

1823 3651 1929 3727 qui
1957 3648 2209 3721 creavit3
2239 3647 2289 3704 si
2322 3646 2447 3720 ipse
2489 3647 2576 3702 est
2609 3641 2913 3713 Dominus,
2943 3640 3048 3715 qui
3072 3641 3326 3699 redemit
3344 3661 3364 3715 ς

1823 3747 1873 3804 si
1909 3745 2035 3821 ipse
2077 3747 2165 3802 est
2204 3742 2505 3811 Dominus,
2539 3738 2644 3813 qui
2689 3735 2985 3811 gubernat
3013 3738 3071 3793 et
3110 3735 3288 3809 regit3
3318 3735 3371 3794 si

1824 3843 2023 3899 autem
2063 3854 2175 3896 nos
2217 3835 2479 3912 populus
2507 3834 2656 3907 ejuS,
2683 3831 2735 3889 si
2763 3846 2907 3889 oves
2944 3845 3179 3904 pascuae
3220 3830 3369 3903 ejus,

1825 3950 1968 4008 ergo
1995 3932 2191 3991 venite
2220 3944 2470 4004 corpore
2500 3946 2516 3986 ε
2545 3926 2865 3985 adoremus
2889 3925 3086 3981 mente
3119 3940 3134 3979 ε
3170 3922 3368 3996 proci-

1825 4031 2040 4087 damus
2067 4031 2201 4084 ante
2246 4040 2385 4084 eum
2428 4036 2678 4096 corpore
2724 4024 2781 4077 et
2820 4014 3041 4090 mente,
3070 4022 3127 4076 et
3166 4016 3368 4093 plore-

1823 4140 1959 4183 mus
1985 4138 2190 4181 coram
2211 4135 2306 4191 ec,
2328 4134 2403 4177 ex
2428 4117 2811 4192 peccatorum
2835 4111 3270 4184 recordatione,
3295 4128 3368 4170 ex

1823 4220 2123 4278 bonorum
2184 4213 2536 4284 omissione,
2602 4225 2677 4268 ex
2746 4210 3174 4282 praeceptorum
3242 4206 3369 4279 ejus

1823 4310 2308 4387 transgressione,
2347 4311 2406 4365 et
2444 4323 2517 4365 ex
2554 4302 2826 4363 omnium
2860 4302 3077 4359 virium
3121 4299 3364 4359 interio-

1822 4424 1960 4467 rum
1987 4404 2386 4479 corruptione.
2410 4403 2457 4460 Ο
2495 4412 2781 4471 magnam
2810 4394 3231 4454 verecundiam
3255 4409 3367 4469 po-

1822 4501 1981 4577 pulis
2011 4496 2363 4566 christianiS,
2398 4491 2590 4569 quod,
2616 4507 2757 4549 cum
2790 4488 3009 4564 pagani
3049 4486 3132 4546 sic
3169 4487 3367 4545 visita·

1821 4598 1973 4665 rent,
2001 4598 2056 4651 et
2082 4592 2166 4650 sie
2191 4588 2575 4659 honorarent,
2599 4586 2685 4643 sic
2712 4583 2971 4658 denique
3000 4582 3279 4641 offerrent
3306 4582 3370 4639 in

1824 4688 2059 4763 templis
2100 4700 2343 4744 suorum
2384 4682 2659 4752 deorum,
2701 4682 2760 4736 ct
2802 4678 3141 4736 daemonum
3185 4673 3369 4750 pessi-

1823 4800 2084 4856 morum,
2113 4782 2224 4857 ipsi
2267 4777 2539 4839 ecclesias
2577 4775 2831 4849 fugiunt,
2862 4773 2943 4832 ad
2983 4790 3084 4832 eas
3108 4774 3193 4832 ire
3220 4788 3366 4831 con-

1822 4882 2113 4950 temnunt,
2157 4874 2420 4934 decimas
2458 4881 2515 4930 et
2557 4870 2721 4928 dona
2766 4883 2892 4926 non
2942 4867 3219 4938 offerunt,
3262 4865 3369 4924 sed

1823 4974 2041 5050 potius,
2071 4972 2118 5029 si
2146 4971 2414 5046 possunt,
2442 4966 2528 5025 eis
2555 4964 2847 5035 auferunt,
2875 4965 2934 5021 et
2972 4962 3208 5021 divitias
3233 4976 3368 5035 pos-

1824 5068 2035 5127 sident.
2075 5065 2278 5125 Milites
2316 5064 2479 5120 enim
2523 5059 2707 5117 nostri
2755 5056 3037 5132 temporis
3077 5071 3364 5113 verecun-
3452 5068 3517 5109 Ex
3489 5077 3607 5111 xem-

1826 5164 2041 5221 dantur
2069 5159 2148 5218 ad
2176 5156 2451 5216 ecclesias
2474 5154 2582 5226 ire,
2617 5156 2694 5225 et,
2720 5153 2767 5210 si
2797 5149 3104 5210 casualiter
3124 5150 3365 5221 vadant,
3393 5130 3468 5183 ¹³¹
3470 5141 3533 5172 ¹²²·

1824 5254 2298 5315 verecundantur
2342 5251 2656 5309 Dominum
2702 5247 2974 5305 adorare.
3030 5248 3075 5303 Ο
3132 5259 3368 5302 summa

1829 5394 2027 5444 xxxin,
2070 5386 2144 5430 12.
2174 5407 2231 5417 -
2262 5380 2467 5434 ⁵Joan„
2505 5387 2612 5439 xxi,
2646 5378 2723 5425 25.
2752 5401 2812 5412 —
2853 5374 2872 5405 ⁶
2914 5372 3063 5438 lbid.,
3107 5384 3151 5439 ι,
3191 5374 3270 5423 43.
3310 5398 3365 5417 -.-

1825 5455 1845 5491 ‘¹
1873 5456 2005 5515 Act„
2034 5465 2117 5519 ιιι,
2150 5456 2193 5503 l.
2223 5477 2283 5491 -·
2312 5452 2334 5488 ⁸
2362 5448 2496 5502 Psal.
2530 5458 2668 5511 xciv,
2696 5449 2743 5498 6.
