4059 6317
625 505 748 567 248
1727 492 2149 563 SERMONES
2190 494 2292 562 DE
2328 493 2723 565 TEMPORE.

625 633 908 719 paternis
930 631 1134 698 oculis
1173 633 1452 716 benigne
1476 633 1687 699 fllium
1715 650 1907 699 suum
1943 649 2165 697 rever-

2284 630 2547 711 videbo,
2574 631 2819 716 inquit,
2855 646 2996 711 vos,
3026 633 3147 697 etc.
3172 628 3225 699 0
3252 632 3815 715 quamdilectores

627 745 866 808 tentem
894 743 1073 824 pater
1111 740 1405 827 respiciat
1429 743 1450 779 ¹
1479 762 1496 807 ι
1533 763 1568 803 ιι
1592 740 1754 807 Cum
1796 743 2012 805 autem
2050 739 2162 804 ad-
2273 756 2425 803 suos
2441 734 2728 822 jucunde
2751 738 3017 818 videbit,
3048 736 3165 804 ubi
3188 738 3285 803 nil
3308 739 3381 805 in
3407 739 3502 805 eis
3526 740 3804 822 videbit,

628 850 759 914 huc
782 847 976 928 longe
1000 850 1192 927 esset,
1221 846 1385 914 vidit
1417 847 1602 914 illum
1628 852 1808 933 pater
1842 846 2073 931 ipsius,
2104 849 2168 911 et
2277 846 2450 930 quod
2475 845 2675 911 oculis
2725 845 3116 929 displicebitl
3144 846 3168 881 ⁹
3196 867 3228 908 α
3258 845 3439 912 Oculi
3482 846 3593 913 Dei
3630 847 3816 915 vide-

630 952 1062 1023 misericordia
1096 958 1309 1020 motus
1345 958 1442 1021 est
1461 1003 1482 1035 ,
1525 979 1557 1016 ιι
1595 959 1716 1020 etc.
1759 953 1918 1019 Ecce
1958 954 2171 1036 gratia
2277 957 2432 1019 runt
2456 953 2787 1035 diligentes
2814 971 2884 1018 se
2913 952 3027 1036 (α).
3060 975 3093 1013 n
3124 951 3305 1032 Quod
3331 971 3463 1019 non
3494 953 3709 1020 solum
3738 953 3812 1037 (b)

629 1065 830 1149 hujus
855 1063 1037 1128 visus
1057 1108 1081 1142 ,
1111 1080 1241 1146 quo
1268 1066 1450 1146 pater
1487 1062 1921 1128 misericordia
1954 1067 2172 1127 motus
2282 1061 2510 1144 gratiae
2539 1109 2558 1142 ,
2598 1060 2709 1126 sed
2749 1060 2943 1125 etiam
2991 1059 3217 1141 glorias
3264 1063 3470 1142 potest
3510 1061 3808 1144 intelligi.

631 1173 758 1238 tria
807 1170 1016 1237 facit.
999 1193 1016 1209 ·
1066 1172 1394 1252 Accurrit,
1441 1190 1556 1256 per
1597 1172 1877 1255 gratiam
1917 1188 2167 1255 praeve-

2283 1169 2534 1247 Quanto
2580 1185 2745 1251 crgo
2789 1167 2932 1250 plus
2984 1167 3315 1249 diligimus
3358 1167 3607 1249 Deum,
3648 1172 3825 1235 tanto

632 1281 955 1358 nientem;
998 1297 1196 1362 super
1222 1278 1457 1345 collum
1486 1280 1691 1359 cadit,
1735 1297 1850 1363 per
1894 1279 2173 1360 gratiam
2283 1280 2429 1361 plus
2468 1277 2859 1343 dilectissimi
2897 1276 3065 1343 oculi
3107 1275 3217 1341 Dei
3258 1276 3330 1340 in
3364 1294 3517 1357 nos,
3567 1280 3636 1342 et
3660 1280 3828 1342 certe

635 1389 1161 1475 subsequentem3
1208 1378 1549 1468 osculatur,
1595 1405 1711 1471 per
1754 1386 2059 1467 fiduciam
2097 1387 2177 1452 de
2286 1385 2454 1452 oculi
2483 1385 2685 1453 nostri
2709 1388 2905 1450 erunt
2937 1384 3006 1448 in
3028 1384 3267 1466 ipsum.
3296 1383 3706 1465 Augustinus
3730 1383 3825 1450 ¹⁶:

635 1498 1035 1581 peccatorum
1062 1495 1434 1559 remissione
1457 1495 1913 1567 consolantem.

2297 1517 2330 1555 α
2350 1493 2588 1559 Amore
2627 1492 2738 1557 Dei
2783 1490 2947 1557 nihil
2991 1490 3255 1557 suavius
3272 1534 3292 1569 ‚
3334 1490 3498 1557 nihil
3538 1489 3829 1570 dulcius,

718 1602 806 1667 De
830 1601 1017 1667 tertio
1040 1603 1103 1638 '-
1088 1623 1177 1666 .«
1199 1600 1370 1667 Vidit
1396 1601 1480 1665 ibi
1511 1602 1842 1668 bominem
1869 1621 2001 1668 non
2036 1620 2177 1667 ves·
2288 1601 2451 1667 nihil
2493 1602 2761 1685 dignius
2796 1623 2814 1667 ε
2860 1617 2991 1683 quo
3036 1600 3109 1684 (c)
3158 1602 3399 1682 quanto
3454 1600 3606 1682 quis
3644 1599 3837 1669 fuerit

639 1709 828 1774 titum
862 1711 1040 1773 veste
1068 1707 1339 1791 nuptiali
1358 1756 1376 1785 ,
1407 1731 1440 1769 n
1476 1712 1599 1774 etc.
1625 1709 1832 1775 Vestis
1875 1709 2181 1792 nuptialis
2288 1709 2633 1775 ferventior
2651 1758 2671 1789 ,
2724 1712 2900 1774 tanto
2948 1711 3092 1790 ejus
3141 1707 3301 1772 visio
3346 1708 3470 1773 erit
3516 1708 3830 1786 silavior3

641 1820 737 1883 est
762 1817 931 1882 bona
953 1815 1126 1881 vita⁸
1155 1834 1174 1881 τ
1213 1815 1452 1882 «Omni
1481 1820 1770 1900 tempore
1795 1816 2184 1882 vestimenta
2291 1820 2531 1901 quanto
2568 1834 2743 1881 nune
2776 1816 3208 1881 desideramus
3250 1814 3579 1881 ardentius
3598 1861 3621 1895 ‚
3659 1818 3837 1882 tanto

643 1929 759 1990 tua
784 1922 915 1988 sint
946 1922 1229 1989 candida.
1258 1944 1291 1984 x·
1324 1922 1503 1988 Bona
1544 1922 1718 1988 enim
1765 1925 1902 1989 vita
1949 1923 2183 1989 melius
2292 1924 2504 2018 ipsum
2531 1923 2924 1994 intuebimur
2948 1922 3200 1988 clarius.
3232 1942 3265 1982 ι

645 2031 836 2099 vestit
872 2030 1203 2095 hominem
1250 2030 1427 2095 omni
1469 2048 1763 2114 purpura
1785 2077 1809 2111 ,
1853 2034 1921 2096 et
1968 2046 2184 2114 panno

649 2138 948 2224 pretioso.
980 2136 1105 2203 Sed
1133 2137 1397 2221 quidam
1424 2137 1664 2202 habent
1688 2137 2018 2221 pretiosas,
2048 2138 2188 2222 qui-

650 2249 800 2314 dam
834 2248 1100 2312 omnino
1143 2246 1427 2312 sordidas
1444 2293 1464 2327 ,
1511 2246 1777 2330 quidam
1821 2246 2149 2311 intercisas
2164 2294 2183 2326 ,

652 2356 765 2439 qui
792 2355 1025 2438 partim
1051 2353 1210 2434 Deo,
1240 2355 1473 2438 partim
1494 2353 1744 2420 diabolo
1770 2354 2081 2420 serviunt.
2109 2352 2190 2418 Hi

650 2461 1059 2528 dominorum
1095 2479 1363 2527 suorum
1390 2464 1602 2527 vestes
1642 2460 1997 2544 accipiunt,
2041 2479 2191 2526 cum

650 2574 867 2635 tamen
893 2569 1020 2633 nisi
1045 2569 1227 2634 alteri
1262 2588 1489 2634 eorum
1515 2570 1833 2636 deservire
1864 2587 1995 2634 non
2041 2586 2193 2652 pos·

653 2680 805 2743 sunt
823 2682 847 2719 ⁸
878 2697 896 2742 ι
932 2700 965 2739 c
992 2674 1194 2742 Nemo
1222 2681 1428 2761 potest
1469 2677 1720 2743 duobus
1762 2676 2040 2743 dominis
2066 2695 2196 2741 ser-

657 2786 839 2865 vire;
871 2788 984 2850 aut
1008 2785 1182 2851 enim
1208 2803 1412 2850 unum
1432 2832 1451 2863 ‚
1480 2806 1513 2845 n
1550 2788 1669 2850 etc.
1713 2784 2004 2850 Terribili
2029 2802 2194 2866 ergo

658 2895 839 2974 visu,
869 2895 1153 2958 carentes
1172 2893 1447 2975 pretiosa
1478 2897 1650 2958 veste
1667 2939 1690 2972 ,
1720 2893 1961 2959 videbit
1988 2893 2198 2959 Domi-

658 3019 786 3066 nus
809 2998 1165 3083 injudicio.
1194 2998 1242 3063 Ο
1267 3017 1464 3081 quam
1500 2999 1871 3065 ardentibus
1899 3001 2138 3066 oculis!
2174 3002 2198 3038 ⁸

670 3130 702 3170 α
725 3106 904 3173 Oculi
928 3107 1071 3188 ejus
1099 3107 1408 3188 tanquam
1430 3105 1692 3170 flamma
1715 3106 1915 3188 ignis.
1944 3128 1976 3168 ι)
2012 3107 2199 3173 Hunc

661 3215 876 3281 visum
902 3213 1143 3278 faciunt
1168 3212 1492 3278 crudelem
1510 3214 1746 3279 scelera
1771 3214 2112 3280 hominum
2126 3217 2148 3252 ⁸
2176 3238 2194 3282 ι

670 3344 703 3384 α
726 3320 959 3388 Videns
1004 3325 1221 3385 autem
1266 3321 1429 3386 Deus
1492 3321 1665 3406 quod
1709 3310 1914 3387 multa
1957 3323 2200 3388 malitia

663 3431 826 3495 esset
848 3428 915 3492 in
945 3431 1137 3508 terra,
1159 3450 1192 3489 n
1227 3432 1347 3493 etc.
1384 3428 1598 3495 Infra:
1636 3452 1668 3493 α
1688 3429 1937 3511 Deleb0,
1966 3430 2198 3513 inquit,

665 3535 1018 3600 hominem.
1045 3557 1076 3594 ι»
1109 3533 1286 3599 Sicut
1323 3540 1540 3601 autem
1566 3537 1636 3601 in
1678 3537 1923 3603 diluvio
1962 3556 2201 3622 aquam

665 3641 883 3707 nullus
909 3642 1142 3721 evasit,
1172 3642 1296 3707 nisi
1322 3661 1436 3725 per
1460 3662 1675 3709 arcam
1690 3692 1711 3725 ‚
1741 3645 1831 3710 ita
1856 3645 1926 3710 in
1956 3645 2202 3729 judicio

665 3752 890 3833 ignem
916 3749 1134 3816 nullus
1158 3751 1407 3831 evadet,
1433 3752 1560 3816 nisi
1583 3771 1696 3836 per
1722 3772 1958 3833 arcam,
1988 3754 2057 3820 id
2079 3758 2198 3834 est,

668 3857 1010 3923 Ecclesiam
1051 3878 1068 3922 ε
1117 3858 1230 3941 qui
1279 3858 1514 3924 scilicet
1555 3860 1624 3924 in
1663 3860 1801 3944 ipsa
1841 3862 2033 3927 fuerit
2073 3879 2204 3928 non

667 3970 923 4030 tantum
950 3964 1020 4030 in
1049 3984 1328 4031 numero
1346 4014 1367 4045 ,
1398 3966 1508 4032 sed
1534 3967 1726 4035 etiam
1755 3969 2005 4035 merito.

749 4071 837 4137 De
862 4077 1092 4156 quarto
1112 4074 1134 4109 '¹
1167 4095 1182 4138 :
1225 4073 1349 4141 Vos
1374 4073 1637 4158 quidem
1660 4091 1832 4141 nunc
1859 4078 2207 4145 tristitiam

670 4181 953 4259 habetis,
984 4181 1230 4248 iterum
1273 4188 1488 4250 autem
1520 4181 1746 4251 videbo
1771 4199 1922 4262 vos,
1953 4188 2072 4249 etc.
2102 4182 2207 4249 Vi·

670 4288 867 4354 sionis
891 4288 1091 4370 huius
1118 4288 1431 4369 gaudium
1462 4307 1592 4355 non
1619 4294 1822 4372 potest
1848 4290 2003 4355 tolli.
2035 4290 2206 4357 Visio

670 4395 812 4460 haec
832 4399 927 4460 est
953 4395 1252 4460 tantum
1234 4414 1306 4459 ιιι
1329 4395 1558 4478 patria.
1588 4395 1945 4463 Bernardus
1966 4397 2039 4434 ⁸·
2022 4422 2109 4462 ,α
2136 4398 2209 4463 11-

670 4502 781 4568 lud
807 4502 1015 4566 solum
1042 4505 1137 4566 est
1162 4519 1388 4567 verum
1414 4502 1748 4587 gaudium,
1775 4506 1945 4589 quod
1971 4524 2101 4572 non
2128 4506 2209 4572 de

673 4611 969 4673 creatura
990 4656 1006 4687 ‚
1037 4607 1148 4673 sed
1175 4609 1255 4674 de
1281 4609 1572 4676 Creatore
1598 4611 1951 4694 concipitur
1979 4633 1996 4676 ε
2034 4613 2207 4697 quod

673 4734 825 4781 cum
850 4715 1204 4799 possederis
1224 4763 1245 4796 ,
1275 4735 1466 4782 nemo
1492 4718 1668 4784 tollet
1691 4737 1734 4783 a
1757 4724 1817 4785 te
1848 4741 1865 4786 ι
1895 4720 1998 4786 cui
2028 4739 2208 4787 com-

673 4828 895 4909 parata
941 4824 1152 4890 omnis
1200 4824 1456 4890 aliunde
1510 4826 1882 4908 ‚iucunditas
1899 4876 1917 4907 ,
1971 4847 2211 4897 moeror
2271 4836 2274 4840 ’

674 4937 804 5010 est3
849 4931 1060 4998 omnis
1097 4931 1381 4997 suavitas
1403 4980 1423 5012 ,
1468 4931 1685 5013 dolor;
1737 4951 1929 5000 omne
1979 4936 2166 5007 dulce
2182 4986 2204 5019 ‚

677 5058 972 5106 amarum
993 5062 1012 5120 ;
1053 5056 1247 5105 omne
1290 5039 1627 5120 decorum,
1671 5041 1954 5123 foedum3
2017 5062 2211 5111 omne

679 5152 1001 5232 postremo
1018 5147 1191 5231 quod
1204 5147 1513 5212 delectare
1530 5152 1759 5230 posset,
1781 5149 2150 5217 molestum.
2176 5176 2208 5216 n

738 5274 920 5337 wne„
950 5284 1039 5336 xv,
1061 5275 1146 5325 2ο
1171 5271 2109 5338 —21auli.,xx11‚11.—⁸.‚Eccle
2138 5289 2210 5343 ix,

677 5347 728 5397 8.
759 5344 1103 5407 -δΜααΙμ,
1138 5344 2210 5416 v1,24.·-·Apoc.,1‚.24—·Gen.‚

677 5418 977 5480 v1,5,7.-
1006 5418 1212 5480 ’leam
1241 5416 2212 5486 xv1‚22.—⁸Bem„ad8anctinwn„

676 5487 826 5597 epist.
855 5499 995 5553 cxiv,
1021 5502 1077 5540 ιι.
1109 5493 1152 5541 1.
1177 5514 1241 5528 -
1275 5488 1509 5552 ‘Ec-cli„
1537 5500 1720 5558 xxmr,
1760 5492 1836 5555 19,
1863 5490 2010 5557 juxta
2036 5492 2207 5549 Lxx·

2800 2099 3089 2171 SERMO
3140 2101 3233 2170 III
3260 2103 3330 2171 ¹¹.

2379 2244 2660 2313 Mundus
2686 2250 2898 2312 autem
2923 2244 3233 2329 pandebit
3246 2291 3268 2325 ,
3298 2258 3410 2312 vos
3454 2248 3675 2312 mem
3700 2259 3841 2313 con·

2300 2355 2750 2436 tristabimini,
2778 2353 2894 2421 sed
2913 2354 3195 2423 tristitia
3217 2358 3434 2421 vestra
3456 2357 3755 2423 vertetur
3770 2354 3844 2420 in

2299 2462 2616 2547 nandium
2649 2469 2698 2528 ⁷.
2757 2461 2919 2542 Quia
2963 2461 3252 2546 opposita
3286 2463 3475 2544 juxta
3515 2479 3588 2526 se
3639 2460 3843 2545 posita

2302 2573 2515 2654 magis
2551 2571 2954 2651 elucescunt,
3000 2571 3145 2635 ideo
3181 2569 3486 2636 Dominus
3527 2569 3603 2635 in
3643 2569 3841 2634 verbo

2302 2680 2627 2765 proposito
2654 2680 2857 2764 aperit
2875 2684 3116 2744 statum
3139 2676 3570 2760 religiositatis
3593 2681 3838 2761 aposto·

2302 2789 2445 2855 licae
2472 2808 2587 2873 per
2621 2789 2988 2873 oppositum
3023 2786 3371 2853 mundanae
3414 2785 3835 2866 lubricitatis,

2303 2915 2454 2963 cum
2488 2897 2639 2963 dicit
2673 2918 2690 2962 ε
2729 2894 3016 2963 Mundus
3061 2899 3276 2963 autem
3332 2891 3643 2976 qaudam
3660 2941 3683 2974 ,
3728 2907 3837 2960 vos

2301 3012 2517 3074 autem
2595 3003 3165 3074 contristabimini.
3235 3000 3310 3066 In
3370 3018 3503 3084 quo
3584 3000 3843 3084 quidem

2304 3115 2504 3181 verbo
2528 3162 2547 3194 ,
2577 3114 2787 3198 primo
2816 3116 3077 3179 notatur
3117 3109 3336 3176 illicita
3359 3109 3697 3175 delectatio
3720 3110 3841 3175 hu·

2305 3240 2517 3288 manae
2540 3220 2952 3299 lubricitatis3
2982 3217 3264 3285 secundo
3291 3219 3708 3300 temporanea
3742 3216 3848 3281 tri·

2307 3329 2548 3395 bulatio
2561 3327 2919 3412 apostolicae
2938 3324 3372 3409 religiositatis
3388 3346 3406 3404 ;
3424 3325 3615 3390 tertio
3631 3325 3847 3390 futura

2307 3439 2654 3505 consolatio
2693 3442 2956 3504 aeternae
2997 3433 3437 3520 jucunditatis.
3476 3432 3697 3500 Primo
3722 3451 3840 3498 no-

2307 3550 2481 3613 tatur
2499 3546 2719 3612 illicita
2732 3545 3064 3612 delectatio
3084 3543 3432 3608 mundanae
3445 3540 3843 3621 lubricitatis,

2308 3672 2461 3719 cum
2486 3654 2639 3719 dicit
2666 3673 2683 3719 ε
2716 3652 3001 3720 Mundus
3026 3650 3365 3736 ψιάθως
3388 3649 3671 3714 secundo
3696 3652 3846 3713 tem·

2309 3779 2587 3845 poranea
2622 3761 2950 3826 tribulatio
2977 3758 3339 3844 apostoliam
3382 3756 3842 3839 religiositatis,

2310 3888 2460 3935 cum
2509 3869 2729 3935 subdit
2766 3893 2780 3933 ε
2831 3870 2946 3935 Vos
2992 3872 3206 3935 autem
3256 3864 3804 3934 contristabimini
3820 3882 3845 3932 .·

2309 3977 2499 4044 tertio
2516 3978 2736 4043 futura
2761 3977 3105 4042 consolatio
3122 3980 3381 4043 aeternae
3399 3974 3837 4058 jucunditatis,

2312 4103 2460 4151 cum
2484 4084 2797 4150 subinfert
2826 4107 2844 4150 ι
2873 4083 3010 4151 Sed
3035 4085 3314 4152 tristitia
3339 4087 3556 4150 vestra
3576 4086 3844 4151 vertetur

2313 4194 2390 4260 in
2413 4191 2750 4276 qaudium.
2791 4192 2951 4258 Mira
2978 4190 3363 4274 dispensatio
3388 4189 3627 4255 divinae
3666 4187 3843 4254 boni-

2311 4300 2458 4363 tatis
2478 4347 2497 4379 ,
2545 4300 2718 4382 quod
2758 4315 2890 4364 non
2935 4298 3127 4362 datur
3178 4296 3444 4362 dulcedo
3485 4295 3809 4380 sapientiis
3824 4342 3843 4374 ,

2313 4406 2437 4470 nisi
2473 4406 2715 4489 praevia
2756 4405 3182 4471 amaritudine
3217 4403 3610 4488 poenitentiae
3632 4451 3651 4483 ,
3693 4420 3845 4487 quo·

2314 4514 2487 4578 niam
2514 4532 2630 4596 per
2656 4513 2902 4578 luctum
2928 4511 3361 4577 tribulationis
3402 4514 3468 4577 et
3493 4510 3806 4595 angustiae
3820 4555 3841 4588 ‚

2315 4621 2608 4703 exemplo
2634 4619 2901 4699 Christi,
2931 4622 3181 4702 oportet
3211 4618 3451 4684 intrare
3480 4619 3548 4683 in
3572 4632 3839 4700 regnum

2314 4727 2626 4793 felicitatis
2653 4730 2937 4792 aeternae.

2397 4835 2558 4900 Dicit
2590 4851 2751 4915 ergo
2779 4851 2797 4898 ι
2828 4831 3114 4899 Mundus
3139 4831 3445 4916 gaudebit
3468 4851 3493 4899 .·
3519 4833 3635 4898 ubi
3668 4834 3840 4898 nota-

2316 4946 2427 5008 tur
2450 4940 2671 5005 illicita
2695 4939 3025 5005 delectatio
3066 4939 3412 5004 mundanas
3454 4938 3841 5004 lubricitatis.

2318 5050 2476 5116 Tota
2502 5065 2656 5116 vero
2695 5046 3022 5113 delectatio
3035 5095 3057 5128 ‚
3096 5048 3235 5115 sive
3261 5046 3578 5130 gandium
3593 5093 3615 5127 ,
3663 5062 3841 5112 mun-

2318 5247 2383 5295 Oi
2435 5243 2671 5309 ὀφθαλμοὶ
2726 5241 2912 5308 Κυρίου
2964 5242 3046 5293 ἐπὶ
3092 5242 3204 5300 τοὺς
3252 5242 3536 5305 ἀγαπῶντας
3589 5243 3749 5293 &urbm
3786 5264 3841 5275 -

2318 5315 2362 5352 ¹⁶
2389 5315 2518 5381 Aug.
2548 5340 2601 5351 -
2651 5312 2690 5349 ²¹
2726 5313 2875 5364 Hunc
2907 5326 3017 5364 non
3052 5312 3212 5364 habet
3237 5314 3356 5365 edit.
3392 5310 3556 5365 Paris.
3588 5327 3673 5365 an.
3712 5312 3837 5363 152¹.

2380 5421 2450 5485 (α)
2495 5420 2637 5484 Vula.
2683 5432 2838 5484 super
2875 5419 3117 5472 timentes
3169 5432 3307 5471 eum.
3340 5444 3406 5458 -
3448 5419 3522 5486 (b)
3568 5417 3737 5486 suppl.
3779 5415 3838 5467 dc

2317 5496 2468 5549 statu.
2495 5520 2558 5532 ·-
2583 5493 2644 5561 (c)
2676 5492 2800 5547 Gne.
2833 5490 2958 5543 edit.
2985 5490 3143 5557 quod.
