4059 6317
1004 415 1384 482 DOMINICA
1426 416 1508 483 m
1549 413 2185 484 SEPTUAGESIMA.
2230 414 2495 483 SERMO
2537 416 2646 481 111.

764 630 1063 700 SERMO
1105 631 1224 700 111.

315 763 478 829 νοω
508 764 847 846 operarios
862 812 883 842 ‚
929 767 989 831 ct
1031 763 1224 831 redde
1250 763 1388 831 illis
1432 763 1770 831 mercedem

243 870 468 950 mg
519 873 644 934 etc.
694 868 844 935 Non
891 870 1112 936 otioffl
1129 919 1151 952 ,
1194 871 1306 936 sed
1357 871 1770 954 operantibus

240 976 510 1041 redditur
545 994 796 1041 meas
820 980 1082 1042 aeterna.
1108 976 1375 1044 «Reddet
1403 977 1569 1044 Deus
1595 995 1766 1043 mer·

239 1084 440 1150 eedem
465 1084 764 1150 laborum
787 1102 1060 1150 suorum
1080 1087 1105 1122 ²
1129 1107 1162 1146 n
1195 1087 1420 1169 justis;
1449 1087 1560 1152 sed
1597 1105 1768 1152 mer-

238 1191 771 1274 cesistarecipitur
783 1191 1094 1273 celeriter,
1113 1192 1385 1258 solvitur
1396 1194 1765 1275 liberaliter,

236 1296 602 1377 deservitur,
645 1299 772 1363 hoc
795 1302 933 1376 est,
961 1298 1168 1382 ipsam
1194 1304 1478 1366 meretur
1509 1301 1655 1384 quis
1681 1301 1770 1365 fa-

237 1404 451 1483 ciliter,
477 1406 839 1488 possidetur
863 1409 1250 1490 perenniter.

311 1512 392 1577 De
428 1512 738 1595 primo⁸z
775 1514 998 1579 «Ecce
1039 1516 1229 1581 venio
1263 1515 1414 1595 cito,
1439 1519 1770 1581 etmerces

235 1637 371 1684 mea
387 1626 773 1685 meeumest.
786 1640 819 1680 ι
838 1619 975 1685 Cito
995 1620 1208 1686 venit
1191 1640 1261 1687 ιιι
1274 1626 1479 1688 morte
1497 1622 1557 1658 ⁴·
1541 1645 1615 1686 ,α
1633 1623 1770 1701 Qua

234 1725 430 1791 liora
408 1745 543 1792 non
587 1726 826 1808 putatis
855 1774 878 1806 ,
917 1726 1116 1792 Filius
1149 1728 1433 1794 bominis
1465 1729 1699 1795 veniet.
1727 1751 1759 1790 ι

236 1833 434 1910 Quare
454 1833 584 1898 cito
608 1833 814 1913 venis,
841 1833 1106 1899 Domine
1118 1833 1270 1901 Jesu
1287 1841 1315 1898 i
1344 1834 1525 1901 Certe
1547 1840 1623 1900 ut
1646 1837 1769 1901 cito

233 1943 594 2006 remuneret
637 1941 865 2005 bonos.
911 1939 1035 2006 Sed
1093 1943 1348 2025 quando
1405 1945 1615 2027 potest
1647 1944 1770 2010 hoc

235 2047 354 2112 cito
374 2048 566 2113 fieri?
593 2047 859 2125 Quando
893 2049 1084 2114 bodie
1119 2051 1469 2131 mendicus,
1492 2069 1633 2116 cras
1653 2069 1772 2117 rex

239 2155 366 2219 fleri
391 2160 634 2239 poaeet3
663 2155 921 2239 quando
945 2156 1136 2221 bodie
1160 2174 1295 2221 non
1320 2158 1562 2222 babens
1586 2158 1771 2223 dena-

237 2262 440 2342 rium,
495 2280 640 2329 cras
693 2262 959 2327 haberet
1006 2262 1180 2327 mille
1232 2263 1547 2329 marchas.
1593 2263 1769 2330 Certe

237 2370 476 2436 attende
532 2370 855 2435 latronem
871 2417 894 2448 ,
944 2369 1055 2451 qui
1099 2387 1234 2435 non
1284 2371 1560 2436 crastina
1577 2418 1600 2449 ,
1656 2372 1768 2438 sed

237 2476 446 2542 eadem
486 2477 590 2542 die
625 2477 697 2540 in
737 2476 1046 2560 patibulQ
1076 2482 1141 2542 et
1168 2478 1545 2561 inparadiso
1572 2485 1595 2519 ⁸
1621 2480 1763 2544 fuit.

241 2582 402 2649 Unde
425 2603 509 2649 ne
536 2585 620 2666 (a)
649 2586 734 2650 de
757 2584 882 2649 ista
903 2584 1284 2650 subitatione
1309 2588 1503 2651 tantae
1532 2603 1768 2652 merce-

239 2690 326 2754 dis
361 2691 646 2768 diffidas,
697 2690 852 2755 audi
890 2691 1060 2773 quod
1101 2690 1333 2755 dicitur
1375 2692 1398 2727 ⁸
1437 2712 1454 2756 ε
1494 2713 1527 2753 α
1562 2691 1768 2757 Facile

240 2801 322 2860 est
343 2797 412 2860 in
430 2797 636 2862 oculis
661 2797 780 2862 Dei
794 2797 1006 2862 subito
1029 2798 1367 2863 honestare
1391 2816 1760 2881 pauperem.

239 2901 588 2970 Benedictio
613 2904 726 2970 Dei
753 2905 826 2968 in
850 2904 1206 2969 mercedem
1233 2904 1396 2986 justi
1422 2906 1696 2970 festinat.
1731 2928 1763 2967 n

242 3008 361 3091 Hb,
393 3011 690 3095 inqwm,
713 3010 1092 3090 benedictin,
1121 3009 1201 3075 de
1225 3029 1354 3094 qua
1378 3012 1401 3048 ⁷
1429 3030 1449 3077 z
1474 3011 1760 3095 «Venite,

244 3115 539 3183 benedicti
565 3117 767 3199 patris
786 3118 936 3197 mei,
952 3138 985 3177 n
1019 3121 1138 3182 etc.
1159 3117 1337 3183 Sicut
1359 3122 1574 3184 autem
1592 3121 1766 3186 festi-

241 3229 420 3290 natur
451 3241 702 3290 merces
727 3226 1055 3306 justorum
1083 3225 1155 3289 in
1178 3226 1359 3306 coeIo,
1386 3225 1478 3291 ita
1524 3231 1589 3292 et
1630 3245 1770 3311 per·

246 3349 565 3399 versorum
603 3333 674 3397 in
717 3331 967 3396 inferno
1001 3332 1025 3368 ⁸
1057 3353 1078 3395 z
1117 3354 1151 3392 e
1186 3332 1436 3398 Ducunt
1477 3334 1545 3399 in
1584 3334 1770 3400 bonis

243 3438 569 3522 diessms,
597 3438 764 3505 etin
787 3441 1023 3522 puncto
1047 3438 1129 3502 ad
1152 3439 1477 3505 infernum
1503 3441 1763 3508 descen-

246 3545 410 3612 dunt.
439 3569 477 3608 ιι

315 3653 396 3722 De
419 3654 714 3720 secundo
739 3659 801 3718 ἐ
829 3652 1411 3734 «Μθτθεενθεξτειρ
1438 3659 1558 3721 eto.
1586 3656 1769 3722 Libe-

248 3760 443 3827 raliter
468 3761 646 3826 enim
669 3761 966 3839 solvitur,
985 3761 1157 3843 quod
1180 3762 1433 3845 copiose
1458 3762 1647 3828 datur
1668 3764 1714 3801 ¹⁰
1745 3783 1764 3829 ε

253 3891 281 3927 ι
303 3867 433 3950 Ego
462 3871 784 3952 protector
810 3871 963 3932 tuus
1003 3885 1174 3948 sum,
1213 3872 1279 3932 et
1300 3886 1564 3949 merces,
1584 3892 1616 3930 υ
1644 3875 1764 3935 etc.

253 3972 557 4042 Proteetor
582 3978 685 4041 est
707 3975 780 4039 in
806 3974 1138 4057 praesenti:
1165 3974 1440 4057 protegit
1462 3976 1633 4040 enim
1649 3995 1769 4043 nos

253 4081 416 4165 Deus,
441 4083 613 4149 a‘cut
654 4080 898 4162 gallina
939 4079 1271 4164 pulliculos
1308 4100 1460 4147 suos
1480 4083 1600 4148 sub
1627 4086 1765 4150 alis.

255 4187 637 4257 psalmista¹²
676 4210 695 4253 ι
732 4187 1578 4270 «Protegarinvelamento
1629 4193 1767 4258 ala-

255 4314 384 4362 rum
406 4314 702 4365 marum.
725 4317 758 4357 ι
791 4294 1529 4362 Unaalaestinnocentia
1528 4298 1769 4377 ,altera

255 4404 626 4486 poenitentia.
675 4402 1076 4485 Quicumque
1111 4405 1294 4468 extra
1340 4403 1457 4469 has
1493 4403 1626 4469 alas
1661 4424 1770 4473 ve-

258 4512 399 4578 nerit
416 4531 536 4597 per
557 4511 840 4594 culpam,
858 4527 901 4572 a
922 4508 1121 4576 milvo
1137 4510 1507 4592 saevissimo,
1538 4512 1771 4578 scilicet

259 4616 515 4699 diabolo,
545 4617 834 4701 rapietur
857 4616 942 4680 ad
963 4634 1239 4699 poenam.
1269 4616 1765 4699 Augustinusss:

269 4745 296 4786 ι
326 4724 420 4791 Sic
461 4729 621 4792 sunt
665 4721 955 4788 diabolus
987 4726 1052 4788 et
1089 4722 1306 4805 angeli
1361 4725 1538 4806 ejus,
1587 4726 1770 4808 quasi

263 4830 438 4898 milvi.
468 4832 612 4900 Sub
635 4828 903 4912 gallinae
921 4829 1040 4894 elis
1059 4830 1282 4911 simus,
1305 4833 1370 4896 et
1383 4848 1516 4896 non
1540 4831 1770 4913 poterit

265 4954 366 5003 nos
418 4939 820 5021 contingere.
873 4958 906 4998 a
967 4935 1199 5004 Merces
1267 4941 1484 5004 autem
1554 4942 1773 5005 nostra

320 5098 545 5162 wicum,
580 5110 684 5162 xx,
711 5098 764 5149 8.
786 5122 851 5134 —
874 5096 898 5130 ²
923 5096 1065 5159 Sap..
1098 5108 1159 5160 x,
1189 5097 1269 5146 17.
1291 5121 1356 5135 —
1393 5098 1416 5135 ⁸
1440 5099 1613 5163 Apoe,
1640 5110 1772 5164 ¹111,

273 5171 339 5220 ¹2.
357 5196 415 5208 --
435 5172 459 5208 ὁ
484 5171 624 5230 Lm..
650 5180 752 5232 ιιι,
777 5171 856 5220 40.
873 5193 937 5212 *—
960 5168 982 5205 ⁸
1003 5167 1152 5231 ibid„
1181 5179 1333 5233 xxm,
1361 5171 1440 5219 43.
1459 5195 1522 5208 —
1548 5170 1570 5205 ⁸
1592 5169 1773 5233 Βαὰλ,

273 5248 338 5302 ιι,
359 5243 432 5305 23,
454 5246 530 5295 2⁴.
558 5268 625 5281 -
650 5241 674 5276 '¹
701 5239 903 5303 nauh„
931 5251 1052 5303 xxv,
1078 5241 1238 5291 34.—
1265 5240 1285 5271 ⁸
1308 5240 1431 5305 1υὸ,
1458 5244 1686 5307 xxx,13.
1708 5267 1773 5282 --

273 5309 290 5340 ⁸
311 5310 493 5374 natm,
527 5325 578 5375 v,
607 5315 691 5366 12.
721 5337 779 5348 -
820 5311 862 5346 ¹·
897 5309 1039 5374 Gen„
1073 5321 1160 5375 xv,
1189 5316 1236 5363 ι.
1262 5336 1323 5350 -
1355 5313 1396 5348 ¹²
1432 5311 1570 5364 Ptol.
1597 5325 1692 5376 nx,
1722 5316 1770 5364 5.

272 5382 384 5417 -12
407 5385 550 5451 Aug„
579 5386 634 5436 in
663 5380 812 5440 Psal-
853 5393 989 5446 ιιιι,
1027 5394 1080 5433 ιι.
1123 5384 1209 5448 16,
1250 5382 1421 5448 quoad
1450 5396 1676 5436 ιιοιισιιιιι.
1710 5410 1773 5423 -

3290 423 3414 484 119

1877 550 2166 618 Christus
2193 553 2289 616 est
2312 552 2383 616 in
2406 551 2646 629 futuro,
2678 568 2919 633 magna
2950 569 3065 634 per
3088 551 3414 618 humilita-

1878 662 2034 734 tem,
2062 662 2127 723 et
2158 674 2400 739 magna
2434 656 2631 722 nimis
2661 676 2776 741 per
2800 657 3225 723 divinitatem.
3247 656 3413 725 Vere

1879 783 2121 848 magna
2156 766 2370 831 nimis.
2418 765 2822 848 Augustinus
2846 766 2891 802 ²⁸
2920 785 2936 827 ε
2966 787 3000 827 c
3024 765 3206 843 Quod
3250 765 3415 831 Deus

1876 873 2130 957 paravit
2153 873 2571 955 diligentibus
2587 892 2676 954 se,
2700 873 2824 939 fide
2848 892 2979 939 non
3003 874 3277 958 capitur,
3298 891 3410 957 spe

1877 997 2011 1056 non
2055 979 2395 1063 attingitur
2410 1028 2433 1060 ,
2470 981 2773 1046 charitate
2814 998 2946 1046 non
2989 980 3413 1063 comprehen-

1877 1086 2074 1165 ditur,
2092 1087 2399 1153 desideria
2415 1091 2479 1153 et
2494 1092 2646 1155 vota
2660 1087 3151 1169 transgreditur,
3171 1086 3415 1170 acquiri

1879 1197 2106 1276 potest,
2135 1195 2440 1260 aestimari
2465 1213 2596 1260 non
2619 1199 2843 1278 potest.
2873 1216 2906 1255 ι

1957 1301 2046 1366 De
2071 1301 2257 1368 tertio
2274 1302 2357 1367 ¹⁴:
2394 1302 2831 1385 «Quicumque
2857 1305 3081 1384 potum
3097 1301 3358 1381 dederit,
3375 1325 3407 1365 n

1878 1411 2026 1488 etc„
2065 1431 2097 1470 c
2126 1425 2259 1474 non
2300 1408 2519 1491 perdet
2556 1408 2913 1474 mercedem
2954 1425 3160 1474 suam.
3204 1429 3236 1468 ι
3274 1406 3414 1472 Νοιι

1877 1516 1969 1579 ait
2020 1515 2280 1580 calicem
2335 1516 2517 1596 vini,
2570 1533 2702 1580 non
2758 1532 2946 1598 aquae
2999 1513 3256 1594 calidae,
3306 1514 3416 1578 sed

1881 1621 2196 1706 friqidoe,
2253 1642 2449 1707 quam
2513 1641 2735 1689 omnes
2798 1627 3064 1707 possunt
3127 1623 3412 1701 habere,

1879 1734 2113 1812 praeter
2154 1747 2263 1794 eos
2315 1731 2428 1814 qui
2479 1735 2631 1796 sunt
2669 1732 2739 1795 in
2777 1730 3028 1796 inferno
3074 1751 3090 1795 ι
3121 1748 3273 1796 nam
3317 1730 3414 1795 di-

1878 1855 1993 1903 ves
2020 1836 2125 1901 ille
2140 1838 2187 1878 ¹⁸
2221 1841 2471 1919 guttam
2496 1855 2684 1921 aquae
2720 1837 2970 1921 {rigidae
3004 1837 3245 1903 habere
3284 1855 3417 1902 non

1881 1948 2127 2028 poterat
2147 1991 2164 2022 ,
2208 1945 2323 2028 qui
2358 1944 2619 2010 calicem
2653 1963 2840 2029 aquae
2876 1945 3135 2027 trigidae
3180 1944 3416 2010 Lazaro

1875 2052 2327 2135 denegaverat.
2368 2050 2437 2116 Si
2476 2052 2620 2134 quis
2652 2051 2935 2118 crederet
2968 2052 3250 2135 aliquam
3278 2068 3416 2116 esse

1877 2162 2115 2223 terram
2166 2159 2272 2224 vel
2325 2176 2603 2241 regnum
2620 2208 2638 2237 ,
2688 2158 2802 2223 ubi
2855 2158 3019 2222 calix
3071 2175 3259 2243 aquae
3300 2159 3414 2223 fri-

1879 2265 2052 2347 gidae
2100 2266 2338 2331 valeret
2384 2265 2505 2330 sibi
2550 2263 2725 2330 mille
2772 2265 3066 2330 marchas
3087 2314 3107 2346 ,
3146 2267 3418 2332 libenter

1876 2376 2159 2455 portaret
2193 2372 2379 2452 illuc;
2409 2374 2518 2437 sed
2564 2375 2734 2437 certe
2768 2373 2835 2436 in
2869 2390 3076 2454 regno
3103 2373 3413 2439 coelorum

1876 2479 2199 2564 quantitas
2233 2478 2538 2543 mercedis
2579 2479 2784 2542 multo
2823 2478 2967 2561 plus
2997 2478 3241 2544 excedit
3263 2496 3412 2562 par-

1873 2586 2137 2651 vitatem
2181 2584 2395 2650 meriti
2430 2583 2653 2649 nostri.
2708 2582 2851 2649 Noli
2899 2602 3058 2667 ergo
3099 2586 3255 2651 flere
3297 2604 3417 2670 pro

1876 2690 2206 2756 adversis:
2238 2690 2401 2754 nibil
2451 2694 2547 2755 est
2589 2690 2760 2773 quod
2802 2691 3034 2773 pateris
3056 2738 3076 2771 ‚
3128 2690 3291 2756 nihil
3316 2695 3418 2756 est

1874 2798 2049 2881 quod
2072 2798 2378 2881 operaris,
2408 2797 2463 2861 si
2488 2796 2846 2863 mercedem
2871 2797 3078 2880 operis
3115 2797 3411 2863 attendis.

1873 2906 1920 2943 ¹⁶
1942 2905 2276 2983 «Quiescat
2307 2924 2439 2972 vox
2460 2907 2573 2970 tua
2592 2924 2632 2970 a
2657 2904 2930 2988 ploratu,
2967 2909 3031 2970 et
3053 2905 3225 2970 oculi
3249 2906 3347 2970 tui
3376 2925 3417 2973 a

1873 3013 2210 3096 lacrymis,
2239 3013 2395 3097 quia
2432 3016 2526 3078 est
2554 3029 2798 3078 merces
2822 3012 3002 3094 operi
3028 3016 3161 3077 tue.
3191 3033 3224 3074 n
3260 3010 3411 3078 Ber-

1873 3120 2114 3186 nardus
2133 3119 2213 3184 ¹¹:
2256 3142 2287 3181 e
2313 3117 2383 3185 Si
2408 3119 2590 3184 labor
2614 3121 2833 3198 terret,
2863 3136 3111 3183 merces
3142 3120 3411 3186 invitet:

1875 3228 2313 3311 unusquisque
2327 3226 2679 3291 secundum
2705 3243 2901 3290 suum
2934 3225 3218 3292 laborem
3247 3246 3415 3293 mer-

1874 3337 2093 3402 cedem
2109 3333 2390 3417 accipiet.
2405 3354 2437 3393 »
2454 3331 2549 3398 Ne
2577 3336 2796 3398 autem
2824 3331 2905 3398 de
2928 3335 3107 3398 tanta
3126 3335 3414 3399 mercede

1872 3445 2129 3526 propter
2169 3440 2547 3524 parvitatem
2598 3439 2875 3504 nimium
2927 3438 3173 3505 diffidas
3193 3487 3214 3518 ‚
3270 3458 3414 3505 ecce

1872 3550 2277 3632 fidejussores
2318 3547 2633 3611 habemus
2673 3546 2987 3629 apostolos
3031 3549 3095 3611 et
3134 3547 3409 3630 prophe·

1879 3663 1991 3723 tas.
2021 3658 2069 3698 ¹⁸
2096 3678 2128 3719 ιι
2145 3653 2628 3733 Damercedem,
2646 3653 2930 3733 Domine,
2954 3653 3413 3720 sustinentibus

1871 3769 1955 3847 te,
1996 3767 2072 3829 ut
2108 3762 2436 3847 prophetae
2473 3761 2569 3825 tui
2612 3759 2830 3825 fideles
2876 3759 3288 3827 inveniantur
3312 3780 3337 3845 ;
3367 3783 3399 3822 s

1872 3874 2057 3957 quasi
2079 3872 2358 3937 diceret:
2406 3869 2486 3934 Ut
2511 3868 2915 3951 fideiussores
2950 3868 3046 3933 tui
3089 3887 3221 3934 non
3262 3888 3408 3953 per-

1872 3981 2027 4046 dant
2055 3978 2270 4044 fldem.
3248 3963 3255 3970 '

1953 4086 2040 4151 De
2095 4087 2323 4168 quarto
2356 4083 2450 4145 ¹⁸:
2489 4079 2690 4146 «Non
2742 4080 3021 4146 verearis
3073 4100 3277 4167 usque
3328 4085 3409 4149 ad

1872 4196 2144 4259 mortem
2165 4187 2531 4273 Justiflcari,
2557 4186 2711 4271 quia
2737 4205 2978 4253 merces
2994 4189 3246 4254 Domini
3274 4209 3411 4256 ma·

1871 4302 1979 4365 net
2022 4300 2092 4363 in
2135 4301 2473 4361 aeternum.
2520 4314 2553 4353 υ
2601 4293 2938 4359 Justiflcari
2988 4295 3220 4360 debent
3276 4315 3408 4363 non

1870 4406 2080 4472 solum
2120 4401 2272 4469 mali
2322 4399 2710 4486 poenitendo,
2750 4400 2872 4465 ⁷sed
2910 4401 3105 4465 etiam
3139 4404 3305 4485 justi
3338 4404 3406 4469 in

1867 4512 2111 4597 justitia
2134 4507 2520 4594 proficiendo
2546 4507 2632 4571 ²⁰:
2659 4505 2824 4584 «Qui
2843 4508 3057 4588 J’ustus
3082 4512 3198 4588 est,
3223 4509 3405 4592 justi-

1871 4621 2101 4686 ficetur
2125 4616 2355 4682 adhuc.
2388 4635 2420 4674 s
2448 4612 2618 4679 Bene
2643 4613 2793 4678 dicit
2820 4614 2991 4696 quod
3016 4602 3249 4682 merces
3274 4616 3405 4684 Do-

1873 4727 2045 4794 mini
2080 4728 2293 4791 manet
2323 4722 2399 4788 in
2435 4724 2741 4788 oeurnum
2768 4738 2792 4786 .·
2817 4738 2949 4785 non
2974 4721 3146 4785 enim
3174 4721 3404 4803 deficit,

1871 4835 2463 4919 quantumcumque
2487 4827 2628 4909 ipsa
2651 4826 2995 4892 dividatur.
3021 4826 3069 4892 Ο
3094 4825 3406 4911 quantum

1874 4937 2224 5024 diligeretis
2264 4934 2567 5019 pyxidem
2607 4932 2860 5017 plenam
2889 4933 3223 5016 thesauro,
3262 4955 3409 5021 quae

1877 5075 3068 5146 ¹⁸Aumgut—1Mauh„x,42—¹⁸Luc
3095 5081 3406 5142 ¹124-

1903 5155 2161 5213 lev-em„
2204 5160 2357 5210 xxxx,
2393 5151 2468 5198 16.
2505 5174 2560 5184 -
2611 5147 2831 5214 ⁷.Bern,
2871 5145 2932 5197 de
2971 5114 3193 5212 Cori-smel
3222 5150 3309 5202 lib.
3346 5153 3408 5215 n,

1879 5241 1925 5278 c.
1956 5217 2568 5290 v1,n.12.-1·Eceli.‚
2591 5228 2773 5283 xxxvl,
2800 5221 2876 5269 18.
2892 5244 2955 5259 --
2982 5219 3231 5285 “80⁶1ss
3258 5235 3409 5293 xvm

1878 5300 2040 5349 22—
2077 5294 2118 5329 ²⁰
2148 5293 2316 5357 Apoc..
2343 5298 2477 5353 1111,
2501 5293 2576 5340 11.

1944 5383 2012 5450 (a)
2044 5382 2166 5435 cat.
2193 5378 2315 5432 edit.
2339 5390 2526 5443 neque.
