4059 6317
1060 528 1144 595 IN
1185 528 1466 614 DIEBUS
1506 523 2048 598 RoGA‘rloNUu.
2094 522 2365 618 SERMO
2402 521 2570 592 vm.

243 659 1748 745 -Deprimo¹:oe1te‚ostenditevossacsrdo·

214 768 454 838 tibus.»
502 771 914 854 Augustinus
942 774 967 809 ⁸
1013 793 1033 839 :
1071 797 1103 836 α
1149 774 1510 843 Praeveniat
1549 772 1748 838 homo

204 875 523 958 judicium
570 877 685 945 Dei
731 896 846 964 per
889 881 1349 948 contessionem
1392 903 1409 946 ε
1446 879 1752 966 praecepit

3289 527 3410 594 277

1863 661 2228 744 gressiones
2269 661 2488 727 decem
2527 658 3014 766 mandatorum,
3045 657 3153 724 vel
3176 636 3409 726 secunss

1863 770 2021 836 dum
2049 770 2339 836 ordinem
2364 770 2606 852 septem
2649 767 3020 834 mortalium
3046 767 3358 834 vitiorum
3378 816 3401 848 ‚

1861 881 1926 941 et
1965 876 2248 943 filiarum
2292 894 2543 942 eorum.
2603 874 2901 942 Confiteri
2966 894 3225 960 quoque
3286 876 3399 942 de'-

208 983 380 1051 enim
407 984 721 1051 Dominus
755 987 1110 1070 mundatis,
1148 992 1225 1054 ut
1248 989 1653 1056 ostenderent
1678 1006 1750 1055 se
1859 983 1968 1049 bet
2004 984 2511 1052 circumstantias
2550 986 2982 1068 peccatorum,
3033 981 3113 1049 de
3165 982 3402 1068 quibus
3447 991 3647 1102 223-

207 1091 665 1158 sacerdotibus.
683 1112 716 1154 n
740 1092 1048 1161 Sacerdos
1072 1113 1235 1179 ergo
1260 1096 1448 1162 debet
1473 1114 1613 1162 esse
1638 1095 1744 1161 cui

207 1199 641 1266 confitendum
666 1204 795 1283 est,
837 1205 904 1268 et
938 1202 1083 1268 talis
1119 1204 1445 1285 sacerdos,
1481 1204 1594 1287 qui
1628 1201 1746 1268 tibi

205 1305 359 1372 sciat
381 1307 538 1374 dare
560 1308 927 1376 consilium.
973 1310 1245 1390 Quidam
1284 1315 1501 1377 autem
1515 1358 1538 1391 ‚
1579 1310 1637 1375 si
1674 1310 1746 1377 in

204 1413 423 1480 eadem
453 1415 757 1499 parochia
796 1417 1004 1483 sciant
1043 1418 1331 1485 sedentes
1375 1418 1593 1485 decem
1640 1436 1742 1484 sa·

200 1521 505 1602 csrdotes,
522 1523 823 1589 libentius
838 1525 1151 1596 accedunt
1169 1526 1252 1592 ad
1265 1525 1741 1609 simpliciorem.

201 1628 431 1696 Contra
468 1649 635 1715 quos
660 1632 751 1698 ait
788 1632 1198 1715 Augustinus
1219 1634 1243 1672 ⁸
1272 1656 1289 1699 :
1325 1656 1356 1696 α
1384 1633 1506 1713 Qui
1541 1634 1739 1699 confl-

200 1738 320 1804 tsri
344 1738 490 1805 vult
515 1742 793 1823 peccata,
820 1743 899 1806 ut
920 1740 1207 1806 inveniat
1233 1740 1536 1823 gratiam,
1569 1758 1743 1826 quae-

198 1849 300 1912 rat
343 1848 737 1914 sacerdotem
779 1847 1083 1914 scientem
1114 1848 1360 1914 solvere
1395 1850 1460 1913 et
1494 1847 1703 1930 ligare
1719 1896 1738 1929 ,

196 1973 281 2022 ns
300 1974 451 2021 cum
466 1957 553 2040 (α)
568 1956 915 2039 negligens
930 1956 1100 2022 circa
1114 1975 1183 2022 se
1208 1956 1506 2039 extiterit,
1526 1956 1739 2040 negli-

196 2067 395 2146 gatur
414 2063 501 2129 ab
527 2082 627 2145 eo,
657 2064 771 2147 qui
792 2063 1281 2130 misericorditer
1296 2068 1514 2131 monet
1538 2068 1603 2131 et
1626 2083 1738 2151 pe·

194 2170 293 2252 tit,
307 2171 597 2237 neambo
611 2171 684 2236 in
700 2171 949 2236 foveam
978 2170 1229 2237 cadant.
1244 2193 1276 2232 s
1297 2171 1739 2239 Confitendum

194 2295 353 2361 ergo
394 2281 490 2344 est
511 2277 776 2343 babenti
803 2279 1246 2346 auctoritatem
1284 2281 1350 2343 et
1385 2279 1737 2349 scientiam.

196 2384 270 2451 ln
303 2385 679 2453 necessitate
715 2392 932 2454 tamen
975 2387 1135 2453 laico
1172 2389 1606 2456 confitendum
1626 2437 1645 2469 ,
1683 2391 1739 2455 si

192 2494 485 2561 sacerdos
528 2495 755 2561 haberi
794 2513 927 2561 non
959 2495 1183 2581 possit.
1233 2495 1733 2580 Augustinus⁸z

196 2624 228 2662 ι
254 2601 359 2667 Fit
386 2601 631 2685 dignus
656 2602 851 2668 venia
898 2622 983 2670 ex
1007 2604 1351 2670 sacerdotis
1379 2604 1694 2673 desiderio
1710 2656 1734 2688 ,

190 2709 303 2792 qui
328 2707 573 2778 crimm
602 2711 941 2776 confltetur
973 2711 1171 2778 socio.
1197 2732 1232 2772 ι»
1266 2711 1337 2777 Si
1363 2716 1581 2779 autem
1618 2733 1737 2781 nec

189 2816 425 2882 laicum
467 2816 709 2882 habere
749 2818 954 2906 possis
978 2866 1001 2900 ‚
1062 2820 1426 2885 confitearis
1466 2820 1737 2890 Domino

189 2924 528 2991 confessori
553 2943 836 2992 summo.
869 2925 1160 2993 Psalmus
1182 2927 1206 2965 ⁸
1236 2949 1253 2992 z
1296 2950 1326 2989 ιι
1348 2927 1494 2993 Dixi
1523 2951 1541 2996 ε
1573 2929 1735 2997 Con-

187 3034 417 3100 fitebor
440 3032 738 3100 Domino.
769 3054 801 3095 n

262 3141 352 3208 De
375 3143 730 3208 secundo⁸2
759 3165 791 3205 α
814 3141 935 3221 Qui
963 3143 1292 3210 abscondit
1317 3144 1554 3211 scelera
1578 3164 1728 3228 sua,

180 3269 311 3316 non
338 3251 698 3333 dirigetur3
744 3251 858 3335 qui
884 3255 1104 3318 autem
1137 3254 1468 3320 confessus
1492 3254 1685 3321 fuerit
1700 3304 1726 3336 ,

181 3362 248 3426 et
295 3357 627 3444 reliquerit
665 3378 741 3426 ea
763 3407 783 3438 ‚
826 3360 1333 3427 misericordiam
1376 3380 1726 3448 conseque·

180 3468 308 3531 tur.
338 3486 373 3526 ι»
401 3465 562 3531 Ecce
590 3466 827 3534 scelera
863 3466 1049 3532 debet
1084 3468 1371 3534 confiteri
1397 3468 1593 3535 homo
1614 3518 1632 3551 ,
1663 3474 1728 3536 et

178 3588 303 3640 sua
321 3621 342 3654 ‚
368 3589 504 3637 non
531 3572 794 3639 alterius
820 3574 1079 3640 scelera.
1113 3573 1451 3641 Psalmista
1473 3576 1536 3641 ⁸:
1575 3576 1730 3645 Gon-

181 3680 409 3761 fltebor
420 3678 764 3748 adversum
790 3698 922 3766 me,
951 3685 1071 3748 etc.
1103 3681 1245 3749 Non
1267 3683 1478 3749 solum
1506 3688 1726 3750 autem

177 3786 416 3854 scelera
444 3787 766 3867 mortalia,
806 3789 916 3854 sed
942 3790 1135 3855 etiam
1161 3790 1436 3857 venialia
1474 3796 1729 3875 peccata

177 3898 328 3961 sunt
349 3894 733 3962 confitenda.
762 3896 1203 3979 Augustinus⁷
1226 3919 1243 3961 ε
1273 3919 1305 3959 α
1322 3895 1451 3963 Ista
1472 3898 1727 3964 assidua

175 4004 473 4086 peccata,
504 4005 570 4068 et
594 4003 873 4086 quodam
900 4004 1093 4070 modo
1129 4005 1515 4088 necessaria,
1566 4005 1725 4072 assi·

176 4107 303 4174 due
332 4108 632 4176 laventur
656 4110 728 4175 in
751 4110 1173 4192 confessione,
1203 4112 1461 4179 assidua
1489 4118 1725 4180 restau-

175 4218 400 4280 rentur
439 4214 843 4299 J'ubilatione.
891 4239 924 4278 n
955 4216 1114 4283 Item
1162 4236 1357 4304 super
1396 4219 1585 4286 illum
1628 4220 1726 4287 lo-

176 4339 328 4387 cum
350 4320 374 4358 ⁸
406 4340 426 4387 ε
466 4322 885 4410 confitemini
909 4326 1298 4395 alterutrum
1344 4333 1602 4411 peccata
1626 4344 1731 4396 ve-

177 4433 353 4507 stra,
393 4428 482 4495 ait
517 4429 686 4497 Beda
709 4431 732 4467 ⁸
764 4453 781 4499 ε
818 4454 851 4494 α
877 4431 1319 4518 Coaequalibus
1357 4434 1731 4518 quotidiana

177 4540 243 4601 et
263 4536 468 4616 levia,
500 4540 591 4601 et·
608 4539 914 4620 graviora
942 4539 1013 4623 (c)
1039 4540 1478 4606 sacerdotibus
1502 4542 1727 4624 pandi·

178 4659 328 4708 mus
348 4641 464 4726 (d).
488 4662 520 4703 n
544 4641 768 4710 Melius
789 4647 1005 4711 tamen
1021 4649 1149 4726 est,
1170 4650 1235 4712 et
1254 4646 1424 4713 levia
1439 4694 1462 4727 ‚
1492 4652 1556 4713 et
1582 4666 1731 4731 gra·

179 4753 361 4818 viora
404 4752 836 4819 sacerdotibus
877 4753 1161 4837 confiteri
1199 4776 1215 4819 :
1264 4757 1472 4838 potest
1514 4760 1730 4823 autem

178 4860 378 4926 bomo
402 4860 691 4926 confiteri
726 4861 962 4928 scelera
987 4880 1108 4928 sua
1133 4861 1493 4952 secundum
1518 4866 1727 4929 trans-

242 5019 259 5056 ¹
286 5021 426 5083 Luc„
456 5031 595 5083 xvn,
630 5023 710 5074 Η.
739 5046 801 5061 —
829 5023 849 5056 ²
880 5025 1009 5088 Aug.
1035 5047 1098 5062 -
1127 5021 1148 5055 ⁸
1187 5023 1298 5073 lmo
1347 5025 1527 5075 auctor
1555 5022 1643 5078 lib.
1671 5025 1732 5078 de

177 5106 281 5143 ver.
312 5096 364 5144 ee
390 5091 513 5156 fals.
546 5093 750 5157 Potuit„
781 5107 831 5145 c.
857 5103 924 5159 Χ,
948 5108 1007 5145 n.
1037 5095 1117 5146 25.
1147 5118 1209 5132 —
1232 5092 1256 5128 ⁸
1282 5093 1417 5145 ibid.
1444 5119 1511 5132 —
1543 5095 1563 5126 ⁸
1588 5096 1726 5151 Psat.

174 5174 337 5228 1111,
371 5165 422 5214 5.
449 5188 512 5201 -
547 5163 569 5199 ⁸
604 5164 773 5226 Pron,
797 5175 996 5230 xxvm,
1029 5166 1106 5217 ¹3.
1133 5190 1198 5203 —
1230 5163 1254 5201 '¹
1290 5167 1428 5229 Aug.
1461 5192 1516 5203 —
1554 5166 1573 5197 ⁸
1602 5168 1731 5227 lac..

170 5245 224 5297 v,
264 5237 345 5286 ¹6.
378 5261 437 5273 -
480 5235 502 5268 ⁸
540 5235 689 5297 ned„
723 5236 776 5286 in
811 5237 977 5302 Epist.
1012 5235 1142 5300 lac„
1183 5250 1231 5289 c.
1271 5248 1327 5286 v.
1371 5261 1435 5275 —
1472 5239 1509 5269 ¹⁸
1544 5237 1730 5304 Eccli„

171 5316 317 5369 ινιτ,
346 5309 429 5358 27.
455 5328 520 5342 --
558 5307 597 5343 ¹¹
626 5307 767 5359 Peal.
803 5319 883 5373 vr,
912 5310 960 5361 6.
991 5333 1052 5346 -
1091 5309 1136 5344 ¹¹
1168 5309 1211 5360 11
1258 5307 1433 5374 Bida,
1466 5320 1558 5374 ιι,
1590 5312 1649 5373 2,
1678 5313 1730 5362 3.

169 5402 231 5416 -
259 5378 303 5415 ²⁸
346 5379 525 5431 Omnis
562 5379 822 5445 utriusque
858 5394 1038 5445 sexus,
1075 5380 1152 5432 De
1183 5379 1377 5432 Poenit.
1422 5385 1474 5432 et
1504 5382 1730 5447 remiss„

1858 1108 2088 1160 VOI'SUS
2120 1113 2138 1158 t

1921 1234 2185 1301 Aggravat
2209 1233 2360 1298 ordo,
2385 1233 2547 1297 locus,
2575 1231 2802 1299 perfecta
2827 1230 3063 1297 scientia,
3089 1233 3312 1300 tempus,

1921 1308 2085 1370 AEtas,
2114 1307 2363 1372 conditio,
2387 1319 2650 1371 numerus,
2682 1319 2850 1368 mora,
2885 1304 3051 1369 copia,
3082 1318 3256 1372 causa,

1918 1378 1982 1431 Et
2005 1378 2195 1430 modus
2227 1378 2281 1429 in
2313 1379 2483 1445 culpa,
2510 1379 2672 1428 status
2698 1376 2847 1440 altus,
2875 1374 3014 1427 lucta
3038 1375 3242 1441 pusilla.

1934 1521 2023 1588 De
2046 1520 2232 1588 tertio
2260 1521 2305 1559 ¹⁰
2326 1539 2343 1584 t
2369 1519 2615 1587 «Vivus
2631 1523 2693 1586 et
2715 1537 2907 1585 sanus
2924 1521 3391 1588 confiteberis.»

1852 1630 2013 1698 Ecce
2038 1635 2295 1716 tempus
2321 1629 2728 1696 confessionis
2753 1629 2986 1694 dicitur
3007 1631 3199 1697 vivus
3228 1630 3300 1715 (e)
3329 1630 3399 1697 in

1851 1739 2118 1819 mundo,
2133 1739 2287 1823 quia
2295 1756 2425 1804 non
2435 1740 2639 1824 potest
2654 1737 2724 1821 (f)
2735 1737 3106 1802 ‘confiteriin
3117 1738 3393 1803 inferno.

1852 1845 2148 1914 Psalmus
2177 1849 2221 1889 ¹²
2255 1868 2319 1910 :s
2343 1845 2420 1912 In
2446 1845 2695 1912 inferno
2721 1848 2940 1910 autem
2967 1845 3115 1929 quis
3137 1847 3397 1911 confite-

1856 1956 2036 2021 bitur
2060 1953 2176 2020 tihi
2197 1956 2230 2019 Ἰ
2251 1974 2283 2015 n
2321 1952 2600 2019 Maxime
2632 1958 2849 2019 autem
2872 1953 3130 2037 tempus
3159 1954 3395 2020 confes

1851 2062 2049 2129 sionis
2077 2066 2172 2127 est
2189 2110 2207 2144 ,
2239 2062 2395 2127 dum
2422 2078 2623 2129 sanus
2645 2079 2744 2142 οε,
2770 2060 2925 2126 dum
2954 2061 3396 2144 poenitentiam

1849 2172 2054 2238 tacere
2074 2174 2273 2256 potes.
2283 2169 2725 2236 Confitendum
2744 2173 2839 2234 est
2853 2187 3014 2252 ergo
3029 2170 3229 2254 hujus
3239 2170 3397 2238 vitae

1849 2283 2160 2366 tempore,
2190 2297 2322 2344 non
2347 2281 2632 2363 tempore
2653 2296 2809 2359 uno,
2839 2278 2952 2343 sed
2980 2277 3200 2344 multis
3228 2282 3392 2345 tem-

1847 2387 2114 2472 poribus
2134 2387 2209 2452 ¹¹:
2232 2386 2748 2453 «confitebantur
2764 2390 3019 2470 peccata
3039 2404 3180 2465 sua,
3202 2408 3233 2446 n
3269 2389 3388 2452 etc.

1848 2479 2057 2579 usque
2086 2517 2102 2558 ε
2143 2517 2175 2557 s
2198 2498 2427 2578 quater
2451 2493 2517 2558 in
2544 2493 2682 2574 die,
2732 2496 2797 2559 et
2821 2496 3046 2577 quater
3089 2493 3161 2559 in
3203 2497 3392 2560 nocte

3438 1121 3641 1174 m.

3429 1192 3546 1229 rum.

1854 2602 2341 2668 confitebantur.
2370 2622 2402 2662 n
2437 2599 2486 2667 Ο
2529 2600 2586 2665 si
2619 2599 2813 2666 modo
2852 2604 3076 2684 quater
3113 2600 3186 2664 in
3220 2619 3393 2667 anno
3445 2657 3450 2662 .

1845 2709 2138 2775 confiteri
2156 2707 2386 2777 velles!
2409 2707 2620 2773 Semel
2631 2707 2903 2791 quilibet
2925 2711 3199 2791 tenetur,
3220 2712 3389 2793 post-

1849 2835 2047 2903 quam
2072 2817 2154 2882 ad
2182 2833 2390 2883 annos
2415 2815 2813 2882 discretionis
2838 2816 3119 2895 venerit,
3151 2819 3215 2883 et
3235 2817 3390 2883 reci-

1844 2943 1996 3010 pere
2037 2943 2269 3009 corpus
2314 2922 2602 3004 Domini;
2650 2922 2936 3008 alioquin
2970 2971 2990 3005 ,
3032 2922 3197 2989 sicut
3237 2924 3390 2990 dicit

1842 3052 2050 3102 canon
2075 3036 2143 3115 ¹⁸,
2180 3058 2212 3097 α
2235 3035 2317 3099 ab
2343 3033 2642 3116 ingressu
2668 3032 2950 3099 ecclesiae
2972 3036 3288 3115 arceatur,
3318 3037 3384 3098 et

1840 3144 2121 3210 moriens
2183 3141 2597 3208 ecclesiastica
2655 3145 2868 3207 careat
2926 3141 3277 3226 sepultura.
3336 3165 3369 3203 n

1841 3253 2093 3333 Quanto
2125 3268 2284 3334 ergo
2311 3250 2549 3335 saepius
2564 3298 2589 3331 ,
2632 3253 2697 3316 et
2722 3250 2915 3315 etiam
2941 3250 3236 3335 pluribus
3256 3251 3381 3318 bo-

1838 3379 1948 3427 mo
1995 3357 2354 3439 confltetur,
2396 3361 2573 3424 tanto
2617 3357 2850 3424 melius
2896 3361 3015 3424 est.
3076 3358 3385 3441 Augusti-

1838 3486 1965 3534 nus
2002 3466 2092 3534 ²⁸:
2132 3490 2164 3529 α
2192 3466 2440 3545 Quanto
2466 3466 2761 3550 pluribus
2803 3466 3142 3532 confltetur
3172 3468 3242 3532 in
3268 3485 3380 3551 spe

1837 3575 2045 3641 veniae
2075 3574 2536 3659 turpitudinem
2574 3573 2861 3638 criminis
2880 3622 2900 3654 ‚
2929 3576 3105 3639 tanto
3133 3573 3381 3639 tacilius

1835 3683 2246 3766 consequitur
2273 3682 2554 3765 gratiam
2581 3681 2993 3747 remissionis.
3018 3702 3051 3741 s

1913 3789 2002 3855 De
2029 3793 2261 3874 quarto
2280 3837 2299 3870 ,
2323 3789 2579 3873 require
2610 3789 2893 3874 primum
2917 3788 2990 3853 in
3013 3789 3226 3873 primo
3257 3807 3388 3855 ser·

1834 3916 2056 3964 mone:
2089 3898 2515 3982 confitemini
2523 3898 2866 3966 alteratum
2874 3904 3140 3981 peccata
3150 3905 3383 3981 vestra,

1834 4023 1953 4090 per
1991 4008 2199 4071 totum
2254 4007 2301 4047 ¹⁸
2320 4054 2339 4086 ‚
2386 4004 2500 4070 ubi
2560 4004 2711 4070 satis
2771 4005 3058 4071 invenies
3108 4005 3383 4090 qualiter

1839 4113 2034 4179 homo
2065 4113 2301 4180 'debeat
2346 4112 2657 4180 confiteri.
2703 4111 2791 4178 De
2817 4131 2947 4197 quo
2986 4111 3181 4178 etiam
3225 4116 3378 4179 nota

1836 4239 2063 4290 versus
2093 4244 2110 4286 ι

1822 4423 1831 4430 ·
1908 4401 1987 4455 Sit
2014 4400 2235 4466 simplex
2251 4438 2266 4468 ,
2293 4399 2501 4452 humilis
2531 4397 2809 4460 consessio,
2836 4411 2991 4465 pura,
3017 4399 3197 4453 fidelis.

1906 4476 2047 4527 Vera
2075 4474 2169 4539 sit,
2197 4486 2470 4539 accusans,
2495 4471 2669 4537 tortis,
2697 4485 2878 4539 patere
2901 4474 3078 4537 parata
3107 4472 3161 4525 ¹⁸.

1917 4652 1966 4720 Ο
1996 4655 2318 4737 peccator,
2333 4651 2389 4716 si
2415 4651 2793 4730 confitearis,
2826 4652 2907 4718 ad
2932 4653 3386 4722 confessionem

1847 4778 2114 4845 quoque
2157 4763 2219 4824 te
2259 4758 2491 4824 alliciat
2521 4757 2694 4841 quod
2734 4757 2825 4824 ait
2855 4759 3264 4842 Augustinus
3287 4763 3381 4828 ¹⁸:

1796 4857 1807 4865 ’
1856 4887 1888 4926 α
1903 4862 2304 4930 Credendum
2332 4861 2503 4946 quod
2528 4879 2749 4927 omnes
2764 4861 3205 4948 eleemosynae,
3234 4884 3388 4950 ope-

1854 5011 1982 5060 tom.
2010 5007 2100 5059 vl.
2123 5032 2179 5043 -
2207 5006 2252 5042 ¹⁸
2277 5004 2392 5057 Vid.
2418 5019 2553 5070 sup„
2577 5019 2695 5072 pag.
2719 5007 2944 5058 269·27o.
2964 5032 3024 5046 -
3052 5008 3094 5041 ¹⁸
3121 5008 3258 5060 ldem
3278 5008 3387 5063 tere

1851 5077 2049 5129 vicesis
2092 5076 2147 5127 in
2196 5076 2470 5143 cantiloq„
2508 5082 2639 5142 part.
2685 5077 2781 5140 ΙΙΙ,
2820 5081 2947 5128 sect.
2987 5080 3075 5143 5¹,
3114 5077 3219 5144 huj.
3264 5080 3385 5134 edit.

1806 5159 1809 5162 ·
1848 5152 1976 5201 tom.
2011 5149 2127 5214 vn,
2158 5161 2277 5213 pag.
2306 5149 2418 5212 423,
2446 5148 2543 5199 col.
2568 5151 2617 5198 2.
2640 5174 2704 5187 -
2739 5149 2777 5183 ¹²
2804 5151 2937 5215 Aug.

1922 5238 1987 5302 (α)
2015 5238 2141 5289 Coet.
2170 5237 2292 5288 edit.
2319 5239 2396 5288 Ne
2432 5241 2490 5287 ut
2523 5236 2585 5287 si.
2615 5263 2670 5274 —
2706 5236 2767 5300 (b)
2804 5239 2926 5289 Item
2958 5237 3190 5291 consistit
3213 5240 3267 5291 in
3290 5241 3387 5293 mi·

1854 5308 2154 5361 sericordia.
2188 5335 2250 5350 -
2278 5308 2341 5371 (c)
2370 5308 2515 5372 Apud
2548 5307 2669 5359 Bed.
2698 5309 2949 5374 gravioris
2980 5308 3135 5375 lepras
3170 5311 3390 5364 immun·

1855 5381 2052 5434 diiiam.
2076 5407 2140 5420 —
2167 5380 2242 5444 (α)
2270 5379 2398 5432 ibid.
2414 5378 2563 5444 juxta
2585 5378 2752 5444 legem
2776 5381 3046 5432 sacerdotii
3071 5382 3204 5449 (Leq.
3225 5397 3391 5436 sacer-

170 5460 234 5499 ex
261 5462 419 5501 conc.
460 5451 632 5501 Later.
674 5461 749 5502 lv.
776 5474 838 5488 —
873 5449 913 5486 ⁸⁸
947 5451 1057 5502 lmo
1093 5454 1274 5502 auctor
1322 5452 1410 5502 lib.
1447 5451 1508 5502 de
1548 5466 1649 5504 ver.
1682 5457 1733 5504 et
1853 5453 1998 5518 doti)
2030 5453 2331 5518 pandamus.
2355 5478 2414 5491 -
2447 5451 2509 5518 (e)
2540 5450 2654 5523 ἂρ.
2683 5451 2803 5503 dum
2824 5451 2972 5506 vivus
2993 5466 3065 5506 es.
3089 5481 3141 5492 -
3175 5454 3243 5524 (s)
3272 5456 3386 5528 [Δρ.

163 5518 289 5580 fale.
336 5521 543 5587 Ponit„
583 5532 651 5581 x,
688 5522 770 5587 25,
811 5520 957 5587 inter:
1000 5522 1154 5588 oper.
1208 5524 1455 5588 August..
1496 5523 1731 5592 Append.

1846 5525 2063 5594 poteris.
