4059 6317
699 431 818 494 536

694 561 867 620 nulla
905 575 1068 621 mors
1107 563 1195 620 est
1238 560 1530 629 timenda,
1578 560 1747 621 nulla
1781 562 2016 637 penitus
2054 580 2237 639 poena

696 655 1074 731 suspicanda,
1102 655 1211 713 sed
1235 653 1432 714 laetitia
1458 653 1544 713 ibi
1572 657 1659 713 est
1679 657 2075 730 sempiterna?
2093 661 2232 718 Item

696 750 748 809 si
773 750 856 807 sic
882 748 1135 808 delectat
1166 748 1264 807 hic
1293 749 1494 807 vivere
1529 763 1666 807 cum
1693 749 1899 807 amicis
1938 754 2234 827 tempora·

696 843 884 913 libus,
912 842 1018 901 ubi
1042 842 1145 901 vix
1177 841 1435 901 amicitia
1460 845 1545 900 est
1567 841 1681 900 nisi
1707 842 1889 916 falsa,
1920 861 2106 919 quam
2134 846 2235 905 de-

693 936 981 997 lectabilis
1015 936 1124 995 erit
1154 938 1276 994 vita
1309 936 1416 994 ubi
1458 935 1569 994 erit
1609 941 1947 995 sanctorum
1994 939 2230 1009 militia,

691 1047 835 1091 vera
860 1031 1136 1104 amicitia,
1166 1030 1334 1089 nullo
1354 1047 1623 1107 unquam
1642 1035 1909 1106 tempore
1931 1032 2236 1094 finienda?

692 1130 835 1186 Item
886 1126 936 1184 si
983 1127 1068 1184 sic
1121 1125 1416 1184 delectant
1457 1125 1675 1185 divitias
1721 1128 2031 1202 perituroe,
2085 1130 2236 1203 quid

690 1218 916 1278 faciunt
945 1235 1192 1278 summoe
1227 1218 1344 1279 iuae
1390 1218 1610 1279 divitias
1649 1220 1712 1280 in
1740 1224 2027 1281 oeternum
2064 1238 2235 1282 man-

691 1316 887 1373 suras?
914 1317 1056 1373 Item
1080 1314 1130 1372 si
1155 1329 1266 1372 nos
1301 1315 1386 1372 sic
1419 1313 1674 1373 delectat
1699 1317 1965 1391 corporis
1991 1317 2231 1392 sanitas,

693 1425 877 1484 quam
903 1408 1151 1467 destruit
1168 1424 1320 1482 soepe
1353 1406 1695 1480 infirmitas,
1726 1409 1919 1483 qualis
1944 1410 2051 1469 illa
2074 1412 2232 1469 sani-

691 1507 780 1561 tas
803 1502 941 1575 erit,
969 1501 1075 1561 ubi
1101 1501 1165 1559 in
1191 1506 1543 1577 perpetuum
1569 1501 1877 1562 infirmitas
1900 1504 2065 1565 nulla
2089 1507 2235 1565 erit?

691 1600 833 1657 ltem
858 1596 1017 1655 sisic
1045 1596 1296 1655 delectat
1319 1595 1702 1671 pulchritudo
1728 1597 1854 1656 haec
1880 1600 2233 1675 corporalis,

693 1708 827 1767 quae
850 1691 1016 1749 febre
1041 1693 1334 1765 turpatur,
1363 1690 1522 1765 quid.
1538 1690 1649 1749 erit
1674 1690 2076 1752 delectationis
2104 1712 2231 1756 esse

690 1786 776 1844 ibi
802 1784 1170 1860 pulchriores
1194 1782 1319 1842 sole
1338 1825 1359 1854 ,
1387 1783 1493 1842 ubi
1520 1783 1901 1859 pulchritudo
1926 1787 1992 1844 in
2018 1804 2229 1864 perpe·

690 1884 859 1939 tuum
898 1894 1022 1937 non
1055 1876 1334 1953 perdetur
1351 1878 1381 1934 Ἰ
1407 1880 1552 1936 Item
1584 1878 1633 1935 si
1669 1879 1753 1936 sic
1782 1879 2034 1940 delectat
2070 1898 2230 1943 nunc

692 1991 818 2035 esse
851 1973 1044 2032 filium
1070 1972 1305 2043 militis,
1333 1971 1563 2031 comitis
1581 2015 1603 2044 ,
1629 1973 1726 2031 vel
1765 1973 2011 2033 baronis
2028 2018 2049 2048 ,
2081 1978 2230 2052 quid

692 2069 1094 2131 delectationis
1118 2067 1228 2126 erit
1250 2083 1374 2126 esse
1404 2066 1598 2126 filium
1632 2069 1849 2127 summi
1892 2073 2092 2147 Regis,
2121 2076 2228 2134 uhi

691 2180 803 2223 nec
840 2163 1046 2222 filiatio
1076 2161 1250 2238 perdi
1292 2163 1553 2238 poterit?
1591 2169 1743 2236 Ergo
1776 2168 2117 2227 veneranda
2143 2174 2230 2230 est

689 2275 816 2335 qaec
842 2259 991 2320 Petri
1014 2263 1300 2332 potestas,
1333 2276 1466 2334 quoe
1492 2260 1542 2318 si
1566 2260 1710 2334 ligat
1734 2262 1797 2318 in
1825 2265 1980 2322 terra
2003 2269 2224 2325 morta-

686 2354 866 2426 lium,
903 2353 1049 2427 ligat
1082 2356 1140 2412 et
1173 2353 1238 2411 in
1273 2356 1430 2411 terra
1465 2354 1825 2429 viventium3
1869 2361 1925 2415 et
1961 2357 2012 2415 si
2051 2358 2226 2419 solvit

682 2449 746 2506 in
771 2454 928 2507 terra
950 2447 1351 2522 peccantium,
1377 2447 1555 2507 solvit
1579 2452 1636 2507 et
1663 2449 1727 2508 in
1755 2454 1909 2510 terra
1940 2451 2220 2512 felicium.

681 2543 772 2601 Ad
805 2558 989 2617 quam
1025 2542 1303 2617 precibus
1341 2545 1401 2601 et
1437 2543 1659 2601 meritis
1698 2544 1856 2604 beati
1897 2547 2047 2605 Petri
2091 2563 2224 2622 per-

683 2637 863 2696 ducat
891 2652 1003 2695 nos
1026 2637 1206 2695 Filius
1228 2637 1330 2696 Dei
1356 2637 1500 2696 vivi.
1529 2641 1733 2697 Amen.

857 2839 971 2914 DE
1033 2838 1468 2915 MATTHIA
1530 2840 2035 2919 APOSTOLO.

1114 2992 1370 3081 sermo
1419 2994 1704 3058 PmMUs
1733 2994 1775 3059 ¹.

747 3112 988 3168 Dilectus
1025 3126 1173 3169 meus
1198 3111 1503 3181 candidus,
1531 3117 1584 3169 et
1623 3114 1990 3189 rubicundus,
2020 3119 2216 3177 electus

675 3220 744 3262 σω
765 3206 1009 3261 millibus
1031 3204 1073 3261 ³.
1103 3205 1333 3278 Septem
1360 3206 1498 3262 sunt
1520 3221 1653 3280 quas
1675 3206 1994 3267 excludunt
2016 3210 2215 3270 homi-

673 3312 832 3375 nem,
863 3297 958 3354 vel
978 3296 1291 3355 excludere
1319 3297 1604 3356 deberent
1628 3315 1666 3356 a
1684 3298 1888 3360 divina
1904 3303 2215 3376 electione,

673 3391 826 3449 sicut
841 3406 915 3448 ex
933 3390 1132 3449 verbis
1149 3391 1376 3450 elicitur
1393 3408 1572 3451 sacrm
1593 3393 1922 3469 Scripturas.
1949 3396 2212 3457 Primum

674 3488 762 3544 est
798 3474 1275 3557 consanguinitas
1319 3484 1442 3543 sive
1494 3486 1838 3561 carnalitas3
1881 3490 2211 3550 secundum

673 3584 761 3639 est
785 3579 978 3637 carnis
1001 3578 1312 3650 nobilitas3
1335 3578 1567 3637 tertium
1582 3582 1669 3637 est
1679 3581 1890 3638 mentis
1913 3582 2210 3657 debilitas,

670 3673 794 3732 sive
845 3671 1130 3746 fragilitas
1146 3691 1164 3746 3
1225 3675 1504 3747 quartum
1562 3676 1649 3731 est
1712 3675 2166 3748 pusillanimitas
2182 3700 2201 3754 3

671 3766 943 3842 quintum
971 3768 1058 3824 est
1082 3765 1339 3840 superba
1363 3767 1618 3840 potestas
1632 3784 1650 3839 3
1676 3770 1907 3826 sextum
1933 3773 2021 3828 est
2048 3788 2208 3831 men-

670 3858 919 3930 dositas,
959 3858 1083 3917 sive
1126 3857 1345 3917 falsitas
1362 3878 1381 3932 3
1412 3859 1727 3932 septimum
1768 3864 1854 3919 est
1889 3864 2202 3939 cupiditas.

573 3954 582 3965 ‘
670 3958 738 4012 Et
762 3953 868 4011 illa
895 3956 1120 4026 septem
1148 3956 1285 4011 sunt
1310 3952 1622 4026 diligenter
1660 3958 1864 4015 notata
1888 3973 1926 4014 a
1949 3961 2202 4020 Domino

666 4048 942 4120 loquente
980 4046 1061 4104 ad
1106 4051 1342 4121 Moysen
1367 4046 1390 4083 ⁸
1433 4066 1448 4104 ε
1497 4069 1526 4100 «
1571 4049 1854 4122 Provide,
1902 4070 1932 4106 n
1975 4051 2199 4128 inquit,

667 4160 699 4195 α
726 4140 835 4199 tibi
864 4139 939 4198 de
962 4139 1127 4198 omni
1152 4138 1331 4214 plebe
1357 4140 1518 4198 viros
1538 4145 1824 4216 potenteS,
1854 4149 1911 4202 et
1936 4146 2202 4207 timentes

663 4238 866 4306 Deum,
895 4234 959 4291 in
987 4233 1205 4307 quibus
1227 4233 1301 4291 sit
1325 4234 1559 4306 veritas,
1589 4239 1648 4293 et
1673 4238 1777 4310 qui
1806 4238 2040 4298 oderint
2065 4257 2206 4302 ava·

657 4327 874 4385 ritiam.
914 4331 991 4384 De
1029 4330 1206 4397 omni,
1237 4343 1346 4401 per
1372 4327 1539 4402 quod
1574 4329 1904 4389 excluditur
1941 4349 2195 4395 consan-

662 4420 945 4494 guinitas3
969 4421 1156 4492 Plebs,
1184 4436 1293 4495 per
1330 4422 1498 4495 quod
1522 4422 1853 4482 excluditur
1882 4428 2160 4488 nobilitas
2173 4451 2194 4503 3

666 4515 827 4571 Viros
843 4555 866 4585 ,
911 4529 1019 4588 per
1058 4513 1225 4587 quod
1268 4514 1598 4573 excluditur
1633 4517 1949 4591 fragilitas3
1993 4524 2193 4581 Poten-

662 4611 737 4664 tes
791 4606 865 4682 (a)
884 4649 904 4679 ,
949 4622 1059 4682 per
1103 4608 1269 4682 quod
1326 4607 1655 4668 excluditur
1708 4612 2161 4685 pusillanimitas
2171 4638 2190 4691 3

658 4703 924 4759 Timentes
966 4705 1134 4759 Deum
1152 4742 1173 4773 ,
1207 4716 1316 4774 per
1356 4703 1523 4776 quod
1567 4703 1897 4764 excluditur
1938 4710 2195 4784 superba

653 4798 945 4870 potestas3
975 4796 1043 4851 In
1072 4796 1263 4867 quibus
1287 4800 1362 4853 sit
1394 4799 1596 4855 veritas
1615 4839 1636 4870 ,
1662 4816 1769 4873 per
1798 4802 1964 4876 quod
1995 4804 2192 4863 exclu-

652 4889 811 4947 ditur
839 4887 1092 4960 falsitas3
1113 4889 1186 4944 Et
1202 4891 1300 4960 qm·
1317 4890 1530 4948 odmnt
1551 4897 1864 4966 avar-itiam,
1889 4910 1997 4970 per
2022 4898 2191 4973 quod

646 4986 986 5041 removetur
1016 4981 1325 5056 cupiditas.
1372 4984 1544 5054 Quod
1588 4989 1787 5046 autem
1822 4987 1927 5048 ina
1960 4995 2187 5066 septem

645 5075 707 5133 in
736 5079 940 5136 sancto
966 5075 1198 5135 Matthia
1223 5076 1467 5150 fuerint,
1494 5084 1647 5138 recte
1675 5097 1813 5140 eum
1839 5084 1919 5141 ad
1942 5089 2183 5159 aposto-

703 5225 722 5260 ¹
752 5226 899 5275 Hunc
934 5237 1040 5275 nou
1075 5224 1232 5276 habet
1263 5223 1383 5275 edit.
1415 5226 1645 5290 llageno.
1682 5243 1766 5279 an.
1813 5234 1953 5293 1496,
1988 5235 2179 5287 nedum

642 5296 811 5347 codex
842 5296 1000 5347 Aesis.
1027 5309 1147 5347 suec.
1176 5306 1294 5347 xm.
1322 5322 1384 5335 —
1413 5298 1431 5328 ²
1459 5299 1630 5365 Cant„
1664 5312 1716 5365 v,
1746 5306 1823 5354 10.
1857 5329 1910 5339 —
1947 5304 1966 5336 ³
1994 5307 2182 5370 Esca„

635 5380 801 5434 xviii,
829 5372 908 5422 2¹.
935 5394 995 5407 -
1024 5370 1043 5400 ⁴
1066 5370 1270 5433 Macen„
1302 5381 1413 5435 xix,
1449 5373 1520 5422 Π.

1708 421 2127 493 8ΕΒΜΟΝΕ8
2168 429 2272 495 DE
2312 430 2667 499 SANCTIS.
2703 434 2861 502 xlx.

2338 566 2522 627 licum
2557 572 2773 630 coetum
2815 575 2966 634 Deus
3004 574 3203 651 elegit.
3250 577 3394 639 Hira
3429 582 3709 657 enim,si
3747 592 3877 665 quis

2338 662 2600 723 attendat
2624 662 2971 728 electionem
2997 671 3269 746 Matthiae,
3298 678 3747 741 commendatio
3774 689 3877 757 est,

2339 758 2508 832 quod
2559 775 2634 817 ex
2682 761 2847 820 omni
2899 768 3055 822 coetu
3106 770 3481 843 sanctorum,
3528 789 3710 847 super
3765 777 3878 836 hoc

2338 851 2633 912 orantium
2659 856 2862 929 Deum,
2879 857 2944 915 in
2960 860 3298 934 apostolum
3320 866 3396 922 sit
3418 865 3663 939 electus,
3680 869 3880 933 locum

2337 943 2503 1003 tudae
2541 948 2861 1021 proditoris
2899 952 3154 1012 sortitus.
3192 957 3358 1015 Unde
3394 959 3497 1019 hic
3522 968 3724 1036 potest
3746 982 3877 1026 nar-

2336 1040 2456 1098 rari
2480 1042 2645 1102 Judae
2663 1044 2927 1119 historia,
2952 1065 3088 1123 quoe
3107 1051 3383 1111 scribitur
3400 1056 3467 1112 in
3487 1056 3670 1132 hujus
3694 1065 3879 1122 saneti

2336 1134 2631 1208 Legenda.
2668 1139 2817 1209 Quia
2859 1157 3005 1215 ergo
3039 1143 3137 1202 hic
3168 1149 3406 1206 sanctus
3452 1153 3767 1225 apostolus
3808 1173 3880 1216 ex

2337 1230 2498 1289 tanta
2549 1232 2924 1294 multitudine
2982 1241 3069 1296 est
3118 1238 3332 1298 electus
3352 1282 3373 1312 ,
3422 1246 3721 1320 tanquam
3764 1253 3879 1310 mo

2336 1325 2686 1399 inspirante,
2724 1328 3120 1390 sanctissimus
3137 1375 3158 1406 ,
3196 1333 3352 1393 bene
3389 1336 3468 1396 de
3508 1355 3587 1397 eo
3616 1340 3874 1405 dicitur:

2336 1421 2576 1479 Dilectus
2615 1437 2759 1480 meus
2801 1424 3067 1482 candidus
3098 1432 3147 1483 et
3175 1429 3547 1506 rubicundus,
3591 1439 3790 1496 electius
3816 1457 3880 1499 a

2333 1515 2598 1572 vallibus.
2620 1517 2748 1573 Nou
2775 1515 2987 1575 dicitur
3004 1520 3264 1595 millibus,
3285 1524 3455 1597 quod
3471 1526 3643 1586 mille
3662 1540 3875 1607 ament3

2334 1607 2442 1665 sed
2468 1607 2833 1667 millenarius
2859 1626 3170 1686 numerus,
3198 1616 3342 1689 quia
3378 1618 3687 1693 perfectus
3704 1666 3726 1694 ,
3752 1643 3879 1701 per-

2330 1699 2599 1759 fectionis
2623 1703 2930 1777 apostolici
2956 1709 3138 1764 coetnis
3163 1714 3251 1767 est
3274 1709 3627 1784 signativus.
3662 1721 3731 1776 ln
3751 1736 3879 1779 auc-

2332 1796 2560 1854 toritate
2582 1811 2726 1870 ergo
2761 1799 3064 1872 praemissa
3088 1817 3127 1860 a
3155 1809 3410 1877 quatuor
3432 1807 3535 1866 hic
3562 1814 3879 1885 Apostolus

2332 1890 2819 1950 commendatur:
2847 1893 3044 1967 primo
3090 1911 3165 1953 ex
3203 1901 3373 1971 parte
3398 1902 3501 1959 Dei
3520 1945 3545 1974 ,
3573 1904 3658 1962 ab
3688 1908 3878 1967 excel·

2328 1982 2512 2043 lentia
2537 1985 2756 2045 amoris
2781 1987 3011 2061 eximii3
3036 1991 3296 2050 secundo
3325 2009 3364 2052 a
3387 1996 3732 2071 munditia,
3757 2003 3878 2060 sive

2328 2078 2615 2153 pudicitia
2639 2080 2852 2153 animi3
2876 2083 3049 2141 tertio
3076 2100 3113 2143 a
3150 2089 3545 2160 praerogativa
3570 2097 3873 2170 martyrii:

2329 2177 2542 2246 quarto
2568 2189 2605 2232 a
2632 2174 2915 2248 dignitate
2942 2175 3142 2235 officii.
3180 2181 3421 2239 Notatur
3446 2189 3652 2244 autem
3680 2190 3878 2263 primo
4002 2179 4007 2182 ’

2330 2264 2533 2326 divina
2558 2268 2808 2327 charitas
2821 2310 2842 2340 ,
2870 2270 3117 2345 quando
3145 2271 3391 2332 dicitur:
3427 2279 3671 2338 Ducem
3707 2300 3872 2344 m.

2328 2362 2570 2420 Notatur
2597 2361 2858 2420 secundo
2905 2364 3089 2421 animi
3125 2366 3389 2441 puritas,
3427 2374 3484 2427 et
3528 2373 3717 2432 totius
3743 2377 3878 2437 vitai

2325 2455 2621 2528 honestae,
2640 2472 2779 2514 cum
2797 2457 3072 2517 additur:
3107 2460 3404 2522 Candidus.
3436 2468 3689 2528 Notatur
3706 2475 3877 2535 tertio

2325 2549 2454 2621 ejus
2496 2549 2579 2608 ad
2614 2550 2964 2625 patiendum
3004 2553 3324 2629 stabilitas,
3369 2573 3506 2618 cum
3551 2564 3873 2627 subditur:

2324 2645 2397 2699 Et
2417 2644 2767 2717 rubicundus,
2788 2646 2957 2721 quasi
2985 2648 3272 2721 sanguine
3301 2657 3660 2715 cruentatus.
3691 2663 3876 2722 Nota-

2324 2738 2417 2793 tur
2456 2741 2667 2810 quarto
2702 2739 2793 2796 sui
2834 2739 3015 2798 officii
3060 2741 3348 2818 dignitas,
3395 2763 3534 2806 cum
3576 2750 3877 2817 infertur:

2323 2829 2535 2888 Electus
2580 2847 2649 2889 σω
2690 2834 2953 2892 millibus.
3000 2838 3216 2895 Verum
3261 2839 3403 2914 quia
3432 2845 3627 2902 omnis
3673 2850 3785 2922 qui
3839 2868 3879 2910 a

2322 2925 2442 2983 Deo
2464 2925 2812 2985 aeternaliter
2837 2931 2923 2986 est
2949 2928 3170 2989 electus
3186 2975 3207 3005 ,
3234 2932 3299 2991 in
3324 2940 3591 3010 tempore
3617 2941 3704 3000 ad
3728 2959 3877 3017 gra-

2321 3019 2464 3076 tiam
2505 3023 2590 3077 est
2617 3025 2887 3095 vocatus,
2926 3028 2984 3081 et
3026 3029 3112 3083 est
3138 3041 3177 3084 a
3219 3029 3335 3086 Deo
3376 3030 3647 3104 dilectus,
3684 3039 3745 3094 et
3785 3043 3881 3099 est

2319 3111 2614 3172 munditia
2639 3115 2920 3189 candidus,
2941 3119 2999 3174 et
3015 3116 3220 3178 divino
3235 3118 3374 3194 igne
3388 3127 3873 3204 estnabioemam3

2321 3205 2397 3264 de
2424 3206 2553 3266 sola
2578 3207 2738 3266 enim
2774 3208 2849 3284 (b)
2879 3209 3162 3270 electione
3186 3229 3348 3273 nunc
3373 3220 3461 3275 est
3486 3235 3688 3281 sermo
3715 3224 3876 3285 fien-

2320 3298 2455 3371 dus,
2501 3304 2629 3359 tum
2667 3303 2810 3376 quia
2849 3305 3052 3363 omnia
3089 3302 3209 3364 alia
3247 3309 3311 3366 in
3341 3326 3406 3368 se
3442 3312 3689 3387 claudit,
3736 3322 3873 3381 tum

2316 3393 2460 3468 quia
2483 3393 2601 3453 diei
2624 3396 2816 3469 magis
2843 3398 3138 3471 convenit,
3166 3404 3289 3460 tum
3317 3404 3459 3478 quia
3487 3406 3550 3464 in
3574 3408 3712 3468 aliis
3736 3428 3873 3471 ser-

2316 3488 2598 3546 monibus
2638 3490 2967 3564 majoribus
3008 3491 3228 3553 festivis
3265 3496 3441 3572 plura
3475 3500 3552 3559 de
3586 3503 3725 3562 aliis
3760 3524 3873 3569 me

2314 3581 2514 3639 recolo
2555 3582 2770 3642 dixisse
2784 3626 2804 3657 ,
2848 3602 2984 3660 quoe
3020 3587 3072 3645 si
3112 3605 3290 3663 super
3328 3608 3632 3654 sermones
3670 3598 3873 3662 lector

2313 3675 2581 3735 tabulam
2608 3678 2838 3752 fecerit,
2870 3682 3086 3755 poterit
3105 3684 3369 3745 invenire
3388 3729 3409 3759 ,
3434 3695 3492 3749 et
3510 3691 3668 3766 hoc,
3695 3696 3751 3753 si
3773 3698 3872 3756 vi-

2314 3770 2580 3842 debitur,
2621 3772 2963 3847 praedicare.
3015 3779 3107 3834 Est
3157 3777 3334 3852 igitur
3373 3782 3471 3841 hic
3519 3789 3873 3852 notandum

2312 3864 2480 3939 quod
2537 3865 2810 3925 homines
2862 3869 3161 3943 eliguntur
3198 3874 3278 3931 ad
3329 3875 3547 3950 plura:
3600 3883 3871 3956 quidam
3900 3895 4059 3940 anisa

2310 3960 2470 4017 enim
2497 3959 2796 4033 eliguntur
2821 3962 3017 4037 primo
3044 3965 3124 4023 ad
3150 3966 3489 4028 divinorum
3521 3972 3868 4039 ohservan-
3899 3960 4059 4068 ἐξ*

2309 4050 2453 4110 tiam
2496 4053 2953 4130 mandatorum3
2999 4060 3264 4118 secundo
3308 4062 3389 4121 ad
3422 4065 3869 4139 perfectionem

2308 4146 2728 4217 consiliorum3
2780 4150 2944 4209 tertio
2983 4151 3064 4210 ad
3102 4153 3475 4216 tolerantiam
3522 4166 3865 4238 martyrio-

2305 4257 2467 4316 rum3
2516 4246 2728 4318 quarto
2768 4246 2849 4304 ad
2892 4248 3162 4322 regimen
3206 4251 3585 4328 inferiorum3
3633 4258 3864 4333 quinto

2304 4350 2448 4394 vero
2468 4352 2676 4397 omnes
2701 4338 2781 4397 ad
2803 4341 3210 4402 excellentiam
3228 4347 3627 4420 praemiorum.
3650 4353 3869 4417 Prima

2303 4428 2511 4488 electio
2540 4434 2627 4489 est
2663 4433 2934 4492 omnium
2971 4436 3423 4514 salvandorum3
3460 4445 3724 4505 secunda
3764 4458 3869 4511 est

2301 4523 2748 4599 religiosorum3
2783 4527 2954 4587 tertia
2987 4533 3075 4588 est
3116 4537 3449 4594 sanctorum
3471 4544 3860 4619 martyrum3

2304 4624 2516 4692 quarta
2549 4623 2637 4678 est
2676 4624 2949 4682 omnium
2986 4626 3392 4702 praelatorum3
3442 4633 3652 4707 quinta
3694 4653 3863 4700 vero

2301 4719 2387 4771 est
2409 4716 2802 4776 communiter
2827 4719 3098 4778 omnium
3116 4721 3459 4783 electorum.

2367 4808 2640 4868 Dicamus
2662 4825 2805 4884 ergo
2833 4812 3001 4887 quod
3022 4814 3272 4888 quidam
3297 4816 3598 4892 eliguntur
3622 4822 3704 4882 ad
3732 4826 3864 4885 ob-

2296 4903 2650 4963 servantiam
2676 4905 3117 4979 mandatorum,
3140 4908 3264 4968 sive
3280 4917 3713 4988 praeceptorum
3741 4937 3765 4976 :
3794 4927 3863 4981 et

2295 4993 2425 5053 haec
2452 4995 2658 5056 electio
2677 5002 2764 5056 est
2789 5001 3182 5061 communiter
3199 5004 3489 5079 omnium,
3518 5008 3666 5083 quia
3682 5015 3857 5075 nulli

2295 5092 2382 5146 est
2424 5089 2585 5149 salus
2637 5091 2865 5165 adulto,
2916 5099 2968 5152 st
3017 5095 3281 5169 negligat
3322 5098 3643 5162 observare
3682 5122 3857 5180 prse-

2294 5186 2464 5258 cepta
2491 5184 2512 5219 ⁴
2543 5203 2558 5243 ;
2595 5204 2624 5239 α
2651 5186 2709 5243 Si
2726 5187 2835 5260 vis,
2866 5208 2893 5242 a
2924 5188 3121 5263 inquit
3148 5190 3450 5265 Dominus,
3482 5213 3513 5248 ε(
3540 5196 3626 5254 ad
3652 5200 3859 5261 vitam

2356 5311 2421 5373 (α)
2451 5309 2615 5362 Editio
2642 5311 2848 5378 vulgata
2882 5314 3034 5367 tradit
3059 5315 3332 5383 Sapientes.
3363 5344 3426 5355 —
3453 5320 3528 5387 (ὁ)
3559 5322 3679 5391 Iaey.
3703 5327 3857 5395 eius,

2292 5381 2369 5437 vel
2393 5381 2505 5435 dete
2530 5383 2685 5441 enim.
