4059 6317
886 486 1265 555 DOMINIGA
1303 484 1389 552 IN
1426 483 1673 551 RAMIS
1715 480 2184 551 PALMARUM.
2226 485 2492 553 SERMO
2534 486 2644 555 111.

213 621 376 686 modo
417 620 693 687 Christus
748 623 1204 688 vestimentum
1268 621 1552 705 corporis
1609 619 1714 685 sui

212 747 310 812 pro
345 730 516 794 nobis
538 732 831 814 exposuit
846 780 868 812 ,
898 734 963 797 et
982 732 1370 814 sanguinem
1408 728 1709 812 profudit,

210 841 342 899 tnnc
377 836 606 901 facilius
640 837 828 902 nobis
859 844 1022 902 esset
1060 856 1177 920 pro
1228 836 1475 901 Christo
1515 834 1716 899 vesti-

211 946 466 1006 mentum
515 944 714 1008 nostri
765 946 1048 1026 corporis
1082 943 1482 1027 passionibus
1524 959 1716 1024 expo-

210 1066 360 1127 nere,
388 1050 826 1115 afflictionibus
852 1050 1157 1115 scindere.
1199 1049 1332 1114 Hoc
1353 1051 1714 1131 figuratum

213 1159 292 1218 est
327 1155 392 1219 in
427 1156 611 1222 Jacob
642 1164 691 1237 ¹,
722 1158 837 1242 qui
886 1158 1111 1224 videns
1143 1156 1428 1223 tunicam
1477 1153 1714 1238 loseph

214 1262 735 1342 sanguinolentam
758 1313 776 1344 ‚
808 1264 988 1329 scidit
1027 1264 1404 1329 vestimenta
1430 1281 1568 1326 sua.
1603 1260 1717 1325 Pa·

215 1386 337 1432 rum
362 1373 472 1447 est,
499 1371 553 1434 si
581 1389 699 1454 pro
728 1371 840 1435 illo
868 1370 1122 1436 scindas
1140 1371 1511 1436 vilissimam
1534 1375 1714 1434 tuam

218 1477 495 1557 tunicam,
533 1480 646 1562 qui
674 1497 796 1562 pro
837 1483 903 1543 te
941 1479 1125 1545 scidit
1166 1477 1712 1562 pretiosissimam.

220 1580 359 1658 Quid
383 1589 469 1647 est
489 1602 718 1668 corpus
745 1590 933 1649 tuum
963 1586 1038 1650 ad
1071 1603 1302 1668 corpus
1330 1583 1542 1649 illius?
1572 1583 1721 1648 Ber-

221 1691 427 1754 nardus
462 1691 486 1726 ⁸
529 1708 546 1753 ε
602 1717 633 1754 α
661 1691 888 1757 Nonne
936 1692 991 1757 si
1031 1692 1470 1757 conferrentur
1497 1708 1722 1755 omnes

222 1796 348 1860 vitae
389 1797 655 1863 filiorum
687 1800 915 1879 Adam,
941 1800 1074 1863 imo
1101 1804 1164 1863 et
1188 1816 1410 1863 omnes
1433 1797 1569 1866 dies
1595 1814 1718 1860 sae-

224 1902 348 1973 culi,
376 1908 431 1968 et
452 1904 694 1970 labores
727 1906 1019 1971 omnium
1044 1906 1407 1985 hominum,
1437 1906 1548 1988 qui
1581 1906 1718 1969 fue·

228 2014 373 2089 runt,
399 2012 505 2094 qui
537 2018 712 2093 sunt,
742 2021 808 2078 et
834 2014 946 2097 qui
973 2019 1183 2092 erunt,
1215 2013 1377 2077 nihil
1402 2017 1618 2077 essent
1641 2013 1723 2077 ad

229 2120 718 2200 comparationem
746 2121 1028 2204 corporis
1053 2120 1248 2200 illius,
1278 2120 1451 2203 quod
1482 2124 1726 2203 specta-

231 2222 333 2288 bile
362 2229 419 2289 et
442 2229 821 2311 stupendum
865 2234 960 2292 est
1003 2228 1193 2292 etiam
1241 2227 1586 2292 virtutibus
1613 2245 1723 2290 su-

234 2332 457 2411 pernis?
486 2355 516 2392 s
563 2335 825 2399 Scindas
868 2352 1028 2416 ergo
1074 2353 1325 2399 saccum
1368 2337 1558 2398 tuum
1608 2352 1726 2417 pro

235 2455 476 2519 purpura
499 2441 752 2505 Christi.
784 2438 1045 2505 Scindas
1064 2459 1225 2522 ergo
1254 2458 1507 2504 saccum
1528 2440 1724 2505 tristi-

237 2543 351 2625 tiae,
391 2552 455 2611 ut
477 2548 739 2630 recipias
775 2548 1003 2613 stolam
1031 2548 1291 2613 laetitiae.
1324 2546 1653 2612 Psalmista
1679 2547 1724 2613 ἐ

246 2672 270 2709 u
289 2649 611 2718 conscidisti
637 2673 894 2719 saccum
925 2673 1168 2735 meum,
1199 2678 1231 2715 ι)
1271 2660 1390 2720 etc.

301 2756 551 2825 Tertium
616 2761 1023 2842 significatur
1081 2762 1151 2825 in
1203 2762 1424 2826 ramiS.
1493 2761 1731 2826 Ramus

239 2865 376 2930 enim
392 2869 618 2934 bonum
636 2889 800 2954 opus
823 2871 1163 2951 significat.
1184 2869 1350 2948 Quot
1365 2871 1538 2935 enim
1561 2870 1733 2935 bona

240 2989 393 3054 opera
414 2983 660 3060 propter
689 2977 1013 3043 Christum
1036 2978 1212 3057 faciS,
1239 2981 1331 3042 tot
1355 2997 1507 3042 eum
1534 2978 1733 3042 ramis

238 3077 490 3147 honoraS.
539 3083 610 3148 Si
643 3086 820 3149 enim
863 3085 965 3149 his
1008 3086 1207 3149 ramis
1234 3084 1449 3149 anima
1473 3085 1732 3150 evolans

238 3186 301 3250 ad
322 3206 452 3253 eum
479 3193 674 3271 venit,
705 3192 868 3256 bene
895 3192 1305 3274 suscipietur,
1336 3193 1499 3256 sicut
1526 3192 1734 3275 signi-

235 3293 455 3363 ficatum
498 3303 592 3364 ost
627 3300 702 3363 in
747 3299 1044 3363 columba
1086 3317 1237 3363 cum
1279 3317 1459 3363 ramo
1488 3301 1734 3364 virente

236 3401 301 3465 ad
337 3401 456 3469 Noe
490 3408 807 3471 veniente.
855 3406 979 3471 Sed
1017 3412 1169 3471 nota
1198 3408 1221 3442 ⁴
1251 3408 1423 3490 quod
1467 3408 1545 3471 de
1588 3426 1737 3472 arca

236 3511 464 3576 emissus
506 3520 601 3578 est
640 3532 876 3579 corvus
917 3518 981 3578 et
1027 3514 1344 3579 columba.
1392 3515 1558 3579 Arca
1608 3515 1732 3579 flu-

235 3621 421 3682 ctuans
445 3627 534 3685 est
560 3620 839 3687 Ecclesia
877 3621 1179 3685 militans.
1213 3621 1391 3686 Sicut
1420 3622 1594 3687 enim
1620 3641 1736 3687 ex-

236 3727 318 3787 tra
351 3744 548 3792 arcam
578 3728 800 3792 nullus
850 3728 1134 3793 salvatur
1150 3777 1168 3807 ,
1207 3729 1298 3793 ita
1320 3748 1529 3812 neque
1556 3737 1738 3795 extra

237 3829 558 3901 Ecclesiam.
612 3835 860 3901 Corvus
916 3841 1133 3901 autem
1179 3840 1243 3903 et
1277 3836 1574 3902 columba
1597 3839 1736 3903 ani-

238 3956 350 4005 mas
376 3944 736 4024 significant
763 3942 1263 4008 Christianorum
1282 3944 1348 4007 in
1366 3963 1513 4009 arca
1527 3943 1739 4009 Eccle-

237 4046 326 4111 siae
362 4069 466 4131 per
497 4051 689 4115 fldem
719 4049 1153 4115 existentium.
1186 4050 1306 4115 Sed
1341 4069 1574 4117 corvus
1598 4053 1737 4117 ani-

238 4169 382 4219 mam
403 4156 741 4239 cujuslibet
757 4156 1101 4239 peccatoris
1121 4157 1465 4239 significat.
1488 4160 1742 4240 Augus-

239 4261 382 4326 tinus
417 4262 439 4297 ⁸
477 4284 495 4329 t
546 4286 577 4324 α
622 4264 860 4328 Anima
923 4265 1269 4345 peccatoris
1339 4267 1592 4348 nigrior
1645 4271 1742 4332 est

238 4384 417 4434 corvo.
455 4393 486 4431 ι
533 4370 842 4436 Columba
884 4374 1101 4435 autem
1143 4373 1426 4438 animam
1458 4375 1619 4458 justi
1647 4376 1734 4439 si-

238 4476 481 4554 gnificat.
510 4478 905 4544 Emittuntur
936 4482 1148 4542 autem
1181 4479 1260 4544 de
1289 4499 1457 4559 arca,
1481 4483 1739 4566 quando

239 4580 292 4643 in
318 4591 503 4648 morte
527 4585 605 4649 de
635 4582 912 4649 Ecclesia
937 4585 1240 4666 migrant.
1272 4586 1385 4653 Vae
1414 4592 1567 4653 tunc
1594 4608 1734 4654 cor-

239 4703 336 4768 vo;
376 4692 474 4755 sed
506 4691 670 4756 bene
714 4691 1053 4756 columbae.
1097 4691 1338 4759 Corvus
1364 4713 1604 4759 vacuus
1629 4713 1738 4761 re-

241 4797 389 4865 diens
408 4851 426 4881 ,
471 4801 754 4867 animam
814 4802 1150 4884 cujuslibet
1193 4805 1444 4887 parvuli
1491 4806 1739 4890 absque

242 4907 449 4972 meritis
498 4926 769 4992 operum
823 4908 1181 4975 evolantem
1234 4911 1569 4992 significat.
1627 4912 1742 4977 Co-

242 5010 435 5079 lumba
467 5034 622 5081 vero
672 5033 818 5079 cum
864 5018 1061 5080 ramis
1109 5021 1408 5099 venienS,
1455 5021 1740 5087 animam

243 5137 365 5185 cum
413 5124 587 5188 bonis
629 5124 931 5207 operibus
981 5126 1337 5191 evolantem
1390 5129 1738 5210 significat.

297 5317 461 5383 ’Gen.,
493 5332 699 5383 xxxvn,
729 5322 807 5371 ³4.
838 5346 898 5357 —
928 5321 947 5351 ²
976 5322 1125 5373 Bern.
1153 5349 1217 5361 -
1256 5324 1276 5354 ³
1306 5323 1444 5375 Psal.
1476 5335 1629 5386 xxtx,
1661 5327 1740 5375 12.

247 5408 298 5423 -
321 5389 337 5418 ⁴
360 5392 494 5455 Gen„
523 5403 646 5457 vm,
672 5395 724 5454 6,
753 5393 805 5441 8.
830 5418 890 5429 -
925 5393 943 5423 ⁵
968 5396 1200 5458 August„
1227 5408 1382 5444 serm.
1409 5405 1564 5457 cxxv,
1595 5407 1648 5445 n.
1687 5397 1742 5459 5,

248 5462 386 5525 quoad
421 5477 641 5515 sensum.
679 5488 742 5500 -
791 5463 813 5494 ⁸
844 5464 1014 5529 Greg„
1053 5467 1111 5515 in
1145 5466 1359 5531 Evanq„
1391 5465 1535 5518 hom.
1572 5477 1741 5531 xxvn,

3245 487 3361 551 189

1819 617 2048 686 Virens
2085 624 2302 687 autem
2338 623 2461 688 fuit
2502 639 2725 688 ramus
2738 669 2756 700 ‚
2788 619 2937 705 quia
2961 620 3032 685 in
3056 619 3363 684 charitate

1821 726 2007 792 debet
2030 729 2172 794 fleri
2189 729 2435 795 bonum
2461 749 2645 813 opus.
2676 728 2854 794 Unde
2873 728 3073 794 Deum
3100 727 3364 792 adorant

1822 853 1971 899 cum
2010 837 2211 900 ramis
2249 837 2466 915 aridis,
2512 837 2624 921 qui
2668 837 2838 902 bona
2888 853 3081 919 opera
3127 834 3366 898 faciunt

1824 943 2101 1008 vivendo
2149 943 2218 1007 in
2274 945 2565 1027 peccatiS.
2606 942 2957 1025 Gregorius
2983 943 3052 1005 ⁸:
3092 964 3123 1002 α
3147 938 3365 1023 Neque

1822 1048 2014 1113 habet
2040 1049 2280 1132 aliquid
2315 1050 2654 1115 viriditatis
2691 1068 2911 1114 ramus
2948 1050 3158 1132 operis
3182 1048 3360 1126 boni,

1824 1156 1878 1219 si
1903 1174 2037 1221 non
2067 1161 2278 1222 manet
2304 1159 2375 1221 in
2397 1157 2609 1223 radice
2635 1156 2982 1221 charitatis.
3011 1179 3041 1217 n

1907 1263 2221 1340 Quartum
2264 1265 2670 1348 significatur
2709 1265 2778 1328 in
2827 1265 3102 1329 clamore
3151 1262 3363 1327 dicen-

1825 1370 1987 1435 tium
2015 1379 2039 1413 ⁷
2066 1391 2084 1435 ε
2115 1373 2490 1441 Benedictus
2516 1375 2636 1456 qui
2663 1373 2858 1452 amit,
2881 1374 2998 1435 etc.
3021 1362 3365 1445 Elisabeth,

1826 1478 2152 1543 exultante
2185 1478 2428 1544 Joanne
2465 1480 2536 1544 in
2570 1484 2754 1545 utero
2782 1481 2945 1561 ejus,
2975 1478 3105 1542 ait·
3140 1498 3156 1541 ε
3188 1498 3221 1536 α
3252 1475 3368 1539 Be-

1828 1584 2118 1649 nedictus
2144 1585 2387 1650 fructus
2413 1587 2656 1651 ventris
2680 1586 2799 1649 tui.
2830 1608 2862 1646 n
2899 1584 2966 1649 Si
2994 1602 3150 1666 ergo
3176 1582 3368 1648 Joan·

1828 1710 1975 1756 nem
2007 1692 2077 1755 in
2112 1697 2328 1773 utero,
2375 1694 2437 1758 id
2472 1698 2600 1774 est,
2634 1694 2913 1775 gratiam
2948 1695 3017 1756 in
3055 1692 3264 1769 corde,
3318 1691 3372 1753 si

1829 1817 2085 1864 ramum
2126 1800 2193 1865 in
2221 1819 2443 1881 manu,
2473 1801 2775 1865 meritum
2808 1801 2874 1864 in
2916 1816 3107 1882 opere
3132 1797 3374 1862 habue-

1829 1907 1938 1986 ris‚
1971 1911 2126 1971 tunc
2164 1906 2362 1971 Deum
2395 1926 2504 1972 ore
2540 1908 2778 1990 optime
2813 1906 3153 1970 benedicis.
3198 1904 3374 1970 Unde

1829 2014 1992 2078 bene
2038 2014 2117 2078 de
2158 2013 2452 2079 Simeone
2486 2015 2715 2079 dicitur
2739 2019 2786 2092 ⁰,
2832 2013 3005 2096 quod
3040 2034 3071 2072 α
3098 2011 3372 2095 Spiritus

1832 2120 2103 2186 Sanctus
2135 2127 2270 2186 erat
2304 2123 2371 2186 in
2409 2140 2507 2199 ec,
2550 2144 2582 2181 n
2635 2127 2700 2185 et
2739 2120 2910 2202 quod
2946 2141 2979 2181 c
3001 2119 3239 2200 accepit
3264 2117 3368 2182 Je-

1831 2247 1976 2292 sum
2016 2229 2087 2292 in
2127 2229 2314 2292 ulnas
2347 2246 2533 2306 suas,
2563 2233 2625 2293 et
2661 2226 3007 2291 benedixit.
3043 2247 3075 2286 s
3105 2226 3171 2291 Si
3197 2227 3372 2290 enim

1831 2335 2025 2401 fuerit
2069 2334 2340 2417 Spiritus
2393 2338 2648 2399 sanetus
2687 2335 2754 2398 in
2800 2334 3021 2414 corde,
3067 2332 3254 2398 Jesus
3304 2335 3373 2397 in

1834 2461 2054 2521 manu,
2081 2442 2147 2507 id
2174 2449 2289 2521 est,
2323 2442 2392 2505 in
2416 2460 2628 2524 opere,
2661 2445 2819 2506 tunc
2858 2441 3209 2506 benedictio
3242 2440 3375 2505 lau-

1834 2548 1932 2613 dis
1956 2555 2019 2612 et
2043 2550 2346 2614 orationis
2373 2553 2467 2614 ost
2495 2550 2564 2613 in
2592 2567 2722 2613 ore.
2767 2548 3036 2615 Benedic
3082 2548 3280 2613 Deum
3304 2549 3375 2612 iu

1835 2654 2077 2720 mundo
2096 2703 2117 2736 ,
2167 2660 2241 2722 ut
2276 2656 2667 2721 benedicaris
2710 2675 2750 2720 a
2794 2656 2924 2721 Deo
2977 2656 3046 2720 in
3099 2656 3371 2739 judicio,

1835 2764 2091 2846 quando
2117 2764 2283 2829 dicet
2299 2766 2344 2806 ¹⁰
2370 2787 2391 2829 -ε
2433 2787 2464 2826 α
2489 2764 2731 2845 Venite,
2775 2765 3106 2830 benedicti.
3136 2786 3168 2825 n
3200 2764 3378 2829 Unde

1836 2872 1915 2936 de
1943 2871 2189 2936 Christo
2215 2872 2411 2955 accipi
2440 2876 2644 2955 potest
2668 2872 2824 2937 illud
2849 2874 2891 2909 ¹¹
2924 2894 2939 2937 z
2979 2896 3010 2933 α
3037 2873 3157 2950 Qui
3182 2874 3373 2938 bene·

1836 2977 2067 3043 dixerit
2092 2979 2230 3058 tibi,
2256 2979 2797 3045 benedictionibus
2822 2981 3165 3063 repleatur.
3195 3002 3226 3040 n

2390 3157 2679 3227 SERMO
2721 3159 2814 3228 111
2845 3164 2914 3229 ¹².

1919 3302 2076 3367 Ecce
2099 3316 2221 3368 rex
2238 3309 2387 3368 tuus
2406 3302 2581 3368 venit
2601 3302 2723 3369 tibi
2733 3309 3128 3381 mansuetus,
3150 3302 3375 3371 sedens

1838 3423 2028 3491 super
2042 3411 2299 3475 asinam
2318 3408 2383 3489 ¹⁸,
2410 3413 2529 3474 etc.
2544 3408 2798 3474 Utinam
2813 3410 3079 3493 quilibet
3090 3415 3380 3476 nostrum

1844 3520 2198 3582 mereretur
2223 3535 2359 3581 esse
2384 3518 2606 3581 asinus
2644 3516 2936 3582 Domini!
2969 3518 3229 3601 Oportet
3270 3538 3380 3583 au·

1838 3629 2002 3702 tem,
2048 3630 2122 3689 ut
2160 3624 2273 3707 qui
2322 3623 2592 3689 voluerit
2643 3644 2782 3690 esse
2827 3627 3043 3690 asinus
3087 3626 3372 3706 Domini,

1842 3733 2219 3796 vestimenta
2259 3732 2317 3795 ei
2366 3735 2833 3814 praeceptorum
2884 3731 3380 3816 apostolicorum

1841 3845 1906 3904 et
1933 3839 2376 3923 exemplorum
2404 3839 2851 3922 imponantur,
2880 3844 2954 3905 ut
2979 3839 3073 3904 sie
3098 3841 3382 3904 Christus

1843 3949 1911 4012 in
1938 3948 2077 4030 ipso
2102 3946 2333 4026 sedeat,
2367 3947 2565 4012 donec
2589 3948 2658 4011 in
2683 3945 3034 4012 Jerusalem
3065 3947 3382 4012 coelestem

1843 4055 2078 4121 veniat.
2129 4051 2665 4118 Considerandum
2714 4059 2930 4118 autem
2967 4055 3139 4138 quod
3183 4054 3382 4120 Domi·

1842 4180 1969 4225 nus
2003 4179 2197 4243 super
2229 4160 2355 4224 tria
2381 4160 2646 4243 mystica
2672 4160 2970 4226 animalia
2995 4162 3265 4226 libenter
3290 4181 3384 4227 se-

1843 4269 1969 4346 det,
1999 4267 2272 4332 libenter
2298 4267 2560 4349 equitat,
2583 4267 2874 4332 videlicet
2894 4286 3085 4351 super
3102 4269 3378 4350 asinum,

1844 4393 2037 4458 super
2072 4374 2427 4453 camelum,
2458 4391 2650 4456 super
2684 4392 2969 4456 equum:
3000 4375 3252 4439 asinum
3278 4394 3386 4440 au-

1843 4489 1975 4548 tem
2001 4483 2276 4560 Domini,
2310 4480 2658 4564 quemlibet
2691 4482 3102 4562 poenitentem
3139 4490 3202 4547 et
3235 4483 3388 4548 inci-

1846 4592 2148 4674 pientem;
2178 4588 2518 4664 camelum,
2549 4588 2897 4670 quemlibet
2916 4590 3380 4670 proficientem;

1846 4715 2086 4782 equum
2109 4746 2126 4776 ,
2158 4696 2508 4780 quemlibet
2541 4695 2888 4778 perfectum
2933 4700 2992 4760 et
3020 4697 3387 4778 pervenien-

1847 4804 1999 4865 tem.
2028 4799 2101 4863 In
2137 4800 2239 4863 his
2266 4799 2439 4863 sedet
2467 4797 2773 4862 Dominus
2802 4816 2916 4880 per
2947 4798 3246 4879 gratiam.

1928 4906 2012 4971 De
2069 4904 2276 4989 primo
2323 4904 2555 4970 dieitur
2594 4923 2612 4968 ε
2651 4905 2804 4970 Ecce
2860 4920 2981 4970 νεα·
3035 4911 3208 4984 tuus,
3263 4910 3382 4972 etc.

1848 5015 2085 5079 Asinus
2111 5013 2339 5078 Christi
2368 5015 2484 5089 est,
2513 5012 2628 5094 qui
2657 5030 2818 5076 onus
2844 5013 3231 5094 poenitentiae
3248 5032 3390 5095 por-

1849 5191 1903 5227 n.
1936 5184 1979 5227 1.
2006 5201 2070 5212 —
2098 5176 2121 5210 ⁷
2150 5171 2353 5232 Mutila„
2388 5186 2508 5237 xxx,
2540 5176 2589 5223 9.
2617 5200 2679 5211 -
2721 5174 2739 5204 ⁸
2772 5174 2906 5231 Luc..
2936 5185 2978 5236 1,
3008 5176 3083 5223 ⁴2.
3108 5199 3168 5210 —
3201 5175 3224 5209 ⁹
3248 5174 3389 5236 Luc„

1851 5262 1923 5310 11,
1961 5251 2050 5309 25,
2081 5247 2160 5296 28.
2192 5271 2253 5282 -
2295 5247 2330 5276 '⁹
2358 5245 2561 5307 Martii„
2599 5257 2736 5309 xxv,
2766 5249 2843 5297 35.
2872 5271 2933 5282 -
2959 5247 2999 5280 ¹¹
3035 5247 3177 5310 Gen„
3213 5258 3385 5310 xxvxi,

1851 5324 1930 5372 29.
1969 5347 2031 5359 --
2072 5320 2115 5354 ¹³
2156 5318 2267 5368 Huc
2305 5317 2442 5367 refer
2479 5318 2648 5368 Serm.
2688 5329 2741 5368 vi
2785 5322 2837 5368 et
2874 5329 2977 5379 vn,
3017 5318 3080 5368 de
3123 5318 3390 5369 Dominiea

1851 5393 2015 5456 prima
2044 5389 2336 5452 Adventus,
2367 5401 2505 5451 sup„
2533 5401 2652 5452 pag.
2681 5392 2845 5442 12-15.
2870 5415 2930 5426 —
2970 5388 3013 5425 ¹⁸
3045 5391 3248 5453 Martia„
3271 5401 3388 5457 ιιι,

1850 5469 1878 5516 5
1895 5480 1912 5528 3
1943 5467 2214 5528 Itaquu,
2246 5461 2636 5525 1132acl1.,1x,
2662 5463 2743 5511 29.
