4059 6317
678 447 799 512 316

680 583 866 663 Deus,
892 582 1087 648 trahit
1114 569 1404 651 homines
1429 585 1737 665 diabolus,
1768 583 1966 650 trahit
1992 584 2215 668 proxi·-

678 705 845 754 mus.
895 688 1119 756 Trahit
1156 691 1321 758 Deus
1368 691 1448 758 ad
1493 693 1771 772 bonum,
1807 692 2100 759 diabolus
2133 691 2217 756 ad

678 796 951 877 malum,
988 797 1184 863 trahit
1231 800 1427 865 homo
1442 845 1447 850 -
1464 800 1547 866 ad
1580 803 1949 883 utrumque.
1992 798 2217 864 Trahit

679 902 843 969 Deus
866 904 1195 970 hominem
1217 926 1255 973 a
1272 906 1443 972 malo
1468 907 1549 973 ad
1567 895 1812 972 bdnum
1826 954 1847 987 ‚
1875 925 1917 972 a
1935 906 2107 971 bono
2132 906 2215 971 ad

678 1011 950 1092 bonum,
989 1030 1029 1078 a
1068 1015 1309 1082 mundo
1354 1014 1437 1080 ad
1473 1014 1726 1079 coelum.
1766 1012 1982 1080 Primo
2020 1012 2217 1079 trahit

677 1117 1070 1202 incipientes,
1101 1120 1380 1187 seeundo
1404 1120 1822 1206 proficientes,
1852 1121 2044 1186 tertio
2074 1138 2214 1204 per-

678 1226 1026 1293 venientes.

759 1333 845 1398 De
868 1335 1076 1417 primo
1094 1338 1114 1373 ¹
1144 1357 1161 1401 t
1197 1337 1379 1420 «Ego
1405 1338 1455 1403 si
1482 1337 1796 1404 exaltatus
1822 1340 2036 1419 fuero,
2068 1356 2209 1404 om-

676 1442 813 1522 nia,
830 1463 862 1503 n
909 1446 1028 1508 etc.
1074 1442 1291 1509 Glossa
1324 1466 1342 1509 z
1395 1468 1427 1506 α
1453 1443 1683 1512 Omnia
1720 1463 1964 1528 genera
2004 1445 2213 1511 homi·

676 1569 835 1615 num
851 1597 869 1626 ‚
903 1549 982 1615 de
1014 1551 1251 1633 quibus
1280 1552 1567 1617 diabolus
1601 1553 1874 1637 ejicitur.
1906 1575 1936 1613 11
1987 1552 2214 1620 Trahit

675 1661 890 1723 autem
929 1657 1309 1741 quandoque
1351 1677 1467 1744 per
1504 1660 1792 1743 flagella,
1828 1661 2211 1745 quandoque

675 1782 791 1848 per
820 1764 1163 1845 benefieia;
1203 1766 1373 1832 uude
1397 1769 1423 1805 ¹
1455 1786 1472 1833 ε
1503 1791 1535 1829 α
1558 1767 1631 1832 10
1670 1767 1971 1833 funiculis
2012 1769 2210 1834 Adam

673 1871 929 1937 traham
955 1889 1088 1953 eos,
1108 1873 1175 1938 in
1196 1874 1472 1940 vinculis
1489 1874 1835 1941 eharitatis.
1848 1896 1881 1936 ¹>
1914 1875 2209 1941 Funisuli

675 1979 880 2046 Adam
906 1985 1054 2047 811111
1077 1981 1375 2064 flagella,
1401 1983 1554 2066 quia
1590 1986 1656 2047 et
1679 1984 1814 2066 ipse
1838 1983 2114 2068 primus,
2144 1989 2211 2050 et

675 2105 788 2170 per
804 2105 958 2152 eum
982 2107 1100 2154 008
1126 2089 1431 2171 flagellati
1468 2107 1724 2170 sumus3
1767 2090 2025 2158 vincula
2052 2109 2209 2159 vero

672 2194 997 2261 eharitatis
1022 2195 1133 2260 Dei
1156 2200 1306 2262 sunt
1321 2198 1646 2263 beneficia.

670 2303 681 2316 '
753 2302 841 2368 De
870 2304 1146 2369 secundo
1167 2305 1235 2370 ⁸:
1275 2328 1306 2367 σ
1323 2304 1532 2372 Τ10110
1558 2324 1661 2372 010
1683 2309 1827 2391 post
1860 2309 1946 2372 te.
1975 2306 2208 2374 Curre-

674 2428 822 2476 mus
842 2410 910 2476 in
929 2412 1189 2477 odorem
1203 2416 1689 2495 unguentorum
1708 2417 2037 2481 tuorum.»
2058 2416 2210 2483 Cur-

672 2535 814 2583 rere
841 2518 1022 2583 08110
1052 2518 1401 2585 virtutibus
1427 2524 1492 2585 01
1522 2521 1705 2587 bonis
1729 2521 2030 2606 operibus
2067 2542 2210 2608 pro-

672 2627 939 2693 6001011
982 2651 1014 2692 ι
1040 2627 1145 2694 Sie
1172 2630 1439 2710 01111110,
1470 2634 1543 2696 ut
1579 2632 2149 2716 comprehendatis.
2165 2657 2198 2695 n

671 2731 784 2800 Vel
816 2754 1075 2802 currere
1116 2740 1213 2802 est
1238 2738 1557 2805 ferventer
1592 2739 1859 2822 diligere
1871 2763 1889 2820 ;
1934 2741 2207 2807 Bernar-

673 2843 792 2908 dus
807 2849 830 2886 ⁸
857 2865 874 2908 :
906 2867 937 2906 σ
954 2845 1073 2921 Qui
1101 2849 1275 2910 amat
1298 2846 1646 2927 ardentina,
1675 2846 1876 2911 currit
1900 2848 2202 2930 velocius,

672 2955 737 3018 et
772 2954 1062 3036 pervenit
1096 2953 1303 3019 0111118.
1327 2976 1358 3015 a
1403 2953 1744 3038 Unguenta
1779 2960 1930 3021 sunt
1966 2961 2210 3040 gratia-

672 3077 821 3124 rum
851 3059 1254 3140 charismata,
1286 3062 1520 3145 quibus
1548 3063 1713 3129 Deus
1736 3064 1953 3130 fideles
1989 3067 2203 3132 unxit.

664 3166 842 3232 -Odor
854 3172 948 3231 est
964 3168 1134 3232 hona
1155 3168 1345 3233 10010.
1367 3167 1440 3233 10
1451 3169 1712 3234 odorem
1725 3188 1885 3252 ergo
1907 3190 2209 3255 unguen-

673 3255 901 3338 tarums
914 3274 1022 3339 Dei
1048 3276 1388 3357 currimus,
1406 3277 1665 3359 quando
1681 3295 1795 3360 per
1816 3279 2055 3344 famam
2082 3280 2210 3345 vir-

671 3385 886 3447 tutum
907 3385 970 3446 et
995 3384 1291 3467 exempla
1314 3389 1675 3450 sanctorum
1703 3387 2095 3469 profluimus.
2129 3389 2209 3455 Ut

673 3506 825 3554 vero
862 3488 951 3555 810
984 3508 1240 3556 currere
1265 3490 1609 3574 possimne,
1639 3509 1758 3557 nos
1782 3512 1899 3577 per
1931 3497 2206 3577 gratiam

673 3597 838 3662 trahi
869 3589 1165 3681 petimus.
1196 3596 1639 3679 Augustinus⁸
1674 3620 1689 3663 :
1735 3624 1767 3665 ι
1794 3600 2000 3668 Τ10110
2016 3649 2038 3682 ,
2083 3603 2204 3668 Do-

672 3705 844 3769 mine
862 3752 889 3784 ,
936 3705 1005 3797 in
1044 3721 1329 3770 amorem
1367 3711 1555 3772 tuum
1602 3707 1725 3774 1100
1770 3710 1985 3794 ipsum
2035 3712 2207 3794 quod

668 3829 837 3878 sum.
859 3834 891 3873 n

751 3920 838 3986 De
864 3923 1051 3987 tertio
1068 3928 1092 3965 '¹
1115 3941 1132 3987 z
1155 3946 1186 3987 ι
1205 3923 1273 3990 Si
1288 3925 1590 3992 direxerit
1601 3927 1681 3992 ad
1697 3946 1846 3992 eum
1862 3946 1972 3994 001
1986 3947 2203 4010 8111101,

669 4031 963 4114 spiritum
977 4030 1150 4096 illius
1175 4034 1241 4096 et
1262 4032 1486 4097 flatum
1514 4033 1594 4099 ad
1612 4052 1681 4099 se
1707 4036 1936 4116 trahet,
1959 4036 2208 4103 deficiet

668 4139 878 4204 omnis
890 4157 1036 4203 caro
1063 4138 1278 4218 simul,
1295 4145 1361 4205 et
1379 4140 1574 4206 homo
1599 4143 1669 4206 in
1695 4143 1972 4210 cinerem
1999 4163 2209 4211 rever-

668 4248 852 4311 tetur.
880 4266 912 4305 »
930 4245 1107 4344 ,Eece
1145 4248 1402 4330 quando
1449 4267 1596 4315 0010
1629 4250 1700 4314 10
1731 4255 1937 4317 010110
1971 4254 2202 4336 deficit,

668 4354 820 4416 10110
843 4353 1137 4436 spiritum
1158 4352 1465 4422 Dominus
1486 4356 1566 4422 ad
1593 4375 1661 4422 se
1685 4359 1907 4425 trahit.
1934 4360 2012 4426 Et
2038 4367 2207 4429 certe

666 4459 781 4543 qui
832 4479 1005 4525 nune
1049 4479 1157 4527 001
1207 4479 1399 4528 suum
1440 4464 1521 4528 ad
1564 4465 1905 4532 Dominum
1957 4469 2201 4553 dirigit,

667 4566 980 4650 Spiritum
1008 4574 1297 4635 sanetum
1349 4571 1428 4636 ad
1473 4591 1542 4637 se
1582 4574 1997 4641 1101111.Το00
2038 4582 2206 4644 certe

665 4674 970 4741 Dominus
1022 4676 1319 4761 spiritum
1373 4683 1562 4745 tuum
1618 4681 1700 4747 ad
1751 4701 1819 4748 se
1861 4683 2099 4768 trahet,
2148 4687 2207 4751 si

664 4800 839 4847 nune
891 4801 1007 4866 per
1052 4784 1403 4851 orationem
1460 4791 1525 4852 01
1589 4806 1702 4871 per
1747 4791 2205 4859 confessionem

666 4890 960 4974 spiritum
996 4909 1190 4956 suum
1220 4892 1300 4957 ad
1328 4896 1392 4958 te
1425 4873 1628 4959 trahis
1662 4899 1769 4978 (a).
1815 4896 2107 4965 Psalmus
2127 4906 2150 4943 ⁸
2184 4925 2199 4969 ε

674 5021 706 5060 α
725 4996 806 5063 Os
831 5017 1052 5065 meum
1079 5001 1323 5083 aperui,
1349 5005 1413 5066 01
1446 5003 1680 5068 attraxi
1707 5004 2025 5089 spiritum.
2043 5029 2074 5068 n

727 5163 745 5198 ¹
771 5164 935 5224 loun„
963 5174 1064 5228 1111,
1093 5166 1171 5214 32.
1195 5190 1260 5204 -
1287 5164 1305 5195 ²
1334 5164 1461 5226 0³2„
1490 5177 1574 5230 xi,
1599 5168 1646 5218 1.
1671 5193 1734 5205 -
1757 5168 1780 5204 ⁸
1809 5168 1977 5231 Cant„
2004 5182 2044 5232 1,
2073 5173 2118 5224 3.
2143 5200 2199 5211 -

666 5231 733 5285 ⁸1
768 5235 907 5298 Gor„
947 5247 1029 5300 11,
1068 5238 1148 5289 24.
1175 5263 1237 5275 —-
1280 5238 1303 5275 ⁸
1338 5237 1491 5288 Bern.
1534 5239 1587 5290 in
1627 5240 1798 5303 Cant„
1834 5256 1991 5295 serm.
2031 5256 2200 5310 xxm,

665 5319 718 5356 n.
765 5309 810 5358 1.
838 5332 902 5345 -
926 5307 947 5339 ⁸
975 5308 1126 5373 Aug„
1174 5309 1342 5372 Confi,
1383 5308 1474 5359 lib.
1507 5310 1651 5374 xm,
1692 5323 1776 5375 lx,
1812 5315 1891 5365 10.
1928 5339 1990 5352 -
2035 5313 2056 5349 ⁷
2092 5314 2202 5378 106,

666 5388 844 5440 xxm',
876 5380 951 5431 14.
975 5405 1038 5417 —
1070 5380 1090 5410 ⁸
1123 5380 1259 5429 Ρεαι.
1289 5391 1483 5444 cxvm,
1514 5383 1621 5433 ¹31.
1651 5408 1716 5421 -
1739 5383 1764 5418 ⁸
1790 5383 1962 5450 apoc„
1985 5397 2088 5450 xn,
2122 5390 2200 5438 15.

669 5474 723 5488 -·-
757 5448 800 5485 ¹⁸
833 5447 982 5512 ibid„
1010 5452 1058 5501 4.
1092 5476 1144 5490 ·-
1185 5451 1223 5487 ¹¹
1259 5450 1466 5515 Babae„
1499 5463 1547 5516 1,
1577 5455 1653 5506 ¹5.
1685 5479 1747 5492 —
1783 5455 1824 5492 ¹²
1851 5457 2023 5520 Pron„
2052 5470 2201 5521 xxiv,

1771 445 2190 516 SERMONES
2229 447 2333 516 DE
2371 445 2768 515 TEMPORE.

2405 582 2630 649 Trahit
2651 601 2909 668 quoque
2923 582 3215 650 diabolus
3243 584 3572 652 hominem
3597 586 3679 652 de
3702 587 3850 653 hom
3870 603 4031 649 nubs„

2325 691 2408 757 ad
2423 690 2690 769 malum,
2718 691 2798 756 de
2821 691 2993 757 malo
3017 691 3099 756 ad
3126 691 3396 773 malum,
3428 692 3510 758 do
3527 694 3764 759 mundo
3780 697 3847 761 ad
3870 675 4029 771 {¹0⁸⁰AE

2326 799 2677 864 internum.

2403 905 2494 971 De
2518 905 2812 988 primo⁰z
2845 904 3063 970 «Misit
3083 924 3707 990 serpensexoresuo
3731 918 3852 995 pest

2323 1012 2662 1078 mulierem
2679 1028 2913 1095 aquam
2931 1016 3550 1098 magnamtanquam
3563 1016 3850 1094 fluvium,

2322 1125 2397 1185 ut
2419 1137 2563 1185 eam
2587 1119 3009 1184 faeerettrahi
3028 1139 3068 1184 a
3083 1120 3376 1186 flumine.
3397 1141 3429 1183 ιο
3451 1121 3854 1188 Praemittitur

2322 1227 2514 1291 etiam
2557 1225 2795 1291 ibidem
2834 1226 2905 1305 ¹⁰,
2943 1226 3118 1311 quod
3154 1229 3357 1293 cauda
3396 1230 3538 1311 ejus
3581 1229 3856 1296 trahebat

2319 1334 2575 1399 tertiam
2609 1337 2857 1418 partem
2895 1334 3247 1401 stellarum.
3276 1334 3360 1401 Os
3384 1338 3700 1420 serpentis
3733 1337 3852 1402 dia-

2320 1442 2451 1507 boli
2500 1442 2992 1523 suggestionem
3006 1489 3028 1521 ,
3073 1442 3278 1507 cauda
3318 1460 3475 1510 vero
3513 1443 3852 1509 humanam

2317 1548 2738 1615 imitationem
2771 1549 3115 1632 signifieat.
3158 1548 3273 1616 Vel
3296 1567 3370 1615 os
3404 1550 3639 1618 diaboli
3677 1555 3772 1616 est
3791 1570 3854 1616 os
3909 1566 3959 1607 ο·
3972 1564 4034 1636 ὥς

2319 1657 2628 1738 haeretiei,
2662 1675 2738 1723 08
2765 1657 2921 1723 mali
2952 1657 3332 1738 consiliarii,
3355 1676 3431 1724 os
3465 1623 4034 1726 seminatorisbolhmll

2319 1764 2675 1847 discordiae,
2705 1783 2780 1832 os
2814 1766 3145 1832 allicientis
3171 1766 3251 1831 ad
3276 1767 3782 1848 fornicationem,
3799 1773 3857 1834 et

2318 1872 2654 1939 similium.
2680 1873 2950 1940 Flumen
2968 1879 3064 1940 est
3079 1874 3471 1940 abundantia
3483 1875 3851 1959 iniquitatis.

2297 1978 2531 2046 Gauda
2579 1999 2764 2062 vero,
2814 1999 2962 2065 quae
3012 1981 3175 2063 tegit
3221 1981 3712 2065 mrpihidinem,
3768 1987 3858 2048 081

2317 2087 2620 2170 quaelibet
2668 2089 2982 2153 sententia
3036 2088 3142 2155 vel
3194 2090 3554 2173 appetentia
3603 2090 3856 2158 alterius

2317 2196 2719 2280 iniquitatem
2780 2197 3017 2279 injuste
3069 2197 3393 2263 occultans
3408 2245 3429 2277 ,
3487 2197 3594 2264 vel
3648 2198 3854 2266 defen·

2316 2302 2493 2384 dens,
2522 2303 2627 2370 vel
2652 2302 2946 2385 pallians.

2395 2411 2485 2477 De
2517 2411 2795 2477 seeundo
2823 2413 2908 2476 ¹¹:
2947 2410 3225 2478 «Totum
3252 2412 3322 2476 in
3345 2411 3540 2477 hamo
3565 2414 3856 2482 subleva-

2315 2519 2434 2600 vit,
2461 2519 2661 2585 traxit
2681 2519 2842 2585 illud
2869 2519 2939 2585 in
2963 2537 3205 2602 sagena
3225 2537 3366 2586 sua.
3386 2542 3418 2581 8
3447 2520 3698 2587 Hamus
3723 2522 3859 2589 dia-

2285 2629 2446 2695 ·boli
2468 2632 2565 2694 est
2589 2631 2808 2694 reatus
2832 2631 3093 2695 seterme
3119 2629 3363 2710 mortis,
3384 2648 3579 2715 quem
3605 2632 3861 2698 0118000-

2314 2738 2409 2804 dit
2432 2737 2554 2803 sub
2579 2755 2723 2807 esca
2741 2741 3202 2803 momentaneae
3221 2736 3568 2821 voluptatis
3585 2760 3606 2818 ;
3625 2757 3862 2822 sagena

2314 2864 2470 2913 vero
2519 2849 2615 2912 est
2649 2845 3041 2911 consuetudo
3083 2845 3408 2930 peccandi.
3453 2845 3633 2911 Sicut
3687 2847 3858 2912 enim

2314 2972 2554 3038 sagena
2602 2952 2824 3021 multis
2871 2952 3177 3032 nexibus,
3222 2952 3316 3017 810
3350 2954 3747 3019 0008110111ᾶο
3779 2971 3860 3019 ex

2314 3061 2535 3128 multis
2600 3060 2783 3126 malis
2845 3060 3094 3126 actibus
3161 3061 3496 3126 oonfleitur
3525 3108 3545 3141 ,
3600 3061 3859 3144 quando

2314 3168 2509 3235 homo
2535 3169 2614 3234 de
2637 3172 2820 3234 utero
2846 3167 2928 3232 ad
2956 3167 3184 3233 vitium
3202 3167 3502 3234 trahitur.
3523 3166 3675 3250 Sed,
3695 3169 3854 3235 heu!

2313 3275 2602 3343 diabolus
2644 3274 2911 3358 piscem,
2962 3290 3157 3356 quem
3207 3291 3447 3355 sagena
3490 3273 3569 3339 de
3613 3275 3860 3341 mundo

2315 3385 2593 3451 extraxit
2607 3430 2624 3462 ‚
2655 3400 2848 3466 super
2874 3382 3179 3447 carbones
3214 3381 3451 3447 inferni
3479 3382 3699 3447 mittit.

2393 3494 2480 3559 De
2519 3493 2705 3559 tertio
2729 3493 2774 3529 ¹²
2807 3513 2825 3556 :
2865 3514 2897 3553 α
2920 3490 3091 3556 Erue
3123 3507 3234 3556 eos
3267 3491 3383 3574 qui
3419 3490 3747 3558 ducuntur
3781 3491 3860 3558 ad

2313 3605 2611 3680 mortem,
2624 3599 2736 3683 qui
2749 3598 3101 3664 trahuntur
3122 3597 3201 3662 ad
3220 3597 3573 3677 interitum,
3587 3598 3860 3664 liberare

2311 3728 2398 3775 ne
2421 3725 2642 3774 008808.
2655 3730 2686 3769 a
2720 3706 2899 3785 Quod
2923 3723 3055 3771 non
3068 3704 3277 3770 solum
3295 3706 3374 3771 de
3402 3704 3668 3772 interitu
3692 3711 3857 3771 tem-

2313 3816 2548 3900 porali,
2584 3815 2695 3881 sed
2731 3814 2925 3879 etiam
2961 3811 3253 3878 aeternali
3288 3815 3496 3895 potest
3533 3813 3743 3898 accipi
3781 3813 3861 3879 ad

2314 3924 2486 4006 quod
2503 3920 2809 3988 'diabolus
2833 3919 3052 3985 trahit.
3081 3917 3434 4000 Gregorius
3448 3920 3494 3968 ¹⁸
3512 3940 3575 3983 :u
3587 3919 3861 4003 Maligni

2314 4030 2592 4116 spiritus,
2621 4026 2991 4111 egrediente
3007 4025 3246 4102 anima,
3268 4043 3465 4109 opera
3490 4044 3611 4091 sua
3638 4027 3864 4111 requi-

2314 4142 2500 4219 runt,
2525 4137 2695 4202 mala
2717 4134 3028 4218 replicant
3056 4151 3207 4217 quae
3248 4138 3615 4214 suaserunt,
3650 4139 3733 4200 ut
3765 4153 3863 4199 so-

2310 4247 2476 4312 ciam
2513 4244 2596 4310 ad
2627 4244 2946 4308 tormenta
2976 4240 3254 4305 trahant.
3282 4262 3314 4301 u
3349 4239 3450 4305 Ab
3484 4240 3610 4307 hoe
3648 4246 3861 4307 unctu

2312 4353 2577 4438 quilibet
2623 4350 2901 4416 amicum
2947 4365 3143 4413 suum
3190 4346 3453 4412 oonsilio
3505 4349 3569 4411 01
3613 4348 3858 4414 auxilio

2281 4513 2296 4530 .
2311 4463 2582 4527 liberare
2607 4459 2814 4524 debet.

2392 4572 2615 4639 Trahit
2639 4570 2832 4635 etiam
2864 4566 3062 4632 homo
3099 4563 3428 4631 hominem
3462 4564 3545 4630 ad
3569 4565 3855 4651 eulpam,
3940 4572 4044 4615 su-

2311 4684 2391 4749 ad
2425 4681 2724 4765 gratiam,
2749 4677 2829 4744 ad
2853 4691 3131 4760 poenam.
3297 4655 3308 4666 ’
3881 4643 4046 4741 m

2390 4791 2477 4856 De
2503 4789 2710 4873 primo
2732 4785 2961 4851 dicitur
2984 4782 3065 4847 de
3106 4784 3347 4864 juvene
3366 4828 3388 4860 ,
3424 4782 3537 4864 qui
3561 4783 3862 4867 sequitur

2310 4899 2646 4965 mulierem
2671 4910 2915 4976 vagam
2930 4891 3011 4955 ¹⁸:
3042 4888 3399 4970 «Ignorans
3422 4888 3595 4971 quod
3617 4890 3708 4955 ad
3722 4892 3861 4956 vin.

2314 5008 2457 5074 cula
2483 5005 2715 5071 stultus
2739 4999 3041 5066 trahitur.
3070 5017 3101 5056 »
3141 4994 3253 5061 Vae
3277 4994 3372 5074 ei,
3402 4996 3514 5079 qui
3541 4996 3623 5061 ad
3653 4998 3862 5065 tomi-

2312 5118 2653 5193 cationem,
2682 5111 2765 5177 ad
2788 5109 3117 5192 rapinam,
3153 5105 3235 5171 ad
3270 5106 3730 5191 quodcumque
3765 5110 3862 5177 vi.

2314 5293 2392 5340 11.
2426 5311 2490 5325 —
2515 5284 2562 5322 ¹⁸
2582 5286 2820 5349 Gregor.,
2847 5276 3052 5342 Horat..
3076 5276 3166 5328 lib·
3195 5276 3410 5340 xxxn,
3439 5291 3486 5329 0.
3521 5289 3646 5342 ¹11,
3688 5294 3747 5335 n.
3780 5283 3858 5343 3⁴,

2310 5360 2482 5427 quoad
2504 5370 2735 5411 sensum.
2765 5380 2827 5394 —
2852 5354 2897 5390 ¹⁸
2920 5355 3090 5417 Prov„
3116 5361 3215 5414 vu,
3243 5352 3321 5402 22.

2376 5458 2447 5524 (a)
2476 5458 2602 5511 cot.
2635 5454 2741 5507 edit
2777 5451 2947 5506 trahit.
