4059 6317
832 507 1208 575 DOMINICA
1250 509 1357 577 XV
1400 509 1599 577 POST
1639 509 2233 580 PENTECOSTEN.
2280 512 2547 583 SERMO
2592 515 2700 581 111.

168 642 313 694 Mens
352 642 516 707 mala,
551 657 696 696 mors
722 643 859 695 intus
894 659 909 695 ε
952 642 1115 694 malus
1151 647 1324 709 actus,
1359 659 1501 697 mors
1535 645 1700 698 foris:

166 787 377 840 Tumba.
400 787 598 853 Puella,
623 800 771 854 puer,
805 789 1026 840 Lazarus
1050 786 1148 840 ista
1173 789 1372 841 notant.
1467 732 1589 769 usus
1617 719 1705 782 (a),

164 965 372 1045 Quam
410 967 767 1051 periculosa
822 968 907 1032 sit
957 967 1144 1033 tertia
1189 985 1386 1046 mora,
1434 969 1708 1033 ostendit

162 1073 489 1153 Dominus,
521 1094 671 1140 cum
696 1076 973 1159 reliquos
1007 1077 1277 1143 duos-de
1306 1077 1473 1141 facili
1501 1077 1703 1141 susci-

159 1183 346 1268 tavit,
376 1183 525 1248 etin
541 1184 949 1249 suscitatione
973 1184 1191 1249 Lazari
1217 1181 1553 1249 infremuit
1579 1185 1705 1267 spi-

159 1289 316 1370 ritu,
344 1295 407 1354 et
433 1291 719 1355 turbavit
743 1292 1046 1374 seipsum,
1076 1295 1140 1355 et
1164 1291 1553 1374 lacrymatus
1584 1296 1702 1372 est,

159 1403 226 1462 et
271 1413 430 1462 voce
483 1416 719 1479 magna
764 1398 1062 1464 clamavit
1103 1417 1121 1462 ε
1167 1399 1505 1464 ostendens
1551 1399 1707 1481 quid

158 1507 491 1587 agendum
517 1506 599 1569 sit
621 1506 733 1585 eis,
762 1505 969 1587 quiin
1004 1504 1293 1588 sepulcro
1328 1506 1516 1570 malae
1553 1524 1704 1570 con-

158 1613 537 1692 suetudinis,
568 1613 771 1696 etqui
796 1611 1006 1695 lapide
1031 1612 1468 1677 obstinationis
1507 1613 1707 1696 pressi

159 1725 335 1786 sunt.
364 1720 652 1786 Fremitu
676 1722 848 1785 enim
871 1721 1317 1802 timorationis,
1344 1722 1707 1786 turbatione

84 1839 90 1844 ’
159 1831 577 1911 contritioniS‚
605 1829 907 1914 lacrymis
933 1830 1394 1910 satisfactioni3‚
1425 1830 1705 1895 clamore

159 1939 468 2005 orationis
503 1938 844 2003 suscitandi
885 1942 1057 2002 sunt.
1105 1937 1316 2020 Hujus
1350 1939 1574 2003 mortis
1616 1938 1707 2001 si-

159 2065 370 2129 guum
404 2050 519 2125 est,
550 2046 806 2129 quando
851 2047 1149 2110 infirmus
1194 2045 1448 2111 nullum
1487 2046 1710 2109 cibum

160 2154 466 2219 doctrinae
495 2173 770 2234 sumere,
811 2155 915 2220 vel
958 2153 1233 2218 retinere
1268 2158 1492 2236 potest.
1539 2153 1709 2219 Psal-

161 2262 353 2327 mista
378 2265 397 2299 ¹
429 2284 445 2327 ε
486 2285 518 2324 α
544 2262 813 2328 Omnem
852 2279 1063 2328 escam
1103 2260 1487 2340 abominata,
1518 2283 1549 2322 u
1584 2266 1703 2326 etc.

159 2389 367 2454 usque
397 2393 412 2434 ε
450 2394 482 2432 α
507 2371 751 2435 mortis.
780 2391 813 2430 ι)

240 2477 330 2542 De
362 2479 549 2542 tertio
576 2484 601 2519 ¹
632 2499 648 2542 :
683 2499 716 2539 α
743 2475 978 2542 Mortui
1005 2477 1178 2557 estis,
1223 2480 1288 2541 et
1332 2478 1464 2541 vita
1492 2481 1710 2542 vestra

159 2585 530 2652 abscondita
580 2589 675 2650 est
736 2604 886 2650 cum
940 2584 1215 2664 Christo,
1268 2607 1298 2644 υ
1363 2587 1427 2648 et
1478 2589 1714 2650 caetera

161 2712 367 2776 usque
389 2693 500 2776 (b):
535 2716 564 2755 α
591 2694 657 2757 in
686 2692 895 2775 gloria
926 2713 943 2757 t
975 2714 1006 2752 ι)
1046 2693 1284 2757 mortui
1315 2693 1382 2755 in
1411 2693 1714 2757 exteriori

162 2799 445 2880 homine,
490 2803 554 2865 et
587 2799 721 2866 vivi
765 2799 838 2864 in
883 2799 1171 2864 interiori
1209 2817 1346 2863 esse
1379 2799 1706 2864 debemus.

161 2908 323 2972 Mori
353 2907 658 2972 debemus
697 2907 939 2972 mundo
983 2909 1048 2971 et
1090 2906 1380 2989 peccatis,
1420 2907 1712 2970 absconsi

160 3018 380 3080 autem
407 3013 534 3079 Deo
566 3013 638 3096 (c)
647 3061 669 3094 ,
694 3015 806 3097 qui
826 3033 941 3097 pro
968 3015 1153 3079 nobis
1181 3018 1474 3079 mortuus
1499 3020 1617 3095 est,
1639 3022 1713 3082 ut

162 3121 220 3185 ei
256 3121 578 3186 vivamus.
607 3120 629 3156 ⁸
664 3144 697 3182 (ι
725 3119 986 3187 Peccata
1024 3127 1244 3188 nostra
1283 3122 1545 3205 pertulit
1576 3123 1712 3207 ipse

159 3227 228 3291 in
273 3245 540 3309 corpore
584 3247 702 3293 suo
745 3247 939 3312 super
983 3229 1265 3312 lignum,
1325 3235 1400 3296 ut
1441 3232 1713 3313 peccatis

160 3335 427 3414 mortui,
452 3335 719 3416 justifiae
745 3336 1069 3402 vivamuS.
1100 3358 1132 3397 n
1169 3335 1348 3403 Sicut
1372 3339 1511 3421 ipse
1541 3339 1716 3404 Chri·

161 3447 304 3508 stus
334 3446 631 3508 mortuus
664 3447 760 3508 est
792 3463 1003 3525 carne,
1033 3450 1098 3510 et
1132 3446 1301 3512 vixit
1326 3446 1590 3526 deitate3
1621 3448 1715 3511 sic

161 3569 279 3616 nos
305 3549 373 3613 in
396 3550 518 3631 hia,
543 3569 692 3634 quae
721 3552 930 3616 carnis
947 3557 1120 3630 sunt,
1150 3554 1342 3632 mori,
1360 3553 1429 3617 in
1448 3555 1548 3630 iis,
1565 3573 1715 3638 quae

37 3681 44 3686 ·
160 3657 272 3723 Dei
301 3662 475 3739 sunt,
509 3660 727 3724 vivere
752 3661 1080 3726 debemus,
1117 3661 1298 3726 Unde
1323 3662 1346 3696 ⁸
1374 3662 1540 3726 aries
1573 3680 1715 3727 mo-

163 3767 364 3846 ritur,
395 3766 506 3830 sed
533 3767 696 3830 vivit
729 3766 922 3848 Isaac,
966 3768 1080 3850 qui
1121 3769 1418 3850 spiritum
1460 3770 1711 3851 signifi-

164 3877 286 3937 cat.
320 3871 613 3938 Carnales
639 3891 793 3938 vero
811 3893 853 3937 e
878 3875 1219 3955 contrario,
1252 3875 1408 3939 dum
1434 3894 1554 3959 pro
1581 3895 1717 3942 car·

165 3981 265 4045 nis
321 3980 645 4063 voluptate
697 3981 995 4064 spiritum
1054 3983 1468 4063 extinguunt.
1539 3982 1717 4049 Hanc

165 4091 440 4152 mortem
485 4087 738 4152 fervens
790 4088 901 4153 Dei
950 4107 1133 4154 amor
1175 4089 1360 4154 debet
1415 4090 1485 4154 in
1530 4092 1719 4155 nobis

166 4197 421 4281 operari
457 4195 479 4233 ⁸
522 4214 540 4260 ε
580 4218 612 4257 α
646 4196 854 4260 Fortis
894 4199 967 4261 ut
1002 4216 1179 4262 mors
1222 4197 1495 4264 dilectio.
1526 4221 1558 4259 n
1600 4198 1713 4264 Isi-

165 4306 367 4370 dorus
395 4304 456 4368 ἐ
494 4328 526 4366 α
552 4303 729 4369 Sicut
753 4322 931 4369 mors
957 4304 1270 4371 violenter
1297 4309 1550 4389 separat
1572 4306 1717 4370 ani·-

168 4430 345 4477 mam
371 4429 409 4475 a
435 4429 721 4495 corpore,
746 4411 837 4476 ita
859 4412 1110 4477 dilectio
1143 4413 1248 4477 Dei
1277 4413 1591 4479 violenter
1616 4432 1720 4479 se-

168 4523 409 4603 gregat
426 4520 710 4584 animam
730 4540 770 4583 a
785 4520 1052 4601 mundo,
1083 4524 1147 4585 et
1167 4522 1402 4586 carnali
1422 4540 1661 4588 amore.
1678 4545 1711 4584 ι»

253 4628 345 4694 De
390 4631 615 4712 quarto
649 4629 671 4665 ⁷
718 4647 735 4693 ε
785 4652 815 4691 α
859 4628 1256 4695 Mortuorum
1305 4629 1550 4695 luctum
1591 4649 1720 4696 non

171 4737 388 4802 facies.
418 4757 451 4796 ι»
486 4734 648 4811 Quid
674 4736 847 4800 enim
869 4736 1127 4819 prodest
1154 4738 1404 4819 lugere,
1430 4756 1592 4821 quos
1616 4740 1717 4804 lu-

173 4844 392 4927 gendo
418 4842 498 4908 de
524 4846 728 4908 morte
767 4847 1009 4908 aeterna
1047 4862 1179 4909 non
1227 4863 1568 4924 possumus
1593 4847 1719 4911 sal-

177 4971 336 5018 vare
372 4953 404 5015 ?
446 4950 782 5016 Psalmista
819 4955 842 4992 ⁸
886 4968 904 5013 ι
961 4973 993 5012 α
1031 4950 1209 5017 Sicut
1244 4969 1398 5020 oves
1437 4955 1503 5018 in
1533 4955 1728 5019 infer-

245 5132 258 5163 ¹
289 5128 430 5181 Psal.
464 5140 568 5192 cvr,
600 5130 676 5179 18.
705 5152 765 5166 —
787 5129 811 5164 ²
838 5126 969 5191 Col„
1005 5140 1083 5192 ιη,
1110 5131 1162 5179 4.
1188 5155 1253 5168 -
1279 5129 1298 5161 ³
1329 5129 1347 5179 1
1374 5130 1531 5196 Μὴ,
1560 5144 1620 5197 u,
1641 5134 1725 5185 24.

179 5229 242 5242 --
282 5203 304 5238 δ
344 5201 489 5262 Gen„
520 5212 665 5261 xxn,
693 5201 772 5249 13.
801 5215 860 5237 ⁴—
891 5200 914 5235 ⁸
943 5200 1111 5264 Cant„
1139 5213 1254 5263 vm,
1284 5204 1333 5251 6.
1370 5229 1425 5238 -
1467 5202 1488 5238 ⁸
1518 5204 1635 5256 lsid.
1662 5231 1724 5243 —

181 5276 199 5305 ⁷
229 5271 438 5331 Ezech„
466 5283 615 5333 xxiv,
657 5272 735 5321 Π.
761 5296 825 5308 -
858 5270 884 5306 ⁸
916 5271 1054 5321 Psal.
1087 5283 1280 5336 xrmn,
1315 5276 1394 5324 15.
1427 5302 1491 5314 —
1522 5276 1544 5307 ⁰
1572 5277 1724 5328 Bern.

185 5372 240 5384 -
277 5346 318 5380 ¹⁰
344 5344 480 5408 Luc„
509 5353 671 5405 xxm,
702 5345 781 5394 3ο.
813 5367 872 5380 --
911 5343 946 5378 ¹¹
985 5345 1132 5394 Hunc
1169 5343 1325 5395 habet
1358 5347 1524 5399 codex
1569 5347 1724 5399 Assis.

211 5429 306 5467 mc.
338 5427 455 5468 xm.
486 5439 539 5452 -
573 5415 616 5451 ¹²
643 5415 779 5477 Luc„
807 5426 901 5480 vn,
931 5416 1008 5466 15.
1028 5441 1093 5453 --
1122 5416 1159 5446 ¹³
1193 5417 1234 5466 ΙΙ
1263 5417 1427 5482 Patr„
1460 5431 1523 5484 11,
1552 5423 1636 5472 16.
1665 5446 1727 5460 -

187 5511 231 5552 ²*
258 5479 417 5577 t7⁸72,
446 5507 626 5575 Balal,
655 5507 908 5575 confudit,
937 5509 1020 5562 vel
1044 5477 1193 5576 5752,
1230 5511 1400 5579 suan,
1437 5513 1728 5577 Devoravit,

3255 519 3376 584 425

1817 664 1923 728 no,
1944 669 1976 708 ιο
2020 652 2143 715 etc.
2185 650 2252 715 Si
2282 650 2374 733 (cl)
2412 651 2587 716 enim
2614 651 2793 717 nulla
2816 654 2916 717 est
2955 651 3233 718 defensio
3270 650 3380 717 ovi

1820 758 2047 819 contra
2091 756 2279 840 lupos
2322 758 2687 838 infernaleS,
2735 757 2798 823 id
2826 762 2921 824 est
2948 762 3170 823 contra
3195 759 3383 840 lupos

1818 861 2104 927 diabolos
2123 912 2140 943 ,
2186 865 2355 930 heu!
2407 867 2563 949 quid
2601 866 2834 931 facient
2874 868 3114 945 leoneS,
3152 865 3216 930 id
3257 869 3377 946 est,

1814 971 2098 1052 superbi,
2133 975 2196 1035 et
2225 971 2361 1054 lupi
2392 974 2598 1052 avari,
2629 978 2694 1038 et
2717 974 2893 1056 porci
2920 972 3261 1053 luxuriosi,
3293 991 3380 1037 ex

1816 1089 1946 1159 quo
1974 1078 2168 1142 etiam
2215 1097 2367 1143 oves
2414 1086 2620 1146 morte
2651 1087 2898 1146 aeterna
2941 1081 3380 1146 devorantur?

1815 1183 2177 1250 Bernardus
2205 1193 2268 1251 ⁹:
2307 1210 2339 1248 α
2367 1186 2523 1265 Quis
2565 1189 2672 1253 det
2705 1190 2797 1254 eis
2833 1187 3030 1254 semel
3073 1188 3259 1266 mori,
3293 1205 3378 1253 ne

1816 1292 2181 1359 moriantur
2206 1295 2276 1358 in
2304 1298 2670 1360 aeternum?
2699 1318 2731 1356 ι)
2767 1314 2918 1361 cum
2947 1297 3158 1361 dicent
3186 1314 3378 1360 mon-

1817 1399 1984 1464 tibus
2011 1404 2061 1441 ¹⁰
2092 1423 2106 1463 ε
2146 1400 2364 1469 cadite
2391 1419 2586 1485 super
2610 1419 2750 1484 noa,
2791 1409 2852 1471 et
2878 1405 3196 1486 cooperite
3236 1420 3375 1472 nos,

2329 1580 2620 1651 SERMO
2673 1581 2767 1650 111
2797 1583 2864 1651 ¹¹.

1896 1724 2173 1804 Resedit,
2194 1727 2467 1807 quierat
2489 1731 2799 1804 mortuae,
2826 1732 2888 1794 et
2906 1727 3095 1808 coepit
3113 1726 3290 1808 loqui
3301 1727 3374 1793 ¹¹.

1817 1831 2051 1897 Mortui
2089 1831 2498 1914 spiritualiter
2524 1834 2595 1897 in
2621 1833 2959 1897 animabus
2995 1832 3231 1897 debent
3270 1834 3371 1897 in-

1817 1940 2025 2024 cipere
2053 1940 2227 2023 loqui
2258 1940 2638 2018 confitendo,
2678 1939 3019 2005 laudando.
3066 1939 3224 2005 Ecce
3251 1960 3371 2005 au-

1816 2051 1947 2111 tem
1963 2066 2161 2129 quam
2176 2047 2488 2129 stupenda
2505 2052 2569 2111 et
2592 2048 2752 2111 mira
2774 2050 2789 2110 l
2817 2046 3187 2112 Invenimus
3200 2048 3374 2112 enim

1818 2155 1884 2218 in
1912 2153 2256 2238 Scripturis
2283 2154 2457 2237 loqui
2487 2155 2775 2234 brutum,
2805 2154 2982 2237 loqui
3016 2160 3369 2236 mortuum,

1816 2263 1992 2345 loqui
2019 2280 2244 2335 cornu,
2284 2262 2464 2345 loqui
2504 2262 2882 2326 tonitruum.
2913 2262 3223 2346 Loquitur
3251 2282 3371 2328 au-

1818 2373 1950 2434 tem
1993 2371 2257 2434 brutum
2303 2370 2372 2432 in
2412 2368 2694 2433 indebita
2724 2368 2964 2433 subditi
2990 2369 3369 2450 afflictione3

1819 2481 2138 2556 mortuus,
2172 2478 2241 2540 in
2267 2478 2370 2561 pia
2389 2477 2814 2556 confession&
2847 2495 3050 2541 cornu
3079 2478 3150 2540 in
3178 2477 3373 2542 male-

1819 2585 1983 2649 dicta
1996 2585 2372 2650 Antichristi
2388 2584 2933 2667 blasphematione
2952 2606 2969 2663 ;
2988 2585 3372 2665 tonitruum,

1821 2694 1890 2758 in
1917 2694 2147 2758 ultima
2175 2693 2403 2758 Christi
2432 2693 2904 2775 disceptatione.

1899 2801 1986 2866 De
2015 2801 2224 2883 primo
2245 2801 2291 2837 ¹⁸
2315 2823 2331 2865 ε
2366 2822 2398 2863 α
2417 2798 2772 2882 subjugale
2792 2802 3049 2864 mutum
3075 2818 3227 2865 voce
3252 2799 3374 2866 ho-

1821 2909 2014 2974 minis
2041 2908 2332 2992 loquens»,
2362 2906 2690 2990 prohibuit
2713 2906 3042 2989 prophetae
3061 2907 3368 2990 insipien-

1819 3018 1998 3081 tiam.
2046 3038 2077 3077 »
2129 3015 2448 3098 Propheta
2488 3017 2583 3078 est
2628 3013 2931 3096 praelatus
2980 3013 3212 3092 malus,
3265 3016 3370 3081 vel

1818 3126 2136 3206 princepS,
2186 3122 2298 3206 qui
2335 3121 2498 3186 bene
2534 3119 2791 3185 Balaam
2830 3122 3082 3201 dicitur,
3131 3123 3243 3205 qui
3281 3122 3379 3187 in·

1818 3235 2206 3314 terpretatur
2246 3229 2512 3300 turbans
2552 3235 2788 3312 pentec,
2829 3233 2892 3293 et
2918 3228 3237 3296 devoram
3263 3245 3380 3312 po-
3432 3207 3439 3214 ’
3509 3275 3518 3284 ·

1819 3340 2043 3422 pulum
2084 3339 2151 3402 ¹⁸.
2184 3339 2230 3376 ¹⁸
2266 3360 2296 3398 ι
2324 3336 2450 3401 Leo
2497 3336 2786 3417 rugienS,
2820 3353 3013 3400 ursus
3064 3336 3375 3416 esuriens,

1820 3447 2114 3530 princeps
2132 3445 2370 3528 impius
2385 3460 2578 3526 super
2597 3442 2908 3526 populum
2928 3461 3302 3526 pauperem.
3333 3466 3365 3504 n

1820 3554 2020 3618 Asina
2046 3569 2199 3617 vero
2226 3551 2511 3615 animam
2540 3550 2777 3615 subditi
2807 3550 3151 3632 significat,
3185 3570 3379 3635 super

1820 3681 2018 3746 quam
2062 3660 2433 3726 auctoritate
2473 3659 2808 3742 regiminis
2844 3660 3019 3724 sedet
3045 3661 3374 3743 praelatus,

1821 3787 2019 3853 quam
2058 3768 2331 3845 solvere,
2378 3769 2442 3830 et
2483 3765 2562 3830 ad
2603 3763 2928 3831 Christum
2975 3766 3232 3831 deberet
3262 3769 3410 3840 ad-‚

1822 3878 2055 3942 ducere
2084 3876 2127 3912 ¹⁶
2161 3898 2179 3940 ι
2219 3874 2527 3954 «Solvite,
2552 3877 2616 3938 et
2640 3873 2933 3938 adducite
2957 3874 3143 3939 mihi.
3165 3897 3197 3935 n
3232 3877 3377 3940 Asi-

1822 4005 1910 4051 na
1945 3985 2202 4069 quando
2243 3983 2598 4063 urgebatur
2624 4001 2664 4047 a
2688 3982 3003 4064 propheta
3039 3984 3383 4065 procedere

1824 4098 2049 4158 contra
2097 4090 2495 4156 voluntatem
2541 4088 2677 4168 Dei,
2719 4088 3125 4167 contradixit,
3165 4094 3231 4154 et
3268 4090 3382 4155 de-

1824 4200 2084 4266 clinavit
2123 4219 2138 4263 :
2186 4198 2277 4261 sic
2311 4195 2627 4273 subditus,
2670 4195 2726 4259 si
2752 4214 2942 4279 papa,
2970 4197 3074 4263 vel
3099 4196 3378 4280 impera-

1827 4312 1947 4388 tor,
1978 4307 2114 4371 sive
2152 4306 2310 4381 duX,
2357 4304 2495 4369 sive
2536 4302 2897 4387 episcopus,
2942 4304 2994 4368 si
3033 4310 3232 4386 pater,
3274 4305 3382 4371 vel

1828 4420 2054 4494 mater,
2100 4414 2157 4477 si
2200 4411 2528 4491 dominus,
2576 4411 2682 4476 vel
2720 4411 2983 4476 domina
3018 4413 3191 4494 cogit
3229 4431 3382 4478 eum

1828 4522 2073 4606 aliquid
2093 4521 2296 4584 facere
2315 4521 2537 4583 contra
2555 4517 2783 4598 Deum,
2803 4518 2990 4583 debet
3013 4536 3086 4582 os
3107 4520 3380 4601 aperire,

1827 4637 1891 4697 et
1930 4627 2386 4696 contradicere.
2435 4626 2532 4691 lbi
2576 4627 2750 4690 enim
2786 4643 2918 4690 non
2958 4630 3211 4709 oportet>
3229 4626 3385 4692 obe-

1828 4739 1985 4804 dire.
2009 4735 2373 4802 Bel-nardus
2390 4733 2435 4777 ¹⁷
2462 4756 2478 4799 z
2512 4756 2543 4796 e
2561 4733 2695 4798 Hoc
2713 4731 3196 4814 advertendum,
3214 4733 3386 4816 quod

1829 4845 2147 4929 quasdam·
2184 4846 2335 4908 sunt
2380 4860 2547 4925 pura
2598 4840 2790 4919 bona,
2863 4841 3163 4923 quaedam
3221 4858 3388 4922 pura

1829 4951 2021 5029 mala,
2081 4953 2145 5013 et
2194 4949 2263 5012 in
2309 4947 2411 5011 his
2463 4946 2708 5011 nullam
2755 4946 2972 5011 deberi
3015 4946 3388 5011 hominibus

1831 5136 1883 5185 et
1927 5130 2081 5193 tay,
2130 5129 2290 5193 Ham,
2321 5126 2557 5192 populus.
2596 5154 2651 5164 -
2698 5127 2737 5161 ¹⁸
2774 5130 2942 5188 Prov„
2980 5137 3178 5188 xxvm,
3217 5128 3296 5176 15.
3324 5150 3389 5163 -

1840 5205 1878 5237 '⁸
1911 5204 2090 5254 Mami.
2149 5212 2269 5264 κει,
2307 5195 2354 5250 2,
2392 5225 2454 5236 —
2489 5200 2531 5235 ¹⁸¹
2561 5200 2735 5262 Rern„
2773 5197 2844 5247 ad
2864 5197 3067 5262 Adam„
3102 5196 3251 5262 epist.
3291 5208 3385 5261 vn,

1829 5289 1884 5327 n.
1912 5277 1979 5327 4:

1894 5365 1967 5430 (α)
1996 5363 2118 5414 cm.
2149 5331 2270 5413 edit.
2301 5358 2437 5410 deest
2460 5371 2602 5410 usus.
2617 5383 2677 5396 -
2699 5357 2771 5423 (b)
2794 5358 2919 5410 σαι.
2938 5358 3062 5410 edit.
3083 5372 3180 5410 non
3207 5357 3390 5410 habent

1834 5439 1887 5489 et
1917 5438 2103 5488 oaetera
2132 5447 2316 5498 usque.
2346 5458 2407 5470 —
2440 5428 2506 5494 (ο)
2540 5430 2656 5493 Ley.
2689 5430 2937 5484 abscondi
2970 5434 3141 5483 autem
3172 5430 3229 5485 in
3260 5432 3389 5484 Deo.

1846 5535 1900 5549 --
1933 5509 2011 5575 (d)
2039 5509 2161 5561 coet.
2188 5506 2311 5559 edit.
2336 5505 2390 5559 in
2409 5503 2627 5557 interno.
2652 5502 2810 5557 Sicut.
