4059 6317
1586 493 1688 561 DE
1729 493 2275 563 DEDICATIONE.

341 633 549 691 votum
592 628 866 689 eastitatis
911 629 1108 689 ordini
1152 644 1321 689 sacro
1355 628 1881 689 annexumestSi

340 725 501 785 enim
526 726 614 782 est
639 722 886 781 clericus
909 723 1231 794 scholaris,
1257 739 1494 783 servare
1533 724 1760 782 tenetur
1772 741 1791 794 3
1830 723 1882 781 si

341 833 486 877 vero
512 821 597 876 est
630 816 952 890 regularis,
981 815 1080 875 vel
1118 816 1426 891 religiosus
1461 818 1520 874 et
1557 815 1880 891 perfectus,

339 915 548 972 votum
574 910 945 977 continentia
966 916 1023 970 et
1048 911 1342 983 castitatis,
1371 915 1575 970 votum
1597 910 1880 969 obedien-

341 1005 438 1065 tiae
486 1007 546 1063 et
594 1004 970 1073 bumilitatiS,
1018 1008 1076 1063 et
1117 1007 1325 1063 votum
1369 1003 1711 1078 indigentiae
1753 1005 1879 1063 sive

341 1097 702 1173 paupertatis
724 1097 902 1156 debet
924 1097 1263 1173 profitendo
1290 1097 1468 1157 labiis
1492 1097 1877 1172 distinguere,

343 1195 401 1250 et
427 1195 549 1251 toto
574 1195 842 1266 tempore
868 1190 1123 1251 vivendo
1150 1208 1405 1251 servare.
1447 1194 1569 1251 Hoc
1596 1192 1756 1251 enim
1784 1191 1878 1249 di-

344 1286 494 1345 eitur
518 1285 583 1344 in
607 1280 865 1361 persona
889 1284 1086 1344 clerici
1120 1286 1471 1345 transeuntis
1509 1285 1590 1345 ad
1626 1285 1882 1345 ministe-

343 1379 500 1438 rium
526 1379 648 1437 Dei.

416 1472 687 1534 Secundo
701 1513 724 1544 ,
761 1475 849 1532 est
880 1472 1129 1532 ecclesia
1169 1473 1442 1532 dedicata
1475 1476 1540 1530 ut
1565 1472 1640 1531 sit
1665 1473 1882 1532 domus

343 1566 772 1626 benedictionis
813 1566 879 1625 in
931 1566 1438 1627 administratione
1481 1570 1880 1626 sacramento·-

342 1676 498 1719 rum.
523 1659 687 1718 Unde
713 1659 1018 1718 Psalmus
1001 1676 1066 1718 ιιι
1091 1676 1347 1734 persona
1372 1661 1753 1735 praelatorum
1794 1661 1883 1719 di-

345 1754 426 1814 cit
451 1756 515 1792 ¹·
500 1773 582 1812 .«
611 1754 1025 1813 Benediximus
1048 1754 1256 1826 vobis,
1281 1775 1311 1811 ιι
1351 1754 1572 1814 scilicet
1611 1755 1883 1830 populis,

344 1853 712 1907 sacramenta
781 1847 986 1907 divina
1050 1847 1175 1907 sive
1242 1849 1629 1908 ecclesiastica
1690 1849 1884 1908 confe-

344 1943 567 2014 rende,
600 1959 629 1997 ι
656 1942 732 2000 de
777 1941 963 2001 domo
1008 1941 1259 2000 Domini.
1308 1945 1457 2001 Deus
1503 1944 1817 2016 Dominus,
1846 1963 1876 1999 ιι

347 2038 452 2113 qui
477 2039 564 2097 eis
588 2038 842 2113 proebuit
867 2040 1274 2099 auctoritatem
1309 2040 1694 2115 praesidentiae
1708 2082 1729 2113 ,
1755 2060 1784 2095 α
1813 2040 1886 2099 il-

346 2132 499 2191 luxit
522 2132 731 2206 nobis,
761 2153 792 2189 ιι
817 2132 1178 2193 conferendo
1220 2134 1523 2193 veritatem
1561 2134 1879 2209 sapientiai.

347 2228 494 2285 Nam
536 2225 601 2284 in
645 2226 871 2285 clericis
909 2229 968 2286 et
1009 2227 1265 2302 praelatis
1315 2231 1402 2287 est
1448 2229 1762 2287 auctoritas
1807 2229 1888 2288 ad

348 2318 705 2379 conferenda
741 2325 1141 2394 sacramenta,
1175 2325 1236 2381 et
1272 2322 1486 2382 veritas
1522 2322 1681 2381 lucet
1713 2323 1778 2381 in
1804 2323 1889 2381 eis

347 2415 430 2473 ad
453 2414 749 2473 tradenda
774 2414 1153 2475 documenta.

418 2508 607 2567 Tertio
635 2511 722 2567 est
748 2509 992 2568 ecclesia
1018 2509 1291 2568 dedicata
1312 2514 1378 2569 ut
1401 2510 1475 2569 sit
1499 2510 1717 2570 domus
1745 2526 1885 2570 can·

350 2603 605 2674 tationis,
630 2603 693 2661 in
715 2601 1184 2678 frequentatione
1208 2604 1595 2664 Psalmorum.
1624 2607 1801 2665 isaias
1822 2608 1882 2666 ².

355 2717 386 2754 ι
411 2697 686 2769 Domine,
713 2696 947 2755 salvum
970 2713 1068 2756 me
1099 2696 1194 2756 fac
1203 2740 1224 2770 ,
1266 2701 1323 2756 et
1355 2698 1619 2774 psalmos
1656 2702 1891 2760 nostros

350 2791 720 2851 cantabimus
746 2791 970 2849 cunctis
991 2790 1203 2849 diebus
1229 2791 1363 2850 vitae
1382 2796 1596 2852 nostroe
1619 2794 1685 2853 in
1703 2794 1888 2853 domo

353 2886 605 2953 Domini,
635 2905 666 2941 ιι
695 2888 803 2943 etc.
835 2885 1024 2943 Hicin
1046 2886 1158 2944 ista
1184 2886 1525 2946 auctoritate
1537 2928 1557 2959 ,
1580 2887 1660 2946 ad
1685 2905 1890 2947 exem-

351 2979 521 3055 plum
546 2979 833 3051 Ezechiae,
862 2978 1257 3038 informantur
1284 2979 1513 3052 clerici,
1540 2986 1605 3039 ιιι
1627 2982 1743 3041 hoc
1778 2983 1888 3042 de-

352 3073 533 3132 beant
575 3072 873 3147 postulare
889 3114 907 3143 ,
953 3073 1171 3132 scilicet
1228 3077 1291 3132 ut
1340 3066 1644 3134 solvantur
1690 3077 1765 3152 (a)
1811 3078 1889 3137 ab

354 3167 522 3227 omni
560 3166 900 3242 iniquitate,
943 3170 1001 3225 et
1037 3168 1185 3225 utin
1210 3183 1331 3226 suae
1356 3168 1489 3227 vitre
1514 3170 1893 3231 continuitate

355 3261 564 3320 laudes
607 3260 842 3319 divinas
887 3259 951 3318 in
990 3260 1266 3335 ecclesia,
1314 3262 1378 3320 in
1425 3278 1548 3337 qua
1595 3264 1889 3337 serviunt,

355 3357 590 3414 cantent
614 3370 752 3412 cum
771 3353 1161 3427 iucunditate,
1189 3360 1246 3413 et
1271 3358 1339 3413 ut
1362 3361 1569 3431 torpor
1608 3361 1666 3415 et
1707 3357 1893 3432 pigri-

355 3449 436 3507 tia
461 3447 671 3523 procul
708 3446 989 3506 abscedat
1032 3448 1109 3506 ab
1156 3448 1262 3507 eis.
1304 3450 1609 3510 psalmista
1623 3493 1643 3524 ,
1682 3452 1895 3512 exhor-

356 3542 540 3601 tando
567 3558 694 3613 eos,
720 3541 863 3600 dicit
877 3543 938 3598 ⁸:
968 3560 999 3596 ι
1017 3542 1239 3613 Venite,
1262 3543 1594 3603 exultemus
1617 3547 1891 3620 Domino,

350 3634 674 3708 jubilemus
701 3638 818 3694 Deo
846 3635 1085 3693 salutari
1106 3639 1332 3706 nostro,
1361 3658 1391 3690 ιι
1423 3641 1532 3696 etc.

428 3732 515 3789 ΙΙΙ.
543 3730 762 3801 Tertio,
791 3731 1079 3804 quantum
1100 3728 1182 3787 ad
1205 3729 1463 3789 vicinam
1488 3734 1894 3793 communica-

357 3822 581 3881 tionem
605 3838 1029 3898 supernorum,
1054 3823 1320 3898 loquitur
1357 3825 1563 3885 divina
1598 3827 1895 3903 Scriptura

358 3915 435 3975 de
470 3917 653 3976 domo
688 3916 752 3974 in
789 3916 1095 3976 ecclesiam
1133 3922 1472 3978 comcrata
1497 3925 1787 3995 quantum
1811 3922 1896 3981 ad

359 4010 514 4069 tria:
562 4009 813 4082 seilicet,
857 4013 1146 4086 quantum
1185 4011 1267 4071 ad
1311 4012 1579 4073 divinam
1622 4016 1894 4076 attentio-

358 4120 527 4175 nem,
557 4108 846 4178 quantum
869 4103 953 4162 ad
978 4104 1308 4179 angelicam
1342 4109 1766 4182 protectionem
1780 4152 1801 4182 ,
1839 4115 1898 4170 et

360 4199 651 4274 quantum
677 4196 757 4256 ad
783 4197 1052 4257 ocelioam
1085 4200 1470 4275 apertionem.
1512 4206 1658 4262 Nam
1697 4205 1763 4263 in
1801 4221 1897 4264 ec-

360 4293 536 4352 elesia
563 4294 651 4351 est
672 4291 877 4351 divina
902 4293 1172 4365 attentio,
1206 4295 1288 4353 ad
1322 4295 1764 4356 exaudiendum
1804 4300 1895 4358 in-

360 4391 670 4461 vocantes3
700 4387 968 4461 angelica
985 4388 1310 4462 protectio,
1333 4390 1416 4448 ad
1441 4392 1897 4454 custodiendum

361 4483 708 4555 adorantes3
735 4484 795 4541 et
827 4482 999 4541 scaloe
1042 4482 1288 4557 erectio,
1324 4484 1448 4569 siye
1479 4486 1685 4546 coelica
1726 4504 1898 4564 aper-

361 4578 466 4650 tio,
488 4577 568 4636 ad
585 4575 1083 4635 introducendum
1101 4576 1165 4636 in
1191 4578 1407 4637 ooelum
1435 4586 1895 4654 perseverantes.

361 4671 557 4731 Primo
602 4670 780 4744 igitur
818 4670 883 4728 in
926 4669 1181 4729 Ecclesia
1208 4675 1293 4729 est
1319 4671 1525 4731 divina
1551 4676 1790 4734 attentio
1818 4676 1899 4735 ad

362 4764 802 4824 exaudiendum
827 4764 1207 4824 invocantes:
1234 4764 1401 4827 cuius
1431 4766 1626 4840 figura
1654 4785 1902 4844 praeces-

363 4862 456 4932 sit,
484 4858 729 4935 quando
758 4859 1039 4917 Dominus
1065 4858 1214 4918 dixit
1235 4860 1540 4920 Salomoni
1567 4861 1633 4896 ⁴·
1617 4884 1696 4921 ,α
1721 4866 1898 4923 Sanc-

362 4954 583 5013 tificavi
611 4953 862 5013 domum
884 4953 1063 5024 banc,
1083 4969 1266 5029 quam
1288 4954 1612 5030 oedifieasti,
1632 4962 1698 5017 ιιι
1717 4974 1900 5033 pone-

361 5064 489 5108 rem
513 5063 737 5107 nomen
761 5063 963 5107 meum
983 5047 1110 5107 ibi
1094 5063 1158 5106 ιιι
1180 5050 1631 5127 sempiternum3
1657 5056 1715 5111 et
1732 5056 1903 5112 erunt

364 5142 523 5201 oculi
562 5142 712 5216 mei,
752 5146 810 5201 et
847 5157 951 5202 cor
984 5159 1187 5202 meum
1230 5143 1317 5202 ibi
1353 5146 1577 5205 cunctis
1600 5146 1833 5206 diebus.
1863 5168 1894 5204 ιι

429 5296 446 5329 ¹
472 5292 609 5346 Ptol.
637 5303 802 5357 cxvu,
829 5295 909 5344 26.
946 5318 1003 5330 —
1031 5294 1057 5329 ¹
1079 5295 1199 5359 Ira„
1236 5306 1473 5361 xxxv-v,
1502 5299 1583 5348 2⁰.
1620 5324 1676 5334 -
1704 5297 1727 5333 ⁸
1759 5297 1898 5349 Paul.

366 5378 501 5430 xciv,
550 5369 598 5417 1.
633 5391 695 5403 —
729 5365 756 5401 θ
793 5365 857 5416 ΙΙΙ
899 5365 1038 5430 neq„
1076 5377 1162 5430 ιι,
1198 5369 1245 5418 3.
1277 5394 1338 5406 -
1370 5377 1395 5404 ·
1434 5368 1609 5432 lach..
1646 5382 1731 5433 tx,
1763 5373 1812 5422 8.
1838 5395 1900 5408 —

368 5440 391 5475 ⁸
415 5438 556 5503 Gen„
587 5448 781 5503 xxviu,
809 5441 885 5489 Η.
915 5463 978 5477 -
1008 5438 1026 5471 ²
1053 5436 1199 5503 thid„
1229 5442 1306 5490 12.
1338 5467 1391 5477 -
1422 5439 1445 5475 ⁸
1470 5441 1619 5506 ibid„
1653 5443 1727 5496 17.

1983 630 2257 690 Secundo
2296 630 2363 689 in
2400 627 2645 689 eeclesia
2682 631 2771 688 est
2807 627 3080 702 angelica
3116 628 3408 704 protectio
3442 627 3528 687 ad

1984 724 2443 784 custodiendum
2467 722 2817 796 adorantes3
2840 722 3000 781 unde
3028 721 3244 782 dicitur
3257 725 3280 760 ⁸
3308 742 3323 780 z
3360 742 3391 777 α
3404 721 3530 781 Cir-

1985 820 2317 892 cumdabo,
2355 836 2398 876 ·ιι
2447 819 2513 877 id
2556 821 2678 892 est,
2724 817 3078 886 defendam,
3117 817 3436 890 animabo,
3472 821 3532 877 et

1986 913 2334 972 confortabo
2352 913 2605 971 fideliter
2624 914 2858 970 orantes
2883 910 2947 969 in
2973 926 3046 969 ea
3068 911 3146 969 ab
3175 911 3530 971 adversariis

1983 1022 2375 1082 praservans,
2412 1023 2489 1065 ne
2526 1005 2841 1080 inquinent
2870 1024 2901 1060 ι
2937 1003 3189 1063 domum
3220 1020 3421 1063 meam
3435 1047 3455 1078 ,
3496 1026 3527 1061 ιι

1982 1101 2049 1159 id
2076 1105 2181 1171 est,
2196 1100 2514 1159 Ecclesiam
2541 1099 2891 1158 militantem
2904 1117 2923 1170 3
2953 1118 2982 1151 α
3003 1113 3078 1157 ex
3099 1099 3212 1170 his,
3232 1098 3337 1173 qui
3371 1098 3531 1159 mili-

1985 1197 2113 1252 tant
2144 1193 2323 1265 mihi,
2346 1213 2377 1249 ιι
2408 1193 2475 1252 id
2496 1197 2611 1264 est,
2637 1208 2745 1267 per
2773 1191 3017 1265 angelos
3045 1209 3074 1247 α
3100 1194 3343 1265 euntes,
3368 1192 3529 1251 seili-

1986 1291 2080 1346 cet
2103 1287 2169 1345 in
2193 1287 2428 1359 coelum,
2458 1289 2524 1344 ut
2547 1286 2846 1345 orationes
2868 1289 3103 1344 nostras
3130 1289 3247 1345 Deo
3274 1303 3531 1360 proesen·

1986 1384 2132 1453 tent,
2162 1385 2258 1440 «et
2284 1381 2683 1454 redeuntes(b)
2703 1401 2731 1434 ιι
2764 1380 2844 1439 ad
2870 1381 3031 1454 ipsos
3057 1384 3319 1440 oratores
3343 1381 3407 1439 in
3432 1398 3532 1441 ec-

1989 1475 2201 1549 alesia,
2226 1479 2292 1536 ut
2313 1493 2416 1535 eos
2451 1476 2528 1535 ad
2556 1476 2772 1534 similia
2798 1478 3077 1535 moveant
3096 1478 3153 1534 et
3180 1476 3529 1534 confortent.

1986 1570 2177 1628 Tertio
2213 1570 2276 1628 in
2315 1570 2572 1629 Ecclesia
2599 1573 2686 1629 est
2712 1569 2887 1628 scalae
2910 1569 3126 1628 erectio
3153 1569 3234 1627 ad
3258 1568 3532 1629 introdu-

1990 1663 2287 1723 cendum
2270 1679 2334 1722 ιιι
2358 1663 2576 1723 coelum
2602 1665 3046 1738 perseverantes
3069 1662 3141 1697 ⁸·
3125 1682 3204 1721 ,ι
3229 1665 3378 1722 Cum
3422 1678 3529 1721 ve-

1988 1758 2170 1817 nisset
2213 1758 2395 1818 Jacob
2441 1759 2521 1817 ad
2562 1759 2887 1834 quemdam
2926 1757 3160 1825 locum,
3189 1778 3220 1814 ιι
3254 1760 3391 1828 etc.,
3421 1757 3533 1817 ubi

1989 1851 2316 1910 ostenditur
2338 1851 2609 1911 Ecclesiae
2647 1851 2901 1925 dignitas
2930 1869 2947 1909 t
2986 1850 3130 1926 quia
3167 1866 3277 1925 per
3308 1850 3529 1922 Jacob,
3591 1874 3729 1919 Jacob

1990 1946 2097 2020 qui
2123 1947 2536 2021 interpretatur
2561 1949 2816 2019 luctator,
2847 1948 2905 2003 et
2930 1947 3333 2018 supplantator,
3364 1944 3533 2005 intel-
3597 1934 3720 1993 quid.

1986 2040 2190 2114 ligitur
2216 2041 2507 2113 Christus,
2532 2039 2640 2115 qui
2665 2040 2888 2099 luctam
2911 2039 2977 2098 in
3014 2055 3188 2099 cruce
3226 2055 3365 2098 cum
3400 2039 3532 2098 dia-

1990 2134 2137 2193 bolo
2162 2134 2317 2207 fecit,
2347 2138 2406 2193 et
2430 2135 2626 2209 ipsum
2651 2133 2896 2193 viriliter
2920 2133 3373 2208 supplantavit«
3396 2137 3535 2208 post

1991 2227 2135 2286 solis
2154 2228 2523 2299 occubitum,
2550 2248 2581 2284 ιι
2610 2227 2676 2286 id
2703 2231 2822 2294 est,
2852 2229 2988 2304 post
3022 2242 3199 2285 suum
3224 2226 3535 2286 uansitum

1994 2321 2071 2381 de
2113 2321 2343 2381 mundo
2387 2321 2469 2381 ad
2512 2326 2786 2381 Patrem.
2820 2340 2853 2378 α
2886 2325 2955 2381 Ει
2999 2322 3179 2381 vellet
3218 2321 3282 2380 in
3323 2337 3396 2381 eo
3440 2337 3535 2380 re-

1994 2415 2330 2490 quiescere,
2374 2435 2404 2470 »
2453 2415 2520 2475 id
2556 2419 2643 2475 est
2692 2415 3058 2491 requiescere
3106 2415 3274 2491 apud
3315 2431 3428 2474 nos
3470 2415 3536 2473 in

1994 2509 2402 2582 sacramento,
2437 2528 2468 2564 α
2491 2509 2625 2568 tulit
2648 2508 2724 2568 de
2750 2509 3054 2585 lapidibus
3088 2509 3196 2584 qui
3227 2508 3533 2582 jacebant,

1995 2607 2052 2661 et
2090 2603 2406 2678 supposuit
2450 2602 2628 2679 capiti
2671 2618 2817 2675 suo,
2848 2624 2877 2657 ιι
2910 2604 3156 2677 quando
3203 2602 3536 2661 consecrari

1994 2696 2181 2756 voluit
2223 2712 2439 2771 corpus
2482 2713 2657 2755 suum
2699 2696 2765 2755 iu
2811 2696 3015 2768 altari,
3074 2695 3352 2771 lapides,
3401 2712 3430 2750 ι
3478 2698 3537 2755 et

1995 2790 2276 2849 dormivit
2310 2791 2375 2849 in
2413 2790 2629 2849 eodem
2663 2790 2819 2850 loco.
2849 2811 2880 2846 ιι
2912 2793 2980 2850 Et
3006 2789 3270 2864 sequitur
3293 2792 3340 2862 ⁷,
3365 2789 3538 2864 quod

1999 2903 2028 2939 α
2055 2885 2206 2942 vidit
2229 2884 2293 2943 in
2319 2885 2574 2957 somnis,
2603 2905 2634 2941 ιι
2664 2884 2780 2944 hoc
2808 2888 2921 2956 est,
2945 2883 3151 2942 videre
3174 2883 3316 2941 facit
3340 2898 3535 2942 mem-

1993 2979 2108 3038 bra
2133 2994 2261 3052 sua,
2288 2982 2347 3037 et
2370 2979 2599 3051 fideles,
2629 2995 2738 3054 per
2761 2977 3071 3054 speculum
3092 2976 3159 3035 in
3181 2977 3493 3051 oenigmate
3518 2995 3536 3037 t

1997 3090 2028 3127 a
2056 3072 2284 3132 Scalam
2309 3075 2592 3142 stantem,
2614 3092 2644 3128 ιι
2678 3072 2743 3131 ιιι
2786 3074 2907 3142 est,
2938 3073 3342 3130 sacramenta:
3380 3090 3411 3126 α
3434 3072 3539 3131 Su·

1993 3182 2104 3242 per
2145 3171 2387 3239 terram,
2423 3187 2454 3223 ιι
2500 3167 2645 3242 quia
2684 3167 2749 3225 in
2791 3166 3048 3225 Ecclesia
3090 3165 3472 3226 conferuntur
3519 3184 3537 3224 ι

2002 3282 2030 3315 «
2059 3264 2125 3320 Et
2167 3275 2450 3319 cacumen
2495 3260 2656 3319 illius
2702 3260 2998 3334 attingens
3043 3258 3293 3332 coelum,
3333 3279 3364 3313 ι
3397 3259 3543 3334 quia

1995 3371 2106 3430 per
2130 3370 2265 3414 eam
2291 3358 2379 3413 est
2402 3370 2679 3413 ascensus
2703 3354 3039 3412 animarum
3072 3353 3151 3412 de
3188 3352 3543 3428 corporibus

1999 3454 2331 3523 exutarum,
2362 3449 2440 3508 de
2466 3448 2698 3508 mundo
2726 3448 2807 3507 ad
2828 3448 3070 3522 coelum,
3091 3449 3167 3507 de
3195 3448 3438 3508 miseria
3462 3448 3546 3507 ad

1997 3546 2279 3620 gloriam,
2312 3546 2387 3604 de
2412 3545 2679 3620 periculo
2705 3544 2788 3603 ad
2812 3545 3184 3603 securitatem
3199 3586 3218 3616 ,
3247 3544 3327 3603 de
3352 3546 3545 3602 morte

1999 3640 2081 3699 ad
2117 3639 2499 3700 aeternitatem
2530 3657 2546 3696 ι
2588 3658 2619 3695 ι
2644 3638 2901 3712 Angelos
2939 3653 3182 3713 quoque
3211 3638 3310 3696 Dei
3339 3651 3546 3697 ascen-

2000 3734 2233 3806 dentes,
2262 3754 2292 3790 ιι
2326 3732 2394 3807 (c)
2422 3732 2653 3791 animas
2684 3736 2891 3791 exutas
2928 3731 3008 3790 ad
3054 3731 3308 3805 gloriam
3354 3730 3547 3789 dedu·

2000 3828 2193 3886 cendo
2225 3846 2241 3885 ι
2278 3845 2307 3883 α
2335 3831 2402 3886 Ει
2447 3826 2871 3885 descendentes
2914 3839 3023 3901 per
3063 3841 3230 3895 eam,
3258 3844 3288 3880 ιι
3320 3824 3550 3883 animas

2001 3920 2239 3980 adhuc
2223 3936 2285 3978 ιιι
2314 3936 2564 3996 corpore
2600 3920 2909 3993 degentes,
2939 3918 3015 3978 de
3046 3918 3213 3977 bono
3247 3917 3312 3976 in
3338 3917 3550 3976 melius

1999 4016 2415 4092 promovendo
2442 4034 2459 4073 ι
2498 4036 2527 4068 ι
2551 4017 2620 4074 Ει
2646 4014 2964 4074 Dominum
2993 4014 3268 4073 innixum
3292 4014 3490 4086 scaloe,
3512 4034 3545 4071 ιι

1995 4110 2149 4185 quia
2171 4125 2280 4184 per
2303 4111 2672 4168 sacramenta
2699 4108 2981 4169 Dominus
3009 4108 3271 4168 animam
3290 4107 3552 4167 christia-

2001 4220 2146 4262 nam
2171 4204 2470 4262 viventem
2493 4203 2558 4261 ιιι
2592 4218 2772 4262 carne
2798 4203 3084 4279 protegit,
3113 4205 3172 4260 et
3206 4205 3547 4276 conservat,

2004 4301 2064 4356 et
2094 4303 2404 4357 exeuntem
2438 4298 2516 4356 de
2541 4312 2717 4357 carne
2744 4297 3004 4373 perficit,
3033 4302 3091 4356 et
3117 4297 3469 4357 conservat
3452 4312 3547 4354 ιιι-

2004 4391 2208 4464 terius,
2235 4393 2385 4451 dans
2410 4391 2737 4450 efficaciam
2768 4392 3169 4465 sacramentis,
3196 4390 3420 4467 quibus
3448 4406 3553 4449 sa-

2003 4491 2179 4545 natur
2223 4486 2559 4560 oegrotantis
2593 4486 2837 4545 affectus
2855 4528 2873 4556 ,
2916 4490 2973 4545 et
2998 4487 3255 4546 exterius
3277 4485 3430 4544 dans
3453 4484 3550 4543 lu-

2005 4579 2323 4640 culentiam
2349 4579 2755 4652 documentis,
2785 4579 3005 4655 quibus
3032 4579 3402 4638 illuminatur
3435 4594 3552 4637 ca»-

2004 4675 2150 4734 citas
2175 4673 2522 4733 intellectus.
2550 4675 2619 4731 Et
2644 4674 2727 4731 sic
2749 4673 2957 4745 Jacob,
2976 4673 3043 4732 id
3069 4677 3177 4745 est,
3207 4673 3464 4732 Christus
3486 4672 3553 4731 in

2005 4787 2068 4829 se
2096 4774 2309 4840 certuS,
2328 4772 2386 4827 et
2406 4768 2557 4827 alios
2576 4767 2926 4841 certificanS,
2941 4768 3215 4844 prorupit
3233 4768 3296 4826 in
3314 4784 3551 4840 vocem,

2007 4870 2066 4923 et
2081 4862 2295 4922 dixit⁸2
2324 4883 2355 4919 ι
2379 4867 2510 4923 Non
2536 4868 2623 4921 est
2646 4862 2743 4921 hic
2770 4860 2964 4935 aliud,
2989 4862 3102 4920 nisi
3132 4862 3349 4921 domus
3384 4862 3484 4920 Dei
3515 4880 3546 4918 ιι

2005 4956 2326 5017 habitantis
2360 4972 2471 5031 per
2511 4956 2873 5031 spiritualem
2919 4957 3204 5029 gratiam,
3238 4976 3268 5011 α
3295 4960 3354 5013 et
3377 4958 3552 5030 porta

2008 5051 2143 5110 coeli
2155 5071 2186 5107 ιι
2198 5050 2530 5126 recipientis
2548 5049 2778 5108 animas
2796 5048 2877 5108 ad
2895 5050 3233 5108 &eternalem
3255 5047 3510 5122 gloriam
3532 5065 3548 5106 ι

2007 5149 2065 5204 et
2091 5144 2240 5204 sicut
2261 5159 2369 5220 per
2390 5159 2482 5216 ea,
2510 5160 2645 5219 quae
2670 5142 2735 5201 in
2759 5143 2873 5203 hac
2893 5143 3078 5203 domo
3104 5146 3407 5217 geruntur,
3423 5142 3549 5201 ani·

2006 5256 2121 5298 mai
2141 5239 2298 5300 intra
2322 5237 2456 5297 eceli
2479 5237 2767 5313 palatium
2789 5241 3209 5312 aggregantur,
3227 5253 3304 5296 ne
3324 5235 3410 5296 eis
3432 5235 3552 5296 doe-

2077 5366 2141 5431 (a)
2173 5365 2324 5417 Ferte
2344 5364 2444 5430 leq.
2470 5363 2747 5415 salventur.
2767 5388 2831 5402 —
2859 5360 2928 5429 (ὁ)
2962 5361 3106 5429 Vul9.
3134 5366 3468 5417 revertentes.
3488 5390 3553 5405 -

2011 5440 2071 5507 (c)
2105 5438 2226 5490 Cat.
2259 5436 2382 5489 edit.
2408 5434 2651 5502 proemitt.
2681 5433 2787 5501 qui.
