4059 6317
756 509 1138 577 DOMiNlCA
1178 510 1329 578 INF.
1374 510 1546 578 OCT.
1590 510 1942 582 NATIVIT.
1987 514 2287 583 DOMINI.
2334 517 2597 585 SERMO
2638 518 2687 584 I.
3231 526 3308 590 37

172 645 504 712 habitabant
532 647 669 711 sive
703 646 1125 712 morabantur
1147 646 1219 712 in
1243 646 1658 714 Hierusalem.

172 754 230 820 Et
249 754 318 820 de
340 754 461 820 1100
482 755 713 821 dicitur
738 756 808 821 in
833 756 1196 823 Proverbiis
1222 758 1241 793 ¹
1272 779 1335 821 :c
1353 755 1662 834 01110101-

171 866 240 925 tat
262 879 362 925 cor
383 879 572 926 suum
603 864 712 945 (a),
744 863 979 945 quaerit
1003 863 1283 927 ruinam.
1302 884 1335 923 n

228 967 501 1034 Secundo
536 969 852 1050 Christus,
899 970 970 1034 in
1016 973 1329 1053 quantum
1378 971 1614 1037 veritas
1640 1020 1657 1052 ,

170 1081 390 1159 propter
432 1076 845 1159 argutionem
892 1080 1133 1161 justam
1186 1079 1487 1144 humanae
1537 1079 1661 1143 ini·

168 1183 409 1266 quitatis,
436 1185 678 1267 positus
703 1189 801 1249 est
825 1185 1026 1249 111010
1052 1186 1307 1253 ruinam
1334 1185 1657 1268 maligno-

169 1307 306 1354 rum.
336 1289 411 1355 Et
433 1290 555 1356 hoc
583 1295 677 1355 est
701 1292 876 1375 quod
903 1292 1136 1358 dicitur
1153 1295 1178 1329 ²
1207 1317 1223 1359 ε
1264 1316 1296 1356 ι
1323 1292 1449 1358 Ros
1475 1293 1657 1374 lucis,

168 1401 441 1479 memus,
488 1401 552 1463 et
587 1402 827 1464 terram
862 1399 1235 1482 gigantium
1272 1401 1567 1465 detrahes
1593 1401 1663 1465 10

16 1505 405 1646 ἐξὲξ-1111100111.
460 1526 493 1565 ι
568 1506 1015 1572 Efficacissima
1084 1508 1372 1573 doctrina
1436 1507 1661 1574 Christi

168 1613 393 1677 nomine
415 1613 571 1678 lucis
609 1620 672 1679 et
705 1614 870 1679 roris
923 1614 1274 1699 appellatur
1291 1664 1311 1695 ‚
1363 1633 1440 1681 οο
1492 1615 1662 1699 quod

169 1723 283 1783 erat
320 1721 773 1787 manifestativa
824 1727 887 1787 01
938 1722 1324 1788 1100011011νο
1375 1724 1660 1806 turpium

169 1827 234 1892 ad
291 1828 534 1893 modum
584 1827 749 1894 lucis
766 1879 786 1910 ,
844 1833 910 1894 01
961 1829 1354 1895 moderativa
1414 1829 1663 1894 sceleris

170 1934 235 2000 ad
278 1936 525 2001 modum
575 1938 763 2002 roris.
827 1937 989 2003 Nam
1039 1937 1393 2003 secundum
1464 1936 1660 2003 Isido-

170 2060 297 2106 rum
326 2047 349 2084 ⁸
383 2061 400 2106 1
449 2066 482 2107 c
518 2042 645 2109 Ros
688 2050 860 2110 arcet
917 2062 1159 2111 venena
1196 2044 1276 2109 de
1314 2049 1534 2124 nocte,
1581 2061 1665 2108 00

172 2155 420 2214 11000001.
470 2172 504 2210 n
571 2150 695 2216 Sed
761 2152 967 2235 iniqui
1034 2152 1400 2217 dilexerunt
1461 2151 1666 2217 videri

173 2257 351 2336 magis
372 2258 689 2336 tenebras,
733 2261 809 2321 ut
846 2257 1105 2322 liberius
1141 2262 1396 2342 possent
1437 2277 1664 2324 vacare

176 2362 501 2444 sceleribus,
545 2367 621 2428 ut
650 2365 792 2446 jam
842 2381 971 2428 non
1015 2364 1401 2430 sustinerent
1453 2366 1660 2432 incre-

172 2471 415 2552 pationes
437 2475 501 2535 et
525 2474 880 2553 puncturas
900 2472 1095 2553 justae
1119 2472 1499 2554 argutioniS,
1531 2492 1666 2539 ma-

175 2577 371 2641 chimti
417 2583 568 2642 sunt
614 2578 684 2641 in
737 2576 1121 2643 maleficium
1169 2581 1500 2661 arguentis
1519 2627 1537 2658 ,
1591 2586 1665 2647 ut

176 2682 295 2747 dicit
312 2684 609 2750 Dominus
635 2682 658 2718 ⁴
696 2705 714 2746 ε
757 2705 789 2744 α
816 2682 980 2762 Quid
1024 2703 1128 2748 me
1153 2686 1439 2769 quaeritis
1467 2687 1665 2753 inter-

174 2791 356 2870 ficere,
406 2791 735 2857 hominem
807 2791 921 2874 qui
982 2810 1138 2858 vera
1201 2791 1453 2859 locutus
1517 2812 1665 2860 sum

175 2899 367 2963 vobis?
396 2921 427 2960 s
480 2900 642 2966 Vere
688 2900 1068 2966 miserabilis
1109 2902 1392 2967 insaniat
1442 2902 1666 2968 irasci-

172 3025 295 3072 mur
328 3010 564 3074 sananti
580 3058 603 3089 ,
645 3013 870 3076 01000
899 3010 1236 3076 irascimur
1278 3010 1662 3077 vulneranti.

172 3113 235 3178 Et
253 3121 403 3181 certe
425 3117 795 3182 incurabilis
821 3122 914 3183 001
939 3118 1059 3182 iste
1087 3119 1370 3199 morbus,
1401 3136 1535 3183 non
1577 3137 1661 3184 ex

170 3223 380 3288 dotem
400 3225 651 3306 medici,
683 3226 797 3290 sed
836 3244 921 3291 ex
946 3226 1102 3291 vitio
1128 3226 1389 3309 aegroti3
1429 3230 1492 3291 et
1527 3244 1662 3292 cer-

171 3333 283 3393 tam
333 3332 692 3415 gigantium
745 3332 903 3398 alios
953 3332 1022 3397 10
1078 3333 1384 3398 malitiam
1445 3338 1670 3399 exten-

166 3435 357 3504 dentes
380 3445 403 3481 ⁸
426 3458 540 3524 001
563 3440 855 3522 rigorem
884 3440 1124 3505 divinae
1160 3440 1427 3523 justitiae
1456 3439 1669 3505 110110-

162 3541 302 3609 hens
320 3546 383 3610 in
406 3547 663 3611 ruinam
690 3545 1118 3612 damnationis
1143 3551 1423 3612 aeternae.

228 3649 422 3718 Tertio
446 3653 762 3733 Christus,
790 3653 861 3717 in
900 3657 1209 3737 quantum
1251 3653 1442 3734 salus,
1471 3672 1669 3738 prop·

160 3759 246 3823 tm·
262 3761 683 3826 voluntariam
709 3762 1174 3845 susceptionem
1204 3762 1394 3828 illatae
1422 3765 1666 3845 1001110,

162 3871 240 3930 est
276 3870 510 3950 positus
558 3872 629 3934 10
665 3869 923 3935 ruinam
966 3870 1337 3954 impiorum.
1388 3870 1672 3937 Christus

158 3976 311 4040 cuim
331 3977 404 4041 in
428 3995 639 4057 cruce,
670 3982 981 4061 tanquam
998 3978 1221 4043 bot-rus
1249 3978 1318 4041 in
1343 3979 1667 4058 torculari,

161 4099 531 4167 compressus
548 4134 571 4165 ,
599 4104 717 4169 per
754 4085 1027 4150 vulnera
1062 4085 1164 4151 sui
1209 4085 1417 4151 floridi
1444 4103 1667 4169 corpo·

158 4191 231 4255 ris
252 4193 640 4259 odoriferum
677 4194 992 4277 liquorem
1023 4194 1333 4277 expressit
1377 4194 1670 4259 omnium

158 4300 507 4365 morborum
532 4301 892 4366 sanativum
908 4347 931 4379 ,
965 4304 1032 4365 et
1054 4299 1242 4365 saluti
1270 4301 1669 4366 sufficientis-

155 4405 390 4472 simum.
428 4405 559 4471 Hoc
580 4411 798 4471 autem
826 4407 1186 4473 medicinali
1210 4408 1457 4492 liquore
1485 4410 1667 4494 impii

152 4511 331 4581 Judaei
356 4514 588 4581 offensi
632 4520 819 4595 sunt,
864 4516 1019 4581 adeo
1048 4518 1124 4581 ut
1164 4517 1422 4582 ruinam
1452 4519 1674 4583 mortis

154 4620 535 4702 incurrerint,
566 4625 632 4687 et
657 4621 917 4686 ruinam
942 4622 1456 4707 multiplicarent,
1488 4644 1670 4709 sper-

153 4731 337 4796 11011110
362 4731 902 4796 medicamentum
938 4730 1433 4797 saluberrimum
1461 4737 1525 4797 01
1553 4751 1671 4798 an-

154 4838 427 4920 tidotum,
468 4857 602 4923 quo
636 4856 844 4920 genus
866 4839 1229 4906 humanum
1265 4841 1666 4907 salvabatur:

153 4944 369 5011 similes
393 4944 769 5012 buffonibus
785 4993 804 5026 ,
834 4946 946 5029 qui
975 4946 1132 5012 adeo
1158 4946 1569 5013 offenduntur
1594 4948 1674 5013 de

153 5050 302 5119 bono
332 5053 530 5119 odore
568 5052 905 5135 fragrante
939 5053 1019 5118 de
1044 5053 1271 5120 arbore
1311 5054 1669 5137 vinearum,

153 5159 307 5240 quod
352 5161 424 5225 in
473 5177 713 5242 rugam
766 5163 1242 5227 convertantur.
1291 5160 1372 5226 Et
1420 5162 1501 5227 de
1551 5164 1676 5229 boc

211 5359 415 5418 'Pr-ov„
445 5367 580 5421 xvii,
612 5358 690 5406 19.
720 5382 782 5393 -
812 5357 837 5391 ²
861 5357 984 5421 120„
1022 5368 1173 5422 xxvr,
1207 5360 1282 5409 19.
1314 5385 1377 5398 --
1412 5359 1435 5396 ⁸
1468 5359 1584 5412 isid.
1611 5386 1675 5398 -

158 5427 349 5493 δ1111110,
384 5439 494 5493 vu,
537 5430 613 5480 19.
648 5454 714 5466 —
751 5430 774 5465 ⁸
817 5429 985 5480 Locus
1021 5433 1307 5493 corruptus.
1341 5456 1404 5469 —
1446 5432 1469 5467 ⁸
1509 5433 1677 5494 Prov„
1729 5429 1737 5438 '

160 5511 301 5565 xm,
323 5502 403 5553 111.
422 5525 493 5540 -
514 5501 537 5536 ⁷
566 5501 734 5565 aem,
758 5511 840 5565 n,
871 5502 951 5553 11.
976 5525 1041 5540 -
1064 5501 1088 5540 ⁸
1117 5502 1253 5569 Act„
1276 5513 1389 5568 ιιι,
1415 5504 1463 5557 1.

1770 649 2004 716 dicitur
2048 652 2072 687 ⁸
2128 671 2146 716 z
2204 677 2237 716 <1
2281 652 2354 717 In
2399 652 2917 737 multiplicatione
2962 656 3309 740 impiorum

1768 759 2363 844 multiplicabuntur
2397 762 2632 828 scelera
2652 811 2671 843 ,
2714 767 2779 828 01
2819 764 3040 830 11110οε
3082 782 3308 831 eorum
3378 757 3384 765 ’

1760 867 1921 949 justi
1974 868 2297 933 videbunt.
2341 892 2372 929 11
2443 869 2606 935 Vere
2673 870 2745 936 in
2784 870 3306 955 multiplicatione

1767 974 2113 1057 impiorum
2167 975 2634 1042 Pharisaeorum
2691 977 3110 1060 multiplicata
3160 983 3314 1045 sunt

1768 1080 2024 1162 scelera,
2052 1101 2201 1148 cum
2215 1082 2238 1118 ⁷
2257 1083 2547 1165 collegere
2568 1085 2905 1166 pontifices
2923 1089 2983 1152 et
2993 1085 3313 1168 pharim·

1767 1188 2141 1271 consilium,
2183 1197 2256 1258 ut
2291 1192 2508 1258 Jesum
2543 1191 2686 1259 dolo
2715 1198 3000 1260 tenerent
3041 1200 3103 1260 et
3142 1196 3307 1261 occi·

1769 1289 2008 1359 deren&
2055 1291 2178 1358 Sed
2218 1293 2405 1376 justi,
2440 1293 2504 1357 id
2539 1297 2635 1358 est
2677 1295 2983 1378 apostoli,
3013 1294 3315 1361 viderunt

1768 1417 1994 1464 eorum
2038 1399 2257 1464 ruinas
2276 1448 2294 1479 ,
2344 1400 2601 1482 quando
2643 1400 2756 1464 filii
2793 1400 2981 1482 regni
3008 1448 3025 1477 ,
3077 1401 3314 1468 scilicet

1767 1505 2047 1571 Herodes
2086 1508 2150 1570 et
2194 1505 2226 1570 J
2231 1506 2431 1585 udaei,
2476 1508 2737 1571 fuerunt
2778 1507 2957 1591 ejecti
3003 1509 3172 1573 foras
3199 1527 3315 1591 per

1768 1613 2056 1678 divinam
2089 1613 2602 1696 reprobationem
2629 1662 2646 1694 ,
2683 1617 2747 1677 et
2786 1619 3010 1696 gentes
3047 1614 3114 1678 10
3161 1615 3312 1679 sinu

1767 1720 2046 1786 Abrahae
2084 1720 2514 1787 recubuerunt
2550 1739 2667 1805 per
2714 1721 3065 1802 benignam
3113 1722 3310 1806 adop-

1766 1827 2031 1893 tionem.

1848 1930 2154 2015 Sequitur
2213 1957 2228 1999 z
2282 1936 2366 2000 In
2408 1938 2863 2004 resurrectione
2927 1934 3309 2019 multorum3

1768 2039 1881 2104 ubi
1918 2043 2177 2105 notatur
2218 2041 2576 2123 benignitas
2610 2043 2734 2126 piae
2760 2042 3199 2108 subventionis
3243 2044 3312 2109 in

1768 2147 2067 2229 prostrati
2101 2147 2381 2213 hominis
2429 2148 2884 2214 sublevatione.
2950 2149 3076 2214 Ista
3127 2150 3313 2214 beni-

1772 2256 1987 2339 gnitas
2020 2256 2145 2340 01110
2194 2258 2636 2325 subventionis
2674 2262 2936 2341 apparet
2980 2259 3049 2323 10
3096 2258 3312 2324 suble-

1769 2364 2026 2429 vatione
2067 2366 2267 2430 trium
2312 2383 2629 2446 generum
2674 2366 3014 2430 hominum
3057 2366 3311 2430 veritati

1769 2471 2349 2555 obtemperantium
2363 2522 2385 2553 ,
2415 2472 2652 2555 quibus
2677 2471 2960 2538 Christus
2989 2476 3087 2537 est
3121 2491 3314 2537 causa

1768 2579 1923 2645 vitae
1947 2582 2014 2643 et
2040 2579 2284 2658 salutis,
2313 2579 2663 2644 secundum
2677 2579 2991 2663 triplicem
3021 2580 3312 2663 proprie·

1769 2689 1967 2751 tatem
1984 2733 2003 2763 ,
2065 2704 2180 2771 per
2232 2705 2428 2771 quam
2471 2687 2592 2752 fuit
2636 2688 2879 2752 occasio
2945 2687 3199 2770 passiva
3249 2692 3316 2753 et

1771 2798 2024 2878 accepta
2066 2795 2274 2859 ruinae
2317 2798 2383 2859 et
2422 2795 2648 2858 mortis
2672 2794 3002 2859 obstinatis
3039 2798 3103 2859 et
3141 2794 3309 2860 veri·

1771 2901 1886 2965 tati
1923 2901 2526 2967 contradicentibus.
2573 2899 2736 2967 Nam
2762 2902 2973 2985 primo
2995 2951 3013 2981 ,
3056 2905 3316 2985 propter

1772 3007 2230 3090 benignitatem
2260 3008 2385 3091 piae
2410 3008 2872 3088 subventionis,
2904 3009 2974 3072 10
2999 3012 3315 3092 quantum

1772 3116 2016 3196 virtus,
2053 3117 2432 3200 impotentes
2468 3120 2820 3199 resurgunt
2863 3133 2904 3180 a
2950 3114 3316 3182 crudelitate

1774 3224 2099 3306 potestatis
2122 3223 2449 3289 diabolicae
2473 3222 2852 3289 irascibilem
2875 3221 3312 3306 deprimentis.

1774 3332 2089 3410 Secundo,
2115 3334 2375 3415 propter
2399 3331 2866 3414 benignitatem
2894 3329 3018 3413 piae
3043 3332 3318 3396 subven-

1773 3440 1965 3505 tionis
1982 3485 2005 3517 ,
2052 3438 2119 3502 in
2160 3441 2472 3520 quantum
2512 3438 2783 3517 veritas,
2812 3436 3180 3518 insipientes
3212 3455 3315 3502 re-

1756 3549 2053 3628 surgunt
2110 3563 2149 3609 a
2188 3546 2633 3610 tenebrositate
2681 3544 3068 3626 ignorantiae
3118 3543 3317 3609 ratio-

1776 3653 1989 3719 nalem
2015 3651 2420 3717 obcaecantis.
2447 3651 2659 3731 Tertio
2683 3699 2702 3731 ,
2735 3654 2993 3735 propter
3019 3649 3323 3731 benigni-

1775 3763 1973 3826 tatem
1997 3760 2122 3843 0101
2147 3758 2585 3826 subventionis
2612 3758 2880 3836 Christi,
2909 3757 2979 3821 10
3004 3760 3319 3840 quantum

1779 3867 1974 3946 salue,
2002 3865 2398 3931 lascivientes
2425 3867 2782 3945 resurgunt
2806 3884 2846 3928 a
2871 3863 3152 3928 foeditate
3178 3881 3317 3928 001-

1778 3976 1882 4039 nis
1930 3973 2209 4038 lasciviae
2270 3970 2826 4056 concupiscibilem
2883 3970 3315 4036 deformantis.

1780 4080 1997 4146 Primo
2040 4083 2301 4165 propter
2346 4079 2814 4161 benignitatem
2854 4077 2980 4161 piae
3031 4078 3320 4144 subven-

1778 4189 1993 4266 tionis,
2021 4189 2091 4253 in
2127 4192 2444 4272 quantum
2471 4186 2713 4264 virtus,
2742 4189 3088 4267 resurgunt
3111 4184 3317 4268 impo-

1779 4299 1986 4362 tentes
2050 4315 2090 4361 a
2147 4294 2519 4360 crudelitate
2588 4291 2916 4358 diabolicae
2973 4292 3315 4374 potestatis.

1783 4402 1962 4469 Unde
1996 4403 2227 4468 dicitur
2283 4407 2307 4443 ⁸
2363 4424 2380 4466 ι
2442 4423 2474 4462 c
2525 4398 2736 4480 Surge
2792 4397 3116 4475 velociter,
3169 4398 3322 4481 quia

1781 4513 2145 4579 ceciderunt
2169 4515 2408 4577 catenae
2429 4511 2510 4576 de
2540 4507 2838 4574 manibus
2867 4508 3011 4573 tuis.
3041 4528 3073 4568 a
3096 4506 3321 4572 Petrus

1782 4621 2028 4705 positus
2054 4621 2122 4685 in
2158 4619 2433 4684 vinculis
2457 4618 2678 4683 ferreis
2703 4616 3013 4682 diabolica
3043 4631 3318 4698 sugges-

1782 4731 1978 4811 tione,
2000 4734 2066 4795 et
2094 4729 2218 4794 sub
2245 4727 2528 4793 custodia
2555 4725 2856 4805 militum,
2875 4728 2950 4788 ut
2978 4722 3324 4788 interficia-

1783 4842 1912 4918 tur,
1970 4837 2189 4919 signat
2250 4837 2641 4919 peccatorem
2701 4832 2983 4913 ligatum
3051 4828 3325 4894 vinculis

1784 4944 2114 5012 diabolicae
2151 4941 2424 5022 fraudis,
2457 4945 2520 5004 et
2561 4940 2839 5022 positum
2879 4937 2999 5001 sub
3040 4935 3325 5001 custodia

1783 5052 2153 5118 daemonum
2176 5049 2258 5115 ad
2294 5046 2688 5131 perdendum
2733 5047 2937 5109 morte
2962 5041 3318 5108 damnatio-

1783 5159 1887 5224 nis
1930 5162 2209 5223 aeternae.
2258 5154 2375 5219 Hic
2430 5156 2645 5219 autem
2690 5151 3002 5218 excitatur
3050 5149 3132 5213 ad
3173 5166 3324 5213 sur-

1783 5266 2074 5350 gendum
2123 5262 2413 5345 angelica
2475 5260 2903 5325 admonitione
2923 5305 2943 5336 ‚
2998 5255 3154 5339 quia
3207 5274 3323 5339 per

1784 5373 2101 5439 auxilium
2127 5368 2375 5449 Christi,
2406 5365 2865 5448 confringentis
2889 5381 3088 5432 aereas
3110 5367 3324 5450 portas

1851 5499 1920 5568 (a)
1957 5495 2103 5563 Vulq.
2135 5494 2340 5549 entium.
