4059 6317
35 615 165 657 Pau-

0 690 10 720 ι
29 676 169 732 quid.

818 469 901 536 IN
944 464 1488 537 CONVERSIONE
1529 465 1597 533 S.
1644 465 1883 534 PAULI
1922 466 2335 538 APOSTOLI.
2378 470 2642 537 SERMO
2683 470 2765 537 11.

198 602 435 676 Paulus,
463 603 530 663 id
557 607 643 664 est
670 620 744 664 ex
773 605 1033 680 superbo
1067 604 1310 664 humilis
1347 607 1408 663 et
1445 603 1738 662 modicus.

198 701 339 757 Nam
384 698 597 757 Saulus
641 715 717 757 ex
756 698 933 757 Saulo
976 714 1116 771 rege
1157 697 1579 773 superbissimo
1618 700 1744 754 erat

195 791 414 863 dictus,
445 808 520 852 ex
549 793 719 866 cujus
755 792 914 851 trihu
948 792 1139 851 fuerat
1161 796 1364 865 natus3
1394 792 1502 850 sed
1529 791 1743 849 Paulus

198 887 614 961 interpretatur
640 887 899 945 modicus.
931 889 1137 945 Nonne
1170 901 1245 943 ex
1269 885 1529 959 superbo
1556 884 1746 942 factus

201 985 286 1039 est
327 981 596 1049 humilis,
639 980 884 1055 quando
921 980 1143 1038 dixit¹:
1184 983 1352 1052 «Ego
1396 995 1530 1037 sum
1573 978 1747 1036 mini-

197 1092 335 1134 mus
360 1077 630 1134 omnium
660 1074 1089 1150 apostolorum,
1109 1075 1353 1150 quinon
1372 1090 1503 1132 sum
1527 1073 1746 1146 dignus

198 1171 403 1229 vocari
431 1169 756 1244 apostoluS,
786 1169 1075 1243 quoniam
1102 1173 1444 1243 persecutus
1479 1183 1615 1226 sum
1639 1170 1745 1225 Ec-

199 1264 442 1323 clesiam
487 1263 624 1321 Dei?
652 1284 682 1319 n
719 1264 862 1322 Item
906 1279 1105 1321 nonne
1147 1279 1222 1321 ex
1260 1263 1522 1338 superbo
1560 1261 1746 1319 factus

200 1363 288 1415 est
311 1357 578 1426 humilis,
604 1357 848 1431 quando
878 1373 952 1415 ex
989 1359 1362 1432 persecutore
1398 1354 1746 1430 apostolus?

201 1453 380 1523 Ergo,
409 1449 635 1521 fratrea,
664 1450 1037 1524 deponamus
1077 1449 1443 1525 superbiam,
1470 1453 1528 1508 et
1561 1448 1749 1507 Chris-

199 1547 329 1602 tum
367 1545 655 1603 humilem
696 1561 833 1603 cum
874 1544 1159 1619 Apostolo
1195 1543 1513 1602 imitemur.
1543 1541 1749 1615 Fugia-

199 1655 357 1712 mus,
400 1638 749 1711 charissimi,
787 1639 1068 1710 honores,
1097 1638 1241 1712 quia
1277 1637 1534 1696 Christus
1572 1635 1747 1709 fugit,

200 1750 279 1792 ne
323 1749 430 1793 rex
475 1732 642 1791 fieret
680 1733 1064 1792 ludaeorum:
1103 1733 1168 1791 in
1210 1748 1334 1807 quo
1380 1732 1594 1791 docere
1636 1745 1748 1788 nos

201 1827 393 1886 voluit
419 1827 570 1902 quid
602 1828 808 1901 fugere
845 1826 1190 1886 debeamus.
1228 1830 1375 1885 Nam
1413 1830 1473 1885 et
1497 1826 1611 1884 viri
1637 1840 1747 1899 pa·

201 1920 346 1996 gani
410 1921 557 1980 dum
610 1923 908 1980 honorum
972 1921 1238 1996 pericula
1292 1922 1744 1996 conspexerunt,

200 2016 368 2091 ipsos
392 2016 627 2090 penitus
651 2021 994 2074 renuerunt.
1023 2015 1187 2072 Unde
1206 2013 1230 2047 ⁸
1250 2018 1474 2074 Marcus
1500 2014 1749 2071 Rutilius

197 2109 467 2168 secundo
507 2108 694 2167 factus
734 2125 942 2168 censor
980 2125 1018 2167 a
1056 2108 1361 2179 RomaniS,
1400 2108 1480 2166 ad
1514 2107 1750 2166 concio·

195 2219 341 2262 nem
393 2202 687 2278 populum
739 2203 1128 2272 convocavit,
1178 2207 1237 2259 et
1287 2201 1488 2260 verbis
1542 2200 1741 2273 duris,

195 2314 386 2373 quam
424 2297 735 2372 potuit(a),
765 2297 959 2371 ipsum
995 2296 1291 2371 populum
1326 2296 1552 2369 arguit,
1582 2295 1749 2370 quod

193 2391 368 2450 illam
408 2396 530 2450 tam
570 2390 835 2465 amplam
869 2393 1217 2465 potestatem
1255 2390 1351 2447 bis
1393 2390 1448 2448 ei
1473 2389 1751 2447 contulis-

194 2489 348 2545 sent.
383 2487 406 2523 ³
425 2486 640 2544 Fabius
669 2484 954 2544 Maximus
980 2501 1118 2543 cum
1149 2471 1186 2543 a'
1222 2500 1285 2541 se
1326 2484 1664 2559 quinquieS,
1693 2487 1752 2541 et

196 2598 236 2639 a
263 2586 432 2655 patre
459 2596 593 2653 suo,
623 2595 740 2638 avo
766 2584 824 2637 et
863 2593 1115 2654 proavo,
1153 2579 1600 2653 majoribusque
1629 2577 1751 2634 suis

195 2690 610 2750 saepenumero
673 2672 1044 2732 consulatum
1101 2678 1332 2746 gestum
1397 2672 1748 2743 adverteret,

198 2769 352 2827 dum
390 2768 551 2826 filius
601 2768 730 2841 ejus
771 2767 958 2825 factus
993 2784 1028 2824 a
1073 2766 1299 2841 populo
1335 2766 1545 2825 consul
1579 2769 1750 2836 esset,

198 2867 496 2938 quantum
519 2863 712 2936 potuit
737 2865 1067 2920 constanter
1094 2877 1230 2918 cum
1255 2858 1482 2935 populo
1510 2861 1650 2933 egit,
1675 2875 1752 2917 ne

194 2957 362 3015 hunc
387 2955 681 3014 honorem
705 2959 827 3013 tam
854 2972 1009 3029 saepe
1034 2954 1236 3013 domui
1263 2969 1383 3011 suae
1410 2954 1637 3026 darent,
1662 2953 1752 3011 di-

198 3066 365 3121 cenS,
410 3050 833 3108 inconveniens
867 3064 1015 3120 esse,
1062 3051 1129 3105 ut
1172 3051 1506 3106 Romanum
1562 3048 1750 3122 impe·

196 3146 362 3203 rium
379 3143 543 3202 sicin
563 3160 687 3203 una
701 3144 929 3203 familia
947 3144 1187 3201 daretur
1208 3143 1565 3200 continuum.
1597 3144 1749 3214 Ergo

197 3254 331 3298 non
362 3243 707 3315 reputemus
747 3253 1054 3310 magnum,
1099 3237 1151 3295 si
1187 3237 1446 3295 honores
1489 3239 1751 3294 contem-

199 3349 416 3391 nemus
442 3335 505 3405 (b)
531 3336 776 3407 propter
801 3331 1112 3401 Christum,
1142 3335 1200 3388 et
1223 3335 1466 3405 propter
1498 3346 1752 3404 regnum

199 3432 511 3497 aeternum,
542 3426 787 3500 quando
815 3424 926 3483 viri
946 3424 1030 3481 sic
1056 3424 1316 3482 extranei
1335 3424 1585 3498 imperia
1611 3441 1751 3482 con-

199 3524 570 3595 tempserunt
594 3520 677 3579 ob
701 3535 968 3579 amorem
994 3518 1251 3594 propriae
1273 3518 1541 3591 civitatis,
1568 3521 1676 3576 etc.

791 3678 1052 3743 SERMO
1096 3681 1172 3743 11.

281 3805 397 3862 Vas
433 3806 706 3863 electionis
744 3804 884 3861 mihi
927 3810 1007 3862 est
1051 3808 1191 3872 iste,
1232 3808 1295 3861 ut
1335 3808 1518 3876 portet
1563 3819 1752 3860 nomen

199 3915 380 3956 meum
407 3914 584 3956 coram
611 3899 856 3971 reasons,
881 3904 934 3956 et
961 3899 1241 3981 flentibus,
1269 3902 1323 3955 et
1349 3899 1487 3969 filiis
1515 3900 1687 3955 Israel
1706 3894 1748 3954 ⁴.

201 3991 511 4066 Duplicem
565 3991 911 4050 electionem
964 3991 1220 4066 legimus
1268 3991 1331 4048 in
1388 3992 1686 4065 Scriptura
1733 4010 1747 4049 ε

201 4102 394 4144 unam
446 4086 815 4158 aeternalem,
881 4086 1129 4144 alteram
1178 4085 1588 4160 temporalem.
1650 4087 1754 4143 Per

199 4179 463 4255 primam
490 4196 726 4255 semper
748 4180 826 4238 ad
845 4180 1096 4253 gratiam
1116 4194 1520 4253 praeparamur
1548 4182 1605 4236 et
1630 4177 1754 4250 glo-

200 4275 390 4345 riam;
424 4290 533 4348 per
559 4274 881 4332 secundam
909 4289 1199 4332 vocamur
1226 4273 1306 4330 ad
1333 4274 1581 4347 gratiam
1597 4315 1615 4344 ,
1645 4271 1752 4329 sed

201 4383 333 4427 non
359 4383 595 4442 semper
621 4368 699 4425 ad
726 4366 999 4440 gloriam.
1033 4367 1230 4445 Prima
1249 4366 1456 4425 electio
1481 4369 1568 4424 est
1590 4366 1753 4423 idem

203 4462 378 4538 quod
418 4461 891 4536 praedestinatio,
930 4476 1040 4536 per
1081 4477 1266 4535 quam
1308 4460 1374 4518 in
1420 4461 1577 4518 libro
1619 4461 1753 4517 vitae

204 4555 662 4628 conscribimur‚
690 4558 857 4630 cujus
885 4556 1025 4613 libri
1051 4556 1375 4629 scriptura,
1404 4554 1572 4613 nulla
1597 4553 1752 4612 obli-

201 4651 390 4708 vione
414 4649 866 4722 interveniente,
899 4648 1145 4708 deletur.
1184 4648 1456 4708 Secunda
1489 4648 1649 4707 enim
1687 4648 1732 4720 (c

205 4742 419 4802 electio
448 4747 534 4801 est
553 4743 714 4801 idem
741 4744 906 4818 quod
935 4743 1278 4818 temporalis
1313 4743 1578 4812 vocatio,
1621 4758 1753 4816 qum

205 4838 317 4897 etsi
346 4836 426 4895 ad
452 4840 685 4913 tempus
711 4838 817 4895 fiat
842 4838 918 4896 ad
948 4841 1219 4911 gratiam,
1243 4852 1368 4896 non
1383 4841 1584 4895 tamen
1601 4850 1752 4893 sem-

206 4947 321 5007 per
344 4932 426 4989 ad
454 4931 744 5004 gloriam:
776 4931 919 5006 quia
942 4946 1066 4988 non
1093 4946 1301 4990 omnes
1329 4930 1433 5005 qui
1456 4936 1753 5003 tempora·

206 5026 343 5085 liter
371 5030 509 5084 sunt
531 5025 747 5098 vocati,
776 5025 1127 5084 aeternaliter
1153 5028 1290 5084 sunt
1309 5023 1499 5083 electi.
1533 5044 1563 5078 ιι
1591 5022 1753 5083 Multi

276 5202 293 5236 ¹
328 5203 342 5251 Ι
372 5200 510 5263 Cor„
538 5211 625 5265 κν,
648 5203 696 5251 9.
720 5226 785 5237 -
811 5200 831 5230 ²
853 5200 1025 5252 Valer-
1051 5200 1212 5263 Μαι,
1238 5198 1326 5251 lib.
1359 5200 1445 5264 tv,
1475 5213 1519 5251 c.
1553 5209 1593 5261 1,
1618 5211 1673 5248 n.
1701 5201 1750 5248 3.

208 5300 274 5315 --
305 5271 329 5308 ⁸
355 5270 507 5335 ibid„
535 5285 590 5322 n.
620 5274 668 5323 5.
687 5298 751 5310 -
782 5272 803 5306 ⁸
824 5272 956 5333 Act„
981 5283 1056 5335 ix,
1087 5274 1166 5321 15.
1186 5296 1251 5308 —
1280 5272 1299 5302 ⁸
1321 5269 1527 5328 Mami..
1554 5281 1642 5333 xx,
1673 5271 1751 5320 ¹6.

210 5371 275 5383 —
297 5346 319 5376 ⁸
347 5343 553 5408 EpheS„
583 5356 620 5409 1,
651 5347 697 5395 4.
729 5370 784 5381 -
814 5344 835 5379 ’δ
859 5345 1023 5408 lom„
1053 5355 1138 5406 xv,
1163 5345 1317 5393 16.-
1342 5341 1366 5377 ⁸
1394 5342 1540 5403 ibid„
1573 5352 1643 5402 vr,
1672 5343 1750 5392 Ἡ.

211 5418 234 5446 ·
260 5415 444 5479 Recta,
476 5426 630 5479 mu,
666 5420 713 5467 2.

3271 470 3390 543 825

1847 605 2036 678 enim,
2081 610 2146 664 ut
2191 606 2333 665 dicit
2375 606 2658 666 Dominus
2688 606 2735 680 ⁸,
2776 612 2912 669 sunt
2944 610 3139 671 vocati
3157 654 3178 683 ,
3207 602 3383 688 pauci

1845 713 1991 756 vero
2030 700 2219 758 electi.
2264 722 2293 756 ι»
2341 705 2417 759 De
2469 706 2686 759 aeterna
2727 719 2869 762 vero
2916 704 3200 763 electione
3248 706 3392 764 dicit

1847 794 2161 867 Apostolus
2189 796 2215 831 ⁸
2242 814 2257 852 ε
2293 816 2322 850 α
2349 796 2536 870 Elegit
2566 812 2679 855 nos
2704 800 2838 855 ante
2867 794 3075 856 mundi
3101 801 3389 859 constitu-

1848 886 2087 944 tionem.
2121 907 2150 942 n
2193 892 2260 947 Et
2285 888 2500 947 dicitur
2526 892 2549 927 ⁷
2580 908 2594 947 :
2628 908 2659 944 (ι
2677 892 2807 949 Non
2832 907 2942 949 vos
2967 907 3062 950 me
3100 892 3387 967 elegistis,

1849 980 1955 1038 sed
1983 984 2096 1054 ego
2126 982 2275 1055 elegi
2302 999 2432 1054 voS,
2462 987 2528 1041 ut
2553 982 2718 1055 eatiS,
2746 987 2804 1042 et
2829 984 3084 1044 fructum
3110 986 3391 1059 afferatis,

1850 1076 1909 1131 et
1932 1072 2153 1133 fructus
2178 1078 2368 1133 vester
2387 1080 2641 1135 maneat.
2658 1099 2686 1133 n
2707 1082 2781 1135 De
2802 1080 3060 1139 secunda
3076 1096 3220 1139 vero
3241 1080 3390 1140 elec-

1849 1168 2009 1226 tione
2046 1169 2390 1243 intelligitur
2419 1170 2571 1229 illud
2598 1170 2622 1206 ⁸
2653 1192 2666 1230 :
2703 1192 2734 1227 α
2760 1179 2964 1233 Nonne
3008 1190 3122 1247 ego
3161 1174 3392 1233 duode-

1851 1261 1968 1319 cim
1994 1278 2104 1320 vos
2131 1262 2309 1337 elegi,
2342 1270 2401 1323 et
2425 1281 2579 1324 unus
2607 1282 2680 1324 ex
2706 1268 2879 1325 vobis
2908 1267 3187 1326 diabolus
3215 1269 3337 1327 est?
3355 1290 3384 1324 n

1850 1356 2087 1414 Constat
2110 1358 2271 1415 enim
2298 1358 2512 1417 ludam
2538 1375 2663 1418 non
2698 1361 2776 1418 ab
2814 1364 3059 1433 aeterno,
3098 1361 3206 1420 sed
3242 1364 3393 1420 tem-

1849 1450 2134 1522 poraliter
2156 1450 2337 1509 fuisse
2366 1452 2647 1522 electum,
2677 1454 2821 1529 quia
2846 1471 2971 1513 non
2999 1455 3079 1514 ad
3107 1456 3391 1529 gloriam,

1851 1543 1960 1601 sed
1987 1543 2069 1601 ad
2096 1548 2330 1620 tempus
2354 1550 2603 1604 tantum.
2644 1548 2734 1606 Ad
2769 1550 3019 1622 gratiam
3053 1565 3200 1609 vero
3231 1565 3395 1609 sanc-

1851 1639 1944 1694 tus
1972 1637 2307 1713 Apostolus,
2335 1643 2503 1714 cujus
2527 1640 2709 1700 hodie
2728 1641 2875 1701 festa
2905 1642 3297 1716 celebramuS,
3316 1642 3396 1703 ad

1852 1732 2108 1805 gloriam
2131 1732 2211 1791 ab
2238 1737 2460 1792 aeterno
2482 1734 2591 1793 fuit
2611 1734 2845 1802 electus,
2867 1740 2923 1794 et
2942 1754 2979 1796 a
3005 1736 3230 1797 Christo
3250 1743 3396 1796 tem-

1851 1826 2135 1900 poraliter
2177 1833 2263 1885 est
2309 1832 2588 1900 vocatus,
2635 1833 2702 1887 ut
2753 1835 2811 1887 et
2855 1830 3103 1904 gratiam
3148 1830 3397 1890 haberet

1853 1920 2228 1979 abundanter
2254 1920 2316 1979 in
2338 1922 2466 1995 via,
2498 1927 2556 1981 et
2581 1922 2830 1995 gloriam
2868 1924 3160 1984 obtineret
3193 1925 3255 1984 in
3286 1942 3396 2000 pa·

1853 2013 1983 2071 tria.
2017 2016 2182 2074 Unde
2218 2015 2372 2074 bene
2414 2016 2490 2074 de
2518 2033 2591 2075 eo
2620 2017 2844 2076 dictum
2870 2023 2956 2076 est
2985 2037 3001 2076 ε
3039 2021 3149 2079 Vas
3179 2023 3395 2077 electio-

1852 2111 1940 2165 nis
1966 2110 2104 2165 mihi
2128 2114 2207 2167 est
2233 2113 2369 2180 iste,
2401 2114 2464 2167 ut
2484 2115 2666 2183 portet
2702 2128 2889 2170 nomen
2929 2117 3132 2185 meum,
3180 2117 3289 2172 etc.
3333 2117 3397 2172 In

1853 2216 1978 2276 quo
2006 2202 2193 2259 verbo
2222 2203 2482 2261 maxime
2510 2203 2634 2261 duo
2660 2208 2940 2263 notantur
2971 2225 2985 2263 ε
3019 2222 3162 2264 nam
3198 2206 3397 2282 primo

1856 2295 2183 2353 ostenditur
2209 2296 2377 2371 quod
2404 2301 2637 2355 sanctus
2653 2299 2968 2373 Apostolus
2987 2299 3062 2357 sit
3082 2301 3161 2358 ab
3178 2305 3399 2359 aeterno

1852 2388 2300 2463 praedestinatus
2323 2411 2341 2463 ;
2391 2390 2652 2449 secundo
2707 2408 2851 2450 vero
2901 2397 3264 2452 monstratur
3320 2394 3399 2451 ad

1857 2481 2003 2555 quid
2030 2481 2206 2540 fuerit
2230 2484 2631 2559 temporaliter
2659 2484 2989 2544 ordinatus
3018 2490 3262 2546 Notatur
3289 2503 3398 2545 au-

1853 2578 1975 2633 tem
2027 2577 2157 2650 ejus
2201 2583 2417 2636 aeterna
2469 2579 2679 2636 electio
2696 2621 2715 2651 ,
2763 2595 2901 2637 cum
2947 2580 3008 2639 in
3052 2582 3400 2640 auctoritate

1854 2671 2222 2743 praemittitur
2244 2690 2259 2730 ε
2287 2674 2395 2729 Vas
2415 2675 2688 2731 electionis
2705 2676 2848 2731 mihi
2865 2681 2945 2732 est
2971 2679 3094 2732 iste.
3125 2674 3399 2733 Secundo

1857 2767 2095 2822 notatur
2121 2766 2247 2838 ejus
2273 2767 2613 2841 temporalis
2641 2767 2900 2839 vocatio,
2929 2769 3054 2826 sive
3083 2768 3160 2826 ad
3185 2768 3400 2843 praedi·

1857 2860 2150 2917 cationem
2195 2860 2521 2934 ordinatio,
2567 2877 2704 2919 cum
2749 2861 2995 2920 infertur
3041 2880 3057 2918 ε
3113 2863 3183 2918 Ut
3221 2867 3404 2935 portet

1855 2968 2047 3011 nomen
2071 2970 2263 3024 meum,
2293 2957 2404 3012 etc.
2435 2955 2596 3013 Dicat
2620 2971 2767 3029 ergo
2797 2955 3083 3033 Dominus
3108 2959 3166 3014 et
3201 2955 3402 3014 Salva-

1857 3049 1952 3105 tor
1977 3049 2053 3105 de
2075 3047 2360 3123 Apostolo
2389 3065 2536 3107 suo:
2572 3051 2681 3108 Vas
2708 3054 2982 3109 electionis
3011 3057 3091 3108 est
3111 3052 3250 3108 mihi
3275 3055 3398 3110 iste.

1856 3144 1954 3200 Est
1993 3157 2137 3215 ergo
2179 3143 2541 3215 notandum,
2590 3145 2757 3218 quod
2805 3148 3042 3204 sanctus
3090 3145 3404 3221 Apostolus

1855 3235 1966 3294 fuit
1989 3254 2125 3295 vas:
2156 3238 2352 3313 primo
2381 3239 2589 3311 altum,
2613 3254 2721 3313 per
2749 3244 3151 3315 contemptum
3180 3243 3405 3314 tempo·

1855 3332 1999 3389 ralis
2026 3317 2402 3405 substantiae3
2432 3333 2695 3390 secundo
2731 3331 2960 3391 clarum
3002 3338 3061 3391 et
3101 3333 3403 3404 lucidum,

1856 3441 1965 3500 per
2008 3425 2239 3483 donum
2283 3426 2610 3501 sapientioe3
2656 3427 2824 3484 tertio
2867 3443 3117 3501 purum,
3159 3443 3268 3501 per
3296 3428 3405 3486 do·

1856 3535 2006 3576 num
2033 3519 2436 3593 continentiae3
2468 3523 2681 3595 quarto
2710 3519 3003 3594 solidum,
3030 3535 3139 3595 per
3175 3520 3406 3579 donum

1857 3613 2174 3687 patientiae.

1932 3706 2070 3765 Dico
2096 3707 2325 3781 primo,
2355 3706 2522 3781 quod
2548 3713 2782 3766 sanctus
2810 3707 3127 3781 Apostolus
3152 3708 3262 3767 fuit
3299 3724 3405 3766 vas

1859 3800 2074 3873 altum,
2101 3818 2208 3860 vas
2234 3818 2272 3859 a
2296 3806 2452 3860 terra
2487 3801 2780 3860 elevatum
2795 3844 2815 3873 ,
2856 3818 2963 3859 vas
3004 3802 3154 3860 coelo
3200 3802 3404 3877 proxi·

1858 3911 2026 3953 mum
2066 3910 2173 3969 per
2217 3896 2621 3969 contemptum
2655 3895 2999 3970 temporalis
3042 3896 3399 3954 substantiae.

1859 3988 1999 4058 Quis
2025 3989 2111 4045 sic
2134 4003 2363 4063 pauper
2392 3993 2459 4046 ut
2497 3988 2813 4063 Apostolus
2845 3989 2986 4061 fuit,
3022 3988 3126 4064 qui
3162 3995 3407 4065 propter

1860 4082 2154 4140 Christum
2208 4082 2411 4139 omnia
2456 4082 2727 4156 reliquit3
2776 4098 2884 4141 nec
2930 4082 3005 4139 de
3049 4083 3405 4156 Evangelio,

1861 4192 1998 4233 cum
2023 4185 2242 4250 posset,
2271 4176 2468 4233 vivere
2495 4176 2715 4250 noluit,
2746 4176 2852 4233 sed
2880 4176 3088 4234 labore
3117 4192 3404 4234 manuum

1860 4285 2104 4327 suarum
2143 4269 2363 4327 victum
2400 4269 2697 4344 quaesivit,
2739 4270 2887 4327 sicut
2923 4273 3123 4346 aperte
3158 4273 3320 4344 patet
3344 4270 3408 4329 in

1861 4364 1989 4436 ejus
2017 4362 2324 4435 Epistolis?
2352 4363 2513 4420 Unde
2543 4363 2619 4420 de
2649 4379 2720 4421 eo
2753 4367 3181 4439 consequenter
3220 4366 3411 4439 potest

1862 4457 2084 4532 exponi
2105 4456 2258 4514 illud
2276 4457 2299 4492 ⁹
2321 4475 2336 4514 ε
2362 4474 2389 4510 ει
2407 4459 2518 4515 Vas
2539 4457 2916 4529 admirabile,
2940 4474 3091 4532 opus
3118 4457 3398 4515 Excelsi.»

1862 4555 1958 4613 Est
1983 4550 2140 4608 enim
2168 4566 2318 4624 opus
2339 4549 2661 4621 excelsum,
2682 4551 2805 4608 imo
2827 4550 3407 4623 excellentissimum,

1863 4649 1921 4703 et
1946 4644 2169 4701 cunctis
2197 4642 2820 4715 admirabilissimum,
2856 4645 2940 4701 sic
2975 4644 3229 4718 perfecte
3266 4660 3410 4702 con-

1861 4744 2124 4797 temnere
2150 4737 2466 4805 mundum,
2487 4752 2764 4810 spernere
2776 4737 3036 4808 ·victum,
3053 4754 3178 4796 non
3198 4753 3408 4796 curare

1862 4834 2171 4904 vestitum,
2203 4832 2309 4889 sed
2340 4832 2544 4890 omnia
2574 4831 2845 4914 arbitrari
2874 4838 2939 4890 ut
2968 4835 3226 4890 stercora
3262 4847 3409 4906 pro·

1862 4932 1991 5002 pter
2017 4927 2326 4985 Christum.
2352 4928 2420 4983 Et
2445 4925 2583 4983 ideo
2606 4926 2722 4982 hoc
2749 4942 2855 4983 vas
2880 4924 3275 5000 apostolicum
3308 4924 3410 4982 ad-

1862 5023 2115 5079 mirabile
2157 5020 2397 5091 dicitur,
2445 5024 2690 5093 propter
2737 5022 2856 5076 tam
2892 5018 3224 5076 virtuosum
3263 5034 3410 5077 con-

1862 5116 2190 5189 temptum3
2213 5116 2425 5186 etopus
2446 5112 2662 5170 Excelsa·
2682 5109 2783 5185 (d),
2812 5110 2876 5168 id
2904 5113 3011 5184 est,
3040 5110 3139 5169 Dei
3167 5112 3408 5181 summi,

1927 5265 1995 5330 (a)
2027 5264 2139 5329 leq.
2174 5262 2419 5329 populum
2452 5265 2696 5312 vocatum
2725 5274 2879 5325 quam
2908 5259 3076 5324 potuit
3114 5261 3413 5326 graviseima

1865 5337 2115 5389 oratione.
2137 5362 2195 5375 -
2221 5336 2294 5400 (ὁ)
2318 5336 2432 5398 Leq.
2458 5337 2867 5385 contemnamus.
2886 5357 2949 5371 —
2979 5333 3043 5398 (c)
3071 5333 3188 5399 Ley.
3222 5339 3410 5387 autem.

1864 5435 1929 5447 —
1957 5408 2040 5473 (d)
2071 5408 2197 5459 coet.
2223 5407 2345 5458 edit.
2369 5405 2637 5455 excelsum.
