4059 6317
3 943 17 1568 l*

8 1671 19 1894 ἓ

8 1907 21 2012 ι

8 2015 23 2714 ι

1104 460 1481 528 DOMINICA
1526 461 1578 525 ll
1621 461 2068 531 ADVENTUS.
2114 467 2379 535 SERMO
2421 470 2469 535 I.
3301 477 3378 539 15

224 596 349 661 tioni
397 594 655 662 insanael
718 595 900 661 Unde
954 598 1119 662 hene
1170 599 1437 662 vocatur
1491 595 1722 676 Dorix,

219 704 361 784 quod
391 702 833 785 interpretatur
868 705 1410 770 medicamentum
1449 720 1731 784 genera-

217 810 377 872 tionis
404 810 446 871 ¹.
473 811 496 845 ¹
528 834 559 872 α
584 809 787 875 Fusus
813 816 913 875 est
935 811 1208 893 sanguis
1233 810 1488 887 medici,
1518 814 1583 874 et
1607 810 1730 874 fac-

216 921 398 982 tusest
410 920 942 986 medicamentum
960 920 1339 1004 phrenetici.
1359 941 1391 979 n
1422 918 1585 997 Quid
1604 919 1727 983 mi-

215 1041 365 1102 rum,
407 1026 461 1089 si
502 1026 813 1093 violentus
846 1031 942 1093 est
975 1029 1094 1093 iste
1134 1028 1377 1094 fluvius
1392 1029 1425 1090 ¹?
1459 1025 1730 1091 Fluvius

214 1133 359 1195 enim
383 1138 618 1216 quanto
640 1135 855 1216 magis
872 1137 1254 1213 coarctatur,
1286 1137 1465 1198 tanto
1493 1134 1729 1200 violen-

209 1239 314 1303 tior
337 1245 399 1304 et
432 1241 846 1324 impetuosior
881 1241 1158 1307 efficitur
1187 1263 1203 1305 z
1248 1241 1337 1304 ita
1380 1240 1488 1305 Dei
1530 1239 1728 1305 Filius

206 1345 265 1409 in
308 1353 474 1413 arcto
516 1367 776 1430 corpore
828 1349 1085 1431 parvuli
1129 1351 1299 1413 Jesu.
1350 1348 1374 1384 ⁸
1408 1346 1726 1414 Paruulus

207 1461 373 1520 nanas
409 1462 505 1522 est
538 1455 743 1523 nobis.
793 1455 967 1521 Bene
1016 1460 1236 1520 autem
1278 1454 1427 1519 dicit
1470 1477 1485 1519 :
1535 1458 1726 1533 Quem

206 1562 471 1645 Spiritus
480 1565 750 1630 Domini
761 1566 955 1646 coaiz.
981 1562 1413 1627 interlinearis
1424 1581 1442 1627 ε
1455 1585 1486 1623 c
1498 1562 1721 1643 Amor,

205 1669 444 1748 bonitaS,
475 1671 773 1751 charitas,
804 1670 1098 1754 Spiritus„
1122 1693 1153 1731 n
1188 1669 1365 1735 Sicut
1385 1670 1561 1734 enim
1584 1688 1727 1734 aus-

206 1780 286 1839 ter
308 1777 533 1841 nubem
571 1777 944 1859 pluviarum
980 1778 1298 1857 dulcium,
1332 1769 1420 1841 ita
1449 1777 1725 1841 charitas

204 1879 453 1964 Spiritus
474 1886 672 1949 sancti
701 1885 1028 1949 Christum
1053 1903 1201 1950 cum
1226 1885 1447 1968 pluvia
1477 1885 1720 1967 gratia-

202 2008 323 2053 rum
358 1992 579 2056 venire
615 1993 812 2073 cogit.
857 1993 880 2028 ⁴
910 1994 1083 2059 Deus
1120 1993 1198 2060 ab
1236 2001 1455 2060 austro
1490 1994 1718 2061 veniet.

267 2097 340 2162 De
355 2103 587 2182 quarto
600 2101 654 2163 ⁵:
688 2099 884 2166 Venit
896 2100 1103 2166 Filius
1122 2100 1403 2167 hominis
1417 2117 1716 2184 quoerere,

202 2209 296 2268 etc.
331 2204 474 2270 Non
514 2207 726 2271 solum
766 2211 982 2271 autem
1021 2207 1199 2271 venit
1235 2207 1480 2272 salvare
1516 2207 1719 2273 homi-

198 2329 321 2375 nem
343 2331 459 2397 per
482 2319 770 2378 sanctam
797 2314 1178 2396 passionem,
1212 2315 1321 2379 sed
1348 2315 1540 2379 etiam
1568 2316 1715 2380 illu-

198 2418 415 2484 minare
451 2439 565 2503 per
600 2439 827 2485 veram
866 2421 1299 2501 cognitionem
1325 2429 1347 2463 ⁶
1382 2444 1396 2485 :
1434 2423 1567 2504 Eoo
1595 2423 1715 2487 lux

198 2527 256 2591 in
283 2527 590 2594 mundum
627 2530 810 2607 verti,
852 2535 927 2596 ut
960 2529 1202 2608 omnis,
1253 2532 1368 2612 qui
1405 2530 1610 2596 credit
1644 2533 1716 2596 in

198 2651 292 2712 me,
317 2638 395 2702 in
432 2636 701 2703 tenebris
739 2652 876 2703 non
914 2644 1190 2703 maneat.
1244 2636 1431 2716 Item,
1460 2637 1716 2701 inflam-

198 2761 345 2808 mare
371 2763 488 2826 per
513 2762 744 2828 puram
792 2744 1189 2809 dilectionem
1216 2744 1238 2779 ⁷
1271 2763 1288 2807 ι
1318 2747 1540 2827 lqnem
1564 2745 1718 2812 veni

198 2853 449 2930 mittere,
485 2855 604 2916 etc.
638 2850 795 2916 Item
829 2853 1006 2916 venit
1030 2852 1355 2917 vivificare
1380 2852 1717 2918 abundan-

198 2962 271 3021 ter
294 2978 407 3042 per
429 2958 962 3023 beatificationem
983 2981 1000 3036 ;
1030 2960 1198 3023 unde
1226 2960 1305 3023 de
1329 2959 1560 3023 ovibus
1578 2960 1716 3025 suis

196 3066 265 3128 ait
295 3066 633 3131 in·Joanne
667 3068 745 3149 (a)
779 3070 802 3105 ⁸
832 3089 848 3129 ε
893 3068 1034 3149 qu
1067 3069 1220 3133 veni
1252 3073 1326 3133 ut
1362 3070 1566 3134 vitam
1593 3067 1712 3133 ha-

8 3189 13 3198 ·
66 3173 71 3180 ’
197 3172 360 3241 temti
382 3194 499 3257 per
526 3175 845 3257 gratiam,
888 3181 947 3240 et
973 3174 1411 3242 abundantius
1442 3176 1718 3241 habeant

197 3300 291 3363 per
322 3283 617 3364 gloriam.
649 3280 775 3346 Sed
802 3299 946 3345 ecce
973 3282 1082 3364 qui
1111 3283 1377 3347 venitin
1398 3283 1713 3347 mundum

195 3407 327 3453 oves
350 3408 493 3454 suas
518 3390 875 3469 vivificare,
898 3390 1035 3473 ipse
1060 3389 1273 3454 veniet
1295 3391 1373 3453 ad
1395 3389 1712 3471 judicium

196 3515 395 3578 porcos
436 3496 670 3561 diaboli
709 3502 1007 3560 mactare.
1040 3496 1336 3560 Mactabit
1361 3500 1579 3560 autem
1608 3497 1715 3561 illa

196 3605 416 3680 securi,
453 3622 603 3687 quae
642 3603 725 3667 ad
766 3603 1042 3667 radicem
1078 3604 1323 3668 arboris
1362 3604 1567 3687 posita
1594 3609 1710 3668 est.

196 3711 268 3777 De
290 3732 411 3796 qua
436 3711 645 3777 securi
677 3713 766 3776 ait
793 3717 816 3751 ⁹
848 3734 863 3777 ε
896 3735 927 3772 ι
959 3712 1069 3777 Vae
1103 3713 1291 3792 mihi,
1324 3712 1378 3775 si
1407 3729 1537 3776 non
1564 3730 1708 3795 pec-

197 3827 315 3886 cata
334 3841 468 3888 mea
497 3821 838 3887 deflevero.
874 3819 987 3885 Vae
1013 3820 1210 3895 mihi,
1238 3820 1293 3882 si
1328 3818 1544 3883 nonin
1572 3837 1709 3883 me-

197 3927 283 3993 dia
305 3934 479 3995 nocte
518 3946 864 3996 surrexero
905 3927 984 3991 ad
1010 3926 1438 3991 confitendum
1466 3926 1713 3991 nomini

198 4037 308 4101 tuo.
338 4035 445 4102 Vae
474 4037 663 4116 mihi,
694 4036 750 4099 si
776 4036 995 4099 dolum
1017 4036 1310 4118 proximo
1336 4034 1566 4098 fecem.
1602 4032 1712 4097 Vae

196 4142 334 4206 mihi
350 4193 370 4224 ,
400 4144 454 4207 si
480 4162 617 4208 non
641 4143 890 4208 locutus
915 4141 1094 4206 fuero
1120 4140 1476 4206 veritatem.
1508 4139 1711 4205 Secu-

200 4250 271 4314 ris
306 4253 379 4317 ad
423 4253 703 4316 radicem
750 4253 956 4333 posita
1001 4253 1140 4314 est:
1182 4248 1371 4314 faciat
1407 4252 1708 4326 fructum,

201 4358 292 4439 qui
316 4378 439 4424 non
466 4358 612 4425 vult
636 4361 878 4422 aeterno
906 4357 1062 4438 igne
1087 4356 1314 4439 perire.
1341 4377 1373 4416 n

274 4580 644 4660 DOMINICA
694 4582 753 4657 11
799 4579 1209 4656 ADVENTUS
1252 4576 1523 4655 DOMINI
1549 4578 1619 4650 ¹⁰.

1839 600 1975 664 istis
2021 602 2359 683 Apostolus
2403 603 2651 683 incitat,
2693 604 2930 670 excitat
2968 610 3032 671 et
3055 607 3377 674 informat.

1840 706 2063 773 Incitat
2086 711 2422 790 rationem,
2454 712 2689 777 excitat
2716 712 3013 777 affectum
3030 762 3048 794 ,
3079 714 3382 782 informat

1838 814 2174 881 actionem.
2203 818 2426 884 Incitat
2449 819 2818 902 implicans,
2866 820 3097 885 excitat
3141 822 3380 905 suppli-

1839 939 2013 1002 cam,
2057 928 2121 987 et
2149 925 2451 992 informat
2477 926 2823 1009 explicans.
2866 927 3090 994 Incitat
3113 947 3272 1010 ergo
3299 929 3381 995 ad

1836 1024 2329 1108 intelligendum
2385 1029 2974 1111 magnificentiam3
3019 1031 3253 1098 excitat
3299 1032 3380 1098 ad

1836 1132 2315 1214 degustandum
2361 1137 2727 1202 unctionem
2787 1137 3018 1217 animi3
3082 1139 3381 1205 informat

1835 1239 1916 1303 ad
1954 1242 2413 1324 perficiendum
2454 1247 2518 1309 et
2559 1245 3077 1329 prosequendum
3117 1247 3377 1311 restitu-

1835 1346 2076 1413 tionem
2104 1350 2243 1414 zeli.
2278 1350 2505 1416 Incitat
2537 1351 2911 1436 incipientes
2951 1353 3030 1418 ad
3065 1354 3382 1438 postulan-

1836 1455 1993 1519 dum
2039 1456 2251 1536 utilia3
2298 1459 2532 1523 excitat
2583 1459 2985 1542 proficientes
3028 1461 3105 1525 ad
3146 1478 3381 1544 aggre-

1834 1558 2137 1625 diendum
2164 1562 2401 1640 ardua3
2433 1563 2733 1627 informat
2758 1564 3064 1646 perfectos
3090 1567 3171 1630 ad
3196 1567 3381 1632 susti-

1834 1667 2122 1732 nendum
2163 1686 2489 1751 aggressa.
2536 1668 2826 1735 Primum
2861 1671 2951 1735 ibi
2995 1695 3013 1735 :
3051 1676 3220 1740 Deus
3270 1692 3380 1741 au-

1834 1778 1959 1840 tem
2000 1776 2357 1857 patientia».
2407 1776 2773 1842 Secundum
2815 1778 2905 1842 ihi
2955 1800 2971 1842 ε
3019 1786 3077 1845 et
3126 1780 3372 1849 solatii.

1833 1880 2119 1946 Tertium
2147 1883 2236 1946 ihi
2267 1905 2282 1948 :
2313 1882 2420 1950 det
2447 1883 2737 1966 idipsum
2757 1901 3003 1968 sapere,
3031 1892 3150 1952 etc.

1908 1988 2069 2053 Dicit
2094 2008 2252 2072 ergo
2293 2012 2310 2056 ε
2358 1992 2524 2058 Deus
2555 1998 2769 2060 aulem
2805 1995 3157 2076 polimiioe.
3202 1996 3376 2061 Circa

1827 2095 2113 2179 primum
2140 2102 2312 2177 nota,
2343 2099 2513 2181 quod
2551 2100 2779 2165 dicitur
2819 2100 2984 2166 Deus
3024 2103 3370 2186 patientiae,

1828 2204 1987 2287 quia
2010 2205 2379 2287 patientiam
2399 2208 2468 2269 in
2489 2225 2558 2271 se
2588 2207 3052 2288 demonstrans,
3084 2211 3237 2293 quia
3265 2229 3373 2294 pa-

1826 2310 2054 2376 tientes
2088 2312 2393 2395 probans,
2433 2317 2495 2377 et
2541 2314 2693 2397 quia
2731 2316 3041 2396 patientes
3078 2335 3373 2383 remune-

1826 2435 1998 2481 rans.
2045 2417 2335 2484 Primum
2398 2438 2465 2485 se
2521 2421 2718 2486 habet
2765 2423 2835 2486 in
2875 2423 3123 2488 ratione
3167 2424 3366 2505 initii;

1826 2524 2201 2604 secundum,
2233 2527 2302 2590 in
2329 2528 2577 2596 ratione
2605 2529 2797 2594 medii
2823 2547 2841 2608 ;
2884 2533 2950 2593 et
2987 2531 3271 2609 tertium,
3302 2532 3371 2598 in

1824 2632 2068 2696 ratione
2093 2633 2561 2716 complementi.
2596 2634 2716 2700 Per
2750 2635 3037 2719 primum
3076 2637 3370 2702 fortifica-

1825 2740 1933 2802 tur
1970 2738 2188 2803 anima
2229 2740 2300 2804 in
2342 2742 2774 2807 tentationum
2814 2743 3067 2826 praeli03
3111 2763 3226 2828 per
3268 2764 3366 2811 se-

1826 2845 2110 2911 cundum
2138 2852 2460 2930 purgatur
2486 2868 2526 2912 a
2552 2849 2863 2915 vitiorum
2897 2852 3227 2932 contagio;
3256 2864 3392 2936 per·

1824 2953 2088 3017 tertium
2138 2954 2541 3020 foecundatur
2586 2975 2626 3020 a
2679 2958 3056 3022 meritorum
3102 2978 3368 3041 operum

1824 3060 2145 3125 exercitio.
2189 3059 2275 3126 De
2314 3063 2523 3146 primo
2553 3063 2786 3129 dicitur
2815 3067 2858 3100 ¹¹
2901 3084 2920 3129 z
2962 3068 3135 3133 Deus*
3154 3067 3369 3148 judex

1814 3166 2061 3248 justus,
2098 3169 2293 3248 fortis
2316 3177 2375 3236 et
2399 3172 2682 3252 patiens,
2712 3175 3031 3256 numquid
3058 3179 3368 3243 irascitur

1820 3291 1931 3356 per
1956 3276 2246 3358 sinqulos
2271 3276 2413 3344 dies
2429 3280 2463 3342 P
2491 3278 2568 3343 Et
2590 3279 2747 3343 illud
2777 3282 2823 3320 ²⁸
2850 3303 2865 3345 ε
2903 3282 3224 3363 Quoniam
3241 3301 3363 3366 pa-

1824 3380 1992 3446 tiens
2017 3380 2359 3460 Dominus,
2405 3381 2818 3448 humiliemus
2856 3390 2913 3451 el
2940 3388 3199 3453 animas
3224 3402 3368 3454 nos-

1824 3490 1981 3553 tras.
2024 3486 2112 3551 De
2156 3488 2432 3551 secundo
2480 3488 2712 3554 dicitur
2760 3490 2801 3525 ¹⁸
2856 3514 2870 3555 :
2917 3493 3052 3574 Qui
3090 3494 3368 3563 custodit

1821 3593 2150 3658 mitatem
2177 3594 2251 3657 in
2278 3594 2599 3672 ervenium,
2644 3596 2805 3675 facit
2833 3597 3168 3679 judicium
3193 3600 3366 3682 inju-

1820 3700 1990 3765 riam
2021 3700 2449 3781 patientibus,
2499 3700 2615 3766 dat
2664 3718 2870 3769 escam
2914 3707 3361 3774 esurientibus.

1820 3804 1907 3869 De
1934 3806 2121 3871 tertio
2150 3808 2195 3846 ¹⁵
2218 3826 2234 3870 :
2258 3810 2340 3873 In
2362 3809 2687 3890 patientia
2712 3815 2927 3878 vestra
2947 3811 3364 3893 possidebitis

1821 3914 2080 3980 animas
2121 3918 2388 3981 vestras.

1900 4018 2205 4103 Sequitur
2254 4045 2269 4087 :
2307 4027 2365 4089 ei
2396 4023 2649 4102 solatii,
2690 4025 2803 4088 uhi
2847 4045 2965 4091 nos
3003 4030 3236 4093 excitat
3282 4029 3361 4093 ad

1819 4126 2296 4208 degustandum
2324 4131 2690 4196 unctionem
2729 4134 2953 4197 animi.
2997 4135 3108 4200 Est
3145 4139 3359 4200 autem

1819 4236 1983 4301 Deus
2009 4238 2243 4319 solatii,
2272 4240 2426 4322 quia
2458 4241 2819 4307 consolatur
2842 4244 3108 4310 afflictos
3137 4246 3361 4310 solatio

1818 4344 2067 4424 intime,
2086 4347 2398 4428 jucundO,
2426 4351 2491 4412 et
2513 4349 2786 4431 perfecto
2809 4372 2824 4416 z
2846 4351 3095 4431 intimo,
3117 4358 3192 4418 ut
3208 4353 3356 4432 lux;

1810 4452 2121 4533 jncund0‚
2149 4457 2222 4518 ut
2245 4454 2455 4534 risus3
2486 4456 2759 4538 perfecto
2779 4506 2799 4538 ,
2827 4462 2902 4523 ut
2937 4459 3053 4524 sal.
3092 4460 3209 4524 Per
3239 4461 3360 4542 pri·

1817 4578 1998 4623 mum
2025 4561 2428 4642 cognoscitur
2455 4563 2726 4628 creantis
2762 4566 3073 4647 potentia3
3109 4584 3220 4648 per
3259 4584 3359 4630 se·

1712 4672 1727 4688 '
1816 4666 2123 4745 cundum,
2139 4668 2560 4750 gubernantis
2576 4670 2914 4752 sapientia;
2940 4690 3055 4754 per
3070 4673 3354 4754 tertium,

597 4747 889 4821 SERMO
931 4747 1281 4818 PRIMUS.

278 4893 429 4962 Deus
454 4900 658 4963 autem
678 4896 1037 4978 patientioe,
1068 4899 1125 4960 et
1150 4892 1374 4961 solatii
1400 4889 1510 4957 det
1535 4887 1711 4956 vobis

222 4997 469 5081 idipsum
498 5019 720 5086 sapere
764 5004 841 5070 in
884 5001 1257 5068 alterutrum
1287 5000 1355 5062 ¹¹.
1390 4997 1461 5061 In
1498 4995 1713 5060 verbis

275 5161 291 5193 ¹
312 5162 570 5227 Perpmm.
608 5166 710 5219 Sed
743 5178 855 5215 vox
891 5162 1107 5227 Dioryx,
1139 5175 1255 5228 qum
1284 5164 1362 5211 est
1387 5173 1510 5211 vera
1538 5158 1711 5222 lecti0‚

227 5243 362 5294 greca
386 5241 477 5301 est,
515 5238 813 5304 significans
846 5234 1041 5285 fossam
1082 5235 1135 5285 in
1172 5246 1326 5299 quam
1358 5232 1543 5283 fluvius
1580 5229 1712 5280 deri-

228 5311 357 5358 mm.
394 5311 493 5363 vid.
536 5310 743 5363 cornel.
779 5323 812 5358 a
842 5306 1027 5370 Lepid.
1053 5307 1106 5357 in
1133 5307 1269 5357 hunc
1297 5305 1421 5367 loc„
1456 5306 1588 5354 tom.
1622 5303 1712 5364 lx,

218 5389 315 5444 1³²8·
340 5383 436 5442 &22
460 5383 575 5437 edit.
606 5383 791 5434 Vives.
812 5405 882 5418 —
907 5380 933 5414 ¹
963 5378 1070 5429 Lib.
1100 5379 1239 5430 Cont.
1269 5378 1489 5442 quinque
1512 5375 1713 5434 laceres„

216 5462 252 5498 c.
282 5462 359 5518 m,
381 5468 428 5504 n.
460 5460 505 5516 9,
530 5456 666 5506 inter
693 5455 842 5516 Oper
869 5452 927 5502 S.
962 5455 1104 5514 Aug„
1147 5451 1374 5514 Append.
1406 5452 1534 5498 tom.
1570 5446 1706 5498 vnn.

1814 4773 2147 4856 largientis
2174 4775 2529 4840 clementia.
2565 4776 2937 4844 Consolatur
2963 4780 3225 4845 afflictos
3251 4799 3353 4845 so·

1814 4977 1914 5014 —³
1944 4977 2066 5033 Isa„
2099 4988 2170 5040 lx,
2205 4977 2251 5027 6.
2276 5003 2337 5014 -
2365 4977 2388 5013 δ
2410 4975 2616 5040 Hebae„
2653 4990 2735 5039 111,
2763 4981 2810 5029 3.
2834 5006 2896 5018 -
2934 4982 3104 5042 ‘Luc.‚
3135 4994 3245 5047 xlx,
3277 4988 3354 5036 18.

1817 5075 1877 5087 —
1905 5050 1925 5080 ⁰
1948 5049 2114 5108 Joan„
2152 5059 2249 5108 ιιιι,
2283 5050 2361 5098 46.
2394 5075 2457 5086 —
2484 5050 2507 5084 ⁷
2534 5050 2671 5112 Luc„
2706 5062 2811 5113 ιιι,
2843 5054 2919 5102 49.
2960 5078 3021 5089 -
3055 5054 3078 5089 ⁸
3103 5055 3267 5117 ioan„
3301 5067 3354 5119 x,

1820 5125 1897 5170 10.
1920 5146 1984 5158 —
2006 5121 2029 5156 ⁹
2058 5119 2318 5182 Ambros,
2348 5121 2404 5170 in
2427 5121 2566 5182 Luc„
2602 5120 2691 5171 lib.
2735 5122 2800 5186 ΙΙ,
2828 5137 2882 5173 n.
2923 5126 3000 5175 76.
3029 5151 3091 5162 —
3119 5127 3162 5162 ¹⁰
3189 5127 3356 5192 Hunc,

1818 5196 1870 5243 et
1895 5190 2052 5242 alium
2078 5195 2376 5255 sequentem
2395 5229 2408 5255 ,
2438 5205 2547 5242 non
2573 5191 2733 5243 habet
2764 5194 2890 5245 edit.
2916 5194 3071 5246 Paris.
3101 5211 3183 5247 an.
3212 5202 3354 5248 1521.

1817 5289 1879 5302 —
1919 5263 1958 5299 ¹¹
1998 5263 2155 5323 Rom„
2189 5274 2277 5327 ιν,
2314 5265 2363 5313 5.
2400 5288 2460 5300 -
2504 5264 2538 5293 ¹²
2565 5264 2703 5314 Psal.
2732 5277 2835 5330 vn,
2867 5269 2944 5317 12.
2974 5295 3030 5304 —
3073 5270 3113 5305 ¹⁸
3141 5270 3354 5336 ludim„

1820 5346 1935 5397 vm,
1966 5336 2043 5386 14.
2071 5358 2134 5372 —-
2159 5335 2200 5368 ¹⁴
2229 5333 2367 5385 Psal.
2397 5347 2546 5397 cxcv,
2578 5337 2627 5386 Ἰ.
2663 5363 2719 5372 -
2750 5337 2791 5372 ¹⁸
2816 5337 2952 5403 Luc„
2983 5351 3096 5402 xxl,
3126 5343 3201 5394 19.

1884 5445 1944 5505 (α)
1983 5443 2107 5494 Coet.
2134 5442 2255 5495 edit.
2282 5443 2354 5494 ait
2378 5445 2623 5496 loannes.
