4059 6317
909 469 1289 537 DOMINICA
1330 471 1412 539 lv
1452 469 1535 537 IN
1578 460 2232 550 QUADRAGESIMA.
2273 462 2540 531 SERMO
2585 462 2666 529 11.

228 609 461 677 cibantis
480 655 497 688 ‚
524 610 590 672 et
614 604 1094 670 conversionem
1123 605 1313 671 cibati
1350 608 1432 673 ad
1469 606 1722 683 cibum;

227 723 288 784 ut
307 714 693 805 signaculum
723 730 918 796 super
943 712 1279 779 brachium
1302 717 1522 794 tuum,
1538 730 1726 797 prop-

226 829 307 890 ter
323 821 731 888 ostensionem
753 819 1060 883 virtuosae
1083 821 1468 904 operationis
1493 843 1509 884 ε
1534 820 1721 884 nam¹

230 954 256 992 ι
279 930 537 1014 probatio
561 926 913 993 dilectionis
947 927 1258 992 exhibitio
1296 932 1393 993 est
1429 927 1661 1010 operis.
1686 947 1718 985 ιι

230 1036 542 1114 Quiafortis
559 1039 658 1098 est
678 1038 750 1099 ut
768 1051 944 1098 mors
961 1034 1233 1113 dilectio,
1254 1052 1401 1117 quae
1418 1053 1522 1099 me
1543 1033 1729 1098 duxit

231 1143 295 1206 ad
335 1141 652 1223 angustias
698 1139 1128 1204 tribulationis
1170 1141 1540 1224 temporalis
1595 1143 1729 1204 toto

232 1253 481 1331 tempore
500 1248 648 1311 vitae
673 1263 861 1325 meae,
882 1251 947 1311 et
972 1248 1053 1312 ad
1075 1247 1382 1312 ultimum
1403 1247 1598 1312 traxit
1626 1265 1730 1311 me

231 1355 296 1419 ad
317 1354 554 1420 crudele
575 1354 963 1437 supplicium
984 1354 1211 1418 crucis.
1245 1353 1416 1419 Dura
1440 1355 1605 1419 sicut
1631 1354 1731 1418 in-

231 1463 422 1527 fernus
444 1462 764 1527 aemulatio
779 1462 904 1525 mei
922 1460 1127 1526 Patris
1147 1463 1370 1527 aeterni
1383 1511 1404 1542 ,
1430 1462 1542 1545 qui
1565 1466 1733 1545 post·

230 1587 399 1654 qnam
424 1569 652 1634 Filium
691 1569 920 1634 habuit
955 1569 1357 1635 incarnatum
1376 1620 1397 1650 ,
1432 1570 1513 1634 ad
1556 1588 1732 1635 mor-

233 1680 339 1739 tem
365 1677 493 1740 duci
520 1676 834 1758 permisit,
855 1680 920 1740 et
944 1677 1389 1742 resuscitatum
1417 1695 1533 1762 pro
1549 1677 1734 1742 vobis

235 1782 467 1846 ostendit
502 1800 653 1847 eum
698 1782 782 1864 (α)
822 1781 1032 1864 gloria
1073 1787 1136 1847 et
1169 1783 1416 1848 honore
1462 1801 1734 1848 corona-

236 1892 381 1969 tum,
409 1892 470 1954 et
493 1890 909 1954 sublimatum
936 1908 1128 1973 super
1166 1890 1356 1955 coelos
1391 1909 1543 1955 eum
1578 1909 1730 1956 con·-

231 1996 406 2059 stituit
426 1996 605 2061 vobis
633 1996 992 2078 adjutorem
1009 1997 1329 2062 viatorum
1350 2045 1372 2076 ,
1401 1999 1466 2062 et
1493 1998 1733 2063 beatifi-

235 2107 473 2168 catorem
492 2104 568 2181 (b)
595 2104 1227 2187 comprehensorum.
1256 2103 1467 2170 Tertio
1489 2106 1635 2171 fecit
1654 2106 1736 2171 si-

237 2226 412 2288 gnum
453 2211 839 2294 paupertatis
878 2215 940 2274 et
982 2211 1215 2294 inopiae
1260 2211 1328 2275 in
1367 2211 1734 2278 voluntaria

234 2316 587 2399 despectione
622 2318 970 2383 mundanae
999 2320 1468 2403 prosperitatis,
1516 2323 1737 2385 contra

234 2422 629 2490 infirmitatem
676 2426 1003 2505 avaritiae3
1034 2427 1202 2492 unde
1230 2427 1461 2493 dicitur
1489 2434 1514 2469 ²
1547 2451 1561 2493 :
1600 2450 1633 2491 α
1658 2427 1736 2494 Et

234 2528 334 2595 hoc
357 2530 528 2596 vobis
555 2532 822 2614 signum
849 2534 972 2596 erit
1001 2554 1017 2597 :
1051 2533 1381 2599 invenietis
1430 2533 1737 2599 infantem

235 2640 434 2715 pannis
458 2638 842 2717 involutum,
863 2643 926 2702 et
945 2639 1222 2721 positum
1249 2640 1315 2703 in
1343 2641 1727 2724 praesepio.»

235 2740 345 2806 Hoc
367 2745 482 2807 erit
505 2743 690 2809 vobis
718 2744 980 2825 signum
1021 2746 1412 2828 paupertatis
1439 2750 1503 2810 et
1531 2765 1738 2830 penu·

237 2848 348 2929 riae,
376 2852 524 2934 quia
548 2852 881 2916 invenietis
905 2850 1140 2915 Filium
1166 2851 1298 2931 Dei,
1325 2852 1392 2915 in
1420 2857 1738 2935 quantum

239 2954 528 3022 hominem
550 3004 568 3037 ‚
604 2958 832 3042 pannis
867 2957 1232 3023 involutum
1263 2961 1651 3024 necessitatis
1675 2965 1740 3026 et

240 3060 614 3146 indigentiae,
659 3082 793 3129 non
834 3083 1122 3148 purpura
1180 3065 1634 3149 superfluitatis
1677 3072 1740 3133 et

234 3170 558 3251 iactantiae,
604 3176 670 3236 et
705 3171 984 3254 positum
1025 3172 1094 3236 in
1136 3171 1365 3237 humili
1409 3177 1472 3238 et
1515 3193 1741 3258 aspero

239 3279 516 3362 praesepio
559 3279 941 3345 voluntariae
992 3280 1362 3362 abjectionis
1391 3329 1414 3361 ,
1477 3300 1607 3346 non
1671 3283 1741 3347 in

238 3382 375 3449 lecto
429 3387 622 3452 serico
673 3404 998 3470 pomposae
1054 3388 1511 3454 ostentationis.
1562 3389 1740 3455 Unde

237 3486 562 3557 Bernardus
589 3494 612 3531 ⁸
643 3516 658 3559 ε
698 3518 729 3556 ι
753 3493 1033 3577 Tempus
1071 3494 1268 3576 elegit
1308 3496 1479 3579 quod
1508 3497 1741 3562 moles-

236 3598 342 3663 tius
380 3607 474 3667 est
510 3601 806 3686 parvulo,
852 3608 914 3667 et
949 3603 1246 3685 pauperis
1293 3605 1517 3668 matris
1559 3604 1735 3685 filio,

235 3724 360 3788 quae
384 3710 492 3775 vix
521 3710 792 3775 habebat
830 3728 1074 3792 pannos
1116 3711 1198 3775 ad
1240 3710 1701 3777 involvendum
1716 3760 1740 3792 ,

235 3814 329 3878 sed
350 3816 414 3880 in
438 3817 743 3901 praesepio
769 3816 1119 3883 reclinavit.
1149 3816 1402 3882 Etcum
1430 3822 1608 3883 tanta
1634 3838 1739 3884 es-

233 3924 314 3984 set
356 3924 684 3989 necessitas
703 3972 724 4004 ‚
772 3924 1014 3988 nullam
1064 3923 1256 3988 audio
1294 3924 1561 4007 pellium
1599 3924 1743 3989 fleri

235 4031 612 4095 mentionem.
629 4054 661 4092 n
690 4030 833 4096 Non
861 4029 986 4095 tale
1011 4034 1107 4094 est
1124 4031 1439 4112 judicium
1462 4033 1688 4097 mundi
1719 4051 1739 4097 t

235 4137 619 4203 autmundus
642 4137 907 4215 fallitur,
951 4140 1063 4202 aut
1105 4136 1213 4202 ille
1257 4142 1431 4204 errat
1459 4161 1474 4201 :
1509 4141 1618 4206 sed
1644 4141 1745 4206 di-

235 4240 434 4307 vinam
457 4244 581 4308 falli
606 4244 984 4328 sapientiam
1000 4246 1095 4309 est
1118 4244 1547 4328 impossibile:
1582 4267 1743 4331 ergo

237 4351 498 4417 mundus
522 4356 710 4418 errat.
744 4351 1072 4433 Rogemus
1089 4400 1112 4432 ,
1141 4356 1263 4418 etc.

736 4528 1022 4600 SERMO
1073 4530 1137 4598 Π
1163 4536 1209 4599 ⁸.

305 4674 417 4739 Est
443 4690 601 4756 puer
637 4689 812 4740 unus
852 4673 958 4739 hie
981 4720 999 4750 ,
1030 4674 1316 4756 quinque
1349 4690 1551 4757 panes
1594 4675 1744 4744 hor-

239 4776 470 4848 deaceos
493 4782 723 4850 habens
751 4780 795 4841 ⁸.
830 4780 998 4846 Puer
1043 4785 1136 4846 est
1184 4781 1500 4861 christae,
1549 4803 1589 4849 a
1618 4803 1747 4869 quo

239 4889 498 4972 quinque
538 4906 734 4973 panes
757 4888 1105 4954 habemus:
1139 4888 1430 4954 videlieet
1456 4897 1702 4959 naturae
1724 4942 1741 4975 ‚

241 4991 541 5079 doctrinae,
570 4996 986 5081 poenitentiae,
1019 4995 1458 5079 Eucharistiae,
1491 5002 1743 5082 gratiae.

293 5156 312 5191 ¹
340 5158 506 5224 Greg„
531 5160 584 5210 in
614 5160 830 5222 Evauq„
858 5154 1006 5206 hom.
1042 5166 1166 5221 xxx,
1207 5171 1260 5207 n.
1298 5162 1343 5209 1.
1376 5184 1439 5198 -
1473 5161 1497 5196 ²
1522 5161 1658 5223 Luc..
1690 5176 1749 5229 11,

246 5229 392 5276 12.--
423 5229 446 5267 ⁸
475 5232 644 5295 Bern.‚
679 5230 738 5279 in
777 5226 955 5277 Nativ.
993 5226 1157 5292 Dum„
1197 5242 1352 5280 serm.
1388 5244 1480 5297 ιιι,
1513 5246 1567 5283 n.
1608 5238 1654 5284 1.
1687 5261 1751 5273 -

244 5298 417 5351 ‘Hune
455 5305 507 5354 et
546 5315 654 5367 seq.
692 5312 857 5364 usque
902 5296 968 5347 ad
1003 5298 1152 5349 Dom.
1197 5300 1251 5350 in
1287 5302 1448 5367 Pasa„
1491 5318 1645 5355 serm.
1691 5317 1752 5357 111

247 5369 504 5434 exclusive,
529 5371 681 5424 babet
718 5370 842 5422 edit.
873 5367 1029 5420 Paris.
1062 5382 1146 5420 an.
1184 5374 1323 5425 1521.
1350 5399 1413 5413 -
1444 5375 1465 5407 ⁸
1488 5377 1652 5443 Joan„
1679 5389 1754 5443 vr,

249 5441 361 5491 9.-
399 5443 584 5508 ⁸601„
620 5454 704 5507 ιη,
741 5444 822 5493 19.
849 5464 916 5478 -
956 5438 976 5473 ⁷
1019 5440 1182 5504 Pron„
1225 5455 1325 5511 xx,
1368 5449 1445 5499 ¹7.
1473 5472 1538 5486 ..
1577 5448 1595 5479 ο
1633 5449 1753 5511 lm„

3267 464 3386 527 173

1842 600 2096 666 Primus
2135 604 2229 664 est
2254 599 2641 682 corporatis3
2673 595 2990 662 secundus
3010 643 3032 675 ,
3062 595 3384 661 doctrina-

1838 708 1952 786 lis;
1982 706 2209 771 tertius
2228 753 2245 783 ‚
2291 705 2768 789 poenitentialis3
2827 707 3095 786 quartus
3112 749 3130 781 ‚
3169 721 3385 767 sacra-

1840 813 2138 878 mentalis
2156 833 2175 892 ;
2218 814 2482 897 quintus
2501 861 2520 893 ,
2551 810 2921 894 spiritualis.
2952 808 3042 874 De
3070 809 3282 894 primo
3304 816 3327 850 ⁸
3361 830 3378 873 t

1847 944 1880 983 α
1913 919 1985 985 In
2011 920 2244 985 sudore
2269 920 2487 984 vultus
2510 920 2605 983 tui
2633 967 2651 994 ,
2682 940 2713 980 n
2742 922 2860 983 etc.
2906 917 3031 982 Pro
3060 934 3222 999 pane
3268 917 3388 981 isto

1841 1046 2072 1112 parum
2105 1028 2338 1093 sudant
2367 1027 2643 1093 usurarii
2669 1031 2734 1091 et
2759 1025 2905 1104 alii,
2936 1025 3140 1108 quiin
3165 1024 3386 1088 adula-

1840 1140 2124 1204 tionibus
2142 1188 2164 1220 ,
2210 1144 2273 1204 et
2301 1138 2794 1204 detractionibus
2814 1186 2833 1217 ,
2862 1137 3021 1202 etin
3047 1137 3347 1219 perjuriis
3364 1185 3382 1216 ,

1840 1248 1975 1312 imo
2027 1247 2189 1312 etin
2223 1246 2657 1330 emptionibus
2690 1250 2754 1310 et
2787 1243 3281 1320 venditionibuS,
3326 1248 3389 1308 et

1843 1355 2062 1419 multis
2093 1355 2438 1419 mendaciis
2464 1354 2713 1420 victum
2737 1352 3100 1436 acquirunt.
3117 1357 3141 1392 ⁷
3176 1374 3207 1413 α
3231 1350 3389 1415 Sua-

1843 1463 1944 1527 vis
1962 1467 2059 1526 est
2087 1461 2334 1526 homini
2365 1461 2548 1544 panis
2575 1458 2912 1539 mendacii,
2939 1461 3003 1523 et
3029 1460 3248 1541 postea
3270 1458 3391 1522 im·

1856 1568 2130 1652 plebitur
2145 1587 2218 1633 os
2236 1570 2377 1650 ejus
2389 1566 2650 1646 calculo,
2664 1566 2731 1631 id
2740 1571 2854 1646 est,
2882 1565 3087 1650 lapide
3106 1566 3337 1647 ignito.
3350 1587 3381 1625 ι»

1843 1675 2003 1739 Dicit
2031 1673 2252 1739 Glossa
2275 1696 2290 1738 :
2314 1697 2346 1735 α
2367 1674 2454 1738 De
2479 1674 2601 1738 isto
2623 1692 2785 1757 pane
2812 1672 3209 1754 colliguntur
3220 1673 3391 1753 frag·

1844 1786 2062 1847 menta
2101 1782 2676 1864 eleemosynarum.
2706 1802 2737 1841 ι»
2786 1781 2810 1817 ⁸
2852 1803 2884 1841 α
2922 1778 3180 1861 Frange
3237 1798 3391 1844 esu-

1840 1889 2030 1954 rienti
2090 1907 2321 1972 panem
2347 1938 2364 1968 ,
2405 1910 2436 1949 n
2485 1893 2602 1953 etc.
2662 1886 2917 1969 Frange
2971 1886 3274 1951 esurienti
3322 1887 3390 1951 in

1844 1996 2089 2062 mundo
2122 2015 2400 2080 :panem
2446 2001 2632 2061 tuum
2662 2013 2812 2059 cum
2859 1993 3288 2059 esurientibus
3328 1996 3392 2057 et

1843 2104 2070 2185 egenis
2095 2104 2375 2184 comede,
2408 2108 2472 2168 et
2502 2104 2580 2169 de
2614 2102 3002 2169 vestimentis
3031 2100 3159 2165 tuis
3184 2100 3391 2165 nudos

1845 2215 2031 2293 tege,
2072 2215 2195 2275 etc.
2247 2210 2399 2275 ltem
2448 2210 2518 2275 in
2562 2209 2937 2294 purgatorio
2974 2209 2997 2244 ⁹
3047 2229 3064 2271 ε
3105 2230 3136 2268 α
3167 2205 3392 2271 Mittite

1845 2322 2062 2401 partes
2098 2319 2223 2396 eis,
2273 2318 2386 2401 qui
2435 2336 2566 2381 non
2609 2319 3136 2400 praeparaverunt
3176 2314 3318 2378 sibi.
3350 2335 3381 2374 ι»

1847 2424 2005 2489 Item
2034 2425 2103 2489 in
2133 2425 2330 2490 coelo:
2366 2426 2660 2490 esuriunt
2685 2427 2858 2488 enim
2897 2422 3096 2488 sancti
3125 2422 3391 2486 eleemo-

1845 2548 2075 2614 synam
2102 2536 2165 2596 et
2187 2531 2311 2594 alia
2329 2531 2500 2595 bona
2526 2548 2722 2612 opera
2745 2533 2961 2594 nostra
2981 2578 2998 2610 ,
3019 2533 3083 2594 et
3111 2528 3390 2593 maxime

1846 2637 2132 2704 Christus
2162 2643 2211 2679 ¹⁰
2243 2659 2258 2702 ε
2299 2659 2329 2697 α
2357 2636 2614 2701 Esurivi
2634 2686 2652 2716 ‚
2682 2658 2713 2697 ι»
2748 2641 2869 2702 etc.
2901 2634 3244 2717 Gregorius
3271 2638 3316 2676 ¹¹
3367 2658 3385 2701 ε

1855 2769 1887 2808 α
1912 2746 2013 2812 Ad
2041 2745 2521 2810 retribuendum
2552 2745 2722 2829 pigri
2758 2762 2876 2810 cur
2903 2743 3099 2809 estis?
3126 2742 3392 2820 Quando

1847 2856 1969 2922 hoc
1995 2855 2165 2939 quod
2186 2855 2427 2938 ⁸iacenti
2454 2854 2522 2918 in
2550 2858 2720 2919 terra
2745 2852 3074 2937 porrigitis
3090 2901 3107 2931 ‚
3147 2852 3390 2917 sedenti

1846 2964 1916 3028 in
1943 2964 2103 3028 coelo
2130 2963 2313 3028 datis.
2346 2986 2376 3021 n
2407 2962 2511 3027 Sic
2537 2979 2698 3043 ergo
2731 2961 2930 3025 habes
2969 2960 3156 3042 quasi
3192 2959 3392 3024 trium

1848 3074 2216 3154 sportarum
2246 3070 2634 3152 fragmenta.

1926 3178 2013 3242 De
2051 3177 2329 3242 secundo
2351 3178 2447 3239 ¹¹:
2486 3199 2518 3238 α
2548 3174 2791 3239 Cibavit
2814 3172 2999 3238 illum
3037 3191 3203 3257 pane
3242 3173 3395 3238 vitae

1848 3288 1911 3349 et
1934 3284 2288 3349 intellectus
2306 3330 2328 3363 ,
2358 3306 2388 3344 u
2428 3288 2546 3348 etc.
2578 3281 2761 3347 Siout
2798 3282 3246 3366 paterfamilias
3274 3282 3393 3365 eJi-

1848 3391 1935 3455 cit
1959 3392 2039 3456 de
2064 3391 2304 3455 familia
2330 3409 2480 3454 eum
2501 3390 2611 3474 qui
2642 3389 2840 3453 otiose
2859 3389 3135 3453 comedit
3156 3406 3389 3471 panem
3434 3368 3442 3377 ⁰

1846 3515 2076 3574 suum,
2116 3497 2208 3561 sie
2248 3496 2553 3561 Christus.
2604 3494 2811 3559 Otiose
2841 3499 3056 3559 autem
3081 3493 3390 3573 comedit,

1848 3605 1960 3687 qui
1988 3604 2340 3668 doctrinam
2370 3602 2694 3683 intelligit,
2724 3604 2790 3666 et
2815 3619 2943 3665 non
2972 3601 3138 3665 facit.
3172 3599 3222 3664 E
3251 3617 3397 3664 con·

1849 3709 2047 3774 trario
2075 3710 2121 3746 ¹⁸
2171 3731 2187 3774 ε
2230 3732 2261 3770 ιι
2314 3708 2553 3773 Panem
2601 3709 2801 3773 otiosa
2850 3725 2981 3773 non
3034 3707 3329 3773 comedit.
3354 3729 3385 3767 n

1846 3815 2003 3882 Vide
2049 3816 2371 3900 quomodo
2428 3814 2818 3880 hordeaceus
2874 3818 2968 3878 est
2997 3860 3015 3890 ‚
3088 3814 3395 3897 quoniam

1848 3941 1982 3988 non
2035 3925 2236 3988 otiose
2276 3968 2294 4004 ,
2340 3922 2450 3986 sed
2500 3939 2650 3985 cum
2693 3920 2912 3985 labore
2967 3920 3393 3984 comedendus

1849 4033 1966 4095 est.
2023 4029 2212 4095 Istius
2266 4029 2451 4113 panis
2487 4027 2673 4110 quasi
2717 4027 2913 4092 trium
2968 4027 3392 4110 cophinorum

1849 4137 2208 4219 fragmenta
2226 4185 2248 4217 ,
2299 4140 2451 4202 sunt
2493 4130 3002 4216 credendorum',
3048 4134 3389 4216 fugiendo·

1848 4261 2024 4324 rum,
2040 4244 2443 4325 agendorum
2460 4243 2858 4307 documenta.
2874 4241 3037 4308 Olim
3056 4242 3294 4306 dictum
3311 4242 3388 4307 ¹⁴:

1858 4372 1890 4411 α
1919 4348 2177 4417 Parvuli
2202 4348 2343 4433 eJus'
2369 4348 2689 4432 petierunt
2713 4366 2941 4433 panem
2957 4395 2976 4426 ‚
3013 4352 3074 4412 et
3101 4366 3230 4413 non
3257 4352 3392 4413 erat

1849 4458 1965 4541 qui
1990 4460 2318 4541 frangeret
2344 4458 2458 4524 eis.
2489 4480 2521 4517 ι)
2558 4456 2743 4522 Modo
2777 4457 3120 4539 frangitur,
3153 4462 3218 4524 et
3242 4474 3389 4539 par-

1848 4565 1951 4630 vis
1971 4613 1993 4645 ,
2022 4571 2089 4631 et
2114 4566 2370 4648 magnis
2388 4614 2410 4646 ,
2442 4566 2784 4649 plusquam
2815 4564 3034 4630 velint.

1932 4673 2020 4739 De
2065 4674 2254 4738 tertio
2297 4672 2630 4737 psalmista
2646 4671 2736 4737 ¹⁸:
2778 4694 2810 4733 α
2837 4669 3083 4734 cibabis
3121 4686 3239 4734 nos
3281 4687 3396 4753 pa·

1851 4800 1935 4847 ne
1956 4830 1978 4861 ,
2010 4802 2043 4841 n
2076 4785 2196 4846 etc.
2244 4780 2365 4846 Sed
2420 4779 2572 4863 quia
2614 4777 2987 4862 poenitentia
3027 4780 3093 4841 et
3146 4781 3398 4842 austera

1856 4891 1984 4957 vita
2008 4906 2180 4972 saepe
2205 4886 2640 4969 corrumpitur
2659 4903 2772 4969 per
2789 4885 3175 4949 fermentum
3201 4885 3397 4949 variae

1851 4996 2090 5076 laudis,
2122 4994 2226 5061 vel
2254 4995 2556 5060 admixtae
2582 4991 2993 5070 carnalitatis,
3024 4989 3124 5057 vel
3149 4989 3399 5057 servilis

1860 5151 2009 5203 tvm,
2038 5141 2086 5189 7.
2120 5165 2181 5177 —
2206 5138 2229 5173 ⁹
2256 5138 2296 5188 ll
2329 5135 2473 5199 Esd„
2500 5148 2626 5200 vm,
2666 5140 2742 5188 1ο.
2774 5162 2829 5173 -
2862 5136 2905 5171 ¹·
2929 5133 3130 5200 March„
3159 5145 3286 5196 xxv,
3316 5136 3396 5186 35.

1859 5236 1920 5250 -
1955 5213 1996 5247 ¹²
2039 5212 2213 5274 Greg„
2247 5210 2302 5259 in
2329 5209 2543 5273 Evanq„
2576 5208 2721 5259 hom.
2749 5219 2837 5271 ιι,
2862 5220 2918 5257 n.
2951 5210 3028 5256 ¹2.
3056 5232 3119 5244 —
3148 5206 3190 5241 ¹²
3222 5206 3399 5273 Eoo-ln,

1857 5295 1949 5350 xv,
1976 5286 2024 5334 3.
2060 5309 2125 5320 —
2160 5282 2203 5319 ²⁸
2232 5282 2402 5346 Pron„
2429 5292 2590 5344 xxxi,
2634 5283 2712 5333 27.
2744 5307 2809 5319 —
2851 5279 2891 5317 ¹⁸
2924 5278 3120 5345 Thr-en„
3156 5290 3228 5344 iv,
3263 5283 3312 5332 4.
3338 5303 3401 5319 -

1865 5355 1902 5392 ¹⁸
1928 5354 2068 5407 Psal.
2097 5365 2284 5417 mix,
2310 5355 2360 5403 6.
2794 5372 2799 5379 ·

1922 5443 1993 5512 (α)
2025 5444 2151 5497 coet.
2177 5441 2298 5494 edit.
2335 5454 2471 5493 cum.
2489 5439 2775 5506 -(b)1tem
2793 5438 3217 5492 beatificatorum.
