4059 6317
1035 502 1419 576 nolecA
1454 503 1535 575 lv
1576 503 2015 575 ADVENTUS.
2062 503 2324 575 SERMO
2366 507 2415 573 1.
3236 511 3316 582 33

166 647 244 710 cat
261 666 275 711 :
294 643 709 728 Cogitationes
732 644 1051 709 humanae
1073 645 1490 729 philosophia.³
1518 646 1674 710 suh-

158 752 417 834 jiciendae
471 752 550 834 (a)
594 756 749 816 sunt
791 752 1149 817 secundum
1199 752 1513 818 dictamen
1567 773 1673 818 ra-

162 862 343 940 tionis,
392 860 941 944 quemadmodum
985 864 1279 926 veterum
1323 860 1403 942 (b)
1433 861 1673 926 nullius

158 968 364 1032 valoris
392 972 509 1048 est,
538 969 686 1052 quia
712 968 1029 1033 Dominus
1052 968 1234 1034 Jesus
1257 968 1544 1034 Christus
1577 971 1675 1034 est

158 1074 435 1141 Dominus
479 1076 889 1141 scientiarum
915 1078 961 1155 ¹,
992 1079 1069 1142 in
1111 1092 1235 1159 quo
1278 1083 1434 1145 sunt
1460 1093 1675 1144 omnes

158 1181 411 1248 thesauri
436 1184 724 1249 seientia.²
767 1190 829 1250 et
878 1185 1219 1266 sapientiae
1243 1186 1371 1251 Dei
1409 1184 1669 1252 abscon·

156 1287 285 1354 diti.
312 1287 523 1354 Tertio
556 1294 654 1353 est
669 1308 791 1354 rex
815 1290 1295 1372 potentissimus
1311 1293 1555 1358 ratione
1572 1312 1676 1359 su-

155 1395 451 1460 blimitatis
476 1396 817 1478 potentiae;
848 1398 1020 1463 unde
1046 1404 1072 1439 ²
1099 1420 1116 1462 t
1143 1399 1552 1475 Quissimilis
1571 1404 1676 1469 tui

156 1502 623 1580 infortitudine
651 1504 751 1587 (c),
796 1505 1089 1584 Domine,
1116 1508 1263 1588 quis
1281 1508 1521 1574 similis
1549 1511 1670 1587 tui,

155 1610 511 1692 magnificus
548 1614 636 1696 ,in
676 1615 1054 1693 sanctitate,
1099 1615 1450 1682 laudabilis
1489 1622 1676 1701 atque

157 1717 452 1799 tern'bilis,
484 1725 545 1786 et
576 1720 831 1799 faciens
858 1722 1190 1789 mirabilia
1209 1724 1245 1787 P
1280 1723 1440 1802 Quia
1460 1726 1678 1790 omnia

154 1826 532 1908 contigerunt
558 1829 694 1892 illis
741 1829 812 1892 in
851 1830 1069 1911 figura
1092 1834 1328 1897 nostrae
1354 1832 1672 1898 liberatio-

154 1933 237 1996 nis
267 1935 339 1998 de
379 1954 588 2001 manu
630 1936 963 2004 diabolicae
1002 1941 1327 2021 potestatis
1347 1987 1366 2017 ,
1396 1941 1539 2006 ideo
1582 1961 1677 2006 se-

154 2040 402 2107 cundum
414 2043 777 2108 exhibitam
805 2046 1138 2111 veritatem
1166 2047 1485 2112 dicamus:
1520 2050 1675 2127 Quis

155 2147 363 2215 similis
388 2151 494 2217 tui
518 2152 606 2216 in
633 2151 1048 2232 fortitudine,
1085 2154 1369 2235 Domine,
1399 2159 1671 2238 potesta-

156 2259 229 2318 tes
261 2256 606 2322 diabolicas
647 2259 719 2323 in
742 2260 1134 2342 profundum
1176 2261 1391 2346 abyssi
1420 2262 1675 2328 demer-

157 2361 376 2440 gendo?
422 2365 597 2439 Quis
652 2365 899 2434 similis
953 2370 1095 2447 tui,
1153 2369 1541 2453 maqnitieus
1599 2373 1675 2439 in

156 2474 453 2540 meinata
469 2523 489 2554 ,
540 2474 810 2540 fidelem
859 2476 1173 2559 populum
1203 2497 1244 2542 a
1269 2480 1674 2561 percussione

154 2580 344 2643 mortis
382 2585 656 2647 aeternae
693 2600 811 2664 per
848 2583 1225 2648 effusionem
1251 2586 1493 2668 proprii
1520 2604 1672 2652 san-

156 2684 339 2764 guinis
386 2686 782 2754 liberando?
805 2688 1218 2770 Laudabilis,
1261 2692 1329 2755 in
1356 2692 1669 2776 passione,

154 2797 375 2876 propter
414 2814 719 2862 amorem
760 2797 1216 2863 benevolentiae
1259 2803 1321 2864 et
1347 2799 1669 2865 claritatis.

155 2900 327 2983 Atque
365 2902 684 2971 terribilis
700 2952 723 2983 ‚
753 2905 825 2969 in
865 2908 1325 2971 resurrectione
1340 2954 1359 2984 ,
1417 2912 1677 2990 propter

154 3006 518 3088 splmdorem
573 3010 812 3094 gloriae
849 3016 913 3077 et
946 3012 1261 3078 claritatis.
1315 3014 1403 3082 Et
1428 3015 1676 3094 faciens

153 3115 466 3196 mirabilia,
513 3118 588 3183 in
634 3119 1026 3200 ascensione,
1072 3125 1330 3204 propter
1364 3122 1676 3188 elevatio-

151 3238 272 3285 nem
300 3227 584 3309 eorporis
613 3226 938 3291 terrestris
981 3227 1062 3292 ad
1086 3228 1412 3293 dexteram
1442 3227 1670 3294 Patris.

152 3326 330 3397 Tertio
371 3337 467 3398 est
502 3333 725 3400 ludex
762 3334 1154 3400 rectissimus
1182 3337 1427 3402 ratione
1471 3339 1676 3421 aequi-

148 3439 272 3503 tatis
327 3446 387 3506 et
434 3441 766 3525 justitiae3
827 3441 1092 3507 unde⁸:
1143 3444 1416 3517 Qum-ite
1455 3449 1672 3526 Deum,

147 3560 327 3615 mm
367 3551 713 3617 mansueti
757 3554 965 3629 terroe,
1009 3552 1128 3633 qui
1163 3550 1493 3633 judiciam
1535 3552 1675 3633 eius

145 3654 340 3732 tacitis
363 3676 387 3721 .·
409 3659 691 3740 quoerite
718 3657 977 3739 ,iustum
993 3707 1015 3738 ,
1060 3662 1327 3742 quoerite
1384 3677 1673 3728 mansue·

147 3771 280 3830 nan.
339 3767 683 3834 Mansueti
756 3772 947 3833 terroe
1015 3767 1317 3831 dicuntur
1393 3767 1675 3832 humiles

146 3872 323 3953 eorde,
366 3875 478 3958 qui
509 3878 831 3958 quaerunt
869 3873 1210 3939 Dominum
1239 3892 1389 3939 cum
1418 3875 1673 3958 subjec-

146 3977 291 4044 tione
320 3981 537 4047 filialis
574 3983 998 4061 reverentiae3
1029 3983 1144 4065 qui
1173 3981 1502 4065 judicium
1537 3982 1673 4066 eius

148 4083 368 4163 {asim
381 4137 402 4165 ,
447 4088 788 4173 praeterita
850 4093 1105 4172 peecata
1163 4090 1557 4156 emendando
1609 4095 1674 4156 et

148 4196 527 4272 posmodum
560 4214 700 4262 non
732 4196 1201 4262 committendo.
1239 4198 1511 4272 Quaerite
1534 4198 1674 4282 Jus-

148 4303 298 4382 tnm,
347 4303 421 4367 in
478 4302 819 4387 puniendo
888 4303 1342 4385 superbientes.
1399 4305 1672 4380 outa-ite

146 4417 541 4489 martsuemm,
575 4410 651 4474 in
678 4409 1043 4493 recipiendo
1067 4414 1465 4494 paenitentes.
1495 4411 1672 4480 Unde

147 4512 472 4583 Bernardus
498 4517 567 4584 ⁸:
604 4541 637 4578 α
671 4515 937 4594 Qualem
964 4521 1026 4583 te
1052 4517 1173 4582 sibi
1197 4518 1449 4600 tribuiS,
1479 4520 1670 4586 talem

144 4621 461 4691 adventum
511 4625 889 4709 experieris,
920 4647 951 4686 n
986 4626 1139 4709 quia
1164 4627 1219 4691 ⁸:
1268 4627 1428 4694 Cum
1451 4632 1669 4697 sancto

144 4739 377 4800 soricius
404 4736 566 4812 eris,
598 4739 832 4801 etcum
855 4749 1150 4816 perverso
1180 4738 1582 4818 perverteris.

209 4837 501 4924 Sequitur
551 4859 572 4905 ι
623 4840 909 4920 Parate,·
975 4840 1090 4905 ubi
1146 4845 1408 4907 notatur
1457 4846 1663 4910 moni·-

144 4943 590 5014 tioexcitativa.
640 4947 1080 5014 Admonemur
1105 4954 1320 5015 autem
1341 4951 1531 5033 juxta
1563 4953 1669 5017 tri-

144 5050 343 5133 plicem
393 5059 541 5139 ejus
600 5053 992 5121 excellentiae
1045 5058 1496 5138 proprietatem
1548 5078 1667 5125 nos

147 5157 497 5243 praeparare.
539 5161 709 5227 Nam
738 5161 987 5245 primo,
1029 5162 1180 5244 quia
1222 5165 1531 5246 magister
1556 5184 1664 5231 sa-

202 5287 435 5352 ‘colou.,
462 5301 528 5353 ιι,
559 5291 613 5340 3.
641 5314 705 5326 -
725 5289 749 5323 ²
773 5286 960 5349 Exod„
987 5292 1183 5352 xv,11.
1205 5314 1267 5328 -
1292 5288 1314 5323 ⁸
1338 5289 1575 5355 διψήσω,
1606 5304 1663 5356 11,

148 5356 188 5403 3.
216 5383 264 5392 -
289 5359 307 5388 ⁴
330 5361 482 5411 Rern.
506 5386 575 5398 —
602 5359 622 5390 ⁸
649 5358 791 5411 Psal.
818 5370 948 5421 xvu,
973 5361 1055 5409 27.
1074 5384 1135 5398 —
1160 5359 1182 5395 θ
1211 5360 1227 5410 1
1257 5359 1430 5425 Eadm,
1462 5372 1552 5425 vu,
1582 5366 1660 5413 ιο.

146 5450 197 5548 ἶ
217 5427 397 5550 {optim
433 5442 637 5494 cxvm,
662 5433 745 5481 60.
768 5455 834 5470 -
860 5431 879 5460 ⁸
908 5430 924 5479 1
958 5431 1095 5495 1129„
1120 5442 1193 5482 vn
1207 5469 1228 5497 ,
1255 5433 1304 5484 3.
1331 5459 1395 5472 -
1431 5432 1454 5468 ⁰
1483 5433 1661 5496 Booti„

180 5536 197 5561 ‚
278 5538 290 5551 .

395 5609 552 5658 mu.
597 5609 739 5658 xm.

1781 643 2236 728 pientissimus,
2277 660 2712 727 praeparemus
2747 663 2863 711 nos
2877 694 2897 728 ,
2925 650 3001 712 ut
3025 647 3316 734 discipuli

1781 751 2151 817 anhelantes
2176 752 2257 816 ad
2280 751 2664 817 credendum
2704 752 3011 835 magistro
3045 754 3314 839 docenti,

1780 877 1894 942 per
1920 859 2347 942 captivitatem
2390 858 2768 924 intellectus.
2811 859 3097 926 Secundo
3111 909 3134 942 ,
3163 863 3317 947 quia

1780 984 1895 1030 rex
1918 966 2415 1049 potentissimus,
2436 984 2870 1051 praeparemus
2890 986 3028 1049 nos,
3049 973 3125 1035 ιιι
3147 971 3317 1038 servi

1781 1076 2199 1159 obsequentes
2252 1076 2331 1139 ad
2386 1075 2805 1141 obediendum
2876 1077 3268 1161 praecipienti
3292 1128 3313 1159 ,

1780 1201 1895 1267 per
1935 1184 2371 1248 executionem
2415 1183 2697 1248 effectus.
2745 1182 2979 1266 Tertio,
3028 1185 3179 1269 quia
3204 1188 3315 1270 ju-

1781 1290 1905 1355 dex
1947 1289 2362 1370 rectissimu8‚
2412 1308 2846 1374 praeparemus
2888 1310 3026 1372 nos,
3066 1298 3141 1358 ut
3178 1294 3350 1360 veri·

1781 1397 2157 1480 paenitentes
2208 1397 2286 1461 ad
2339 1397 2849 1481 respondendum
2905 1399 3149 1481 judici,
3205 1420 3320 1485 per

1780 1504 2286 1570 emendationem
2323 1504 2620 1570 defectus.
2668 1504 2886 1571 Primo
2924 1507 3108 1572 dico:
3144 1506 3315 1574 Prae-

1782 1630 2080 1695 paremus
2107 1630 2246 1691 nos,
2277 1617 2352 1677 ut
2371 1612 2662 1695 discipuli
2689 1612 3055 1678 anhelantes
3081 1614 3161 1679 ad
3179 1633 3314 1681 ore-

1781 1719 2063 1784 dendum
2092 1719 2401 1801 magistro
2426 1720 2708 1800 docenti,
2748 1739 2863 1804 per
2888 1721 3315 1804 captivitatem

1781 1825 2156 1891 intellectus
2185 1826 2263 1892 Et
2289 1827 2367 1892 de
2396 1827 2520 1893 hoc
2554 1830 2757 1912 potest
2794 1829 3027 1911 exponi
3061 1829 3214 1894 illud
3238 1836 3263 1871 ⁸
3294 1850 3310 1893 ε

1780 1930 2037 1999 Esdras
2076 1934 2343 2014 paravit
2378 1950 2487 2000 eor
2536 1950 2726 2001 suum
2782 1941 2857 2004 ut
2904 1937 3317 2019 investiverat

1781 2037 1971 2120 leaem
2016 2040 2300 2108 Domini.
2345 2041 2621 2119 Quilibet
2655 2043 2862 2109 bonus
2896 2043 3312 2124 Christianus,

1782 2145 2078 2229 exemplo
2109 2146 2347 2228 Esdrae,
2399 2149 2655 2215 deberet
2700 2168 2925 2233 parare
2963 2170 3071 2217 eor
3097 2170 3313 2231 suum,

1782 2270 1896 2335 per
1939 2254 2316 2320 soliditatem
2358 2256 2527 2338 fidei,
2557 2258 2625 2322 in
2650 2259 3005 2341 cognitiva:
3045 2278 3159 2343 per
3182 2260 3318 2326 sin-

1780 2360 2101 2424 ceritatem
2127 2362 2281 2445 spei,
2318 2363 2386 2427 in
2415 2364 2744 2445 affectiva3
2777 2384 2892 2450 per
2918 2367 3315 2433 sedulitatem

1780 2466 1996 2546 studii,
2020 2468 2087 2531 in
2109 2469 2454 2551 operativa,
2474 2472 2555 2537 ad
2570 2472 3086 2555 investigandam
3103 2475 3317 2557 legem

1780 2574 2220 2654 evangelicam
2238 2624 2259 2656 ,
2292 2595 2422 2642 non
2464 2580 2813 2646 secundum
2854 2581 3172 2649 dictamen
3210 2601 3318 2648 ra-

1781 2680 1971 2745 tionis
2016 2682 2468 2767 philosophicae
2485 2734 2505 2766 ‚
2554 2689 2667 2753 sed
2712 2688 3062 2754 secundum
3118 2689 3316 2756 dicta·

1783 2805 1931 2853 men
1947 2790 2231 2854 veritatis
2247 2795 2530 2859 aeternae.
2561 2793 2719 2872 Quae
2747 2796 3007 2879 quidem
3031 2796 3139 2864 lex
3166 2798 3318 2864 illu-

1780 2901 1937 2961 strat
1959 2898 2333 2965 rationalem
2354 2949 2372 2982 ,
2403 2902 2482 2966 ad
2509 2904 3021 2985 cognoscendum
3050 2924 3314 2987 verum3

1781 3005 2137 3070 inflammat
2179 3008 2732 3090 concupiscibilem
2752 3059 2774 3090 ,
2834 3012 2916 3077 ad
2964 3012 3318 3080 desideran-

1780 3116 1937 3180 dum
1964 3117 2245 3195 bouum;
2277 3117 2482 3184 elevat
2507 3118 2885 3186 irascibilem
2899 3170 2916 3202 ,
2949 3122 3030 3187 ad
3067 3141 3320 3206 speran-

1780 3222 1937 3287 dum
1965 3223 2266 3290 arduum.
2295 3223 2588 3291 Secundo
2614 3245 3048 3311 praeparemus
3071 3246 3212 3309 nos,
3241 3234 3318 3295 ut

1780 3330 1952 3393 servi
1998 3331 2455 3415 suboequentes
2496 3333 2576 3397 ad
2619 3333 3041 3400 obediendum
3082 3336 3312 3419 praeci·

1779 3436 1978 3520 pienti
2002 3486 2019 3518 ,
2064 3456 2177 3521 per
2202 3438 2643 3505 executionem
2669 3442 2953 3507 effectus.
2984 3442 3064 3508 Et
3088 3442 3166 3509 de
3192 3444 3315 3511 hoc

1779 3544 2008 3610 dicitur
2042 3546 2112 3612 in
2155 3546 2404 3612 Psalmo
2429 3550 2453 3587 ²
2483 3570 2500 3613 z
2534 3550 2811 3620 Paratus
2854 3568 3035 3633 sum,
3084 3559 3146 3621 et
3182 3570 3314 3623 non

1777 3668 1920 3719 sum
1945 3654 2261 3734 turbatus,
2303 3659 2378 3723 ut
2408 3656 2767 3725 mastodiam
2808 3659 3121 3729 mandata
3166 3668 3306 3730 tua.

1780 3759 2056 3829 Paratus
2094 3777 2259 3842 sum,
2289 3762 2535 3846 inquit;
2568 3764 2678 3829 ubi
2713 3769 2973 3833 notatur
2999 3770 3313 3854 prompti-

1776 3868 1931 3933 tudo
1971 3869 2328 3936 obediendi.
2370 3871 2454 3939 Et
2477 3888 2609 3939 non
2636 3889 2781 3940 sum
2819 3875 3129 3958 turbatus,
3159 3877 3313 3962 quia

1778 3976 2136 4042 voluntarie
2177 3980 2242 4043 et
2286 3995 2437 4042 cum
2476 3996 2695 4046 amore
2745 3979 2861 4045 tibi
2922 3984 3308 4052 sacrificabo.

1788 4081 1866 4151 Ut
1891 4082 2251 4152 custodiam
2294 4084 2609 4153 mandata
2650 4092 2794 4170 tua,
2824 4105 3013 4173 opere
3037 4090 3310 4175 diligen-

1782 4193 1884 4253 ter
1912 4190 2342 4274 adimplendo.
2373 4191 2451 4257 Et
2473 4192 2552 4259 de
2577 4193 2699 4260 hoc
2720 4195 3013 4263 similiter
3032 4198 3088 4265 ἐ
3114 4198 3313 4268 Para·

1780 4300 1841 4363 te
1872 4295 1957 4379 (d)
1996 4295 2197 4364 corda
2244 4304 2456 4367 vestra
2509 4302 2804 4384 Domino,
2833 4309 2895 4371 et
2936 4307 3169 4374 servite
3208 4307 3313 4375 illi

1774 4403 1899 4471 soli
1918 4453 1938 4487 ‚
1994 4404 2176 4471 nulla
2228 4405 2629 4472 admittentes
2680 4410 3044 4476 communia
3058 4460 3081 4493 ,
3135 4413 3312 4479 nulla

1775 4511 2243 4595 aequiparantes
2256 4513 2467 4596 paria;
2495 4513 2606 4580 sed
2628 4532 2777 4581 eum
2804 4517 3175 4586 extollentes
3196 4539 3307 4587 su-

1772 4620 2059 4686 blimiter
2099 4640 2293 4705 super
2337 4624 2589 4705 omnia,
2618 4643 2768 4691 eum
2798 4628 3094 4710 amando,
3125 4630 3311 4696 corde

1773 4728 2200 4812 obsequendo,
2232 4746 2343 4796 ore
2382 4732 2781 4814 praedicando
2796 4783 2813 4816 ,
2864 4741 2928 4801 et
2968 4737 3023 4801 si
3058 4755 3310 4804 necesse

1772 4836 1987 4918 fuerit,
2019 4855 2282 4920 corpore
2308 4839 2597 4921 patiendo
2622 4842 2756 4908 sive
2780 4843 3131 4910 moriendo.
3153 4843 3306 4912 Ter·

1772 4944 1863 5009 tio
1892 4961 2328 5028 praeparemus
2367 4964 2507 5028 nos,
2543 4953 2621 5014 ut
2663 4950 2800 5016 veri
2831 4952 3204 5035 prenitentes
3227 4953 3309 5019 ad

1770 5053 2283 5137 respondendum
2340 5055 2544 5138 judici
2563 5106 2582 5138 ,
2639 5075 2754 5141 per
2801 5059 3308 5127 emendationem

1770 5165 2068 5230 defectus.
2114 5164 2195 5232 Et
2231 5166 2308 5231 de
2354 5166 2477 5232 hoc
2514 5167 2746 5234 dieitur
2783 5174 2808 5211 ⁸
2848 5192 2866 5236 ι
2913 5171 3037 5246 Oui
3084 5172 3309 5246 timent

1772 5272 2118 5339 Dominum
2137 5321 2155 5351 ,
2194 5274 2652 5357 proeparabunt
2686 5277 2882 5345 corda
2920 5293 3043 5345 sua
3056 5328 3078 5359 ,
3124 5285 3190 5347 et
3227 5282 3309 5368 in

1770 5433 2714 5574 -“<‘2‚¹‘v‘t;;⁶{{‡{3235·:<t⁶tffig·
2737 5399 3302 5577 senemr

2987 5605 3028 5666 3
