4059 6317
691 405 812 471 358

690 538 854 604 ximi
879 541 1225 624 peccatoris
1245 542 1532 609 maxime
1558 544 1898 611 miseretur
1938 549 2011 609 ¹:
2052 566 2083 605 ι
2108 541 2231 607 Ubi

691 647 1041 716 abundavit
1062 648 1364 715 delictum
1386 698 1404 730 ‚
1434 652 1979 736 superabundavit
2001 655 2068 718 et
2086 667 2232 733 gra-

689 757 804 823 tia.
837 775 870 818 s

771 866 932 931 Item
947 866 1144 932 irater
1158 868 1376 932 noster
1397 866 1670 950 angelus
1691 870 1791 934 est
1812 869 1878 933 ἐ
1907 891 1941 929 ιι
1959 866 2231 934 Obsecro

690 977 776 1055 te,
804 975 998 1040 trater
1023 974 1285 1054 Maria,
1319 980 1395 1040 ut
1420 974 1592 1040 dicas
1615 976 1779 1041 mihi
1795 1023 1816 1055 ,
1841 976 2011 1060 quod
2031 990 2232 1039 reme-

689 1081 869 1147 dium
906 1082 1235 1148 babebunt
1273 1084 1423 1159 ista,
1472 1102 1619 1168 quae
1660 1084 1740 1149 de
1776 1084 1946 1168 pisce
1984 1081 2229 1148 servari

679 1189 976 1272 jussisti?
1003 1189 1414 1274 Respondens
1453 1191 1748 1274 Angelus
1774 1191 1924 1256 dicit
1963 1213 1980 1254 ε
2011 1188 2230 1255 Cordis

689 1300 837 1380 ejus
860 1296 1245 1381 particulam
1269 1297 1322 1361 si
1349 1317 1543 1383 super
1570 1299 1899 1378 carbones,
1926 1318 1958 1358 ι
1981 1299 2103 1362 etc.
2124 1314 2231 1361 us-

689 1424 816 1489 que
848 1405 930 1489 (a)
958 1423 1028 1471 :c
1046 1423 1239 1471 omne
1267 1425 1478 1490 genus
1499 1407 1991 1474 daemoniorum.
2011 1427 2044 1467 ι
2071 1405 2229 1472 Ecce

688 1513 922 1582 audisti
948 1513 1122 1596 quod
1147 1514 1344 1581 homo
1370 1516 1705 1598 angelum,
1727 1514 1925 1581 Tobia
1946 1514 2231 1599 Raphae-

686 1621 816 1686 lem
840 1621 1106 1686 {mtrem
1133 1621 1430 1706 appellat.
1462 1622 1640 1689 Unde
1681 1623 1792 1688 illa
1825 1641 1956 1688 vox
1994 1641 2228 1688 secun-

684 1728 843 1793 dum
856 1728 1144 1794 Glossam
1161 1733 1372 1814 potest
1395 1730 1781 1814 angelorum
1806 1748 1965 1811 esse,
1995 1748 2126 1813 qua
2150 1729 2226 1810 (b)

685 1836 920 1901 dicitur
946 1836 970 1873 ⁸
1003 1857 1020 1902 t
1060 1858 1091 1897 ι
1118 1837 1447 1920 projeetus
1469 1841 1566 1902 est
1590 1842 1919 1902 accusator
1957 1838 2228 1902 fratrum

685 1945 1079 2023 nostrorum,
1106 1965 1140 2004 n
1176 1946 1296 2009 etc.
1328 1943 1545 2010 Glossa
1573 1963 1594 2009 ε
1629 1968 1661 2008 α
1686 1944 2003 2010 Laborant
2027 1944 2109 2009 ad
2134 1944 2231 2008 in-

659 2119 664 2124 ,
685 2049 894 2114 vicem
920 2051 1034 2134 qui
1061 2051 1142 2116 de
1165 2051 1434 2116 victoria
1458 2069 1575 2116 sna
1600 2052 1895 2135 angelos,
1923 2051 2030 2118 vel
2056 2069 2231 2117 sanc-

684 2160 784 2222 tas
805 2158 1054 2223 animas
1082 2158 1354 2225 audiunt
1398 2159 1704 2225 exultare.
1737 2182 1771 2221 n
1806 2160 1976 2226 Audi
2023 2178 2187 2243 ergo
2204 2207 2227 2240 ‚

688 2266 883 2330 miser
901 2268 1192 2349 peccator
1211 2266 1432 2348 homo,
1448 2268 1662 2332 fratris
1676 2268 1773 2333 tui
1790 2267 2004 2350 angeli
2020 2267 2227 2333 consi·

684 2372 873 2454 lium,
891 2375 956 2440 et
975 2392 1085 2439 cor
1100 2393 1292 2458 super
1308 2376 1614 2441 carbones
1630 2375 1866 2441 interni
1892 2393 2092 2458 ponas
2113 2393 2229 2458 per

687 2480 1257 2547 considerationem
1280 2485 1344 2547 et
1360 2482 1860 2548 recordationem
1887 2500 2227 2567 poenarum

686 2586 1117 2653 infernalium.
1148 2587 1331 2654 Tunc
1357 2593 1527 2654 certe
1570 2588 1966 2655 contritionis
2006 2590 2228 2654 fumus

688 2712 728 2760 a
759 2694 1087 2760 charitatis
1110 2694 1264 2777 igne
1290 2696 1638 2779 procedens
1661 2697 1986 2761 daemones
2011 2695 2222 2778 fugat.

764 2801 926 2867 Item
955 2803 1151 2867 frater
1175 2807 1388 2869 noster
1420 2803 1616 2868 homo
1651 2808 1748 2868 est
1772 2804 1795 2839 ¹·
1832 2824 1849 2868 ε
1905 2825 1936 2864 ι
1979 2803 2101 2880 Qui
2128 2804 2224 2869 di-

684 2908 833 2991 ligit
875 2909 1139 2975 frah-em
1185 2927 1377 2975 suum
1393 2958 1414 2990 ,
1458 2911 1529 2975 in
1565 2910 1811 2976 lumine
1857 2914 2115 2992 manet,
2164 2912 2229 2976 et

655 3041 660 3047 ·
686 3016 1055 3083 scandalum
1099 3035 1234 3082 non
1277 3021 1372 3082 est
1410 3018 1478 3081 in
1522 3036 1623 3084 eo,
1671 3016 1795 3097 Qui
1836 3021 2053 3084 autem
2095 3018 2230 3083 odit

685 3124 948 3188 fratrem
972 3142 1187 3204 suum,
1216 3124 1287 3189 in
1314 3125 1592 3190 tenebris
1617 3129 1736 3206 est,
1767 3129 1829 3190 et
1855 3125 1925 3189 in
1950 3125 2229 3190 tenebris

687 3230 995 3311 ambulat,
1024 3234 1090 3296 et
1113 3233 1316 3296 nescit
1357 3250 1488 3316 quo
1535 3232 1727 3297 vadet
1747 3281 1765 3307 ‚
1809 3253 1843 3292 n
1895 3235 2016 3297 etc.
2066 3230 2229 3297 Vere

686 3339 1041 3422 nescitque
1064 3339 1279 3418 vadat,
1308 3342 1428 3404 etc.
1460 3337 1666 3404 Nescit
1692 3357 1761 3404 se
1789 3339 1885 3403 ire
1921 3340 2000 3404 de
2044 3343 2228 3404 tene-

686 3447 821 3511 bris
845 3446 1257 3512 interioribus
1283 3447 1363 3512 ad
1398 3447 1744 3512 exteriores
1768 3494 1784 3527 ‚
1834 3448 1913 3513 de
1951 3447 2229 3512 tenebris

688 3554 895 3637 culpae
918 3553 1000 3618 ed
1025 3554 1321 3619 tenebras
1359 3553 1698 3636 gehennae.
1731 3553 1910 3620 Unde
1937 3555 2014 3620 de
2042 3571 2228 3621 servo

687 3679 966 3745 nequam
993 3661 1338 3727 tortoribus
1379 3661 1614 3727 tradito
1631 3709 1651 3740 ‚
1699 3662 1851 3745 quia
1891 3662 2103 3728 noluit
2129 3663 2226 3727 in-

689 3768 959 3850 dulgere
983 3768 1167 3833 fratri
1194 3786 1311 3833 suo
1331 3814 1348 3847 ,
1378 3768 1609 3834 dicitur
1633 3777 1655 3812 ⁸
1690 3793 1705 3834 ε
1747 3792 1779 3832 α
1816 3768 1919 3834 Sic
1944 3771 2010 3834 et
2041 3768 2227 3835 Pater

688 3895 876 3942 meus
902 3875 1171 3941 coelestis
1192 3875 1379 3940 faciet
1399 3875 1603 3955 vobis,
1632 3876 1688 3939 si
1706 3894 1839 3941 non
1861 3876 2229 3942 remiseritis

688 3963 1134 4068 unusquisque
1159 3983 1339 4046 fratri
1366 4000 1486 4047 suo
1507 3983 1586 4048 de
1608 3982 1904 4048 cordibus
1916 3984 2163 4049 vestris.
2189 4005 2221 4045 ι

689 4091 739 4158 Ο
779 4089 1159 4170 Christiani,
1202 4107 1401 4171 quare
1444 4106 1576 4156 non
1601 4090 1875 4155 invicem
1923 4090 2225 4174 diligitis,

689 4198 802 4282 qui
833 4199 914 4263 de
937 4198 1162 4263 eodem
1187 4200 1367 4280 patre
1384 4244 1401 4277 ,
1433 4200 1497 4261 et
1521 4196 1601 4261 de
1645 4197 1869 4263 eodem
1913 4200 2231 4281 sanguine

689 4308 877 4373 estis?
907 4306 1248 4388 Gregorius
1273 4305 1340 4369 ⁸:
1385 4327 1418 4366 α
1443 4304 1677 4371 Omnes
1721 4306 1947 4371 fratres
1974 4325 2223 4389 sumus,

689 4414 885 4481 unius
919 4411 1124 4478 Patris
1161 4414 1469 4496 potestate
1493 4411 1727 4476 conditi
1746 4461 1767 4493 ‚
1797 4418 1862 4478 et
1909 4416 2231 4497 sanguine

687 4521 1017 4603 redempti.
1049 4540 1081 4580 n
1114 4519 1196 4585 Et
1219 4519 1451 4584 idcirco
1476 4518 1723 4600 naues,
1754 4521 2226 4603 quantumlibet

687 4645 1002 4713 pauperes
1026 4631 1094 4692 et
1116 4627 1425 4710 abjectos,
1468 4628 1538 4691 in
1563 4627 1746 4694 nullo
1772 4630 2090 4716 despicere
2115 4633 2231 4701 de·

688 4739 937 4803 bemus.

766 4844 990 4910 Frater
1010 4848 1225 4910 noster
1245 4846 1340 4908 est
1356 4842 1669 4925 diabolus,
1692 4845 1846 4928 quia
1864 4847 2225 4916 Creatorem

686 4968 897 5017 unum
922 4952 1170 5033 patrem
1195 4948 1509 5014 habemus
1532 4954 1555 4991 '¹
1587 4970 1603 5013 ε
1646 4971 1678 5011 α
1701 4948 1925 5017 Frater
1957 4953 2051 5019 fui
2090 4955 2230 5022 dra-

752 5116 769 5149 1
795 5115 947 5174 Rom„
976 5125 1031 5174 v,
1056 5116 1132 5165 20.
1158 5139 1223 5151 —
1249 5113 1268 5144 ²
1294 5111 1428 5177 rob„
1457 5125 1531 5180 vl,
1555 5116 1660 5167 7-8.
1680 5142 1741 5154 -
1770 5116 1793 5152 ⁸
1812 5119 1984 5186 Apoc„
2009 5132 2116 5185 xil,
2149 5126 2224 5175 10.

689 5213 753 5225 --
791 5186 814 5221 ¹·
857 5187 874 5235 ι
913 5186 1081 5245 Ιοαη.,
1119 5197 1187 5248 11,
1237 5186 1403 5235 10-11.
1438 5210 1502 5223 -
1544 5186 1568 5222 ⁸
1607 5187 1812 5250 March„
1850 5201 2016 5256 xvm,
2056 5193 2134 5243 35.
2167 5221 2223 5230 —

692 5260 712 5289 ⁸
738 5259 950 5322 Gregor.
984 5283 1049 5295 —
1072 5257 1096 5293 ‘¹
1132 5255 1238 5320 lob,
1268 5268 1399 5320 xxx,
1430 5260 1506 5308 29.
1530 5283 1590 5295 -
1620 5259 1639 5288 ⁸
1662 5258 1798 5310 Psal.
1830 5272 2024 5324 nunu,
2056 5266 2133 5314 13.
2163 5291 2227 5303 -

689 5330 714 5365 ⁸
739 5329 920 5391 Μαῖα,
949 5341 1032 5392 rx,
1059 5330 1108 5378 5.
1145 5355 1211 5367 -
1240 5330 1280 5365 ¹⁰
1302 5329 1470 5389 Jonn„
1496 5341 1579 5391 11,
1607 5333 1685 5382 39.
1720 5357 1776 5368 -
1812 5334 1853 5368 ¹¹
1882 5334 2001 5399 isa„
2031 5346 2118 5398 nx,
2148 5339 2226 5387 10.

690 5428 755 5449 ,,,,
774 5402 817 5437 u
840 5399 1045 5466 091052„
1078 5413 1113 5472 ¹2
1139 5403 1218 5460 20,
1236 5425 1299 5438 -—
1326 5401 1363 5436 ¹⁸
1386 5400 1427 5456 ll
1450 5400 1632 5466 Maeli„
1657 5412 1773 5474 vul,
1799 5407 1874 5459 16.
1894 5429 1957 5444 -
1986 5407 2025 5443 '⁸
2045 5408 2229 5478 uae-c„

1779 405 2201 475 SERMONES
2242 403 2345 472 DE
2384 403 2781 473 TEMPORE.

2339 559 2616 622 conum,
2662 545 2729 608 et
2764 540 2978 607 socius
3002 540 3463 608 struthionum.
3497 561 3533 604 t
3562 540 3879 610 Drwones

2340 654 2496 716 sunt
2518 650 2874 729 daemones,
2919 649 3034 734 qui
3075 668 3189 733 per
3230 667 3435 733 aquas
3475 648 3781 733 baptismi
3819 655 3880 718 et

2340 757 2774 841 lacrymarum
2798 757 3138 824 vadantur.
3170 755 3509 823 Psalmista
3530 756 3600 822 ⁸:
3648 780 3683 819 c
3718 756 3880 823 Con·

2342 866 2662 932 tribulasti
2686 864 2896 949 capita
2929 866 3280 931 draconum
3317 864 3388 930 in
3428 866 3641 949 aquis.
3669 889 3704 926 ι
3738 866 3878 931 1)ae-

2342 992 2611 1040 monum
2637 974 2847 1057 capita
2871 977 3023 1039 sunt
3045 973 3207 1039 vitia
3235 973 3553 1057 capitalia.
3582 973 3883 1040 Diabolus

2343 1084 2440 1147 est
2464 1099 2624 1163 ergo
2651 1081 2759 1146 ille
2782 1081 3223 1165 iniquissimus
3246 1080 3441 1146 frater
3465 1081 3880 1163 Abimelech,

2342 1187 2940 1272 dequolegitur⁰z
2985 1189 3100 1273 qui
3137 1212 3170 1251 α
3207 1188 3431 1254 occidit
3470 1185 3885 1272 septuaginta

2340 1296 2568 1361 stata-es
2595 1314 2792 1380 super
2812 1314 3018 1362 unum
3046 1295 3326 1379 lapidem
3348 1343 3365 1373 ,
3392 1314 3479 1362 ne
3511 1296 3757 1381 aliquis
3780 1317 3885 1364 eo·

2339 1421 2492 1468 rum
2516 1406 2838 1486 regnaret.
2859 1426 2891 1466 n
2926 1402 3296 1468 Abimelech
3315 1405 3531 1486 patris
3557 1408 3782 1473 nostri
3801 1423 3886 1472 re-

2339 1526 2539 1594 gnum
2563 1510 3019 1594 interpretatur
3035 1558 3053 1590 ‚
3083 1513 3150 1576 et
3173 1511 3337 1577 bene
3377 1511 3714 1594 significat
3753 1513 3882 1578 dia-

2338 1619 2585 1697 bolum,
2614 1622 2801 1702 cujus
2827 1622 2924 1685 est
2947 1618 3090 1683 haec
3115 1619 3554 1702 praaeumptim
3586 1621 3770 1705 quod
3795 1639 3886 1684 re-

2342 1744 2555 1810 gnum
2580 1727 2652 1791 in
2676 1726 2840 1792 ccelo
2874 1726 3133 1792 deberet
3155 1744 3296 1791 esse
3320 1728 3519 1810 patris
3548 1730 3660 1794 sui
3701 1730 3881 1795 Luci·

2340 1834 2481 1914 feri,
2508 1836 2669 1900 sicut
2694 1834 2906 1900 adhuc
2934 1834 3221 1916 diligunt
3258 1833 3631 1902 Luciferum
3676 1837 3882 1903 haere-

2338 1940 2471 2006 tici.
2499 1941 2923 2024 Septuaginta
2964 1944 3117 2006 sunt
3163 1941 3393 2025 septies
3438 1943 3691 2008 decem.
3724 1943 3885 2029 Sep·

2337 2050 2643 2131 tuaginta
2676 2067 2837 2132 ergo
2880 2050 3107 2114 frah-es
3153 2049 3427 2131 diaboli,
3458 2056 3617 2116 sunt
3662 2070 3885 2118 omnes

2338 2161 2727 2240 peccatores,
2756 2157 2869 2241 qui
2905 2175 3020 2241 per
3054 2161 3299 2241 septem
3343 2158 3500 2224 vitia
3544 2159 3619 2224 in
3667 2161 3883 2225 decem

2338 2264 2785 2331 mandatorum
2808 2267 3322 2348 transgressione
3346 2287 3389 2332 a
3411 2267 3669 2334 diabolo
3680 2273 3883 2354 jugu-

2338 2373 2573 2439 lantur.
2605 2374 2792 2459 Lapis
2817 2381 3033 2442 autem
3059 2378 3378 2459 significat
3419 2380 3631 2445 cordis
3674 2380 3880 2445 obdu·

2337 2480 2650 2547 rationem
2671 2529 2693 2562 ,
2722 2483 2847 2548 sub
2889 2502 3021 2567 quo
3063 2488 3355 2569 peccator
3373 2533 3394 2567 ,
3425 2486 3551 2551 nisi
3581 2487 3880 2568 tolletur,

2337 2605 2678 2671 resurgere
2704 2607 2837 2654 non
2863 2594 3071 2674 potest
3093 2592 3174 2657 ad
3198 2593 3477 2674 gratiam
3493 2596 3580 2659 ¹⁰:
3606 2617 3643 2657 α
3661 2595 3886 2662 Tollite

2339 2697 2647 2780 lapidem,
2675 2719 2708 2758 n
2744 2702 2866 2765 etc.

2418 2803 2634 2871 Primo
2663 2806 2843 2872 fratri
2868 2806 3349 2874 reconciliemur
3373 2808 3749 2892 poenitendo
3785 2812 3828 2849 ¹¹
3862 2828 3880 2875 ε

2341 2935 2375 2976 α
2406 2913 2480 2978 ln
2504 2914 2941 2997 indignatione
2969 2933 3112 2981 mea
3134 2918 3421 2999 percussi
3449 2923 3541 3001 te,
3572 2928 3640 2985 et
3665 2921 3738 2985 in
3778 2938 3877 2985 re-

2339 3022 2782 3088 conciliatione
2808 3041 2952 3088 mea
2993 3024 3293 3089 misertus
3338 3041 3482 3090 sum
3522 3027 3645 3093 tui.
3696 3049 3730 3088 »
3772 3027 3878 3092 Se-

2338 3131 2547 3196 cundo
2575 3132 2752 3195 fratri
2780 3131 3263 3197 reconciliemur
3288 3134 3756 3214 acquiescendo
3786 3138 3830 3180 ¹¹
3858 3157 3875 3200 ε

2347 3259 2380 3298 α
2407 3238 2481 3303 ln
2523 3238 2662 3322 ipso
2700 3237 3083 3322 complacuit
3111 3258 3371 3306 omnem
3414 3242 3876 3325 plenitudinem

2340 3346 2723 3427 inhabitare,
2755 3353 2819 3411 et
2843 3348 3235 3413 reconciliari
3273 3350 3493 3414 omnia
3527 3350 3595 3416 in
3624 3353 3838 3437 ipsum
3856 3400 3874 3432 ,

2339 3454 2677 3536 pacificans
2705 3471 2818 3536 per
2834 3455 3221 3537 sanguinem
3240 3457 3445 3521 crucis
3468 3456 3726 3539 Christi,
3750 3460 3877 3525 sive

2338 3579 2488 3644 quae
2519 3561 2586 3625 in
2613 3562 2837 3642 terris,
2867 3562 3005 3628 sive
3031 3580 3179 3644 quae
3206 3563 3276 3627 in
3311 3564 3487 3629 coelis
3506 3612 3524 3646 ,
3567 3587 3599 3626 υ
3655 3567 3724 3633 id
3750 3569 3876 3645 est,

2338 3670 2633 3736 homines
2658 3675 2723 3736 et
2747 3671 3037 3753 angelos.
3071 3671 3166 3736 Illi
3202 3672 3274 3755 (c)
3303 3676 3473 3737 certe
3495 3675 3759 3757 prodest
3781 3692 3876 3739 re·

2338 3778 2696 3844 conciliatio
2723 3797 2837 3862 per
2867 3780 3255 3863 sanguinem
3283 3779 3547 3862 Christi,
3597 3784 3718 3866 qui
3767 3800 3882 3847 an-

2339 3885 2563 3967 gelicis
2592 3887 2871 3951 consiliis
2897 3887 3260 3971 acquiescit.
3308 3887 3522 3954 Tertio
3566 3890 3755 3957 fratri
3781 3907 3879 3956 re-

2339 3993 2756 4059 conciliemur
2800 3993 3193 4077 indulgendo
3246 3996 3352 4060 vel
3406 3997 3845 4065 satisfaciendo
3860 4044 3876 4076 ‚

2340 4100 2503 4166 sicut
2548 4100 2656 4165 hic
2679 4100 2911 4167 dicitur
2958 4123 2975 4167 t
3032 4101 3208 4169 Vade
3250 4104 3442 4185 prius
3474 4104 3882 4173 reconcilim

2343 4210 2541 4289 tratri
2567 4215 2695 4276 tuo.
2745 4209 2982 4287 Quarto
3022 4209 3201 4274 fratri
3230 4228 3567 4294 nunquam
3595 4211 3874 4278 reconci-

2340 4317 2484 4381 liari
2520 4317 2830 4382 debemus
2850 4366 2866 4399 ‚
2900 4317 3052 4401 quia
3078 4317 3352 4384 infidelis
3381 4320 3425 4356 ¹⁸
3454 4340 3472 4385 t
3512 4343 3545 4382 α
3589 4319 3882 4402 Rogabat

2338 4423 2374 4489 J
2377 4423 2556 4504 udas,
2584 4442 2667 4489 ne
2692 4425 2984 4490 hostibus
3009 4425 3592 4510 reconciliarentur,
3624 4449 3658 4488 ι
3693 4428 3759 4493 id
3789 4427 3878 4491 aet

2340 4531 2816 4597 daemonibus.¹‘
2840 4555 2873 4594 α
2890 4531 3189 4599 Misereor
3202 4551 3394 4617 super
3408 4536 3691 4618 turbam,
3713 4559 3745 4599 n
3760 4541 3873 4602 ete.

2339 4638 2674 4705 Psalmista
2710 4640 2759 4683 ¹⁸
2806 4656 2824 4703 ε
2885 4663 2916 4702 ι
2938 4641 3270 4718 Quomodo
3321 4642 3664 4710 miseretur
3702 4649 3876 4730 pater

2337 4747 2619 4814 filiorum
2642 4748 2754 4832 (d),
2775 4769 2807 4809 n
2840 4753 2961 4814 etc.
2984 4750 3334 4832 Gregorius
3349 4750 3393 4788 ¹⁶
3415 4770 3481 4818 :c
3495 4752 3678 4818 Tunc
3696 4753 3873 4819 nobis

2338 4855 2786 4922 misericordiae
2814 4855 2925 4921 Dei
2952 4857 3136 4922 mirae
3176 4858 3344 4924 flunt
3374 4860 3492 4943 (e),
3521 4879 3672 4927 cum
3697 4860 3872 4928 nobis

2334 5037 2627 5158 ἔξιῖῐλιῖ-
2669 5035 2707 5068 ¹⁸
2746 5032 2881 5085 Psal.
2914 5046 3022 5157 2cu,
3052 5036 3129 5087 13.
3160 5061 3215 5074 -
3249 5035 3293 5072 ¹⁸
3327 5035 3571 5103 Gregor„
3600 5039 3655 5089 in
3682 5037 3869 5098 Ezech„

2402 5144 2467 5258 (a)
2501 5117 2929 5247 ὃωῗῗῗᾶἰζιὶάὲεἰ
2953 5111 3139 5260 ¹iisque.
3169 5221 3233 5234 —
3264 5195 3332 5260 (b)
3362 5197 3489 5249 Goet.
3516 5199 3639 5251 edit.
3668 5214 3794 5267 quae.
3813 5221 3867 5235 -

2337 5265 2403 5330 (c)
2424 5264 2738 5316 Itemillis.—
2750 5266 2825 5331 (d)
2838 5267 3005 5328 Pater,
3020 5266 3235 5318 Filio.—
3255 5268 3317 5332 (e)
3337 5268 3415 5317 lta
3435 5270 3574 5335 apud
3592 5271 3741 5336 arey.
3757 5268 3867 5320 edit.

2336 5336 2537 5399 ,δεκάς
2566 5335 2644 5386 vel
2673 5335 2770 5402 leq.
2808 5338 3164 5403 innotescunt,
3203 5341 3262 5389 ut
3301 5340 3445 5403 intra
3484 5343 3541 5392 in
3571 5343 3763 5396 Doenin.
3802 5350 3862 5407 vx,

2339 5423 2491 5464 cem,
2526 5421 2607 5466 ιιι.
2638 5409 2759 5466 Coet.
2785 5410 2908 5466 edit.
2940 5411 3031 5465 Dei
3057 5412 3250 5476 uncti,
3283 5413 3579 5470 sine-seam.
