4059 6317
698 536 779 597 60

704 666 935 734 bonum
958 666 1200 732 malum
1242 671 1303 733 et
1345 663 1548 731 lucem
1574 662 1858 731 tenebras
1886 664 1930 742 ¹,
1959 662 2236 728 dicentes

700 773 1083 839 miraculosa
1137 790 1329 855 opera
1378 769 1606 835 Christi
1656 769 1771 833 filii
1824 769 1935 835 Dei
1977 768 2120 833 fieri
2167 768 2236 832 in

702 879 1044 947 Beelzebub
1084 880 1379 962 principe
1413 876 1877 945 doemoniorum
1901 881 1951 940 ².
1980 874 2060 941 Et
2085 875 2237 965 quia

698 987 898 1054 malos
930 986 1093 1053 male
1128 983 1350 1069 perdet
1391 984 1436 1063 ⁸,
1467 983 1611 1050 ideo
1644 983 1882 1049 dicitur
1920 983 2002 1048 de
2040 984 2133 1046 eis
2159 987 2181 1020 ⁸
2216 1004 2231 1046 ε

706 1118 738 1157 α
759 1093 1232 1159 confundantur
1259 1096 1323 1157 et
1350 1092 1723 1157 erubescant
1752 1090 1832 1173 (α)
1863 1107 2085 1154 omnes
2122 1089 2235 1172 qui

695 1204 992 1285 pugnant
1044 1200 1356 1266 adversus
1405 1203 1470 1263 te
1532 1222 1549 1262 z
1613 1202 1804 1263 erunt
1855 1197 2039 1281 quasi
2103 1215 2235 1261 non

696 1309 843 1387 sint,
874 1310 938 1372 et
954 1307 1256 1390 peribunt
1279 1307 1392 1389 qui
1419 1305 1858 1371 contradicunt
1881 1304 2022 1386 tibi,
2043 1326 2075 1365 υ
2110 1309 2232 1370 etc.

1228 1480 1519 1553 SERMO
1568 1484 1631 1552 Π
1657 1484 1700 1551 ⁸.

773 1632 928 1698 Ecce
958 1632 1208 1712 positus
1247 1632 1339 1696 est
1373 1627 1479 1695 liic
1520 1630 1597 1695 in
1631 1629 1896 1694 ruinam
1932 1633 1994 1695 et
2030 1629 2107 1694 in
2144 1643 2236 1694 re·

695 1738 1146 1805 surrectionem
1198 1733 1540 1801 multorum
1606 1735 1682 1801 in
1749 1731 1946 1799 Israel
1967 1780 1985 1811 ,
2040 1739 2101 1800 et
2158 1734 2235 1799 in

695 1848 955 1928 sianum
981 1844 1093 1911 cui
1127 1841 1601 1911 contradicetur
1625 1843 1671 1906 ⁶.
1714 1840 1789 1905 In
1818 1840 2077 1905 ruinam
2103 1858 2234 1904 non

693 1951 1087 2017 credentium
1103 1998 1124 2030 ‚
1168 1953 1232 2014 et
1282 1949 1355 2013 iu
1394 1948 1925 2014 resurrectionem
1973 1948 2231 2014 creden·

693 2062 880 2125 tium.
929 2058 1045 2126 Vel
1090 2058 1161 2122 in
1199 2058 1459 2122 ruinam
1508 2074 1624 2141 per
1667 2054 2014 2137 offensam,
2061 2062 2125 2122 et
2164 2057 2235 2121 in

692 2166 1223 2233 resurrectionem
1255 2182 1369 2248 per
1405 2164 1700 2245 gratiam.
1732 2163 1846 2229 Vel
1873 2166 1940 2228 in
1974 2164 2231 2229 ruinam

691 2294 808 2360 per
836 2291 1091 2357 poenam
1108 2320 1128 2351 ‚
1159 2276 1222 2337 et
1266 2273 1336 2335 in
1370 2271 1899 2337 resurrectionem
1940 2290 2056 2355 per
2087 2271 2230 2354 glo-

691 2384 878 2448 riam.
929 2380 1043 2447 Vel
1079 2381 1148 2444 in
1187 2379 1448 2445 ruinam
1492 2398 1605 2462 per
1650 2380 2081 2462 ignorantiam
2104 2429 2125 2461 ,
2165 2382 2233 2445 in

689 2490 1224 2557 resurrectionem
1266 2505 1379 2571 per
1403 2486 1759 2554 victoriam.
1814 2486 1974 2552 Item
1988 2535 2009 2567 ,
2040 2489 2110 2551 in
2152 2488 2234 2552 si-

692 2617 896 2681 gnum
962 2598 1067 2662 cui
1136 2595 1621 2662 contradicetur.
1695 2595 2232 2661 Considerandum

691 2711 907 2772 autem
935 2705 1105 2788 quod
1143 2703 1449 2769 Dominus
1480 2703 1725 2786 positus
1750 2704 1943 2767 estin
1967 2703 2231 2785 signum

692 2813 989 2879 castitatis
1016 2812 1087 2876 in
1114 2812 1550 2894 conceptione,
1586 2809 1963 2875 humilitatis
1989 2810 2059 2874 in
2085 2828 2231 2875 con-

693 2919 1051 2985 versatione
1066 2966 1085 2999 ,
1110 2917 1450 2982 ‘charitatis
1479 2917 1547 2981 in
1592 2917 1884 3000 passione
1900 2964 1919 2994 ,
1961 2917 2231 2981 immor-

692 3027 950 3092 talitatis
984 3027 1059 3090 in
1099 3023 1581 3089 resurrectione.
1614 3022 2073 3087 Contradicitur
2115 3043 2231 3089 au-

692 3139 822 3199 tem
850 3134 919 3197 in
944 3131 1046 3195 his
1088 3131 1293 3213 signis
1326 3147 1440 3213 per
1480 3133 1667 3211 signa
1693 3129 1965 3211 diaboli,
1993 3131 2232 3196 scilicet

691 3240 995 3320 luxuriae,
1025 3239 1339 3322 superbiae
1358 3285 1375 3317 ,
1424 3236 1719 3316 invidiae,
1750 3254 1935 3301 vanae
1962 3236 2226 3303 laetitiae.

775 3346 863 3412 De
888 3346 1097 3429 primo
1124 3350 1147 3386 ⁷
1185 3366 1200 3408 ε
1254 3365 1286 3404 α
1330 3342 1512 3407 Dabit
1537 3341 1841 3407 Dominus
1867 3342 2002 3425 ipse
2048 3343 2230 3409 vobis

693 3454 956 3536 signum
986 3475 1001 3516 :
1039 3451 1198 3516 Ecce
1221 3450 1409 3533 virgo
1445 3448 1786 3531 concipiet,
1814 3471 1845 3510 n
1882 3451 2003 3514 etc.
2050 3449 2231 3515 Sicut

689 3559 868 3626 senus
925 3558 1333 3642 corporaliter
1385 3575 1519 3623 non
1571 3558 1928 3640 concipitur
1949 3606 1966 3635 ,
2020 3576 2230 3641 neque

694 3667 1010 3732 clauditur
1032 3667 1155 3731 nisi
1180 3666 1480 3748 virginali
1511 3669 1716 3744 utero,
1749 3665 1838 3730 ita
1863 3682 2074 3748 neque
2103 3664 2229 3747 spi-

689 3773 1005 3839 ritualiter
1025 3773 1148 3837 nisi
1179 3774 1246 3837 in
1273 3777 1444 3838 casta
1471 3776 1705 3837 mente.
1735 3771 1814 3836 Et
1839 3773 2002 3836 sicut
2030 3753 2229 3855 virgi·

687 3881 855 3945 nitas
882 3878 1098 3944 Mariae
1134 3897 1267 3944 non
1292 3879 1516 3944 fuisset
1546 3881 1813 3962 signum
1839 3879 1976 3945 sine
2014 3881 2229 3947 fructu

689 3988 922 4073 prolis,
967 3987 1057 4052 sic
1102 4004 1312 4070 neque
1351 3988 1603 4052 castitas
1646 3987 1784 4052 sine
1820 3989 2031 4054 fructu
2077 3988 2229 4054 boni

688 4095 920 4179 operis,
954 4093 1133 4159 Unde
1160 4099 1222 4159 et
1247 4094 1511 4176 signum
1536 4095 1748 4178 virgae
1776 4096 1991 4161 Aaron
2016 4096 2136 4161 fuit
2159 4096 2227 4160 in

689 4201 847 4266 flore
873 4204 937 4264 et
959 4200 1172 4265 fructu
1197 4207 1221 4242 ⁸
1237 4247 1253 4278 ,
1299 4200 1372 4265 in
1405 4201 1685 4267 castitate
1712 4206 1777 4266 et
1820 4219 2033 4285 opere.
2067 4200 2229 4267 Vere

688 4306 1122 4384 ssos.decoruS‚
1144 4306 1262 4372 flos
1289 4307 1618 4390 angelicus
1643 4313 1738 4373 est
1761 4309 2031 4375 castitas.
2064 4308 2229 4387 Quid

447 4433 651 4481 cuam.
689 4414 973 4480 castitate
1034 4413 1325 4479 decorius
1344 4462 1362 4492 ,
1408 4432 1556 4497 quae
1607 4416 1923 4481 mundum
1972 4415 2052 4482 de
2105 4417 2227 4482 im-

691 4522 931 4589 mundo
949 4528 1320 4603 conceptum
1344 4524 1582 4589 semine
1608 4521 1632 4558 ¹
1652 4569 1671 4601 ,
1700 4522 2118 4588 domesticum
2148 4524 2227 4588 de

688 4632 891 4711 hoste,
908 4629 1214 4712 angelum
1228 4629 1308 4695 de
1323 4630 1584 4694 homine
1599 4629 1790 4694 facit?
1809 4628 1986 4694 Unde
2009 4629 2224 4695 Domi-

687 4756 813 4803 nus
840 4737 1140 4821 praecepit
1178 4739 1225 4777 ¹⁰
1259 4754 1392 4801 non
1410 4737 1621 4801 solum
1643 4737 2041 4820 praecingere
2057 4737 2225 4803 lum-

684 4846 801 4910 bos
822 4893 843 4925 ,
889 4845 1001 4910 sed
1043 4844 1235 4909 etiam
1275 4842 1566 4908 lucernas
1593 4844 1847 4909 habere.
1878 4845 2021 4926 Sed,
2060 4846 2220 4910 heu!

687 4952 879 5033 signo
907 4952 1320 5018 continentiae
1345 4952 1796 5018 contradicitur
1820 4954 2009 5034 signo
2036 4953 2226 5020 luxu-

686 5058 802 5123 riae
830 5061 871 5097 ¹¹
904 5078 922 5123 ε
961 5083 993 5122 α
1033 5060 1134 5127 Ad
1168 5077 1359 5124 omne
1392 5064 1584 5144 caput
1621 5060 1745 5126 viae
1787 5060 2112 5127 aediflcasti
2135 5062 2226 5127 si·

753 5222 763 5249 ¹
790 5218 910 5280 lca„
938 5231 990 5285 v,
1022 5223 1099 5272 20.
1128 5248 1190 5259 —
1217 5222 1237 5254 ²
1262 5219 1467 5283 Mateta„
1496 5232 1592 5284 111,
1619 5223 1697 5272 24.
1735 5248 1799 5259 -
1827 5221 1850 5258 ⁸
1878 5221 2080 5288 Mutila,
2109 5235 2224 5289 xxi,

685 5293 765 5342 41.
793 5315 849 5326 -
889 5294 909 5322 ¹
935 5292 1058 5356 lm„
1087 5304 1210 5358 xm,
1243 5295 1319 5344 11.
1352 5318 1417 5332 -
1451 5294 1473 5329 ⁸
1510 5293 1657 5343 Hunc
1684 5295 1736 5343 et
1765 5297 2037 5357 sequentes
2063 5307 2225 5358 usque

685 5358 752 5411 ad
795 5372 950 5413 serm.
995 5374 1044 5427 1,
1097 5362 1354 5414 exclusive
1368 5401 1385 5427 ,
1429 5365 1581 5415 Dom.
1623 5362 1756 5414 intra
1798 5365 1975 5415 Octuv.
2018 5364 2226 5430 Epipb„

685 5429 843 5480 habet
880 5445 1084 5496 quoque
1108 5434 1228 5485 edit.
1268 5435 1428 5486 Paris.
1461 5447 1546 5486 an.
1583 5437 1723 5486 1521.
1750 5460 1811 5474 -
1837 5435 1860 5471 ⁶
1885 5435 2023 5497 Luc„
2050 5448 2112 5500 11,
2142 5438 2220 5487 34.

683 5528 746 5544 ·-·
788 5502 806 5534 ⁷
840 5504 964 5569 Μ,
992 5515 1091 5571 vn,
1124 5508 1200 5559 14.
1232 5532 1296 5549 --
1322 5509 1341 5538 ⁸
1365 5507 1546 5570 Num„
1576 5518 1723 5573 xvn,
1749 5508 1797 5559 8.
1825 5532 1888 5546 —
1921 5507 1945 5544 θ
1974 5506 2087 5573 Job,
2113 5519 2223 5572 xiv,

1798 524 2211 594 SERMONES
2250 523 2354 592 DE
2393 523 2791 591 TEMPORE.

2346 678 2554 743 gnum
2594 660 3055 744 prostitutionis
3088 664 3223 727 tuae
3237 708 3259 741 ,
3291 664 3356 727 et
3389 661 3866 730 abominabilem

2346 767 2544 833 fecisti
2570 768 2861 833 decorem
2885 770 3095 833 tuum.
3115 790 3146 828 n
3183 765 3462 851 Signum
3489 770 3864 852 prostitutio·

2346 875 2447 939 nis
2502 874 2764 941 luxuria
2822 880 3087 942 vocatur
3141 876 3594 960 principaliter.
3658 878 3868 946 Infelix
3894 893 4051 938 tunm

2345 983 2519 1048 enim
2543 983 2805 1048 luxuria
2838 982 3223 1066 principium
3258 988 3352 1048 est
3390 984 3708 1050 malarum
3752 987 3870 1052 via-

2344 1083 2493 1155 rum
2512 1138 2530 1168 ,
2592 1089 2755 1155 sicut
2795 1093 2966 1173 patet
3010 1090 3078 1154 in
3123 1091 3338 1174 pueris
3391 1091 3863 1160 colludentibus.

2345 1196 2515 1262 Bene
2566 1200 2782 1263 autem
2821 1197 2971 1262 dicit
3001 1218 3017 1262 :
3051 1196 3427 1278 AEdificasti
3459 1220 3475 1264 ε
3521 1199 3871 1265 sicutenim

2345 1305 2727 1371 aedificantes
2750 1305 3025 1389 lapidem
3055 1305 3250 1389 lapidi
3277 1311 3642 1391 apponunt,
3674 1308 3762 1373 ita
3782 1308 3872 1374 lu-

2343 1413 2590 1478 xuriosi
2609 1431 2786 1479 nunc
2811 1414 3050 1494 verbis,
3079 1433 3252 1479 nunc
3267 1419 3462 1495 tactu,
3484 1435 3662 1481 nunc
3680 1417 3871 1496 factis,

2344 1538 2519 1585 nunc
2543 1520 2792 1598 habitu,
2838 1539 3013 1585 nunc
3038 1524 3227 1599 nutu,
3275 1521 3467 1605 signa
3492 1523 3876 1605 prostitutio-

2343 1628 2445 1692 nis
2473 1627 2914 1710 multiplicant.
3321 1716 3325 1720 ⁴

2427 1734 2514 1799 De
2552 1735 2825 1800 secundo
2845 1782 2864 1815 ,
2893 1734 3047 1817 quia
3086 1734 3354 1816 signum
3397 1736 3778 1802 humilitatis
3801 1738 3876 1803 ab

2341 1842 2481 1924 ipsa
2505 1842 2835 1907 nativitate
2859 1860 2979 1907 sua
3006 1841 3299 1919 ostendit,
3320 1840 3555 1907 dicitur
3574 1845 3626 1883 ¹¹
3660 1865 3728 1908 :a
3752 1843 3878 1912 Hoc

2343 1949 2525 2013 vobis
2551 1949 2814 2030 signum
2845 1971 2860 2013 ε
2908 1947 3250 2015 Invenietis
3283 1949 3590 2015 infantem
3606 1997 3634 2029 ,
3677 1974 3708 2012 s
3760 1957 3872 2017 etc.

2343 2054 2476 2120 Hoc
2495 2060 2712 2121 autem
2735 2057 3004 2139 signum
3031 2074 3163 2121 non
3190 2055 3401 2122 solum
3429 2058 3498 2121 in
3523 2057 3874 2139 nativitate,

2340 2162 2452 2229 sed
2477 2164 2674 2229 etiam
2701 2164 2770 2228 in
2811 2164 2990 2229 omni
3032 2163 3511 2230 conversatione
3537 2167 3683 2249 ejus
3710 2166 3878 2232 inve-

2341 2271 2644 2336 nitur¹⁸:
2697 2271 2981 2337 «Discite
3017 2291 3059 2337 a
3094 2290 3229 2353 me,
3264 2294 3296 2333 υ
3331 2276 3452 2338 etc.
3494 2272 3734 2339 Beatus
3771 2276 3880 2358 qui

2341 2381 2465 2444 hoc
2498 2380 2686 2463 signo
2729 2379 2871 2445 Filii
2907 2379 3016 2446 Dei
3051 2380 3347 2463 signatus
3378 2383 3491 2445 cst.
3525 2380 3676 2462 Sed,
3710 2381 3875 2446 heu!

2340 2486 2492 2553 huic
2519 2487 2706 2568 signo
2732 2485 3182 2552 contradicitur
3209 2504 3323 2570 per
3361 2487 3630 2569 signum
3660 2507 3878 2572 super-

2340 2592 2495 2673 biae,
2526 2593 2698 2677 quod
2737 2597 2952 2658 tamen
2976 2592 3130 2658 boni
3168 2592 3558 2659 detestantur
3587 2596 3640 2633 ¹¹
3673 2618 3690 2660 ε
3734 2618 3766 2658 c
3791 2593 3885 2659 Tu

2339 2701 2463 2764 scis
2510 2700 2946 2765 infirmitatem
3010 2704 3074 2765 et
3139 2701 3574 2768 necessitatem
3630 2720 3844 2768 meam
3861 2751 3882 2783 ,

2338 2808 2492 2891 quia
2531 2807 2864 2872 abominer
2910 2808 3182 2889 signum
3222 2807 3537 2888 superbiae
3563 2812 3633 2874 et
3657 2809 3882 2891 gloriae

2339 2932 2534 2995 meae,
2564 2914 2733 2997 quod
2770 2918 2867 2979 est
2910 2932 3103 2998 super
3152 2919 3347 2998 caput
3387 2932 3646 2995 meum,
3684 2937 3717 2977 ι
3765 2923 3878 2982 etc.

2289 3049 2298 3058 ·
2341 3020 2589 3086 Habent
2613 3021 2719 3086 hic
2745 3021 3046 3087 mulieres
3073 3021 3444 3105 exemplum
3459 3069 3484 3101 ,
3512 3023 3793 3105 qualiter
3818 3043 3885 3089 se

2337 3129 2615 3194 habeant
2641 3130 2722 3195 ad
2748 3134 3067 3195 ornatum.
3105 3128 3386 3211 Signum
3416 3128 3742 3211 superbiae
3767 3133 3882 3212 est,

2337 3237 2501 3301 sicut
2526 3236 2650 3316 hic,
2680 3235 2753 3299 in
2778 3238 3051 3315 ornatu3
3084 3236 3238 3300 item
3263 3234 3330 3299 in
3358 3238 3504 3299 actu
3533 3235 3578 3272 ¹⁸
3636 3257 3653 3300 ε
3697 3259 3731 3297 <z
3747 3236 3886 3301 Non

2335 3342 2649 3407 habitabit
2701 3342 2769 3406 in
2815 3342 3028 3407 medio
3073 3342 3308 3408 domus
3353 3360 3515 3407 meae
3564 3343 3684 3426 qui
3742 3343 3888 3408 facit

2336 3450 2718 3534 superbiam.
2752 3471 2784 3509 n
2817 3448 2976 3514 Item
3001 3449 3073 3513 in
3098 3449 3294 3515 verbo
3329 3448 3374 3489 ¹⁸
3417 3468 3435 3513 ε
3475 3472 3507 3512 c
3540 3453 3621 3515 Os
3658 3468 3885 3516 eorum

2336 3559 2623 3624 locutum
2651 3561 2746 3623 est
2789 3557 3177 3641 superbiam.
3207 3577 3239 3617 n
3289 3556 3449 3623 Item
3492 3558 3561 3622 in
3608 3557 3752 3623 loco
3787 3558 3833 3595 ¹⁷
3862 3581 3876 3623 ε

2345 3688 2377 3725 α
2415 3663 2726 3747 Superbia
2772 3680 3037 3743 eorum,
3081 3663 3288 3746 quite
3333 3663 3642 3744 oderunt,
3691 3687 3725 3725 ι»
3761 3669 3879 3730 etc.

2336 3772 2604 3857 Superbi
2631 3773 2811 3838 enim
2855 3755 3107 3856 semper
3142 3773 3224 3839 ad
3260 3773 3625 3855 digniorem
3667 3775 3886 3840 locum

2334 3881 2625 3961 tendunt,
2673 3879 2838 3944 sicut
2881 3878 3129 3944 Lucifer
3171 3881 3239 3959 ¹⁸,
3290 3885 3513 3945 contra
3555 3881 3721 3948 illud
3773 3884 3818 3923 ¹¹
3864 3906 3880 3947 t

2344 4010 2376 4049 α
2423 3986 2739 4051 Recumbe
2784 3986 2854 4050 in
2902 3986 3253 4051 novissimo
3296 3986 3457 4052 locu.
3514 4009 3546 4048 n
3609 3988 3885 4055 Attende

2334 4110 2525 4175 ergo,
2549 4097 2767 4158 contra
2791 4093 2979 4174 signa
3004 4094 3320 4175 superbiae
3335 4139 3358 4172 ,
3393 4093 3586 4176 signa
3615 4094 3884 4159 humili·

2332 4200 2479 4264 tatis
2517 4199 2767 4278 Christi,
2822 4220 2972 4266 cum
3025 4201 3305 4267 dicitur:
3362 4202 3495 4270 Hoc
3542 4203 3725 4272 vobis
3781 4206 3885 4272 si-

2334 4324 2532 4392 qnum
2588 4331 2605 4374 ι
2661 4309 3010 4377 Invenietis
3061 4311 3386 4391 infantem
3404 4359 3423 4391 ,
3483 4315 3602 4376 etc.
3666 4311 3886 4377 lufaus

2333 4417 2456 4482 fuit
2472 4466 2491 4494 ,
2521 4420 2740 4482 contra
2767 4416 3132 4500 superbiam
3170 4417 3239 4480 in
3264 4419 3495 4497 verbm
3526 4436 3880 4500 pannosus,

2334 4529 2554 4590 contra
2603 4525 2963 4608 superbiam
3030 4525 3102 4589 in
3162 4528 3439 4604 ornatu3
3496 4526 3841 4592 involutus
3858 4575 3881 4607 ,

2333 4636 2553 4698 contra
2587 4633 2951 4715 superbiam
2992 4631 3061 4695 in
3102 4635 3250 4696 actu
3288 4650 3602 4696 manuum
3645 4632 3756 4698 vel
3783 4635 3886 4698 in-

2333 4757 2514 4805 cessu
2550 4739 2819 4822 pedum;
2870 4737 3116 4821 positus
3158 4736 3229 4800 in
3285 4739 3618 4821 praesepio,
3654 4747 3887 4806 contra

2333 4847 2700 4931 superbiam
2728 4847 2799 4911 in
2830 4846 2993 4911 loco.

2412 4953 2500 5019 De
2537 4953 2725 5018 tertio
2769 4957 2817 4994 ¹⁰
2862 4974 2878 5014 ε
2910 4976 2944 5015 s
2986 4950 3208 5016 Posuit
3247 4969 3351 5016 me
3379 4953 3564 5036 quasi
3607 4954 3886 5038 signum

2333 5127 2381 5245 ξι·
2407 5149 2467 5244 '1'
2471 5122 2707 5244 0¹⁰-¹:“‘?;’
2723 5123 2935 5244 ἲὲῑιῗό·
2959 5146 3022 5241 ἶ,
3044 5119 3654 5245 “2ξ”ῗί’·τέἑὶῐιὲ·”’.ῑ,
3671 5126 3885 5249 ‘itm’

2336 5230 2542 5316 u'psa't.
2571 5279 2619 5329 c,
2639 5268 2688 5318 7.
2708 5290 2772 5302 —
2793 5265 2832 5296 ¹⁶
2859 5227 3000 5315 figat.
3029 5226 3138 5323 ὶνῐ,
3158 5229 3326 5315 ’10.-
3349 5265 3385 5300 ¹⁴¹
3412 5230 3545 5315 Ρεῶ.
3573 5226 3885 5333 niun-23..

2332 5362 2394 5373 —
2427 5338 2625 5460 “;2Ιεα.,
2664 5348 2769 5402 xw,
2810 5338 2887 5387 13.
2914 5362 2978 5374 -
3012 5335 3053 5371 ¹⁹
3086 5335 3223 5398 Luc..
3263 5347 3374 5401 xw,
3410 5340 3484 5388 10.
3515 5364 3579 5375 -
3602 5338 3645 5373 ²·
3677 5339 3884 5402 Thr-en„

2333 5419 2418 5469 ιιι,
2509 5443 2524 5458 .

2401 5506 2469 5571 (a)
2506 5505 2651 5571 γαίῃ.
2683 5506 3071 5560 contundentur
3099 5509 3152 5564 et
3177 5504 3496 5560 erubescent.

3929 4167 4050 4213 humil

3959 4232 4044 4275 tntis

3924 4293 4051 4338 chent
