4059 6317
747 586 828 648 86
1491 595 1496 600 ’
1837 580 2255 649 SERMONES
2294 580 2396 647 DE
2435 579 2831 648 TEMPORE.

745 720 882 794 tur;
906 719 1139 796 tentus,
1171 734 1300 781 non
1320 715 1695 797 dimittatur,
1720 717 1921 782 donec
1947 717 2015 782 in
2044 717 2281 783 amoris

746 823 1111 888 cubiculum
1139 840 1483 890 mansurus
1508 823 1968 890 introducatur.
2000 847 2031 885 ι)

825 928 912 993 De
939 933 1170 1012 quarto
1196 938 1258 995 ¹:
1288 954 1320 992 (ι
1359 929 1430 997 Si
1453 932 1619 1015 ·quis
1643 947 1778 997 non
1806 932 2130 1015 quaesierit
2160 933 2280 998 Do-

748 1037 998 1101 minum
1025 1038 1225 1103 Deum
1239 1038 1454 1119 Israel,
1484 1040 1796 1105 moriatur
1821 1058 1862 1103 a
1886 1040 2158 1104 minimo
2180 1057 2283 1104 us-

747 1144 958 1229 quead
969 1145 1350 1224 maximum,
1363 1146 1549 1211 aviro
1564 1145 2226 1229 usqueadmulierem.
2242 1169 2274 1206 n

748 1251 1065 1317 Maximus
1087 1256 1151 1316 et
1173 1252 1481 1318 minimus
1505 1252 1858 1318 secundum
1880 1254 2277 1335 potestatem,

747 1359 852 1426 vel
885 1359 1304 1440 sanctitatem,
1338 1360 1444 1425 vel
1479 1359 1854 1443 sapientiam
1891 1360 2088 1443 accipi
2133 1378 2283 1442 pos-

749 1472 921 1533 sunt.
956 1466 1207 1532 Etenim
1228 1470 1515 1550 potentes
1547 1468 1652 1533 vel
1688 1467 2087 1551 impotentes,
2129 1467 2282 1532 boni

750 1574 853 1640 vel
878 1573 1052 1654 mali,
1077 1573 1335 1639 litterati
1355 1574 1458 1639 vel
1484 1574 1786 1654 illiterati,
1812 1575 1941 1639 nisi
1986 1579 2284 1656 quaerant

751 1681 1117 1761 Dominum,
1137 1681 1517 1746 aeternaliter
1534 1682 1907 1747 morientur.
1930 1681 2109 1747 Sicut
2123 1700 2284 1765 ergo

750 1787 1177 1852 incarceratus
1195 1788 1569 1854 occidendus
1587 1807 1752 1869 eras,
1783 1789 1983 1855 vitam
2001 1808 2280 1874 quaeras,

753 1912 1009 1977 quaeras
1019 1895 1237 1961 Jesum
1256 1895 1597 1961 Christum.
1624 1895 1956 1961 Psalmista
1973 1898 1996 1933 ¹
2019 1918 2035 1962 ι
2061 1920 2093 1959 α
2108 1901 2287 1975 Quae·

751 2002 873 2067 rite
897 2001 1261 2084 Dominum,
1286 2025 1319 2064 n
1350 2007 1466 2068 etc.
1508 2002 1770 2081 Quaeras
1798 2008 2001 2083 certe,
2041 2010 2117 2070 ut
2150 2005 2289 2070 vin-

753 2110 899 2175 cula
936 2114 1337 2193 peccatorum
1379 2129 1677 2195 rumpere
1717 2113 1759 2193 ⁸,
1809 2116 1883 2177 ut
1924 2130 2039 2196 per
2081 2113 2287 2180 fenes-

755 2224 922 2283 tram
939 2217 1018 2300 (α)
1031 2218 1837 2301 poenitentiaearctissimam
1853 2219 2033 2284 exire
2058 2221 2285 2303 possis,

757 2325 923 2389 sicut
946 2324 1374 2407 exploratores
1398 2326 1457 2405 ⁸3
1490 2330 1552 2391 et
1581 2327 1776 2392 David
1804 2345 1918 2410 per
1945 2328 2289 2393 fenestram

756 2433 958 2496 evasit
983 2432 1026 2496 ⁸.
1064 2431 1240 2498 Certe
1267 2440 1440 2497 arcta
1465 2433 1736 2498 fenestra
1772 2438 1866 2499 est
1894 2435 2189 2500 usurario
2225 2439 2290 2501 et

757 2540 1019 2623 raptori,
1050 2544 1113 2606 et
1139 2540 1396 2606 cuilibet
1420 2542 1661 2624 injusto
1681 2543 2069 2625 injustorum
2098 2543 2290 2609 bono·

758 2666 906 2712 rum
930 2648 1390 2714 restitutionem
1430 2650 1665 2715 odienti
1711 2673 1728 2715 ε
1772 2650 1886 2734 qui
1929 2654 2146 2715 tamen
2180 2669 2293 2733 per

756 2755 931 2819 illam
958 2755 1144 2821 debet
1170 2756 1459 2822 evadere.
1489 2756 1654 2835 Quid
1680 2758 1865 2824 nobis
1869 2803 1991 2823 .....

803 2978 1183 3056 DOMINICA
1236 2980 1262 3053 1
1313 2980 1499 3055 POST
1551 2981 1717 3062 OGT.
1777 2982 2244 3079 EPIPHANIAE,

1012 3123 1148 3170 SIVE
1173 3123 1440 3172 SECUNDA
1468 3125 1613 3172 POST
1639 3125 2036 3174 nummula.

1160 3270 1447 3343 SERMO
1490 3273 1814 3344 PRIMUS
1850 3279 1896 3344 ⁶.

566 3425 740 3481 Nuptiae

847 3402 1108 3483 Nuptioe
1130 3403 1318 3483 sactoe
1342 3410 1495 3473 sunt
1521 3405 1567 3485 ⁷,
1600 3409 1719 3470 etc.
1739 3405 1903 3470 Sunt
1943 3406 2188 3488 nuptiae
2214 3407 2303 3471 of-

529 3488 739 3594 ff‘il'u'
769 3507 1021 3588 flciosae,
1041 3509 1436 3588 perniciosae,
1458 3511 1777 3593 gratiosae‚
1806 3513 2138 3593 gloriosas.
2171 3512 2302 3577 Pri-

771 3631 894 3678 mae
922 3619 1075 3680 sunt
1100 3616 1224 3680 viri
1258 3620 1323 3682 et
1358 3617 1641 3682 mulieris
1678 3619 2145 3698 contrahentis;
2199 3639 2297 3684 se-

768 3721 1015 3802 cundae,
1049 3722 1276 3787 diaboli
1306 3727 1370 3788 et
1392 3724 1626 3790 animae
1666 3726 2014 3807 peccantis3
2061 3728 2300 3807 tertiae,

768 3829 998 3893 Christi
1026 3834 1090 3895 et
1110 3832 1398 3898 Ecclesiae
1425 3834 1789 3913 militantis3
1834 3838 2082 3919 quartae
2123 3836 2302 3902 Chri-

765 3936 845 4000 sti
871 3940 937 4001 et
963 3935 1255 4004 Ecclesiae
1276 3940 1752 4024 triumphantis.

846 4042 935 4107 De
959 4044 1182 4125 primis
1207 4045 1264 4111 ⁸:
1290 4069 1322 4107 (ι
1339 4047 1496 4112 Cum
1519 4049 1748 4116 timore
1771 4052 2022 4117 Domini
2046 4053 2304 4136 nuptias

767 4152 1166 4216 exercebant.
1214 4175 1245 4212 ι
1290 4153 1551 4238 Expone
1575 4158 1864 4222 eamdem
1914 4160 2250 4225 historiam
2283 4178 2300 4225 z

768 4259 1086 4341 quomodo
1111 4264 1351 4344 septem
1393 4264 1566 4329 viros
1592 4263 1766 4331 Sarae
1786 4266 2179 4333 daemonium
2202 4287 2304 4334 oc-

769 4364 949 4445 cidit;
978 4370 1043 4430 et
1060 4368 1378 4449 quomodo
1391 4370 1594 4435 tribus
1609 4373 1900 4438 noctibus
1914 4375 2187 4439 orationi
2200 4393 2307 4439 va-

573 4495 746 4551 Nuptiae
771 4472 1018 4537 cabant.
1047 4473 1173 4538 Has
1186 4477 1440 4558 nuptias
1459 4478 1800 4546 honoravit
1829 4481 2131 4546 Dominus
2148 4501 2297 4565 qua-

560 4569 720 4661 ssffssz
771 4580 1158 4663 drupliciter,
1200 4582 1488 4648 videlicet
1515 4585 1950 4653 institutione:
1994 4590 2304 4655 institutae

535 4680 745 4785 321?th
771 4688 945 4751 enim
968 4694 1116 4753 sunt
1142 4707 1274 4755 non
1313 4708 1353 4755 a
1394 4691 1505 4756 vili
1543 4712 1842 4777 persona,
1892 4697 2022 4762 imo
2064 4716 2195 4762 non
2222 4699 2303 4763 ab

536 4807 655 4848 nunt.
771 4795 1051 4876 homine,
1081 4814 1210 4860 non
1237 4798 1318 4862 ab
1337 4800 1590 4881 angelo,
1621 4803 1728 4867 sed
1755 4822 1794 4867 a
1823 4804 2307 4872 Deo.1nstitutae

771 4902 942 4967 enim
968 4909 1120 4969 sunt
1146 4922 1280 4969 non
1304 4905 1373 4969 in
1400 4907 1512 4971 vili
1536 4907 1696 4988 loco,
1745 4927 1875 4974 non
1921 4912 1991 4974 in
2022 4913 2299 4994 stabulo,

771 5010 993 5074 nonin
1017 5012 1299 5093 angulis,
1331 5013 1491 5078 sicut
1519 5015 1708 5079 modo
1745 5016 2132 5084 clandestina
2161 5039 2301 5085 ma-

772 5120 1093 5199 trimonia,
1123 5121 1232 5187 sed
1251 5121 1321 5185 in
1347 5122 1636 5204 paradiso
1670 5123 1976 5191 institutae
2004 5135 2155 5192 sunt
2188 5152 2203 5193 ε
2235 5130 2302 5194 in

840 5282 853 5310 ¹
883 5281 923 5328 11
954 5280 1148 5342 Par-al„
1184 5292 1268 5344 xv,
1299 5283 1374 5333 13.
1400 5306 1463 5318 -
1484 5282 1503 5313 ²
1522 5282 1652 5333 Psal.
1681 5296 1867 5349 vant,
1887 5290 1966 5337 33.
1987 5315 2050 5326 -
2078 5288 2099 5320 ²
2121 5290 2302 5353 ludio„

774 5360 885 5410 xvv,
913 5352 962 5400 9.
983 5377 1046 5388 —
1072 5352 1090 5382 ⁴
1109 5353 1315 5415 los.,11,
1348 5356 1426 5404 15.
1450 5379 1509 5391 -
1535 5355 1554 5386 ⁸
1584 5357 1598 5404 Ι
1626 5356 1762 5420 Req„
1793 5369 1899 5420 xlx,
1931 5363 2006 5410 12.
2028 5387 2087 5398 -
2118 5364 2137 5394 ⁶
2158 5363 2305 5414 Hunc

774 5425 825 5471 et
849 5421 979 5472 duos
1000 5429 1267 5489 sequentes
1288 5424 1444 5476 habet
1463 5440 1666 5491 quoque
1689 5427 1841 5479 editio
1862 5431 2020 5483 Paris.
2044 5447 2129 5483 an.
2162 5438 2302 5487 1521.

773 5517 836 5530 —
863 5494 880 5523 ⁷
906 5494 1066 5554 Ιοαη..
1097 5506 1155 5558 1¹,
1182 5500 1231 5547 1.
1261 5523 1321 5535 -
1349 5498 1368 5528 ⁸
1394 5496 1528 5559 fob„
1557 5510 1634 5560 1¹,
1667 5503 1741 5550 12.
1779 5525 1839 5537 -
1863 5501 1886 5537 ⁹
1913 5503 2114 5567 Ephesi„
2148 5518 2193 5568 v,
2222 5510 2300 5558 32.

777 5588 832 5601 --
862 5564 906 5601 ¹⁰
921 5565 1070 5631 Aug„
1093 5565 1154 5619 de
1180 5568 1482 5634 Bonoconj„
1511 5583 1560 5621 c.
1590 5581 1701 5633 xxx,
1727 5584 1779 5621 n.
1809 5572 1888 5623 22.
1909 5599 1971 5610 —
1999 5576 2036 5609 ¹²
2067 5564 2087 5626 1‘
2115 5576 2299 5641 Maeli„

2389 719 2560 782 statu
2586 735 2716 782 non
2739 718 2972 802 culpas,
3004 717 3115 783 sed
3156 714 3534 782 innocentiae
3565 738 3583 780 ι
3612 734 3737 782 non
3769 720 3894 799 post

2388 823 2642 908 lapsum
2668 825 2968 905 hominis,
2995 825 3105 890 sed
3118 826 3269 888 ante
3280 823 3555 907 lapsum.
3577 823 3717 903 Sed,
3745 824 3889 888 heu!

2390 930 2580 996 modo
2629 934 2771 1014 post
2817 931 3030 1015 lapsus
3076 931 3334 1009 multos,
3378 935 3446 996 et
3482 929 3897 995 fornicationes

2393 1039 2646 1121 multas,
2666 1039 2853 1104 multi
2872 1039 3279 1103 contrahunt.
3301 1037 3460 1103 Item
3487 1036 3896 1115 associatione,

2392 1147 2546 1230 quia
2568 1147 2753 1213 Iesus
2779 1150 2843 1212 et
2868 1149 3092 1226 mater,
3139 1150 3205 1211 et
3244 1144 3539 1227 discipuli
3577 1144 3647 1208 in
3684 1144 3902 1225 nuptiis

2393 1257 2596 1334 erant,
2625 1272 2757 1320 non
2781 1253 3143 1334 histriones,
3175 1269 3307 1318 non
3324 1251 3736 1330 chorizautes,
3759 1250 3906 1315 sicut

2394 1361 2605 1427 modo.
2665 1362 2825 1427 Item
2876 1360 3241 1445 operatione
3257 1408 3278 1441 ‚
3353 1360 3509 1442 quia
3569 1358 3643 1422 in
3690 1357 3907 1441 nuptiis

2393 1487 2627 1552 aquam
2652 1469 2722 1533 in
2748 1470 2976 1534 vinum
3000 1467 3329 1533 convertit.
3360 1465 3505 1544 Sed,
3536 1465 3702 1530 heui
3740 1464 3910 1529 modo

2396 1577 2665 1659 magicae
2690 1579 2856 1640 artes
2881 1573 3208 1640 diabolicas
3244 1574 3311 1637 in
3352 1572 3591 1656 nuptiis
3636 1589 3904 1637 exercen-

2394 1689 2528 1751 tur.
2590 1684 2748 1749 Item
2793 1681 3257 1765 signiflcatione
3280 1681 3305 1717 ⁸
3344 1704 3360 1744 ε
3394 1703 3427 1742 α
3451 1678 3910 1746 Sacramentum

2396 1792 2518 1857 hoc
2544 1808 2857 1873 magnum
2893 1794 3036 1868 est,
3084 1810 3116 1848 n
3152 1792 3272 1853 etc.
3312 1787 3476 1866 Quia
3518 1804 3679 1869 ergo
3716 1785 3913 1850 matri-

2398 1898 2689 1964 monium
2722 1898 2800 1962 de
2846 1899 3089 1979 septem
3128 1893 3538 1960 sacramentis
3578 1898 3676 1959 est
3690 1942 3707 1973 ‚
3755 1911 3915 1958 sacra

2397 2007 2530 2072 vita
2555 2005 2824 2071 tenenda
2847 2007 2965 2069 est.
2989 2003 3390 2086 Augustinus
3404 2003 3491 2066 ¹⁰:
3523 2026 3555 2065 «ι
3573 2001 3763 2067 Bonae
3781 2007 3918 2066 sunt

2396 2113 2662 2196 nuptiae,
2713 2110 2781 2175 in
2825 2110 3066 2194 quibus
3102 2112 3278 2174 tanto
3321 2109 3400 2192 (b)
3440 2107 3737 2172 meliores
3782 2110 3917 2171 sunt

2397 2222 2538 2303 conj
2546 2219 2724 2302 ugati
2750 2267 2769 2297 ,
2834 2221 3074 2302 quanto
3127 2217 3426 2282 castiores
3492 2235 3568 2281 ac
3618 2215 3919 2281 fideliores

2399 2327 2601 2393 Deum
2622 2327 2870 2404 timent,
2907 2324 3186 2390 maxime
3208 2325 3262 2388 si
3290 2323 3477 2402 filios,
3509 2341 3677 2407 quos
3720 2340 3919 2388 carna-

2396 2435 2542 2501 liter
2583 2434 2972 2514 desiderant,
3020 2432 3213 2497 etiam
3251 2432 3323 2514 (c)
3374 2430 3785 2514 spiritualiter
3810 2449 3920 2494 nu-

2399 2544 2618 2608 triant.
2657 2564 2688 2602 n

2480 2651 2568 2716 De
2592 2649 2880 2715 secundis
2906 2651 2949 2685 ¹¹
2976 2666 2994 2712 z
3019 2669 3050 2709 α
3073 2647 3409 2713 Conversa!
3433 2651 3587 2713 sunt
3612 2646 3849 2730 nuptiae
3864 2646 3925 2709 in

2400 2760 2667 2838 luctum,
2707 2761 2772 2821 et
2811 2774 2940 2821 vox
2983 2755 3365 2820 miserorum
3410 2754 3480 2818 in
3521 2752 3853 2838 lacrymas
3891 2774 3920 2812 ι

2403 2868 2567 2935 Nota
2590 2867 2948 2945 historiam,
2995 2863 3319 2946 quomodo
3349 2864 3383 2930 J
3386 2863 3595 2928 ambri
3636 2863 3755 2927 filii
3790 2879 3926 2927 cum

2405 2979 2723 3063 tympanis
2766 2980 2830 3041 et
2869 2974 3129 3039 musicis
3168 2971 3614 3037 instrumentis
3656 2971 3929 3036 adduxe-

2403 3090 2559 3152 runt
2582 3101 2877 3168 sponsam
2907 3082 3105 3146 filiam
3130 3079 3329 3146 unius
3354 3079 3434 3144 de
3473 3080 3736 3162 magnis
3760 3079 3925 3163 prin-

2405 3194 2652 3276 cipibus
2671 3191 3023 3269 Chanaam,
3066 3206 3262 3272 super
3311 3205 3473 3271 quos
3512 3187 3706 3253 irruit
3749 3187 3929 3253 Jona-

2403 3302 2570 3380 thas,
2591 3305 2655 3365 et
2691 3297 3001 3363 interfecit
3025 3313 3155 3361 eos.
3184 3296 3220 3362 J
3223 3296 3444 3360 amber
3477 3294 3836 3360 Luciferum
3864 3293 3932 3358 si·

2407 3409 2672 3492 gnificat
2691 3428 2708 3471 ι
2731 3405 3181 3488 interpretatur
3192 3403 3365 3467 enim
3384 3401 3533 3467 Dies
3547 3405 3930 3469 amaricatu.

2406 3515 2653 3581 Lucifer
2697 3517 2911 3578 autem
2949 3513 3095 3575 ante
3133 3511 3383 3592 lapsum
3420 3509 3553 3573 dies
3609 3508 3760 3588 fuit3
3808 3512 3938 3591 post

2405 3624 2679 3707 lapsum,
2710 3620 3061 3685 amaricans
3086 3621 3292 3683 totum
3317 3614 3635 3681 mundum
3664 3618 3749 3681 ²¹:
3791 3639 3821 3677 ι
3842 3616 3936 3680 In-

2407 3732 2578 3798 vidia
2601 3728 2854 3808 diaboli,
2883 3750 2914 3788 n
2950 3730 3068 3792 etc.
3108 3725 3318 3808 Hujus
3344 3722 3461 3787 filii
3499 3727 3657 3787 sunt
3682 3721 3791 3788 alii
3816 3722 3939 3788 dae·

2412 3856 2633 3906 mones
2656 3884 2674 3916 ,
2716 3853 2851 3900 non
2888 3838 3150 3913 natura,
3200 3832 3309 3897 sed
3342 3829 3719 3896 imitatione.
3768 3828 3937 3894 Psal-

2408 3947 2652 4013 mista¹⁸
2683 3967 2699 4010 :
2726 3968 2758 4005 c<
2779 3944 2948 4009 Erue
2974 3959 3080 4007 me
3096 3941 3176 4006 de
3192 3957 3412 4018 manu,
3437 3960 3468 3997 ι
3484 3942 3607 4002 etc.
3625 3937 3939 4003 Chanaam

2409 4053 2727 4120 mundum
2793 4051 2842 4115 si
2851 4050 3113 4133 gnificat
3174 4066 3193 4111 ε
3268 4047 3728 4129 interpretatur
3777 4044 3937 4111 enim

2409 4166 2847 4230 commutatus.
2879 4157 3142 4224 Mutatio
3169 4159 3386 4220 autem
3422 4153 3653 4219 mnndi
3698 4157 3799 4219 est
3831 4153 3943 4236 pri·
3972 4158 4028 4261 m}

2411 4288 2517 4337 mo
2563 4287 2678 4352 per
2712 4284 2946 4350 aquam
2983 4262 3243 4342 diluvii,
3281 4262 3350 4325 in
3387 4262 3515 4325 fine
3559 4278 3681 4344 per
3728 4261 3945 4343 ignem

2401 4377 2661 4462 judicii3
2693 4363 2902 4439 medio
2936 4375 3153 4437 autem
3196 4376 3515 4453 tempore,
3560 4387 3679 4452 per
3719 4386 3946 4453 aquam

2408 4485 2701 4571 baptismi
2736 4487 2800 4548 et
2825 4484 3049 4566 ignem
3074 4479 3352 4564 Spiritus
3384 4477 3582 4542 sancti
3608 4479 3659 4519 ¹⁸
3691 4497 3708 4542 :
3748 4500 3783 4540 α
3807 4477 3950 4543 Haec

2411 4595 2678 4659 mutatio
2722 4592 2969 4656 dextrae
3034 4585 3301 4652 Excelsi.
3348 4607 3379 4644 n
3436 4583 3766 4668 Principoe
3809 4584 3953 4650 Cha-

2411 4720 2600 4767 naam
2631 4701 2952 4765 daemoues
2978 4698 3129 4759 sunt
3152 4693 3197 4735 ¹⁸
3230 4715 3247 4756 :
3278 4714 3312 4752 c
3328 4690 3466 4757 Non
3493 4695 3592 4755 est
3616 4692 3810 4757 nobis
3838 4691 3955 4755 col·

2410 4808 2687 4886 luctatio,
2717 4828 2748 4865 n
2771 4809 2890 4869 etc.
2910 4802 3141 4866 Anima
3162 4816 3320 4881 ergo
3348 4798 3696 4881 peccatrix,
3729 4802 3799 4862 et
3826 4797 3954 4861 fllia

2409 4921 2473 4982 et
2505 4932 2735 4999 sponsa
2760 4909 2993 4976 diaboli
3038 4912 3162 4987 est,
3210 4923 3357 4989 quae
3404 4923 3578 4969 nunc
3614 4924 3658 4970 a
3704 4905 3954 4971 diabolo

2412 5041 2560 5089 cum
2589 5018 2928 5086 mundanis
2958 5013 3210 5096 gaudiis
3235 5012 3592 5077 adducitur.
3614 5010 3748 5078 Sed
3776 5012 3955 5078 Jona-

2411 5132 2544 5211 tha,
2575 5129 2642 5193 id
2667 5130 2763 5192 est
2805 5122 3054 5189 Christo
3103 5120 3169 5185 in
3210 5124 3417 5184 morte
3452 5118 3558 5184 vel
3596 5119 3668 5183 in
3709 5119 3953 5203 judicio

2414 5285 2500 5337 lx,
2535 5275 2611 5323 41.
2646 5296 2711 5307 -
2748 5268 2789 5305 1²
2817 5268 2958 5331 Sap„
2998 5275 3065 5327 11,
3100 5265 3181 5314 24.
3210 5288 3271 5299 —-
3315 5262 3351 5297 ²³
3384 5260 3518 5312 Psal.
3558 5274 3763 5327 cum,
3794 5270 3870 5316 11.
3897 5290 3951 5302 -

2412 5346 2450 5381 ¹⁴
2479 5343 2615 5394 Psal.
2648 5353 2826 5402 Lxxw,
2865 5345 2935 5389 Η.
2966 5363 3027 5375 -
3057 5335 3100 5371 ¹⁸
3130 5332 3332 5398 Ephes„
3359 5344 3433 5395 vn,
3464 5335 3542 5384 12.

2474 5434 2541 5497 (α)
2587 5431 2711 5482 Coee.
2755 5427 2878 5480 edit.
2918 5425 3035 5476 add.
3075 5426 3423 5489 peccatorum.
3449 5448 3513 5461 —
3552 5421 3625 5486 (ὀ)
3675 5423 3803 5475 Caet.
3833 5424 3950 5475 edit.

2411 5506 2463 5556 in
2492 5501 2791 5567 quibusdam
2830 5513 2974 5563 vcro,
3001 5498 3109 5547 sine
3137 5508 3298 5546 sensu.
3326 5520 3384 5531 —
3416 5494 3478 5558 (c)
3508 5494 3632 5548 Goet.
3664 5495 3795 5546 edit.
3821 5497 3950 5546 deest

2411 5576 2586 5629 etiam.
