4059 6317
3344 455 3436 502 vn

252 572 446 637 dicens
475 592 493 635 ε
536 591 568 631 α
595 568 858 652 Scripsit
893 568 1090 634 valde
1126 568 1313 634 utiles
1339 571 1403 633 et
1432 568 1755 649 elegantes
1776 565 2118 633 Sermones
2145 568 2226 633 de
2263 567 2574 649 Tempore,
2606 567 2713 631 lib.
2745 585 2790 632 1.
2834 568 3061 636 Veniet
3097 569 3436 638 desidera-

251 694 346 754 tus
365 689 612 755 cunctis
640 685 964 770 pentibus.
999 685 1346 751 Sermones
1364 684 1445 751 de
1478 684 1754 763 sanctis,
1784 683 1897 747 lib.
1920 702 1973 748 -1.
2006 683 2174 751 Mihi
2193 685 2362 752 absit
2381 684 2653 767 plorimi
2673 684 2716 748 ¹.
2750 705 2782 745 ι

315 810 414 870 13.
460 804 697 869 Notata
733 807 954 869 autem
989 802 1270 883 dignum
1304 803 1374 865 in
1404 800 1710 866 Sermone
1747 799 1829 865 de
1862 798 2258 864 Exaltatione
2297 799 2545 865 Sanctae
2584 799 2800 865 Crucis
2839 800 2970 883 legi
2999 825 3015 866 ι
3057 824 3089 864 α
3125 803 3279 881 Quis
3315 807 3435 872 nisi

247 922 468 989 stultus
491 921 715 987 volens
735 936 889 984 cnm
923 918 1326 984 festinatione
1371 919 1468 984 ire
1502 917 1794 996 Romam,
1826 917 2001 981 viam
2043 918 2254 981 teneat
2277 917 2615 981 ducentem
2641 917 2722 981 ad
2750 916 3258 1001 Compostellam,
3288 939 3436 1004 quae

248 1058 489 1124 semper
512 1039 768 1120 elongat
794 1057 835 1102 a
866 1036 1074 1102 Roma
1089 1037 1125 1099 Ἰ
1149 1057 1181 1096 n
1223 1035 1296 1099 In
1321 1033 1632 1100 Sermone
1656 1034 1868 1118 primo
1892 1032 2239 1098 Dominicae
2276 1040 2520 1099 octavae
2557 1038 2702 1117 post
2730 1032 3142 1102 Pentecosten
3171 1059 3188 1102 ε
3230 1060 3263 1099 α
3289 1038 3444 1117 Quis

246 1175 323 1222 ex
340 1157 527 1223 vobis
549 1159 660 1234 est,
692 1154 807 1237 qui
841 1153 1067 1218 omnia
1089 1153 1259 1218 bona
1282 1169 1400 1217 sua
1425 1170 1561 1217 non
1585 1151 1765 1217 daret
1788 1151 1935 1231 regi
1961 1149 2270 1231 Franciae,
2301 1151 2357 1215 si
2384 1170 2537 1216 eum
2560 1152 2933 1236 adoptaret?
2959 1175 2990 1214 ι
3027 1153 3102 1219 In
3133 1155 3441 1223 Sermone

246 1275 445 1358 primo
469 1271 816 1337 Dominicae
842 1270 1054 1335 tertiae
1081 1267 1344 1334 decimae
1370 1272 1513 1351 post
1539 1268 1953 1334 Pentecosten
1984 1290 2001 1334 ε
2037 1291 2070 1330 α
2096 1269 2217 1347 Qui
2249 1269 2340 1333 ita
2378 1274 2681 1350 argueret
2712 1292 2728 1335 ε
2760 1271 2900 1337 Rea·
2921 1273 3221 1339 Francioe
3251 1277 3444 1355 min—

246 1406 382 1472 ceps
406 1394 498 1456 est
517 1390 819 1455 Froncioe
849 1406 873 1451 .-
901 1401 1049 1470 erqo
1076 1388 1215 1468 ipse
1242 1384 1541 1454 condidit
1564 1387 1909 1454 Franciam
1934 1405 1959 1450 .-
1988 1386 2220 1451 stultus
2254 1385 2335 1449 ab
2364 1385 2666 1451 omnibus
2691 1386 3060 1453 haberetur.
3090 1410 3122 1450 ι

318 1504 571 1570 ’Exstat
597 1504 829 1570 Assisii
854 1504 1057 1569 codex
1083 1503 1355 1568 membr.
1386 1504 1541 1582 ἱππ-4,
1571 1505 1813 1588 absque
1837 1504 2248 1586 tegumentis,
2278 1518 2554 1566 numero
2580 1506 2645 1567 et
2665 1505 2926 1569 nomine
2951 1506 3250 1572 auctoris.
3281 1506 3442 1572 Nam

246 1629 596 1706 temporum
625 1621 873 1704 injuria
898 1620 1089 1686 valde
1114 1623 1453 1704 corruptus
1479 1623 1575 1685 est
1598 1620 1712 1703 huj
1722 1620 1969 1686 usmodi
2001 1620 2223 1685 codex.
2255 1619 2496 1685 Desunt
2522 1621 2581 1686 ei
2608 1620 2847 1687 chartae
2883 1623 2955 1687 in
2999 1624 3337 1708 principio,
3372 1626 3442 1690 in

243 1740 535 1816 decursu,
578 1758 657 1804 ac
701 1739 776 1802 in
820 1739 976 1803 fine.
1006 1736 1274 1802 Videtur
1303 1737 1374 1801 D.
1406 1736 1878 1802 Bonaventurae
1907 1755 2184 1804 coaevus.
2215 1736 2375 1802 Inibi
2403 1744 2698 1804 contenta
2714 1742 2770 1822 ej
2778 1742 3003 1806 usdem
3024 1744 3439 1826 antiquitatis,

184 1913 189 1926 .
245 1865 427 1942 atque
450 1857 601 1941 styli
632 1857 828 1941 plane
856 1855 1425 1956 Bonaventuriani,
1455 1873 1592 1920 esse
1616 1860 1991 1921 noscuntur.
2024 1855 2096 1918 ln
2125 1873 2201 1919 eo
2228 1855 2534 1937 leguntur
2552 1857 2848 1940 quaedam
2865 1859 3034 1924 edita
3050 1860 3220 1925 inter
3242 1860 3445 1926 Bona-

240 1977 637 2053 venturiana,
668 1974 978 2058 quaedam
1008 1972 1166 2038 inibi
1195 1972 1402 2055 magis
1428 1991 1627 2055 quam
1650 1973 1719 2037 in
1745 1972 1826 2036 iis
1852 1972 2186 2055 completa,
2218 1972 2345 2036 alia
2369 1974 2625 2053 inedita,
2657 1974 2782 2038 alia
2806 1993 2960 2041 vero
2986 1976 3066 2040 ad
3091 1976 3278 2058 edita,
3308 1981 3444 2041 tan·

241 2115 428 2179 quam
452 2113 593 2161 non
621 2094 838 2160 solum
864 2094 1245 2173 deficientia,
1276 2093 1387 2158 sed
1412 2092 1607 2156 etiam
1637 2091 2034 2174 interpolata,
2065 2091 2187 2154 rite
2213 2089 2607 2188 emendanda
2626 2108 2935 2173 perquam
2954 2093 3183 2157 idonea
3204 2115 3220 2157 t
3243 2113 3311 2159 v.
3337 2113 3439 2176 g„

241 2213 443 2295 quoad
483 2213 684 2292 edita,
728 2212 901 2277 inter
940 2212 1267 2278 Sermones
1312 2210 1392 2277 de
1442 2209 1761 2290 Tempore,
1806 2208 1893 2271 ibi
1929 2211 2141 2273 exstat
2182 2208 2403 2274 Sermo
2428 2227 2450 2270 1
2480 2207 2663 2272 Dom.
2695 2227 2812 2273 xlv
2840 2214 2982 2292 post
3007 2215 3440 2290 Pentecosten,

235 2331 540 2414 incipiens
572 2352 591 2395 ε
622 2330 823 2398 Nemo
848 2335 1053 2414 potest
1078 2328 1321 2396 duobus
1348 2328 1636 2396 dominis
1662 2329 1929 2407 servire,
1976 2331 2041 2391 et
2081 2326 2418 2392 concordat
2459 2344 2609 2390 cum
2646 2326 2955 2407 impresso
2991 2327 3059 2390 in
3094 2328 3443 2392 novissima

235 2447 499 2512 editione
522 2446 796 2526 Veneta,
824 2451 986 2512 tom.
1018 2465 1085 2528 Χ,
1116 2463 1266 2530 pag.
1304 2448 1424 2510 396
1451 2447 1496 2509 ⁸.
1529 2445 1747 2511 Itidem
1790 2443 2013 2509 Sermo
2057 2445 2285 2508 tertius
2324 2443 2614 2525 ejusdem
2664 2442 3033 2522 Dominicae,
3082 2443 3393 2526 incipiens
3425 2465 3442 2508 ι

239 2564 507 2638 Οκιετίτε
537 2578 713 2646 erqo,
742 2563 1205 2646 concordatque
1250 2579 1402 2626 cum
1440 2560 1609 2627 edito
1649 2561 1906 2639 ibidem,
1950 2579 2105 2643 pag.
2149 2565 2268 2625 398
2313 2560 2355 2624 ⁸.
2405 2560 2579 2625 idem
2616 2561 2889 2626 dixerim
2926 2564 2990 2625 et
3025 2561 3105 2626 de
3135 2560 3446 2627 Sermone

234 2680 414 2745 tertio
441 2679 797 2746 Dominicae
822 2698 919 2745 xv
946 2683 1093 2762 post
1117 2678 1557 2758 Pentecosten,
1598 2678 1710 2762 qui
1749 2677 1971 2760 incipit
2003 2678 2255 2746 Resedit
2283 2678 2401 2761 qui
2428 2684 2571 2745 erat
2598 2685 2913 2755 mortuus,
2948 2677 3036 2742 ibi
3065 2695 3218 2773 pag.
3249 2684 3368 2743 405
3396 2681 3440 2758 ⁸,

234 2795 385 2860 etde
421 2794 639 2860 serm.
676 2796 959 2860 seeundo
986 2796 1168 2860 nom.
1198 2814 1337 2875 m,
1369 2798 1553 2878 cnjus
1576 2794 1845 2877 princip.
1879 2795 2121 2872 Amice,
2165 2774 2435 2861 ascende
2475 2796 2798 2876 superius,
2845 2793 2932 2857 ibi
2958 2812 3113 2876 pag.
3150 2799 3260 2859 ω
3298 2796 3356 2874 ·;
3387 2798 3452 2860 et

233 2911 302 2975 de
325 2911 619 2978 secundo
647 2911 960 2977 Sermone
988 2912 1146 2977 Dom
1175 2931 1360 2992 xxm,
1390 2911 1580 2993 incip.
1616 2909 1771 2976 Cum
1807 2911 2004 2993 ejecta
2039 2918 2218 2993 esset,
2248 2912 2337 2975 ibi
2361 2928 2513 2994 pag.
2552 2914 2671 2974 456
2699 2917 2721 2951 ⁷
2747 2931 2765 2991 ;
2795 2915 2858 2974 et
2894 2911 2972 2975 de
2995 2912 3272 2976 secundo
3302 2911 3451 2977 Ser-

234 3045 413 3094 mone
440 3028 638 3094 Dom.
666 3047 829 3095 mv
866 3032 1013 3111 post
1040 3029 1244 3109 Pent.,
1277 3028 1471 3111 incip.
1513 3027 1623 3093 Voe
1650 3033 1866 3095 autem
1890 3028 2400 3111 proeqnantibus,
2428 3027 2520 3091 ibi
2546 3046 2694 3110 pag.
2728 3031 2848 3092 465
2873 3028 2919 3091 ⁸.
2964 3026 3103 3105 Quo
3129 3031 3346 3092 autem
3371 3027 3451 3092 ad

234 3145 606 3227 praedictum
649 3143 1031 3210 Sermonem
1075 3145 1426 3211 wcundum
1454 3143 1637 3209 Dom.
1684 3163 1846 3209 xxm
1890 3150 2033 3227 post
2075 3144 2286 3225 Pent.,
2324 3144 2440 3210 ubi
2483 3144 2552 3208 in
2594 3143 2762 3208 edito
2786 3143 2929 3209 haec
2957 3146 3053 3206 est
3079 3143 3400 3208 conclusio
3432 3166 3446 3205 ε

232 3258 340 3326 Per
362 3267 501 3328 tres
530 3267 819 3329 mortuos
839 3261 1279 3343 siqnificatun
1307 3260 1388 3327 de
1414 3261 1648 3344 quibus
1674 3278 1877 3346 supra
1902 3264 1978 3328 in
2007 3263 2299 3331 Sermone
2332 3282 2348 3326 ε
2380 3260 2639 3328 Resedit
2676 3262 2795 3343 qui
2835 3264 2973 3327 erat
2997 3266 3284 3328 mortuus
3318 3262 3451 3345 (qui

229 3375 445 3443 Sermo
467 3380 578 3443 est
603 3378 924 3444 secundus
948 3378 1131 3443 Dom.
1160 3397 1251 3444 xv
1278 3382 1423 3462 post
1448 3377 1632 3445 Pent.
1666 3380 1809 3445 heic
1834 3381 1905 3444 in
1937 3381 2370 3468 manuscripto
2398 3398 2529 3444 non
2557 3379 2859 3459 exstans),
2887 3377 2958 3441 in
2979 3377 3203 3443 eodem
3232 3397 3454 3444 manu·

228 3494 454 3578 scripto
482 3493 754 3559 additur
786 3513 806 3558 :
838 3495 923 3562 Et
945 3511 1064 3578 per
1092 3499 1219 3562 tres
1245 3499 1526 3563 mortuos
1555 3498 1993 3581 siqnificatur,
2025 3513 2184 3581 quos
2209 3512 2464 3581 surpere
2491 3498 2642 3577 fecit
2667 3496 3004 3575 Dominus,
3040 3500 3158 3561 etc.

302 3609 481 3676 Inter
510 3607 866 3675 Sermones
895 3610 977 3676 de
1005 3610 1337 3677 Communi
1369 3611 1750 3681 Sanctorum
1776 3619 2015 3698 septem
2060 3618 2214 3679 sunt
2248 3616 2315 3678 in
2345 3614 2776 3696 manuscripto
2806 3613 3130 3697 praedicto,
3160 3613 3275 3697 qui
3302 3613 3452 3677 editi

226 3727 571 3810 hahentur,
600 3728 924 3794 nimirum
950 3731 1081 3794 tres
1107 3728 1185 3795 de
1215 3732 1425 3797 Beata
1450 3745 1809 3813 semperque
1836 3731 2105 3814 Virqine
2128 3730 2370 3810 Maria,
2403 3735 2562 3795 tom.
2593 3749 2660 3793 xl
2679 3731 2724 3811 ⁹,
2756 3748 2797 3793 a
2819 3749 2977 3812 pag.
2998 3734 3108 3795 281
3139 3736 3452 3814 ;quatuor

228 3842 303 3910 de
342 3845 653 3929 Amyclis,
700 3863 741 3909 a
780 3862 935 3929 pag.
983 3848 1098 3910 291
1142 3847 1428 3929 praefatae
1472 3847 1767 3912 editionis
1794 3849 1862 3913 ¹‘.
1912 3848 2035 3914 Sed
2073 3849 2244 3931 quod
2282 3851 2520 3932 spectat
2558 3848 2935 3912 Sermonem
2978 3847 3330 3913 secundum
3372 3848 3452 3914 de

226 3960 291 4026 S.
327 3961 605 4046 Virgine
648 3960 872 4041 Maria,
919 3965 1135 4027 textus
1172 3962 1479 4029 Romanis
1520 3964 1886 4030 Editoribus
1928 3969 2279 4048 suspectus,
2322 3964 2435 4047 qui
2479 3965 2649 4028 favet
2689 3962 3117 4026 immaculatae
3164 3962 3451 4044 ejusdem

228 4080 657 4165 conceptioni,
681 4081 949 4145 omnino
975 4081 1267 4147 diversus
1301 4088 1366 4146 et
1392 4063 1750 4148 contrarius
1776 4083 1964 4147 estin
1998 4083 2459 4165 manuscripto,
2490 4082 2558 4145 in
2586 4098 2716 4163 quo
2743 4086 2926 4144 sonat
2959 4100 2975 4142 :
3017 4101 3049 4138 α
3078 4077 3294 4143 Primo
3331 4079 3454 4144 fuit

228 4196 410 4279 plena
437 4196 677 4280 gratia
700 4203 1116 4281 expurgante
1138 4199 1207 4263 in
1234 4217 1355 4264 sua
1381 4201 1902 4267 sanctificatione.
1935 4198 2230 4265 Secundo
2260 4200 2472 4283 gratia
2505 4196 2911 4262 foecundante
2938 4195 3007 4259 in
3034 4193 3145 4258 Dei
3170 4192 3312 4258 Filii
3338 4212 3453 4259 ex-

228 4317 537 4398 ceptione.
574 4312 797 4380 Tertio
826 4316 1040 4397 gratia
1066 4317 1401 4382 decorante
1424 4319 1497 4383 in
1522 4336 1641 4384 sua
1662 4319 2168 4384 conversatione.
2204 4318 2444 4395 Quarto
2479 4313 2693 4398 gratia
2720 4313 3206 4377 consummante
3237 4310 3308 4374 in
3335 4329 3454 4376 sua

230 4434 734 4516 glorificatione.
780 4432 861 4498 Ut
895 4433 987 4497 sic
1020 4439 1182 4501 esset
1210 4437 1282 4500 in
1315 4455 1393 4501 ea
1437 4438 1649 4519 gratia
1689 4437 2043 4520 purgativa
2067 4439 2292 4500 contra
2331 4431 2797 4516 turpitudinem
2828 4429 3073 4513 culpae3
3107 4428 3319 4511 gratia
3342 4429 3455 4493 foe-

229 4550 579 4617 cundativa
604 4553 875 4633 propter
904 4552 1376 4634 conceptionem
1403 4553 1790 4636 integritatis
1831 4553 2182 4636 virgineae3
2214 4552 2424 4634 gratia
2446 4549 2808 4616 decorativa
2825 4552 3085 4631 propter
3112 4547 3457 4630 pulchritu-

229 4666 442 4733 dinem
467 4667 679 4744 vitae3
713 4669 780 4730 et
805 4666 1079 4731 ulterius
1104 4670 1314 4749 gratia
1339 4669 1719 4751 completiva
1746 4688 1862 4753 per
1888 4670 2307 4734 eminentiam
2345 4667 2573 4751 gloriae
2612 4670 2744 4731 tam
2771 4666 2839 4730 in
2866 4666 3104 4744 anima,
3148 4683 3346 4748 quam
3388 4665 3454 4728 in

230 4801 520 4869 empore.
554 4784 869 4849 Dicamus
896 4802 1076 4867 erge,
1102 4786 1273 4869 quod
1303 4785 1576 4851 Domina
1600 4790 1822 4852 nostra
1848 4788 1971 4851 fuit
1996 4787 2189 4870 plena
2216 4786 2429 4868 gratia
2455 4787 2864 4869 expurgante
2880 4784 2950 4846 in
2968 4800 3086 4846 sua
3101 4782 3452 4846 sanctifica-

234 4903 398 4968 tione
432 4907 674 4969 contra
715 4901 1067 4966 foeditatem
1113 4889 1447 4986 originalis
1485 4902 1714 4986 culpae,
1763 4922 1962 4987 quam
2004 4904 2326 4970 contraxit
2373 4921 2457 4967 ex
2501 4901 2908 4985 corruptione
2948 4904 3196 4965 naturae
3227 4920 3244 4964 ε
3283 4900 3456 4965 solus

239 5021 403 5088 emm
426 5020 648 5087 Filius
671 5016 961 5100 Virginis
987 5020 1069 5083 ab
1094 5020 1398 5102 originali
1424 5020 1550 5086 fuit
1574 5020 1763 5103 culpa
1801 5021 2135 5088 immunis.
2167 5020 2566 5086 Credendum
2599 5023 2693 5083 est
2736 5021 2974 5091 tamen,
3023 5018 3194 5100 quod
3233 5017 3300 5081 in
3333 5018 3454 5082 hac

302 5250 323 5284 ²
352 5248 424 5298 De
463 5247 738 5312 δαέρων.
776 5243 971 5305 eccles„
1013 5259 1057 5297 c.
1099 5249 1207 5299 562.
1247 5275 1309 5288 -
1348 5250 1366 5280 ²
1402 5247 1698 5313 Prodrom„
1734 5248 1836 5300 col.
1866 5251 1957 5299 384
1994 5252 2049 5300 et
2073 5262 2184 5313 seq.
2211 5273 2276 5286 -
2317 5247 2340 5282 ³
2365 5247 2477 5297 Hoc
2511 5247 2655 5296 tomo
2691 5244 2834 5304 xlll,
2873 5255 2991 5306 pag.
3029 5243 3138 5293 415.
3166 5267 3230 5280 -·-
3256 5242 3453 5304 ⁸1bid.,

246 5329 353 5382 pag.
385 5322 493 5369 418.
518 5344 591 5356 —-
619 5319 645 5353 ⁸
675 5312 831 5379 ibid„
858 5327 978 5379 pag.
1008 5319 1115 5368 ⁴25.
1146 5344 1201 5356 -
1232 5321 1252 5350 ⁶
1278 5320 1424 5384 thid„
1448 5335 1569 5385 pag.
1597 5324 1708 5372 431.
1737 5346 1800 5358 -
1821 5320 1844 5356 ⁷
1874 5319 2024 5382 thid„
2054 5334 2175 5386 pag.
2201 5320 2308 5370 479.
2337 5345 2390 5355 —-
2420 5319 2439 5348 ⁸
2470 5330 2588 5381 pag.
2611 5318 2721 5367 489.
2750 5340 2809 5352 -
2834 5315 2853 5345 ⁹
2877 5313 2995 5376 Huj.
3016 5313 3140 5364 edit.
3167 5317 3293 5364 tom.
3321 5314 3453 5376 XlV,

246 5389 295 5439 in
320 5390 499 5441 ordine
528 5391 796 5442 sermon.
824 5397 1030 5449 xxxvn,
1053 5401 1250 5442 xxxvm
1281 5397 1335 5443 et
1364 5404 1550 5445 xxxix.
1574 5419 1636 5431 —
1664 5393 1706 5427 ¹·
1740 5392 1868 5454 tbid,
1898 5394 2121 5457 quatuor
2154 5389 2448 5442 immediate
2477 5389 2765 5452 sequentes.
