4059 6317
574 489 693 551 588

572 620 948 694 lidissimum,
979 622 1037 679 et
1059 636 1168 696 per
1183 634 1549 696 consequens
1575 636 1807 680 summe
1834 621 2114 694 activum,

573 733 805 777 summe
845 716 1321 790 consumptivum
1337 758 1357 788 ,
1394 733 1624 775 summe
1658 716 2114 792 penetrativum,

574 818 631 871 et
651 812 736 870 rei
765 815 1310 887 quantumcumque
1329 811 1675 884 durissimas,
1698 815 1756 869 et
1773 816 2115 886 compactoe,

574 905 894 965 divisivum
963 910 1021 963 et
1071 904 1535 980 liquefactivum.
1615 905 1672 964 Si
1723 921 1848 964 non
1902 900 2116 976 credis,

574 1016 770 1075 quaere
799 999 914 1058 hoc
944 1015 981 1057 a
1007 998 1260 1057 metallis
1286 1041 1306 1072 ,
1335 1015 1470 1074 qum
1496 1041 1516 1072 ,
1561 1015 1698 1058 cum
1723 999 1841 1057 sint
1864 1015 2120 1074 corpora

572 1092 949 1164 solidissima,
986 1096 1044 1151 et
1070 1107 1323 1167 corpora
1350 1092 1822 1167 compactissima
1834 1133 1855 1165 ‚
1884 1109 1993 1167 per
2019 1108 2118 1151 ac-

570 1186 794 1245 tionem
820 1191 1019 1245 tamen
1051 1186 1208 1260 ignis
1235 1202 1359 1245 non
1383 1184 1579 1245 solum
1610 1187 1983 1257 mollescunt,
2010 1186 2119 1246 sed

571 1284 806 1360 penitus
832 1281 1164 1356 liquefiunt.
1209 1281 1454 1340 Attende
1483 1286 1702 1354 tamen,
1753 1287 1816 1341 ut
1859 1285 2121 1344 Philoso-

574 1379 727 1454 phus
771 1377 946 1435 docet
972 1376 1012 1444 ¹,
1043 1376 1207 1450 quod
1236 1375 1388 1449 ignis
1434 1377 1556 1434 tres
1580 1378 1716 1435 sunt
1763 1379 1987 1453 species
2002 1421 2022 1451 ,
2054 1379 2120 1438 id

574 1478 680 1543 est,
707 1471 863 1545 ignis
888 1469 1013 1543 lux,
1056 1469 1119 1527 in
1148 1485 1255 1527 sua
1280 1470 1510 1544 sphaera
1525 1490 1543 1543 3
1584 1470 1740 1544 ignis
1764 1472 2028 1543 flamma,
2057 1473 2120 1531 in

573 1565 822 1624 materia
843 1580 1018 1622 aerea
1041 1583 1056 1624 ι
1078 1568 1134 1622 et
1157 1564 1314 1637 ignis
1341 1564 1547 1636 carbo,
1570 1565 1632 1622 in
1649 1567 1895 1624 materia
1907 1570 2116 1625 terrea.

575 1645 988 1717 Verumtamen
1016 1657 1171 1732 ignis
1197 1658 1259 1715 in
1289 1658 1549 1718 carbone
1579 1663 1667 1717 est
1688 1659 1868 1717 valde
1893 1665 2119 1735 acutus,

576 1753 633 1806 et
675 1747 854 1807 valde
881 1748 1219 1820 afflictivus,
1262 1748 1311 1805 si
1346 1747 1518 1806 fuerit
1544 1748 1834 1821 affligibili
1862 1750 2121 1824 applica·

576 1846 688 1900 tus·
746 1840 893 1901 Cum
920 1842 1099 1916 igitur
1147 1842 1355 1900 beatus
1393 1843 1736 1901 Laurentius
1786 1843 1961 1902 fuerit
2003 1844 2121 1903 hoc

575 1939 714 2013 igne
742 1938 1042 2007 decoctus,
1069 1940 1127 1995 ct
1152 1936 1444 1995 craticulae
1470 1936 1886 2011 superpositus,
1913 1938 2123 2012 prunis

577 2032 843 2103 adustus,
881 2034 1037 2089 recte
1079 2030 1273 2105 potuit
1298 2029 1494 2088 dicere
1547 2030 1796 2089 Domino
1827 2050 1842 2088 :
1873 2033 2005 2103 Ione
2038 2049 2124 2090 me

577 2129 923 2184 examinasti.
951 2127 1016 2182 1n
1040 2114 1258 2198 quibus
1278 2123 1477 2182 verbis
1502 2123 1762 2182 maxime
1791 2124 1914 2181 duo
1942 2123 2119 2184 facit:

578 2236 720 2279 nam
744 2219 941 2295 primo
968 2217 1224 2276 ostendit
1249 2234 1310 2276 se
1339 2233 1465 2276 esse
1491 2216 1809 2293 probatum
1837 2234 1945 2292 per
1971 2218 2125 2291 ignis

580 2313 972 2385 adurentiam,
1003 2328 1187 2387 quam
1212 2312 1469 2386 portavit
1499 2331 1513 2369 :
1543 2311 1807 2370 secundo
1836 2327 1897 2369 se
1920 2312 2127 2372 asserit

577 2406 954 2466 innocentem
992 2405 1301 2464 inventum
1327 2420 1435 2479 per
1468 2405 1662 2481 ipsam
1701 2404 2124 2476 innocentiam,

579 2517 761 2577 quam
803 2500 1077 2559 servavit.
1130 2500 1390 2558 Primum
1427 2500 1538 2558 fuit
1570 2499 1960 2558 indicativum
2003 2517 2126 2559 suae

578 2595 897 2671 sapientioe,
952 2610 1075 2669 qua
1107 2593 1380 2652 sustinuit
1402 2593 1593 2652 ardua
1608 2613 1626 2667 ;
1657 2593 1986 2652 secundum
2017 2594 2130 2653 fuit

579 2690 939 2749 ostensivum
986 2706 1109 2748 suae
1162 2688 1541 2761 innocentiae,
1599 2704 1721 2762 qua
1765 2686 1916 2760 fugit
1967 2687 2128 2748 mala

578 2784 878 2843 foedantia.
911 2787 976 2843 ln
1001 2783 1094 2842 his
1132 2782 1292 2841 enim
1321 2782 1559 2841 duobus
1586 2782 1846 2840 consistit
1871 2782 2130 2857 perfecta

573 2879 825 2952 justitia,
871 2878 1093 2936 scilicet
1119 2878 1182 2936 in
1217 2878 1595 2952 aggressione
1633 2876 1934 2937 bonorum
1983 2892 2128 2949 ope-

579 2989 712 3031 rum
742 2972 1091 3044 arduorum,
1138 2971 1359 3047 quibus
1385 2971 1448 3029 in
1483 2971 1647 3029 bono
1676 2968 2041 3044 proficimuS,
2072 2973 2130 3027 et

580 3066 644 3124 in
671 3067 1063 3126 declinatione
1082 3066 1404 3136 malorum,
1433 3063 1654 3139 quibus
1669 3062 1985 3121 inficimur.
2011 3067 2129 3121 No-

584 3164 736 3220 tatur
780 3176 925 3233 ergo
977 3160 1174 3235 primo
1230 3163 1413 3218 status
1468 3159 1793 3218 tolerantias
1809 3202 1829 3231 ,
1885 3157 1949 3215 in
2003 3174 2127 3233 quo

583 3253 957 3312 adustionem
996 3253 1288 3325 sustinuit,
1317 3270 1456 3311 cum
1488 3252 1571 3311 ait
1599 3270 1614 3310 :
1645 3255 1778 3325 Iane
1801 3269 1884 3310 me
1922 3257 2132 3312 catami-

583 3351 751 3407 nasti.
807 3347 1080 3406 Secundo
1125 3351 1362 3406 notatur
1414 3350 1594 3405 status
1631 3345 2007 3421 innocentiae,
2064 3348 2131 3407 in

584 3460 706 3519 quo
734 3442 876 3502 vitia
901 3442 1238 3515 declinavit,
1283 3459 1419 3501 cum
1446 3441 1653 3500 addit:
1681 3459 1788 3499 non
1808 3449 1888 3501 est
1911 3447 2133 3504 inventa

584 3542 646 3596 in
672 3555 755 3596 me
781 3541 1067 3611 iniquitas.
1105 3538 1266 3596 Dicat
1291 3554 1434 3611 ergo
1463 3539 1708 3598 Sanctus
1744 3541 2088 3598 Laurentius
2115 3557 2131 3598 ε

586 3636 719 3705 Iane
760 3649 843 3690 me
886 3635 1229 3690 examinasti.
1283 3634 1378 3690 Est
1412 3632 1588 3704 igitur
1613 3631 1711 3690 hic
1763 3633 2132 3705 notandum,

586 3726 755 3801 quod
782 3725 1001 3800 duplex
1016 3728 1103 3784 est
1127 3724 1280 3799 ignis
1312 3744 1327 3783 :
1358 3742 1513 3783 unus
1532 3725 1873 3796 materiaIiS,
1902 3730 1961 3785 et
1976 3743 2132 3785 unus

585 3819 922 3894 spiritualis,
969 3822 1046 3877 De
1076 3819 1370 3893 corporali
1397 3818 1545 3876 nihil
1572 3819 1634 3877 in
1672 3819 1788 3878 hoc
1816 3836 2129 3893 sermone3

587 3913 696 3971 sed
725 3913 801 3972 de
825 3913 1113 3988 spirituali
1152 3912 1382 3988 aliquid
1410 3917 1496 3971 est
1523 3912 1844 3972 dicendum
1870 3913 1951 3972 ad
1990 3929 2135 3972 nos·

588 4013 739 4067 tram
783 4007 1245 4066 instructionem.
1290 4008 1368 4064 De
1394 4008 1510 4065 hoc
1551 4008 1711 4066 enim
1755 4007 1896 4066 dicit
1936 4008 2134 4067 Domi-

588 4118 702 4161 nus
727 4101 751 4134 ²
778 4122 796 4158 2
830 4121 861 4157 α
889 4105 1092 4175 Ignem
1109 4102 1246 4159 veni
1270 4102 1499 4159 mittere
1525 4102 1590 4160 in
1607 4106 1825 4161 terram
1854 4121 1869 4159 :
1901 4107 1958 4161 et
1984 4103 2134 4178 quid

589 4197 733 4255 volo
759 4194 874 4254 nisi
889 4198 953 4254 ut
971 4197 1178 4255 ardeat
1195 4197 1271 4272 (a)
1290 4197 1318 4252 ‘i
1338 4217 1368 4252 n
1400 4194 1729 4269 spiritualis
1751 4196 1950 4271 itaq-ue
1977 4197 2134 4270 ignis

590 4306 714 4349 non
742 4293 828 4348 est
862 4290 1047 4361 aliud,
1075 4305 1258 4366 quam
1286 4289 1536 4348 charitas
1549 4331 1568 4361 ‚
1600 4290 1724 4346 sive
1765 4291 1974 4363 gratia,
2009 4307 2134 4367 qua

590 4390 970 4463 peccatorum
987 4386 1204 4459 rubigo
1229 4385 1614 4456 consumitur,
1627 4385 1811 4458 frigus
1830 4385 1908 4444 ab
1932 4388 2135 4445 anima

593 4479 838 4553 tollitur,
863 4478 1109 4537 durities
1126 4483 1485 4552 removetur,
1508 4482 1565 4536 et
1581 4495 1614 4536 e
1633 4481 1840 4537 contra
1856 4479 2136 4553 quaedam

593 4573 972 4648 pulchritudo
1025 4573 1320 4631 inducitur
1344 4616 1363 4644 ,
1419 4573 1616 4632 calore
1661 4573 1881 4631 amoris
1935 4574 2136 4633 anima

591 4667 1013 4740 inflammatur,
1046 4671 1103 4725 et
1143 4665 1459 4724 dulcedine
1502 4666 1766 4741 quadam
1813 4670 1870 4726 et
1920 4669 2136 4743 pietate

591 4760 876 4819 mollitur.
908 4763 1021 4819 Ista
1045 4760 1204 4819 enim
1232 4760 1436 4819 omnia
1462 4760 1617 4833 ignis
1645 4761 1974 4836 corporalis
1997 4761 2138 4821 facit

590 4854 655 4913 in
681 4854 859 4927 ferro,
882 4859 939 4912 et
958 4870 1127 4912 amor
1147 4853 1467 4929 spiritualis
1493 4854 1632 4913 facit
1654 4855 1719 4912 in
1740 4855 1958 4914 anima.
1993 4859 2136 4914 item

593 4950 848 5020 attende,
879 4950 1066 5024 quod,
1087 4950 1236 5009 sicut
1250 4949 1572 5008 materialis
1593 4950 1744 5023 ignis
1773 4950 1971 5008 deficit
1996 4951 2137 5024 cito,

592 5060 718 5101 non
741 5044 993 5102 nutritus
1000 5085 1021 5117 ‚
1047 5043 1131 5102 sic
1158 5048 1216 5103 et
1239 5044 1395 5118 ignis
1417 5043 1736 5119 spiritualis
1763 5043 1877 5102 cito
1907 5045 2132 5118 deficit,

591 5153 719 5197 non
757 5139 1030 5197 nutritus.
1076 5141 1171 5198 Est
1212 5138 1389 5211 igitur
1432 5138 1796 5212 notandum,
1843 5138 2010 5213 quod
2055 5139 2135 5197 ad

665 5289 676 5316 ¹
705 5287 877 5349 Arist„
910 5288 1089 5352 Topic„
1115 5287 1205 5339 lib.
1238 5288 1302 5349 V,
1331 5301 1378 5338 c.
1410 5300 1493 5352 111,
1521 5300 1631 5352 par.
1663 5291 1710 5338 1.
1735 5313 1796 5325 —
1819 5287 1843 5322 ²
1865 5288 2000 5351 Luc„
2038 5298 2134 5351 xn,

600 5361 679 5411 49.
706 5385 768 5396 —-
795 5357 818 5392 ⁸
843 5357 987 5422 Sap„
1017 5369 1063 5415 ι,
1102 5361 1150 5409 3.
1180 5386 1242 5397 -
1277 5360 1295 5391 ⁴
1332 5360 1444 5410 Hoc
1481 5360 1765 5411 secundum
1804 5358 2138 5423 philosopho-

599 5444 713 5485 rum
749 5428 1032 5483 doctrinam
1063 5445 1077 5482 ε
1111 5444 1260 5483 secus
1295 5436 1466 5482 autem
1502 5430 1840 5493 medicorum,
1877 5429 1966 5494 qui
1989 5428 2139 5495 iecur

1606 481 2025 550 SERMONES
2066 483 2170 551 DE
2206 485 2558 554 SANCTIS.
2602 488 2729 554 XL.

2224 622 2606 684 nutriendum
2630 624 2787 683 hunc
2814 627 3080 682 sanctum
3106 623 3310 697 ignem
3337 624 3601 697 quatuor
3634 639 3756 682 ma-

2224 717 2384 775 xime
2411 723 2547 776 sunt
2570 718 2900 776 necessaria
2927 737 2944 774 ε
2974 717 3235 792 primum
3273 720 3361 774 est
3392 732 3547 791 pura
3584 716 3757 774 medi·

2225 811 2367 870 tatio
2416 812 2649 886 cordis3
2698 812 3029 870 secundum
3069 814 3158 869 est
3200 815 3405 869 sancta
3448 810 3755 869 collocutio

2227 906 2347 965 oris
2360 925 2380 978 3
2401 906 2637 965 tertium
2663 907 2751 963 est
2774 904 3136 964 continuatio
3164 903 3311 963 boni
3340 906 3574 980 operis:
3598 920 3759 978 quar·

2226 1003 2355 1057 turn
2381 1015 2524 1058 vero
2564 999 2899 1058 humiliatio
2940 1014 3085 1057 vera
3121 999 3355 1056 mentis.
3398 998 3544 1057 Miro
3584 999 3759 1056 modo

2226 1093 2319 1152 his
2345 1097 2635 1169 quatuor,
2664 1093 2887 1166 gratia,
2914 1093 3036 1150 sive
3060 1108 3254 1164 amor,
3282 1091 3536 1150 nutritur
3563 1092 3629 1150 in
3660 1093 3761 1151 ho-

2228 1188 2421 1259 mine,
2450 1187 2667 1246 scilicet
2706 1187 2871 1261 puris
2896 1185 3379 1244 meditationibus
3396 1229 3413 1255 ,
3443 1185 3620 1243 castis
3647 1201 3762 1244 ser·

2227 1281 2538 1355 monibus,
2565 1281 2779 1341 sanctis
2807 1280 3089 1356 operibus
3102 1323 3122 1353 ,
3150 1283 3208 1338 et
3228 1280 3558 1339 humiliatis
3585 1279 3763 1339 servi-

2229 1374 2417 1432 cibus,
3774 1412 3779 1417 -

2301 1469 2469 1542 Dico,
2500 1469 2664 1544 quod
2693 1469 2951 1543 primum
2966 1511 2986 1542 ,
3026 1467 3194 1543 quod
3233 1468 3313 1526 ad
3352 1467 3767 1525 nutrimentum

2228 1563 2547 1638 spiritualis
2585 1564 2737 1636 ignis
2782 1566 2870 1621 est
2908 1562 3335 1633 necessarium,
3376 1564 3464 1619 est
3520 1576 3675 1636 pura
3716 1565 3769 1618 et

2229 1662 2430 1715 sancta
2470 1656 2773 1716 meditatio
2821 1656 3039 1715 cordis.
3088 1655 3247 1715 Sicut
3289 1654 3451 1713 enim
3498 1678 3527 1705 α
3577 1669 3769 1729 pravoe

2229 1742 2615 1823 cogitationes
2656 1749 2964 1808 hominem
3008 1752 3284 1824 separant
3322 1754 3361 1806 a
3400 1752 3546 1818 Deo,
3574 1769 3601 1803 ι
3627 1749 3770 1805 sicut

2231 1845 2446 1904 dicitur
2468 1848 2513 1917 ³,
2541 1845 2626 1904 sic
2663 1846 2839 1904 bonae
2883 1850 2941 1904 et
2976 1862 3139 1920 purae
3179 1849 3297 1905 Deo
3341 1845 3559 1903 uniunt
3587 1844 3681 1919 (b),
3716 1849 3770 1902 et

2230 1955 2468 2012 amore,
2493 1955 2615 2015 quo
2654 1940 2861 1998 uniunt
2893 1941 2956 2013 (b)
2974 1982 2995 2013 ,
3031 1940 3419 1998 enutriuntur.
3447 1942 3564 1997 Cor
3586 1938 3764 2009 enim,

2230 2034 2379 2092 sicut
2418 2037 2505 2092 est
2548 2033 2820 2092 omnium
2863 2034 3275 2093 membrorum
3316 2033 3613 2108 primum,
3654 2035 3712 2089 et
3734 2048 3769 2091 a

2230 2132 2444 2186 natura
2494 2126 2688 2202 primo
2741 2127 3136 2202 productum,
3185 2126 3269 2184 sic
3325 2131 3412 2184 est
3458 2125 3771 2200 spiritualis

2231 2221 2408 2295 ignis,
2438 2221 2563 2279 sive
2591 2221 2769 2280 totius
2794 2222 3015 2279 amoris
3041 2219 3301 2279 radicale
3329 2221 3690 2293 subjectum,
3717 2224 3771 2278 et

2232 2314 2557 2390 principale
2588 2315 2959 2374 domicilium
2983 2316 3025 2372 ⁸.
3049 2315 3213 2373 Unde
3242 2315 3321 2373 ad
3348 2330 3591 2372 sensum
3616 2314 3769 2371 vide-

2229 2424 2396 2479 mus,
2425 2408 2621 2483 quod,
2649 2408 2947 2484 quidquid
2973 2408 3154 2467 corde
3200 2407 3541 2480 diligimus,
3586 2407 3769 2465 oculis

2229 2501 2380 2559 illud
2405 2501 2654 2560 libenter
2678 2503 3061 2577 inspicimus;
3087 2506 3144 2560 et
3168 2518 3321 2577 saepe
3351 2501 3431 2560 ad
3458 2501 3615 2558 illud
3638 2517 3770 2559 ocu-

2231 2594 2325 2654 los
2355 2595 2691 2668 elevamus,
2720 2595 2970 2654 libenter
3016 2597 3093 2654 de
3138 2611 3211 2654 eo
3254 2595 3418 2670 loqui
3463 2594 3769 2660 audimus,

2232 2688 2485 2747 libenter
2510 2690 2590 2748 ad
2616 2689 2848 2761 locum,
2880 2688 2984 2747 ubi
3015 2694 3126 2757 est,
3154 2690 3494 2763 pergimus,
3524 2688 3770 2746 libenter

2232 2782 2491 2841 brachiis
2517 2782 2948 2858 amplexamur,
2980 2785 3040 2840 et
3065 2783 3268 2840 oscula
3293 2781 3381 2840 illi
3410 2782 3633 2840 amoris
3657 2782 3765 2838 im-

2231 2877 2561 2951 primimus.
2622 2880 2773 2949 Ergo
2831 2876 3091 2951 primum
3145 2876 3575 2934 nutrimentum
3632 2875 3767 2933 casti

2234 2970 2454 3027 amoris
2479 2970 2735 3028 maxime
2760 2970 2824 3027 in
2851 2971 3031 3029 corde
3061 2970 3270 3042 existit,
3305 2976 3370 3029 ut
3395 2971 3512 3027 sint
3536 2970 3769 3028 mundat

2234 3063 2572 3122 affectiones
2589 3105 2608 3135 ‚
2636 3069 2807 3122 castae
2833 3064 3273 3136 meditationes,
3302 3069 3360 3122 et
3394 3080 3630 3139 semper
3669 3063 3766 3121 de-

2233 3162 2386 3216 votae
2412 3158 2814 3230 cogitationes.
2847 3158 3119 3233 Sequitur
3146 3160 3305 3216 enim
3330 3158 3424 3216 his
3452 3159 3770 3217 incremen-

2235 3254 2364 3310 tum
2384 3252 2704 3326 spiritualis
2734 3253 2907 3326 igniS,
2937 3254 3087 3311 sicut
3113 3269 3186 3311 ex
3213 3253 3366 3328 pice,
3394 3253 3532 3310 oleo
3562 3257 3620 3310 et
3641 3251 3769 3326 pin-

2235 3346 2493 3415 guedine
2538 3346 2743 3406 crescit
2781 3346 3098 3406 materialis
3139 3347 3311 3421 ignis.
3351 3348 3595 3405 Sanctus
3632 3362 3766 3404 vero

2236 3443 2607 3513 Laurentius»,
2637 3443 2781 3518 quia
2802 3458 3035 3517 semper
3061 3441 3543 3501 meditationibus
3564 3442 3771 3499 sanctis

2238 3553 2300 3596 se
2324 3536 2656 3607 exercebat,
2687 3538 2743 3593 et
2770 3536 3157 3609 cogitationes
3181 3535 3415 3593 inutiles
3438 3535 3769 3610 respuebat,

2237 3635 2377 3693 ideo
2422 3632 2786 3709 spiritualem
2826 3632 2890 3690 in
2933 3648 2996 3690 se
3041 3632 3240 3706 ignem
3293 3633 3463 3689 omni
3514 3636 3771 3707 tempore

2238 3729 2693 3803 augmentabat,
2730 3733 2787 3786 et
2832 3728 2916 3785 sic
2959 3728 3065 3786 illo
3101 3730 3259 3784 totus
3297 3726 3456 3784 intus
3494 3726 3768 3797 ardebat,

2246 3824 2391 3899 quia
2420 3839 2494 3881 ex
2522 3838 2729 3881 amore
2756 3822 2954 3896 ignem
2988 3821 3091 3878 vix
3117 3820 3238 3880 suis
3264 3821 3625 3895 applicatum
3654 3835 3773 3878 car-

2238 3919 2417 3976 nibus
2470 3917 2778 3975 sentiebat.
2819 3919 2962 3974 Vere
3012 3931 3156 3988 ergo
3200 3918 3430 3989 poterat
3476 3913 3630 3972 illud
3682 3913 3769 3971 di-

2241 4029 2374 4072 cere
2400 4014 2422 4048 ⁸
2452 4030 2467 4068 z
2502 4030 2531 4066 α
2559 4009 2863 4070 concaluit
2889 4026 2993 4069 cor
3018 4024 3223 4067 meum
3266 4009 3419 4066 intra
3458 4024 3589 4078 me,
3624 4012 3683 4065 et
3712 4008 3774 4065 in

2240 4105 2622 4164 meditatione
2649 4118 2786 4162 mea
2812 4102 3154 4160 exardescet
3180 4101 3355 4175 ignis,
3378 4121 3409 4158 ι
3440 4104 3593 4160 Dum
3618 4101 3772 4159 enim

2240 4216 2345 4257 cor
2372 4197 2587 4257 sanctis
2621 4195 3104 4255 meditationibus
3142 4195 3476 4265 incalescit,
3520 4194 3677 4268 ignis
3715 4196 3772 4253 in

2241 4308 2315 4352 eo
2339 4290 2675 4351 dominicus
2699 4288 3057 4360 exardescit,
3084 4292 3143 4346 et
3163 4288 3408 4363 suspicit
3436 4303 3557 4346 non
3586 4287 3773 4347 modi-

2241 4403 2380 4446 cum
2403 4385 2850 4443 incrementum.
2882 4383 2995 4440 Sed
3022 4381 3156 4457 quis
3178 4381 3358 4440 hodie
3383 4383 3579 4452 bona,
3602 4387 3773 4454 casta,

2242 4479 2473 4537 munda
2511 4483 2570 4536 et
2588 4479 2748 4553 justa
2789 4476 3052 4549 cogitat?
3079 4474 3262 4535 Hodie
3289 4475 3598 4535 mundana
3620 4476 3779 4549 cogi-

2241 4580 2463 4644 tamus,
2513 4570 2684 4630 vanis
2727 4571 3121 4642 intendimuS,
3169 4570 3483 4628 immunda
3530 4570 3779 4628 rumina-

2244 4684 2379 4727 mus
2405 4686 2419 4725 :
2451 4670 2509 4724 et
2535 4664 2673 4724 ideo
2702 4664 2852 4722 nihil
2876 4670 3031 4722 caste
3059 4662 3396 4737 diligimus,
3420 4664 3564 4739 quia
3590 4664 3778 4723 cordi-

2244 4762 2360 4821 bus
2416 4781 2445 4815 «
2475 4758 2873 4834 coinquinatis
2920 4757 3070 4815 nihil
3125 4761 3215 4815 est
3250 4757 3548 4816 mundum
3586 4760 3643 4828 ⁶,
3678 4758 3779 4817 sed

2243 4855 2626 4930 coinquinata
2662 4868 2869 4911 eorum
2914 4854 3001 4910 est
3038 4867 3206 4910 mens
3249 4856 3307 4909 et
3348 4852 3721 4910 conscientia.
3744 4871 3774 4905 ι

2241 4948 2405 5006 Unde
2419 4962 2734 5022 possumus
2745 4945 2943 5004 dicere
2953 4945 3104 5003 illud
3114 4943 3167 5002 ⁷:
3188 4944 3619 5018 «Cogitationes
3635 4960 3777 5002 meae

2244 5041 2540 5116 dissipatae
2568 5044 2722 5113 sunt,
2752 5042 3094 5115 torquentes
3116 5055 3222 5098 cor
3244 5055 3468 5097 meum.
3496 5062 3525 5092 n
3558 5039 3778 5113 Cogita-

2243 5136 2435 5196 tiones
2479 5135 2638 5193 enim
2680 5135 2852 5193 malae
2896 5137 2953 5193 et
2993 5133 3441 5209 dissipationem
3484 5134 3775 5193 bonorum

2245 5273 2470 5338 primum
2518 5269 2785 5336 generari,
2824 5274 2877 5321 et
2917 5268 3137 5334 produci
3178 5267 3447 5319 affirmant.
3485 5295 3551 5306 —
3589 5269 3612 5304 ⁸
3644 5265 3774 5318 Paul.

2245 5354 2468 5405 xxxvm,
2490 5346 2538 5393 4.
2565 5368 2629 5380 -
2658 5343 2677 5373 ⁸
2706 5342 2822 5405 Tit„
2850 5354 2887 5400 ι,
2918 5344 2992 5392 ¹5.
3014 5367 3077 5379 —
3103 5340 3122 5375 ⁷
3151 5339 3264 5402 lob,
3299 5352 3427 5403 xvir,
3462 5344 3537 5390 Η.

2310 5430 2383 5493 (α)
2422 5427 2567 5492 Vulq.
2597 5425 2921 5479 accendatur.
2945 5451 3007 5467 --
3036 5423 3105 5491 (ὁ)
3142 5424 3264 5476 Coet.
3291 5424 3415 5477 edit.
3444 5423 3696 5478 uniuntur.
