4059 6317
1222 584 1306 652 IN
1346 584 1478 650 DIE
1518 581 1891 651 smmum.
1937 583 2201 654 SERMO
2241 586 2291 652 1.

208 718 361 785 visus
377 718 543 784 enim
565 718 804 785 animae
827 723 1159 803 reparatur
1183 720 1324 787 felle
1348 719 1699 786 tribulatio—

206 825 304 905 nis,
326 825 452 891 luto
475 825 954 906 incarnationis,
980 827 1178 893 verbo
1204 827 1693 911 praedicationis,

205 940 346 1001 tactu
360 934 801 1018 inspirationis.
826 935 916 1002 De
940 935 1084 1002 felle
1107 935 1340 1001 dicitur
1361 937 1381 973 ¹
1406 957 1422 1000 :
1454 958 1486 997 α
1500 935 1696 1001 Assu-

207 1060 357 1106 mens
396 1041 617 1106 Tobias
651 1041 733 1108 de
779 1042 922 1108 felle
964 1043 1183 1127 piscis,
1222 1042 1432 1108 linivit
1479 1042 1698 1108 oculos

205 1149 371 1233 patris
384 1148 542 1227 sui,»
573 1152 695 1214 etc.
703 1195 725 1228 ‚
761 1151 1144 1232 «statimque
1158 1150 1373 1215 visum
1389 1150 1689 1233 recepit.»

205 1256 293 1321 Fel
325 1255 732 1321 tribulationis
767 1257 1079 1340 patienter
1118 1258 1547 1323 sustineamus
1581 1275 1698 1340 pro

206 1361 314 1442 illo,
339 1362 446 1445 qui
461 1380 573 1445 pro
597 1362 784 1427 nobis
800 1363 871 1427 in
895 1362 1190 1445 passione
1215 1364 1294 1429 dc
1314 1362 1458 1428 felle
1481 1366 1697 1444 gusta-

207 1469 316 1533 vit’
334 1491 357 1535 :
387 1468 735 1534 «Dederunt
761 1469 822 1533 ei
861 1470 1078 1534 bibere
1114 1470 1342 1537 vinum
1371 1487 1521 1534 cum
1555 1469 1699 1535 felle

207 1577 472 1642 mixtum.
488 1598 519 1636 ι
551 1576 914 1642 Bel-nardus
928 1582 952 1619 ⁸
973 1598 990 1640 ε
1018 1598 1049 1639 ι
1063 1577 1380 1661 Quidquid
1407 1578 1700 1644 afflictio-

206 1688 287 1750 nis
308 1691 542 1752 terrena
563 1687 859 1770 propinat
882 1687 1228 1752 adversitas
1242 1734 1260 1764 ,
1289 1686 1432 1753 leve
1461 1688 1583 1753 erit
1596 1736 1617 1767 ‚
1642 1690 1700 1753 si

207 1793 574 1877 inspiciamus
609 1794 771 1877 quid
805 1794 1053 1859 biberat
1086 1794 1168 1860 ad
1201 1795 1408 1860 crucis
1441 1796 1699 1878 patibu-

206 1901 341 1979 lum,
367 1903 480 1986 qui
496 1920 609 1967 nos
632 1903 868 1968 invitat
893 1902 976 1968 ad
1000 1902 1255 1969 coelum.
1275 1924 1309 1963 1>
1342 1902 1430 1968 De
1454 1903 1592 1969 luto
1613 1904 1703 1969 di-

209 2012 424 2077 eitu1⁴2
466 2010 742 2077 «Lutum
778 2012 993 2094 posuit
1030 2011 1192 2076 mihi
1229 2029 1422 2095 super
1462 2012 1699 2093 oculos,

209 2122 263 2183 ct
280 2119 420 2200 lavi,
448 2125 502 2185 et
519 2121 773 2186 videm»
794 2119 975 2186 Unde
1000 2138 1259 2186 versus:

258 2280 331 2331 Est
351 2294 469 2334 caro
489 2285 661 2334 nostra
684 2282 852 2333 lutum
864 2319 884 2347 ,
917 2281 1081 2334 Patris
1107 2280 1360 2347 sapientia
1383 2283 1607 2347 sputum.

275 2441 335 2505 ln
370 2442 489 2508 hoc
529 2442 662 2508 luto
711 2442 1003 2508 habitant
1039 2443 1299 2526 spiritus
1336 2441 1607 2507 humani
1621 2444 1645 2479 ⁸
1683 2466 1700 2508 :

219 2570 244 2610 ι
257 2548 360 2625 Qui
389 2549 668 2615 habitant
695 2550 922 2615 domos
953 2549 1187 2629 luteas,
1215 2548 1331 2632 qui
1376 2552 1704 2618 terrenum

211 2657 410 2722 hahent
434 2657 916 2723 fundamentum
931 2703 954 2735 ,
985 2659 1444 2721 consumentur
1465 2656 1644 2722 velut
1666 2674 1706 2721 a

214 2767 364 2849 tinea,
377 2791 407 2830 n
434 2773 549 2834 etc.
577 2768 652 2834 In
677 2769 872 2834 domo
899 2767 1075 2833 lutea
1101 2766 1441 2832 nobiscum
1467 2766 1709 2832 habita-

216 2876 456 2941 reroluit
474 2875 670 2940 Filius
696 2876 834 2953 Dei,
863 2878 939 2939 ut
974 2873 1118 2938 ideo
1156 2872 1596 2938 habitaremus
1636 2874 1706 2937 in

215 2980 367 3048 domo
402 2983 676 3048 coelesti:
706 2982 788 3047 de
829 2998 960 3064 quo
998 2980 1067 3043 in
1094 2981 1334 3047 Joanne
1368 2981 1450 3063 (a)
1482 2982 1543 3044 ⁸:
1585 2979 1708 3044 «In

213 3088 367 3155 domo
404 3092 596 3175 patris
619 3090 773 3169 mei,
790 3110 821 3150 υ
858 3093 975 3154 etc.
1015 3087 1103 3153 De
1139 3088 1340 3153 verbo
1365 3088 1595 3154 dicitur
1635 3089 1709 3153 in

212 3194 308 3262 boe
325 3197 667 3281 Evangelio
684 3199 710 3234 ‘¹
738 3220 753 3262 z
783 3198 1071 3281 Respice,
1102 3200 1221 3261 etc.
1253 3197 1340 3264 Et
1379 3198 1709 3277 confestim

213 3302 374 3370 vidit.
403 3304 450 3371 Ο
484 3306 734 3388 quoties
769 3304 1146 3387 praedicator
1181 3303 1332 3368 dicit
1356 3304 1705 3386 peccatori:

211 3406 434 3493 Respice
454 3412 818 3495 praemium,
836 3412 1081 3493 respice
1101 3410 1449 3489 infernum,
1471 3410 1712 3493 respice

211 3515 300 3580 Dei
328 3518 772 3585 mandatum1⁸
808 3540 839 3581 ι
858 3517 1031 3583 Nihil
1059 3517 1307 3583 dulcius
1345 3536 1540 3601 quam
1580 3536 1711 3583 res-

208 3623 386 3703 picere
415 3627 481 3691 in
506 3625 825 3691 mandatis
859 3625 1039 3689 Dei.»
1074 3624 1163 3690 De
1190 3628 1362 3689 tactu
1396 3625 1627 3690 dicitur
1643 3626 1705 3690 ⁹:

216 3754 242 3791 ι
259 3731 529 3798 ffisertus
542 3735 766 3798 autem
793 3749 1018 3796 eorum
1038 3729 1242 3812 Jesus,
1260 3731 1470 3812 tetigit
1495 3730 1716 3797 oculos

210 3856 425 3920 eorum,
455 3846 518 3906 et
544 3839 875 3905 confestim
895 3839 1228 3904 viderunt.
1238 3860 1274 3933 ρ
1311 3838 1430 3904 Hic
1457 3842 1555 3903 est
1579 3843 1712 3903 tac-

208 3947 295 4008 tus
315 3948 558 4028 gratiae,
592 3965 723 4029 quo
749 3945 917 4010 Deus
942 3947 1155 4028 tangit
1185 3967 1203 4011 :
1252 3947 1332 4012 de
1374 3964 1504 4030 quo
1541 3951 1713 4012 tactu

209 4050 349 4116 Deus
361 4056 563 4137 tangit
574 4072 685 4120 cor
694 4072 810 4136 per
817 4054 1281 4118 contritionem.
1296 4052 1627 4117 Psalmista
1636 4053 1679 4090 ¹⁰
1694 4074 1711 4118 :

215 4158 490 4242 «Tanges
538 4165 823 4240 montes,
880 4166 946 4225 et
985 4158 1421 4243 fumigabunt,
1449 4183 1481 4221 ιι
1537 4163 1716 4226 fumo

210 4269 597 4335 counitionis:
635 4269 750 4352 qui
783 4269 1067 4334 maxime
1091 4286 1174 4333 ex
1214 4268 1716 4334 consideratione

209 4374 304 4439 irae
326 4374 430 4441 Dei
451 4378 687 4443 futurae
711 4375 1051 4442 resolvitur
1092 4376 1160 4440 in
1187 4377 1376 4444 corde
1401 4376 1718 4459 poeniten-

213 4479 298 4545 tis.
336 4482 668 4549 Psalmista
692 4486 778 4547 ¹²:
848 4505 881 4545 α
899 4483 1196 4549 Ascendit
1240 4485 1462 4548 fumus
1508 4482 1576 4547 in
1624 4484 1721 4548 ira

215 4588 347 4667 eius,
362 4611 393 4649 ι
419 4595 535 4655 etc.
579 4589 828 4655 Montes
853 4593 1069 4654 autem
1095 4590 1365 4672 superbi
1394 4593 1546 4654 sunt
1570 4584 1720 4672 pec-

215 4697 461 4761 catores:
525 4697 596 4760 hi
634 4702 854 4761 autem
893 4697 1304 4778 fumigabunt
1340 4697 1408 4760 in
1454 4697 1716 4777 mundo,

217 4810 309 4868 sut
319 4807 620 4873 ardebunt
633 4808 705 4872 in
728 4809 978 4873 inferno
1000 4809 1085 4874 ¹³:
1113 4831 1145 4870 α
1169 4808 1479 4874 Montium
1499 4809 1721 4874 funda·
1767 4867 1777 4878 .

218 4918 401 4979 menta
423 4916 819 4994 comburens
864 4914 931 4979 id
968 4919 1103 4994 est,
1130 4919 1557 4999 peccatorum.

274 5147 430 5211 'ch.‚
461 5164 547 5216 xi,
586 5153 662 5203 13.
693 5177 757 5189 —
789 5151 808 5181 ²
846 5150 1047 5210 lauh..
1077 5161 1257 5209 xxvii,
1291 5151 1368 5201 34.
1400 5177 1461 5188 —
1502 5149 1526 5186 ⁸
1567 5151 1718 5201 Bern.

223 5241 268 5252 -
295 5219 311 5249 ⁴
341 5222 494 5288 Joan„
522 5235 598 5288 rx,
623 5225 700 5275 11.
727 5253 792 5264 --
819 5224 840 5254 ⁸
862 5221 974 5286 lob,
999 5234 1070 5285 lv,
1102 5223 1179 5273 19.
1203 5248 1265 5259 -
1290 5224 1313 5259 ⁸
1335 5224 1501 5285 Joan„
1533 5234 1641 5285 xiv,
1670 5224 1720 5272 2.

225 5314 269 5323 -
309 5288 326 5323 ²
363 5293 490 5356 Luc„
532 5305 693 5357 xvm,
737 5296 823 5355 42,
865 5295 923 5344 43
959 5319 1016 5330 —
1063 5294 1082 5324 ⁸
1119 5292 1294 5354 Bccli„
1347 5303 1513 5355 xxm,
1553 5293 1634 5341 37.
1663 5318 1720 5328 —

222 5358 436 5423 ’flamm
477 5380 574 5430 xx,
607 5368 686 5416 34.
731 5390 786 5402 -
829 5364 867 5400 ¹⁴
904 5364 1043 5415 Psal.
1081 5376 1273 5429 cnm,
1315 5368 1363 5416 5.
1403 5390 1463 5401 -
1506 5364 1545 5399 ¹¹
1583 5360 1723 5414 Psal.

223 5442 331 5496 xvu,
354 5438 397 5486 9.
422 5464 482 5475 -
505 5437 550 5474 1¹
575 5437 746 5496 Dect..
776 5448 944 5498 mn,
985 5437 1066 5487 22.
1095 5437 1166 5474 ’-
1202 5436 1247 5473 ¹⁸
1269 5435 1361 5487 1οὸ
1370 5472 1390 5501 ,
1416 5447 1546 5498 mr,
1575 5438 1625 5486 6.
1661 5459 1725 5471 —

227 5501 457 5568 “Eadm
485 5520 648 5572 xviri,
684 5511 763 5560 21.
797 5535 851 5544 -
897 5509 942 5542 ¹³
981 5507 1089 5558 lmo
1134 5503 1369 5572 &egoi-2,
1410 5508 1463 5555 in
1506 5507 1724 5570 Evany.,

227 5571 347 5628 hom.
385 5592 567 5647 mxv,
607 5595 663 5636 n.
694 5584 856 5633 15.·-
882 5581 926 5618 ¹·
956 5581 1118 5644 loun„
1147 5591 1237 5644 n,
1265 5584 1342 5634 11.
1389 5605 1452 5619 -
1501 5579 1546 5616 ¹⁸¹
1583 5577 1723 5630 Psal.

3228 591 3343 657 137

2244 846 2323 922 IN
2363 847 2491 923 DIE
2534 847 2897 926 GINERUM.

2134 1016 2499 1089 SERMO
2568 1018 3016 1090 PRIMUS.

1886 1152 2022 1234 Aac
2054 1153 2499 1235 poenitentiam
2541 1156 2617 1220 in
2655 1154 2887 1234 favilla
2920 1159 2983 1222 et
3026 1155 3237 1221 cinere
3268 1155 3336 1217 ¹⁸.

1806 1257 2019 1340 Agere
2058 1258 2366 1324 debemus
2406 1259 2881 1343 poenitentiam:
2932 1279 3064 1326 non
3090 1263 3342 1325 tantum

1800 1366 1961 1448 pati.
1993 1364 2331 1431 Patiuntur
2356 1371 2574 1432 autem
2598 1415 2616 1445 ‚
2645 1369 2756 1452 qui
2785 1370 2984 1434 coacti
3013 1368 3348 1451 subjacent

1805 1473 2215 1556 poenitentiae.
2240 1475 2453 1556 Agere
2474 1475 2914 1558 poenitentiam
2941 1478 3341 1541 fructuosum

1806 1583 1902 1645 est
1931 1584 2224 1663 respectu
2249 1580 2528 1647 hominis
2573 1584 2822 1666 agentis
2839 1632 2857 1664 ‚
2888 1587 3178 1667 respectu
3203 1582 3340 1647 dia-

1807 1687 1936 1753 boli
1961 1688 2303 1753 invidentis
2319 1736 2339 1766 ‚
2385 1694 2677 1772 respectu
2708 1689 2924 1772 angeli
2964 1689 3305 1771 gaudentis
3323 1735 3341 1765 ‚

1807 1801 2098 1878 respectu
2121 1796 2229 1860 Dei
2249 1796 2677 1863 retribuentis.
2710 1796 3062 1863 Fructuosa
3090 1797 3342 1880 utique,

1807 1904 1873 1966 et
1898 1901 2070 1966 utilis
2094 1906 2188 1967 est
2212 1903 2378 1968 actio
2404 1903 2793 1987 poenitentiae
2815 1904 2894 1970 ad
2919 1904 3201 1969 hominis
3228 1922 3345 1969 ex-

1807 2008 2149 2092 piationem
2175 2056 2194 2089 ,
2268 2010 2502 2077 diaboli
2568 2011 3009 2094 spoliationem
3043 2061 3066 2092 ,
3130 2012 3347 2094 angeli

1808 2117 2428 2197 congratulationem
2449 2165 2469 2197 ‚
2499 2118 2608 2183 Dei
2631 2120 3235 2185 remunerationem.

1774 2243 1788 2260 “
1889 2223 1976 2289 De
2002 2225 2211 2307 primo
2232 2224 2322 2289 ¹⁸:
2355 2248 2387 2287 α
2419 2226 2489 2291 Si
2514 2227 2753 2311 impius
2778 2226 2985 2310 egerit
3028 2228 3346 2310 poeniten-

1808 2333 1965 2397 tiam
2015 2332 2097 2397 ab
2140 2333 2438 2398 omnibus
2485 2333 2756 2417 peccatis
2773 2381 2791 2412 ,
2858 2350 3005 2417 quae
3048 2338 3349 2416 operatus

1810 2444 1942 2521 est,
1972 2462 2004 2501 n
2041 2447 2160 2507 etc.
2192 2441 2331 2507 Non
2365 2442 2517 2507 dicit
2555 2461 2596 2507 a
2635 2442 3017 2526 quibusdam
3064 2447 3340 2511 tantum.

1811 2545 2171 2614 Bernardus
2196 2549 2241 2586 ¹⁸
2282 2572 2299 2613 :
2338 2573 2370 2612 οι
2418 2547 2792 2615 Poenitentia
2836 2554 2933 2615 est
2983 2553 3350 2632 perpetrata

1812 2654 1983 2720 mala
2004 2656 2313 2739 plangere
2329 2703 2347 2735 ,
2377 2661 2441 2722 et
2466 2656 2831 2740 plangenda
2873 2675 3004 2722 non
3053 2657 3350 2722 commit-

1810 2760 1970 2822 tere.
2016 2757 2178 2823 Nam
2216 2759 2327 2842 qui
2365 2760 2456 2823 sic
2492 2758 2615 2824 alia
2652 2758 2976 2842 deplorat,
3024 2763 3097 2824 ut
3129 2764 3348 2825 tamen

1813 2864 2109 2947 quaedam
2180 2865 2578 2943 committat,
2646 2865 2857 2930 adhuc
2908 2852 3347 2950 poenitentiam

1813 2989 2009 3053 agere
2027 3019 2047 3050 ,
2094 2977 2208 3036 aut
2246 2972 2509 3054 ignorat
2524 3020 2548 3052 ,
2596 2974 2713 3037 aut
2749 2971 3130 3038 dissimulat.
3163 2995 3196 3035 n
3226 2971 3346 3039 Se·-

1814 3079 2037 3163 quitur
2061 3080 2108 3120 ¹*
2131 3100 2148 3144 :
2170 3101 2203 3141 α
2226 3078 2304 3144 Et
2330 3078 2693 3144 custodierit
2716 3080 2933 3144 omnia
2955 3085 3288 3164 praecepta,
3310 3103 3343 3143 n

1813 3204 1945 3252 non
1970 3205 2176 3252 unum
2204 3190 2454 3251 tantum
2483 3205 2502 3250 ε
2531 3187 2809 3252 maxime
2823 3190 3041 3253 autem
3073 3188 3233 3254 illud
3257 3189 3348 3254 ¹⁸:

1824 3318 1856 3357 α
1879 3295 2013 3360 Hoc
2042 3299 2137 3360 est
2163 3298 2551 3378 praeceptum
2601 3311 2857 3373 meum,
2886 3316 2918 3355 n
2955 3303 3074 3360 etc.
3124 3294 3351 3380 Sequi-

1815 3409 1925 3470 tur
1954 3406 1996 3445 ¹⁴
2028 3426 2044 3469 :
2085 3403 2450 3469 «ludicium
2477 3407 2541 3468 et
2560 3403 2879 3487 justitiam
2903 3403 3120 3469 fecerit
3149 3425 3165 3468 :
3192 3424 3223 3464 n
3248 3407 3351 3488 ju-

1815 3512 2056 3578 dicium
2084 3511 2295 3594 quoad
2329 3511 2611 3593 seipsum
2630 3559 2652 3590 ‚
2700 3513 2767 3575 et
2801 3510 3118 3593 justitiam
3142 3511 3355 3593 quoad

1817 3619 2207 3704 proximum.
2247 3616 2581 3684 Psalmista
2607 3617 2653 3654 ¹⁷
2688 3639 2704 3682 :
2742 3640 2774 3679 c
2802 3616 3056 3682 Iustitia
3093 3618 3351 3701 etjudi-

1816 3725 1988 3790 cium
2016 3727 2400 3808 praeparatio
2426 3725 2591 3789 sedis
2617 3728 2773 3791 tuae.
2805 3745 2836 3785 n
2871 3724 2921 3790 Ο
2953 3744 3152 3810 quam
3180 3727 3352 3810 peri-

1817 3833 2035 3898 culose
2050 3833 2282 3897 faceret
2296 3880 2317 3911 ‚
2339 3832 2452 3915 qui
2463 3832 2603 3924 regi
2615 3881 2637 3908 ,
2659 3834 2813 3898 dum
2830 3834 3067 3917 optime
3086 3834 3350 3915 sederet,

1818 3943 2035 4008 sedem
2060 3940 2440 4006 detraheret.
2478 3939 2778 4023 Sequitur
2806 3941 2853 3983 ⁸⁸
2886 3963 2903 4007 z
2948 3964 2979 4003 α
3006 3941 3153 4007 Vita
3180 3942 3355 4008 vivet

1819 4055 1882 4116 et
1908 4067 2041 4115 non
2066 4047 2398 4127 morietur,
2440 4047 2733 4113 omnium
2767 4048 3176 4131 iniquitatum
3214 4051 3357 4131 ejus

1819 4176 1952 4223 non
1977 4155 2358 4222 recordabor
2384 4173 2546 4237 quas
2570 4161 2869 4238 operatus
2895 4159 3013 4221 est.
3042 4177 3073 4217 υ
3101 4156 3151 4222 Ε
3194 4174 3356 4222 con-

1820 4266 2016 4331 trario
2060 4265 2106 4301 ¹·
2141 4287 2157 4327 ι
2195 4287 2227 4326 οι
2278 4262 2464 4328 Nunc
2510 4262 2947 4328 recordabitur
3002 4263 3357 4347 iniquitatis

1820 4390 2046 4439 eorum
2068 4418 2088 4450 ‚
2118 4375 2182 4436 et
2204 4369 2485 4437 visitabit
2510 4373 2763 4452 peccata
2788 4387 3035 4435 eorum.

1902 4479 1989 4545 De
2011 4479 2290 4544 secundo
2318 4477 2551 4543 dicitur
2574 4479 2621 4519 ⁵⁰
2654 4498 2669 4542 :
2711 4499 2742 4538 α
2766 4475 2834 4542 Si
2863 4481 3198 4561 superatus
3221 4479 3361 4542 fue-

1822 4587 1910 4652 rit
1970 4586 2244 4669 populus
2296 4588 2449 4650 tuus
2511 4585 2593 4650 ab
2646 4583 2922 4649 inimicis
2970 4585 3362 4668 (peccabunt

1824 4694 2000 4759 enim
2015 4693 2134 4758 tibi
2146 4695 2193 4776 )‚
2214 4696 2277 4757 et
2292 4691 2582 4758 conversi
2606 4693 2858 4774 egerint
2882 4692 3323 4776 poenitentiam
3337 4742 3355 4775 ,

1825 4805 1889 4866 et
1937 4799 2417 4865 observaverint
2464 4815 2697 4863 nomen
2739 4802 2925 4863 tuum
2942 4846 2963 4877 ,
3021 4803 3086 4863 et
3122 4799 3363 4864 fuerint

1823 4908 2139 4992 deprecati
2173 4912 2237 4972 te
2278 4907 2347 4971 in
2380 4906 2518 4971 loco
2553 4906 2673 4970 isto
2734 4925 2752 4970 ε
2807 4909 2880 4970 tu
2920 4907 3224 4971 exaudies
3281 4907 3361 4972 de

1825 5016 2007 5094 coelo,
2035 5019 2099 5079 et
2120 5012 2465 5098 propitiare
2494 5017 2748 5096 peccato
2771 5013 2987 5097 populi
3015 5015 3111 5079 tui
3140 5013 3355 5095 lsrael,

1826 5127 1892 5188 et
1916 5122 2112 5186 reduc
2145 5139 2255 5186 eos
2288 5120 2357 5183 in
2383 5128 2625 5184 terram
2645 5168 2664 5200 ,
2697 5138 2896 5203 quam
2926 5119 3149 5186 dedisti
3175 5120 3289 5186 eis.
3318 5142 3351 5182 n

1829 5229 2078 5295 Inimici
2127 5228 2230 5292 isti
2286 5229 2438 5291 sunt
2499 5227 2845 5293 daemoneS.
2903 5226 3232 5294 Psalmista
3259 5228 3304 5270 ’¹
3339 5250 3357 5295 :

1829 5409 2094 5461 Lxxxvm,
2136 5401 2213 5448 15.
2243 5421 2305 5435 -
2334 5397 2377 5433 1⁸
2402 5396 2604 5462 Ezech„
2630 5407 2783 5459 xvm,
2812 5399 2894 5447 21.
2921 5423 2981 5435 -
3012 5397 3055 5434 ¹⁸
3082 5397 3211 5461 Oce„
3248 5409 3363 5464 vm,

1834 5476 1908 5524 13.
1941 5499 1996 5510 -
2028 5471 2068 5502 ²·
2097 5471 2137 5521 11
2168 5468 2365 5532 Parae„
2393 5480 2470 5535 w,
2494 5470 2657 5524 24028.
2692 5495 2753 5512 -ν
2781 5467 2820 5504 ²¹
2848 5468 2982 5524 Poat.
3013 5480 3184 5540 cxnu,
3211 5471 3261 5523 9.

1896 5573 1964 5637 (α)
1993 5570 2116 5623 Goee.
2143 5568 2268 5622 odit.
2293 5569 2538 5624 Joannes.
