4059 6317
855 441 1233 510 DOMINICA
1276 441 1302 508 1
1344 441 1543 511 POST
1575 440 1952 510 OCTAVAM
1991 440 2345 510 PASCHAE.
2388 440 2650 510 SERMO
2692 441 2741 508 1.

221 594 470 641 monum
489 577 662 642 stare
685 577 939 660 poterit,
963 578 1191 645 videns
1217 578 1507 661 gladium
1529 578 1598 643 in
1616 596 1746 663 quo

219 682 487 749 devictus
525 685 676 750 fuit.
721 708 755 747 n
794 685 898 751 Sic
941 704 1090 750 cnm
1131 686 1416 768 insurgit
1459 686 1749 751 molestia

218 791 591 874 tentationis,
604 793 890 858 maxime
905 793 1137 873 carniS‚
1162 816 1192 855 c
1209 793 1522 859 absconde
1545 799 1603 858 te
1626 793 1704 876 (α)
1723 794 1743 830 ¹

216 896 278 961 in
308 897 472 963 fossa
509 898 748 979 humo,
795 920 828 960 x·
856 898 922 964 id
963 903 1058 964 est
1097 900 1173 964 in
1210 917 1474 984 corpore
1519 900 1746 967 Christi

217 1003 540 1088 multiplici
563 1005 834 1072 vulnere
859 1006 1170 1087 confosse,
1200 1025 1331 1071 non
1371 1025 1487 1091 per
1521 1025 1747 1091 corpo-

215 1112 296 1175 ris
317 1114 717 1195 praesentiam
731 1162 754 1194 ,
784 1115 894 1179 sed
922 1132 1038 1197 per
1064 1114 1542 1180 meditationem
1579 1116 1743 1181 assi-

216 1220 417 1301 duam,
448 1226 513 1286 et
538 1224 714 1305 quod
742 1222 918 1289 deest
942 1224 1084 1305 tibi,
1118 1243 1361 1309 usurpa
1390 1226 1467 1290 de
1492 1224 1741 1290 visceri·

217 1328 327 1392 bus
349 1328 603 1409 Christi,
631 1332 788 1414 quia
809 1332 887 1396 de
905 1331 1282 1398 vulneribus
1304 1335 1444 1416 ejus
1466 1334 1747 1415 corporis

218 1435 290 1500 ad
311 1437 575 1503 modum
611 1438 780 1504 botri
805 1438 876 1504 in
914 1439 1215 1505 torculari
1250 1442 1593 1524 compressi
1632 1440 1743 1523 (b),

219 1561 339 1608 non
374 1545 605 1612 desunt
640 1546 885 1611 fluenta
922 1546 1315 1628 gratiarum,
1363 1549 1598 1632 quibus
1643 1548 1747 1614 in·

218 1650 571 1716 flammatus
596 1657 662 1718 et
687 1655 1099 1734 confortatus,
1126 1654 1393 1720 faciliter
1410 1655 1488 1720 de
1514 1654 1747 1721 diaboli

80 1759 86 1765 ’
220 1756 652 1841 fraudulentia,
687 1761 767 1826 de
792 1761 1021 1827 mundi
1048 1761 1374 1842 molestia,
1413 1766 1478 1826 et
1501 1761 1581 1827 de
1606 1780 1744 1826 car-

219 1863 309 1928 nis
331 1864 640 1931 illecebris
666 1868 1121 1952 triumphabis.
1147 1867 1358 1934 Tertio
1382 1870 1594 1952 posuit
1614 1868 1750 1935 ani-

216 1991 374 2040 mam
398 1995 589 2042 suam
614 1978 685 2042 in
713 1978 1083 2063 exemplum
1111 1978 1417 2045 virtuosae
1443 1979 1745 2045 imitatio-

216 2081 305 2144 nis
341 2083 416 2147 ad
457 2085 874 2152 animandum
917 2085 1203 2167 timidos;
1243 2086 1413 2153 unde
1440 2089 1463 2123 ²
1503 2105 1522 2151 t
1558 2110 1590 2151 α
1636 2086 1749 2153 Ille

217 2189 485 2256 animam
504 2209 690 2258 suam
708 2182 922 2277 posuit
947 2212 1067 2277 pro
1094 2194 1295 2276 nobis,
1326 2197 1391 2260 et
1414 2212 1534 2260 nos
1555 2195 1744 2260 debe-

219 2313 350 2361 mus
377 2316 498 2380 pro
539 2299 848 2365 fratribus
894 2302 1140 2366 animas
1181 2319 1441 2385 ponere.
1484 2324 1516 2363 n
1569 2301 1747 2367 Unde

215 2403 512 2471 Dominus
534 2406 687 2472 dicit
714 2412 742 2448 ⁸
780 2429 796 2473 ε
839 2430 872 2469 c
895 2406 1015 2485 Qui
1049 2426 1183 2473 non
1227 2409 1451 2493 accipit
1491 2428 1745 2475 crucem

217 2530 404 2593 suam,
420 2518 489 2579 et
500 2514 794 2598 sequitur
815 2532 943 2594 me,
963 2532 1096 2580 non
1109 2519 1205 2580 est
1220 2534 1323 2581 me
1340 2517 1603 2599 dignuS.
1622 2517 1745 2597 Qui

216 2619 449 2686 invenit
474 2623 762 2686 animam
804 2641 987 2687 suam
1001 2671 1020 2703 ,
1062 2624 1283 2706 perdet
1308 2641 1485 2703 eam3
1530 2630 1595 2691 et
1633 2625 1744 2709 qui

217 2729 543 2810 perdiderit
568 2730 857 2795 animam
884 2749 1066 2796 suam
1092 2737 1351 2816 propter
1376 2751 1484 2798 me
1498 2782 1519 2814 ‚
1559 2735 1745 2800 inve-

217 2836 335 2901 niet
356 2854 522 2902 eam.
554 2860 586 2899 υ
625 2837 738 2903 Ille
757 2838 980 2923 accipit
1007 2857 1263 2905 crucem
1292 2860 1510 2922 suam,
1541 2849 1604 2907 et
1637 2861 1746 2908 sa-

218 2943 420 3025 quitur
443 2943 792 3024 Christum,
824 2947 937 3027 qui
963 2946 1170 3010 crucis
1190 2948 1746 3015 mortificationem

215 3051 440 3133 jugiter
460 3052 530 3116 in
551 3070 672 3118 suo
687 3070 950 3135 corpore
967 3054 1160 3136 gerit,
1176 3060 1251 3120 ut
1268 3059 1331 3121 et
1345 3057 1479 3121 vita
1494 3056 1643 3123 lesu
1664 3059 1742 3144 (c)

217 3157 437 3242 inipso
463 3178 581 3243 per
607 3159 1036 3226 imitationem
1065 3161 1541 3230 manifestetur:
1575 3166 1740 3248 talis,

220 3280 354 3329 cum
379 3267 726 3349 perdiderit
748 3269 1033 3332 animam
1073 3287 1259 3334 suam
1299 3288 1448 3336 cum
1488 3272 1658 3337 vitiis
1683 3277 1747 3338 et

221 3373 725 3456 concupiscentiis
737 3373 806 3438 in
826 3376 1148 3458 praesenti,
1164 3376 1448 3442 inveniet
1467 3397 1609 3443 eam
1633 3397 1747 3462 per

219 3477 525 3545 deiformis
570 3480 802 3563 gloriae
853 3483 1336 3566 acquisitionem
1381 3485 1452 3549 in
1495 3486 1739 3568 futuro,

220 3585 360 3666 quia
385 3587 500 3670 qui
525 3588 686 3654 socii
725 3595 878 3655 sunt
919 3589 1427 3671 tribulationum,
1465 3598 1657 3659 erunt
1681 3596 1747 3659 et

221 3694 733 3761 consolationum.

285 3798 495 3869 Tertio
539 3803 1028 3870 commendatur
1077 3804 1366 3873 Christus
1412 3826 1452 3872 a
1503 3808 1740 3875 discre-

216 3904 373 3974 tione
413 3910 769 3994 prndentiae
809 3911 881 3975 in
913 3911 1289 3979 liberatione
1325 3915 1552 3998 gregis
1587 3936 1741 4001 pro-

217 4017 350 4098 prii,
377 4037 508 4086 non
530 4018 759 4100 alieni,
790 4038 938 4086 cum
971 4021 1328 4089 subinfert:
1361 4024 1482 4093 Pro
1517 4025 1742 4094 ovibus

217 4127 367 4205 mis,
394 4127 796 4193 imitantibus
832 4147 985 4193 eum
1027 4129 1098 4192 in
1146 4130 1281 4196 vita
1322 4135 1387 4197 et
1425 4133 1736 4199 moribuS.

220 4228 381 4298 Unde
425 4233 730 4300 Dominus
745 4285 765 4316 ,
814 4239 1153 4320 tanquam·
1169 4237 1447 4320 prudens
1501 4244 1737 4323 pastor,

216 4355 338 4403 non
361 4343 570 4423 posuit
614 4342 900 4408 animam
949 4363 1134 4410 suam
1164 4362 1281 4429 pro
1317 4347 1548 4414 ovibus
1583 4348 1741 4414 alie—

217 4443 308 4508 nis
334 4464 446 4530 per
469 4447 1054 4516 dissimilitudinem
1081 4451 1258 4530 vitae,
1284 4457 1358 4517 ut
1382 4472 1490 4519 eas
1516 4454 1741 4521 libera·

217 4556 338 4632 ret3
364 4556 472 4621 sed
503 4574 626 4640 pro
646 4557 876 4622 ovibus
908 4558 1065 4639 suis,
1102 4577 1250 4642 quae
1276 4559 1594 4627 Christum
1637 4582 1736 4629 se·

217 4667 490 4744 quantur
522 4664 877 4731 seeundum
933 4664 1243 4749 triplicem
1289 4669 1738 4751 proprietatem

42 4768 368 4891 πονῶ.
413 4769 572 4838 Nam
622 4771 768 4837 ovis
804 4772 1000 4838 habet
1041 4773 1506 4858 simplicitatem
1547 4778 1735 4845 inno·

218 4876 428 4943 centiae
453 4879 521 4944 in
545 4896 681 4945 non
707 4880 1030 4962 laedendo,
1073 4883 1581 4950 tractabilitatem
1616 4904 1737 4970 pa-

219 4980 439 5051 tientiae
463 4987 530 5051 in
558 4986 953 5069 sustinendo,
981 4992 1048 5054 et
1071 4989 1545 5059 toecunditatem
1571 4993 1740 5059 mul-

220 5089 476 5173 tiplicem
494 5096 565 5162 in
598 5095 1062 5163 fructificando.
1093 5096 1214 5164 Per
1247 5098 1444 5165 istum
1471 5101 1736 5204 modum

278 5291 295 5324 ¹
318 5292 524 5357 1m.,n,
561 5299 638 5347 ¹0.
671 5322 735 5334 -
766 5296 785 5327 ²
813 5297 832 5347 1
860 5290 1026 5359 Joan'„
1055 5308 1148 5360 m,
1186 5300 1261 5350 16.
1286 5323 1351 5337 -
1384 5299 1407 5335 ⁸
1433 5299 1640 5364 uculo„
1679 5313 1734 5364 x,

221 5358 373 5414 38-39.
399 5391 461 5403 -
494 5367 518 5403 ⁸
551 5370 594 5418 ll
627 5367 768 5433 neq„
805 5379 948 5432 xxiv,
987 5369 1067 5420 Π.
1101 5395 1166 5408 -
1200 5369 1223 5405 ⁸
1256 5371 1378 5433 lsa„
1421 5383 1547 5432 un,
1586 5375 1636 5426 7.
1674 5398 1738 5410 -

222 5431 242 5463 ⁸
265 5433 397 5486 psal.
427 5449 571 5504 mu,
598 5442 682 5491 22.

481 5546 633 5594 Tou.
679 5545 818 5594 xm.

3274 446 3387 509 2⁴1

1851 579 1991 644 istae
2035 582 2187 645 sunt
2235 596 2388 645 oves
2434 596 2613 659 suae,
2669 595 2787 662 pro
2835 594 3112 662 quarum
3154 575 3395 643 libera-

1851 686 2024 752 tione
2055 686 2140 769 (d)
2171 688 2452 770 prudens
2479 692 2692 770 pastor
2721 684 3007 751 Christus
3021 685 3238 769 posuit
3261 687 3395 751 ani·

1853 813 2028 859 mam
2045 812 2251 873 suam,
2268 811 2415 877 quae
2433 795 2672 859 habent
2690 793 2761 878 (e)
2780 793 3092 877 triplicem
3111 794 3396 878 proprie-

1852 903 2047 965 tatem
2071 900 2439 983 praedictam
2472 923 2488 966 ε
2528 901 2767 983 primo,
2798 900 3264 984 simplicitatem
3291 900 3390 965 in-

1852 1006 2161 1073 nocentiae
2190 1055 2208 1084 ,
2281 1026 2395 1090 per
2460 1006 2900 1072 rectitudinem
2969 1005 3339 1073 intentionis
3371 1028 3390 1085 ;

1854 1116 2133 1181 secundo
2142 1163 2165 1196 ,
2201 1115 2711 1181 tractabilitatem
2740 1114 3082 1199 patientiae,
3106 1133 3220 1199 per
3248 1115 3397 1181 tole-

1852 1223 2168 1288 rationem
2212 1223 2603 1289 omnimodae
2646 1222 3113 1302 tribulationis3
3163 1223 3352 1287 tertio
3372 1270 3392 1304 ‚

1853 1330 2323 1396 foecunditatem
2368 1331 2808 1415 multiplicem,
2857 1349 2972 1413 per
3010 1328 3393 1413 multiplica-

1856 1437 2099 1502 tionem
2126 1438 2313 1503 bonae
2341 1438 2746 1521 operationis.
2781 1436 2998 1502 Primo
3028 1454 3190 1519 ergo
3214 1436 3399 1502 Chri-

1853 1548 1991 1609 stus
2013 1544 2245 1610 liberat
2266 1563 2419 1611 oves
2440 1563 2611 1623 suaS‚
2650 1563 2799 1629 quae
2833 1546 3068 1610 hahent
3092 1544 3396 1628 simplici-

1854 1656 2051 1719 tatem
2102 1654 2485 1719 innocentiae
2545 1672 2661 1737 per
2713 1653 3159 1719 rectitudinem
3216 1670 3399 1736 purae

1854 1748 2245 1825 intentionis.
2281 1761 2395 1826 Illa
2421 1762 2594 1826 enim
2622 1762 2839 1827 anima
2874 1765 2970 1827 est
3009 1761 3193 1845 quasi
3219 1762 3396 1839 ovis,

1854 1884 2022 1951 quae,
2051 1866 2131 1932 ad
2154 1868 2420 1935 modum
2450 1869 2591 1936 ovis
2606 1869 2981 1947 innocentis,
3007 1868 3189 1934 nulla
3207 1868 3400 1934 habet

1853 1991 2037 2039 arma
2064 1975 2140 2040 ad
2168 1975 2705 2059 impugnandum,
2740 1992 2870 2042 non
2906 1993 3148 2043 cornua
3173 1994 3400 2061 super-

1853 2081 2004 2161 biae,
2040 2102 2173 2148 non
2201 2083 2401 2149 calces
2441 2084 2781 2164 violentiae,
2813 2103 2944 2149 non
2984 2084 3203 2149 dentes
3247 2101 3395 2149 cru·

1854 2189 2149 2268 delitatis,
2183 2209 2315 2255 non
2342 2208 2601 2273 ungues
2626 2190 3006 2275 rapacitatiS,
3047 2210 3176 2256 non
3200 2209 3397 2259 vene·

1854 2316 2013 2363 num
2042 2298 2477 2381 malignitatis.
2505 2299 2770 2383 Propter
2784 2300 2928 2381 hoc,
2947 2299 3194 2365 ratione
3216 2299 3401 2365 istius

1856 2406 2258 2489 proprietatis
2302 2406 2684 2474 innocentia}
2704 2456 2722 2489 ‚
2779 2408 3024 2473 dicebat
3073 2406 3275 2474 David
3318 2406 3397 2471 de

1855 2512 2094 2597 populo
2136 2532 2257 2580 suo
2295 2515 2319 2551 ⁸
2362 2537 2379 2580 t
2417 2537 2450 2577 ι
2495 2513 2605 2579 Isti
2645 2515 2765 2598 qui
2807 2534 2963 2587 oves
3012 2519 3196 2597 sunt,
3239 2515 3397 2600 quid

1855 2619 2185 2684 fecerunt?
2228 2640 2261 2680 n
2314 2620 2494 2705 quasi
2531 2621 2697 2686 dicat
2740 2643 2758 2686 ε
2812 2621 2985 2688 Nihil
3028 2621 3177 2686 mali
3213 2637 3397 2686 com-

1857 2725 2187 2793 miserunt.
2221 2726 2300 2793 Et
2339 2728 2463 2794 hoc
2505 2735 2635 2810 est,
2677 2731 2935 2813 quando
2967 2730 3165 2795 homo
3203 2728 3398 2794 habet

1854 2834 2196 2918 puritatem
2224 2837 2295 2902 in
2318 2837 2670 2918 affectione,
2696 2839 3028 2904 veritatem
3069 2838 3138 2902 in
3165 2855 3396 2921 opera-

1855 2942 2053 3024 tione,
2078 2949 2152 3009 ut
2182 2943 2361 3009 nulla
2385 2944 2719 3027 duplicitas
2751 2944 2832 3010 sit
2870 2945 3137 3010 interius
3150 2990 3169 3026 ,
3216 2944 3397 3010 nulla

1853 3051 2091 3116 falsitas
2117 3052 2419 3117 exterius.
2450 3049 2742 3118 Secundo
2785 3051 3066 3119 Christus
3100 3052 3398 3117 liberavit

1854 3176 2007 3225 oves
2045 3178 2224 3238 suas,
2261 3178 2411 3244 quae
2452 3160 2693 3226 habent
2733 3162 3237 3227 tractabilitatem
3280 3178 3396 3244 pa-

1854 3265 2096 3331 tientiae
2125 3285 2240 3349 per
2272 3267 2678 3334 tolerantiam
2710 3268 3097 3335 omnimodae
3123 3267 3393 3334 tribula-

1853 3373 2068 3440 tionis.
2097 3374 2274 3441 Unde
2298 3377 2363 3442 ⁸:
2417 3400 2449 3439 α
2496 3376 2674 3443 Sicut
2714 3379 2856 3443 ovis
2889 3378 2971 3443 ad
3010 3376 3392 3442 occisionem

1853 3480 2081 3547 ductus
2101 3487 2217 3547 est.
2233 3504 2266 3544 p
2301 3482 2476 3553 Sicut
2497 3484 2669 3549 enim
2697 3485 2839 3550 ovis
2859 3502 3009 3568 quae
3041 3485 3123 3567 (f)
3139 3483 3396 3550 ducitur

1854 3589 1933 3654 ad
1980 3589 2317 3655 macellum
2334 3641 2355 3670 ,
2403 3610 2537 3657 non
2598 3592 2951 3658 recalcitrat
3009 3593 3169 3676 pede
3185 3642 3204 3674 ,
3261 3611 3394 3658 non

1855 3698 2105 3763 mordet
2127 3697 2335 3779 dente,
2374 3719 2507 3765 non
2532 3700 2780 3784 impetit
2804 3719 3043 3780 cornu;
3076 3701 3169 3767 sic
3196 3718 3394 3769 verus

1852 3805 2100 3889 patiens
2124 3806 2207 3871 ad
2232 3807 2597 3890 exemplum
2625 3806 2883 3890 Christi,
2911 3810 3153 3893 positus
3178 3810 3250 3874 in
3279 3810 3392 3875 tri-

1851 3914 2177 3980 bulatione
2190 3963 2210 3995 ,
2242 3932 2374 3980 non
2398 3914 2585 3981 debet
2620 3934 3029 3982 murmurare
3065 3917 3135 3982 in
3162 3918 3385 3999 corde,

1850 4041 1984 4088 non
2006 4022 2267 4106 obloqui
2292 4023 2361 4087 in
2385 4041 2520 4104 ore,
2552 4042 2670 4089 nec
2686 4042 3049 4109 repugnare
3076 4025 3145 4090 in
3170 4042 3385 4109 opere,

1850 4134 1925 4196 ut
1950 4128 2291 4213 impleatur
2314 4130 2386 4194 in
2411 4147 2489 4195 eo
2514 4129 2675 4195 illud
2700 4131 2770 4196 in
2795 4130 3053 4200 Psalmo
3070 4132 3093 4167 ⁸
3121 4150 3194 4197 :c
3226 4131 3390 4211 Quo-

1850 4236 2025 4301 niam
2053 4240 2398 4320 propterte
2425 4236 2886 4303 mortificamur
2904 4242 3039 4304 tota
3063 4238 3190 4318 die,
3218 4240 3389 4304 aesti-

1848 4346 2005 4411 mati
2031 4363 2257 4411 sumus
2294 4345 2461 4411 sicut
2506 4363 2660 4412 oves
2702 4347 3051 4413 occisionis.
3097 4370 3130 4410 a
3175 4346 3391 4415 Tertio

1847 4451 2078 4518 liberat
2102 4452 2389 4518 Christus
2427 4471 2580 4519 oves
2620 4472 2791 4536 suas,
2820 4473 2967 4538 quae
2992 4456 3230 4522 hahent
3264 4457 3388 4522 foe-

1849 4560 2238 4625 cunditatem
2284 4559 2706 4643 multiplicem
2749 4562 2939 4627 bonae
2979 4565 3384 4646 operationis.

1850 4666 2027 4734 Unde
2054 4667 2263 4732 bonus
2292 4666 2675 4733 christianus
2690 4664 2876 4735 debet
2892 4688 3028 4735 esse
3054 4671 3389 4737 foecundus

1848 4773 2034 4839 bonis
2059 4774 2359 4857 operibus
2385 4774 2465 4840 ad
2486 4774 2753 4840 modum
2778 4776 2942 4857 ovis,
2973 4777 3128 4842 dare
3146 4778 3388 4862 pastori

1849 4899 1968 4946 suo
1999 4880 2246 4945 Christo
2265 4879 2365 4945 lac
2392 4881 2657 4946 mundae
2701 4880 3083 4965 affectionis,
3131 4902 3389 4951 caseum

1847 4988 2037 5053 honae
2060 4988 2470 5071 operationis,
2498 4992 2562 5054 et
2577 4989 2792 5054 lanam
2817 4991 3105 5057 honestae
3129 5011 3391 5059 conver-

1848 5095 2130 5178 sationis,
2159 5100 2237 5162 ut
2260 5098 2457 5180 possit
2480 5097 2604 5163 dici
2628 5098 2708 5165 de
2733 5098 2865 5165 eis:
2899 5122 2932 5162 ι
2957 5099 3121 5169 Oves
3146 5101 3387 5170 foetosoe

1915 5226 1977 5291 (α)
2007 5226 2158 5276 Forte
2186 5224 2286 5289 leq.
2306 5225 2654 5290 abscondere,
2681 5229 2740 5277 ut
2760 5228 2813 5277 in
2845 5225 3140 5292 Vulgata.—
3164 5230 3233 5295 (b)
3260 5229 3395 5289 eat.

1848 5297 1970 5350 edit.
2006 5298 2330 5361 compressit.
2366 5325 2421 5335 —
2463 5298 2525 5362 (c)
2566 5299 2691 5349 Item
2726 5300 2894 5350 Jesus.
2928 5325 2992 5338 —
3026 5300 3111 5366 (d)
3149 5303 3271 5354 uem
3298 5318 3393 5368 per

1848 5383 2070 5435 quarum
2096 5368 2541 5423 liberationem.-
2564 5370 2628 5435 (e)
2651 5372 2772 5422 Item
2794 5372 2883 5436 qui
2901 5371 3148 5426 habet.—
3175 5375 3244 5441 (s)
3267 5376 3393 5430 Cot.

1846 5439 1974 5492 edit.
2007 5440 2144 5491 deest
2172 5453 2312 5506 qum.

3039 5543 3119 5603 16
