4059 6317
1076 515 1178 582 DE
1219 517 1265 583 S
1331 513 1965 583 BARTHOLOMAEO.
2010 513 2274 581 SERMO
2320 514 2395 579 ΙΙ.

150 668 280 713 mus
333 651 532 711 dicere
583 649 739 711 illud
785 654 805 690 ¹
858 669 874 709 ε
918 669 950 707 α
984 652 1203 711 Cecidit
1230 666 1453 711 corona
1479 651 1685 727 capitis

147 746 324 805 nostri
358 765 374 803 :
404 762 496 804 vae
537 745 716 804 nobis
733 788 752 818 ‚
796 745 943 821 quia
967 746 1364 821 peccavimus.
1394 767 1424 803 ιι
1458 749 1552 805 Est
1575 745 1686 818 igi·

147 843 236 897 tur
278 839 377 898 hic
419 839 750 898 notandum
768 882 790 912 ‚
843 840 1009 915 quod
1053 840 1345 916 triplicem
1401 855 1683 897 coronam

147 933 327 991 modo
354 939 694 1010 portamus,
720 950 905 1009 quam
943 951 1067 993 non
1091 935 1386 1009 portavit,
1416 935 1522 992 sed
1547 949 1685 1008 pro-

141 1025 278 1098 Jecit
300 1028 636 1102 Apostolus.
667 1029 860 1087 Prima
888 1033 974 1087 est
1011 1044 1236 1087 corona
1261 1027 1536 1100 lasciviae,
1566 1044 1687 1102 qua

146 1134 319 1179 carne
348 1125 407 1179 et
444 1125 640 1180 mente
679 1122 1014 1196 inficimur3
1043 1122 1309 1181 secunda
1344 1125 1429 1180 est
1465 1136 1686 1180 corona

146 1217 422 1290 avaritiae,
448 1233 571 1292 qua
596 1218 672 1275 ad
702 1222 936 1276 terrena
962 1218 1354 1292 deprimimur
1366 1235 1385 1289 3
1409 1216 1578 1275 tertia
1600 1221 1688 1275 est

146 1326 368 1371 corona
403 1312 728 1386 superbire,
754 1310 965 1387 quain
986 1327 1209 1371 vanum
1237 1311 1539 1385 erigimur.
1566 1310 1688 1369 Pri-

146 1422 306 1464 mam
328 1421 613 1465 coronam
639 1406 817 1465 nobis
844 1407 1100 1481 imponit
1125 1422 1345 1483 corpus
1378 1405 1681 1479 inficieus3

145 1500 488 1572 secundam,
518 1499 778 1559 mundus
806 1500 1086 1559 deficiens
1109 1521 1129 1574 3
1158 1500 1265 1559 sed
1292 1500 1522 1559 tertiam
1552 1499 1683 1557 dia-

144 1592 318 1652 bolus
346 1593 580 1665 fallens,
607 1594 707 1652 vel
735 1593 1055 1669 decipiens.

212 1685 386 1759 Dico,
427 1686 594 1761 quod
634 1686 829 1762 prima
855 1703 1111 1761 corona,
1141 1704 1263 1763 qua
1290 1692 1571 1747 coronata
1601 1688 1689 1745 est

145 1795 180 1837 a
206 1796 412 1851 carne,
440 1783 528 1838 est
550 1796 775 1839 corona
801 1780 1086 1852 lasciviae,
1118 1798 1303 1859 quam
1346 1781 1501 1840 servi
1541 1797 1686 1839 ven-

144 1873 243 1931 tris
269 1877 328 1932 et
353 1874 546 1932 carnis
571 1873 685 1932 sibi
713 1877 837 1933 tota
881 1874 979 1933 die
1024 1875 1361 1950 imponunt.
1409 1876 1499 1936 Ad
1542 1875 1687 1934 litte-

142 1982 271 2025 ram
310 1967 473 2026 enim
517 1967 823 2040 videmus,
869 1969 1032 2044 quod
1082 1970 1237 2027 servi
1282 1970 1373 2028 sui
1420 1969 1687 2044 corporis

139 2060 279 2133 sibi,
306 2061 388 2120 ad
413 2061 665 2120 modum
693 2079 961 2136 coronas,
989 2066 1142 2123 serta
1165 2063 1388 2121 faciunt
1418 2063 1495 2122 de
1520 2062 1684 2122 flori-

143 2155 272 2229 bus,
303 2157 428 2214 sive
454 2156 625 2215 rosis.
654 2157 818 2215 Unde
847 2157 1051 2215 dicunt
1081 2157 1235 2216 illud
1262 2158 1289 2198 ²
1320 2176 1335 2214 ε
1372 2175 1400 2211 α
1426 2160 1684 2217 Corone-

139 2266 273 2308 mus
309 2266 425 2308 nos
461 2251 642 2323 rosis,
683 2255 1005 2327 antequam
1045 2255 1413 2310 marcescant
1439 2271 1454 2310 ε
1478 2272 1508 2308 ιιι
1542 2251 1686 2327 quia

140 2360 348 2402 eorum
377 2361 614 2403 coronas
637 2362 815 2405 mane
843 2349 981 2404 sunt
1014 2346 1236 2405 virides
1255 2391 1274 2420 ‚
1305 2362 1438 2405 sero
1466 2347 1633 2405 siccae
1663 2365 1679 2403 :

136 2453 316 2497 mane
344 2438 698 2514 redolentes,
729 2456 864 2499 sero
889 2440 1141 2499 foetidae:
1175 2456 1351 2499 mane
1381 2440 1684 2517 speciosae,

137 2530 202 2589 in
229 2548 366 2591 sero
403 2538 695 2609 apparent
733 2534 937 2593 nullas.
980 2534 1073 2593 Sic
1117 2535 1277 2593 enim
1326 2536 1577 2593 habetur
1618 2536 1679 2592 ⁸:

141 2645 171 2678 ιι
195 2625 399 2684 Omnis
444 2643 583 2686 caro
627 2627 856 2686 imnum
873 2671 892 2701 ,
942 2630 999 2687 et
1054 2628 1251 2688 omnis
1309 2629 1503 2702 gloria
1557 2629 1684 2701 ejus

133 2720 305 2793 quasi
332 2720 449 2779 flos
474 2722 601 2795 agri
634 2740 649 2781 t
681 2722 1037 2783 exsiccatum
1065 2727 1154 2783 est
1171 2723 1419 2796 foenum,
1449 2728 1508 2782 et
1536 2724 1684 2782 ceci·

133 2814 219 2873 dit
243 2815 380 2875 flos.
404 2838 433 2872 ιι
469 2820 624 2890 Ergo
660 2834 913 2891 corona,
953 2820 1077 2878 sive
1114 2820 1306 2894 gloria
1345 2821 1568 2893 carnis,
1599 2824 1685 2878 est

131 2911 281 2969 sicut
295 2911 492 2984 gloria
517 2910 682 2984 foeni,
709 2914 808 2971 vel
825 2914 1011 2987 flori8‚
1033 2931 1166 2989 quae
1184 2930 1360 2972 mane
1390 2919 1525 2973 sunt
1549 2915 1681 2991 pul-

133 3005 306 3079 chrae,
329 3007 398 3065 in
424 3021 559 3067 sero
584 3022 729 3066 vero
752 3007 942 3079 siccae,
962 3007 1055 3066 vel
1083 3009 1284 3066 nullae.
1314 3007 1677 3083 Propheta*:

133 3120 164 3151 u
190 3100 362 3159 Fiant
385 3100 536 3159 sicut
559 3102 785 3160 foenum
809 3106 1120 3173 tectorum,
1143 3102 1310 3177 quod
1331 3103 1681 3177 priusquam

127 3194 455 3266 evellatur,
499 3195 744 3254 exaruit.
794 3216 824 3252 ιι
855 3198 879 3233 ⁸
908 3216 936 3251 α
980 3199 1169 3254 Homo
1212 3200 1385 3254 natus
1427 3197 1503 3254 de
1548 3212 1680 3255 mu-

129 3287 273 3346 liere
318 3307 334 3346 :
378 3309 408 3345 ιι
461 3304 594 3348 ecce
636 3288 943 3364 fragilitas.
997 3308 1027 3345 α
1072 3289 1240 3348 Brevi
1277 3289 1486 3348 vivens
1531 3295 1681 3348 tem-

129 3397 277 3455 pore
307 3403 374 3441 :n
410 3400 547 3442 ecce
571 3385 708 3443 vitae
732 3385 1063 3446 modicitas.
1103 3406 1132 3441 α
1161 3386 1439 3462 Repletur
1479 3386 1680 3446 multis

129 3476 382 3535 miseriis
422 3495 438 3535 ι
477 3497 506 3532 ιι
540 3494 675 3538 ecce
719 3479 854 3538 vitae
898 3479 1221 3539 calamitaS.
1250 3481 1273 3517 ⁰
1299 3482 1460 3551 «Qui
1507 3482 1677 3556 quasi

125 3568 242 3628 flos
266 3571 596 3644 egreditur,
627 3576 684 3630 et
709 3573 1055 3640 conteritur,
1091 3578 1148 3632 et
1171 3573 1322 3649 fugit
1349 3575 1513 3633 velut
1547 3592 1679 3633 um-

126 3662 275 3722 bra:
307 3683 339 3721 ιι
371 3681 509 3723 ecce
537 3665 668 3723 vitae
692 3670 908 3725 nostres
936 3667 1184 3726 vanitas-
1221 3689 1249 3723 ι
1276 3672 1343 3726 Et
1367 3684 1677 3744 nunquam

125 3757 187 3814 in
209 3757 434 3836 eodem
454 3761 606 3818 statu
618 3763 959 3835 permanet:
983 3780 1013 3815 n
1038 3777 1172 3819 ecce
1197 3764 1379 3820 status
1400 3763 1672 3835 varietas,

126 3853 185 3908 et
209 3851 521 3909 mutabilis
546 3852 639 3927 (a).
670 3852 692 3887 '¹
721 3870 752 3908 ιι
777 3856 942 3912 Mane
974 3855 1126 3912 sicut
1149 3854 1338 3913 herba
1363 3855 1592 3926 floreat,
1620 3857 1679 3913 et

124 3946 388 4004 transeat
401 3966 421 4019 3
452 3962 697 4021 vespere
725 3947 995 4021 decidat,
1024 3949 1261 4007 induret
1288 3951 1347 4007 et
1369 3952 1611 4008 arescat.
1641 3969 1671 4006 ιι

128 4038 285 4106 Quid
310 4054 480 4112 ergo,
501 4039 687 4099 homo
717 4041 993 4115 carnalis,
1017 4041 1081 4099 in
1107 4058 1332 4101 corona
1357 4043 1677 4101 vanissima

126 4130 453 4204 gloriaris?
510 4134 662 4203 Quid
719 4134 794 4193 de
857 4138 1017 4194 tanta
1076 4136 1355 4195 varietate
1414 4137 1675 4195 loetaris?

124 4226 334 4285 Nonne
355 4226 546 4299 vides,
576 4228 744 4302 quod
780 4245 917 4286 cum
939 4231 1092 4287 stent
1116 4228 1375 4289 coelestia
1400 4247 1674 4306 corpora,

126 4324 391 4394 quatuor
425 4320 716 4379 elementa
729 4363 748 4395 ,
780 4325 932 4380 stent
956 4323 1228 4397 metalla,
1259 4324 1561 4400 multaque
1593 4330 1677 4384 ta·

127 4412 231 4485 lia,
285 4419 353 4473 tu
390 4429 533 4472 vero
566 4420 721 4473 totus
752 4430 976 4486 vanus,
1015 4420 1083 4474 nt
1123 4419 1372 4490 umbra,
1411 4418 1675 4477 velocius

127 4507 382 4580 transis,
426 4524 610 4582 quam
645 4508 863 4568 umbra
900 4510 999 4568 vel
1036 4512 1260 4570 herba?
1295 4516 1438 4571 Nam
1468 4511 1492 4546 ⁸
1522 4516 1673 4572 Nero

123 4603 494 4676 imperator,
530 4602 635 4677 qui
661 4605 818 4662 totus
855 4603 965 4663 fuit
992 4621 1193 4665 servus
1222 4608 1446 4679 carniS‚
1479 4607 1672 4682 impu-

120 4695 254 4756 dice
298 4696 567 4755 serviens
610 4695 897 4771 lasciviis,
954 4714 1106 4774 saepe
1147 4700 1342 4758 ferens
1394 4704 1550 4758 serta
1599 4700 1674 4758 de

117 4791 301 4864 rosis,
330 4789 484 4847 dum
511 4790 829 4850 vanitatem
856 4792 1170 4851 hominum
1199 4793 1525 4853 carnalium
1548 4810 1674 4853 non

116 4884 399 4959 agnovit,
443 4883 591 4941 dum
638 4900 701 4942 se
744 4885 851 4943 diu
893 4902 1143 4960 regnare
1183 4903 1358 4962 posse
1393 4886 1672 4959 credidit,

111 4979 426 5051 judicante
451 4979 602 5049 Deo,
630 4994 811 5052 quem
851 4995 977 5038 esse
1015 4995 1143 5038 non
1175 4980 1455 5053 credidit,
1490 4997 1673 5039 manu

115 5073 369 5148 propria
408 5071 622 5130 fustem
667 5086 776 5147 per
821 5078 1088 5132 ventrem
1136 5073 1466 5133 transfodit.
1515 5078 1680 5135 Hanc

117 5183 416 5229 coronam
450 5164 565 5225 sibi
590 5181 716 5225 non
745 5169 1091 5242 Apostolus,
1120 5169 1224 5228 sed
1253 5185 1540 5229 coronam
1562 5187 1669 5246 po-

182 5319 198 5348 *
235 5312 443 5378 Tho-en„
467 5324 523 5378 v,
552 5319 628 5367 16.
657 5341 710 5351 —-
740 5317 763 5350 ²
790 5316 929 5380 Sap..
957 5329 1026 5381 11,
1059 5320 1104 5369 8.
1131 5344 1192 5356 —
1215 5318 1235 5349 ⁸
1259 5319 1381 5381 Isca,
1412 5330 1552 5381 nvi,
1577 5321 1673 5369 6-7.

118 5413 181 5427 -
203 5389 224 5419 ⁴
255 5386 405 5437 Psal.
430 5397 653 5450 cxxviii,
678 5390 726 5437 6.
750 5412 813 5426 --
839 5389 861 5421 ⁸
886 5389 995 5451 Job,
1020 5400 1126 5453 xiv,
1157 5395 1203 5441 ι.
1221 5415 1285 5426 -
1307 5390 1328 5424 ⁶
1359 5389 1507 5450 lbid„
1537 5395 1583 5440 2.
1613 5416 1675 5427 —

117 5460 139 5497 ⁷
163 5458 308 5511 Pral.
336 5470 557 5520 mxxix,
579 5460 628 5509 6.
648 5485 712 5496 -
733 5461 752 5490 ⁸
774 5462 1006 5524 Sueton„
1028 5459 1082 5511 in
1111 5460 1324 5513 Nerone.
1352 5488 1403 5498 -—
1425 5461 1450 5497 θ
1467 5463 1675 5525 Jerem„

3212 512 3331 577 595

1792 651 1904 708 tius
1949 650 2223 708 castitatis
2268 648 2581 724 imposuit,
2621 665 2789 725 quas,
2828 648 2976 707 sicut
3019 647 3233 706 dicitur
3268 648 3333 704 in

1789 745 2065 819 Legenda
2101 747 2314 804 sanctae
2347 744 2620 818 Caeciliae,
2656 759 2967 818 nunquam
2991 744 3329 800 marcescet.

1863 839 2136 899 Secunda
2171 855 2423 910 corona,
2449 855 2572 914 qua
2594 842 2954 897 coronantur
2993 852 3031 895 a
3072 836 3330 905 mundo,

1792 937 1881 992 est
1926 949 2148 992 corona
2197 934 2485 1001 avarities,
2533 949 2655 1008 qua
2710 936 3069 990 coronantur
3122 929 3332 987 divites

1793 1042 2033 1099 omneS,
2059 1026 2387 1102 mundique
2414 1032 2725 1085 amatores
2758 1026 2922 1083 Unde
2963 1024 3234 1081 scribitur
3258 1023 3280 1058 ⁰
3312 1039 3327 1079 ε

1795 1138 1824 1175 α
1853 1120 1951 1179 Dic
1997 1121 2120 1194 regi
2164 1123 2223 1179 et
2265 1120 2638 1179 dominatrici
2680 1138 2694 1177 ε
2738 1118 3136 1179 Humiliamini
3165 1121 3222 1174 et
3248 1133 3332 1173 se-

1792 1214 1956 1287 dete,
1988 1216 2131 1290 quia
2159 1215 2237 1272 de
2278 1214 2467 1289 capite
2514 1217 2710 1272 vestro
2755 1212 3071 1271 descendet
3116 1226 3334 1269 corona

1790 1309 1995 1382 gloriae
2022 1312 2246 1367 vestrae.
2277 1328 2306 1363 ιι
2339 1312 2467 1368 llaec
2496 1313 2581 1366 est
2607 1309 2713 1366 illa
2744 1323 2999 1379 corona,
3043 1321 3165 1381 qua
3199 1303 3333 1378 quis

1788 1402 2052 1478 pingitur
2087 1405 2402 1461 coronatus
2428 1403 2491 1460 in
2518 1406 2648 1461 rota
2672 1402 2919 1460 fortunae
2951 1419 2966 1456 ε
3010 1415 3150 1456 nam
3192 1397 3335 1472 quia

1790 1502 1921 1555 rota
1947 1514 2181 1572 semper
2207 1497 2489 1570 volvitur,
2519 1514 2630 1555 nec
2658 1498 2738 1555 ad
2777 1499 3146 1554 momentum
3180 1498 3332 1552 stare

1787 1592 2171 1665 permittitur,
2215 1593 2362 1650 dum
2400 1593 2478 1650 ad
2520 1608 2821 1650 summum
2865 1589 3168 1665 pervenit,
3205 1589 3336 1646 des-

1792 1685 2045 1744 cendere
2073 1687 2323 1759 cogitur.
2363 1690 2430 1744 Et
2451 1686 2576 1744 haec
2603 1690 2688 1743 est
2714 1687 2939 1760 optima
2963 1684 3113 1742 ratio
3146 1703 3161 1741 ε
3194 1683 3335 1757 quia

1790 1796 1901 1837 nec
1927 1780 1991 1837 in
2017 1781 2317 1855 prosperis
2341 1785 2427 1838 est
2452 1781 2836 1854 gaudendum
2851 1821 2870 1852 ,
2895 1795 3004 1837 nec
3031 1779 3092 1837 in
3123 1779 3336 1837 adver-

1791 1874 1871 1931 sis
1897 1877 1986 1931 est
2010 1873 2447 1948 desperandum
2469 1892 2488 1947 3
2526 1874 2668 1947 quia
2695 1890 2831 1931 cum
2855 1878 2987 1932 rota
3023 1876 3175 1930 stare
3212 1887 3336 1930 non

1788 1972 1995 2045 possit,
2025 1987 2180 2045 saepe
2207 1971 2311 2046 qui
2339 1970 2493 2028 imus
2517 1973 2622 2043 est,
2652 1970 2934 2041 ascendit,
2966 1972 3024 2027 et
3052 1968 3155 2044 qui
3180 1984 3338 2026 sum-

1790 2082 1926 2123 mus
1952 2068 2072 2137 est,
2105 2081 2292 2139 usque
2331 2063 2409 2122 ad
2458 2063 2580 2122 ima
2624 2063 2943 2121 descendit.
2992 2062 3155 2120 Unde
3195 2062 3336 2120 scri-

1790 2158 2012 2217 buntur
2039 2158 2102 2216 hi
2126 2174 2332 2216 versus
2368 2158 2431 2215 in
2458 2161 2590 2217 rota
2615 2158 2896 2231 fortunoe3
2943 2173 3084 2215 nam
3129 2156 3234 2231 qui
3272 2156 3334 2214 in

1790 2269 2026 2311 summo
2058 2257 2173 2325 est,
2206 2252 2344 2310 dicit
2375 2272 2390 2309 :

1947 2393 2153 2444 Glorior
2181 2392 2362 2458 elatus,
2390 2393 2646 2443 descendo
2674 2391 3022 2445 mortificatus

1861 2536 2005 2594 ltem
2034 2535 2216 2608 alim,
2245 2535 2350 2611 qui
2378 2535 2440 2594 in
2465 2535 2588 2594 imo
2617 2540 2723 2609 est,
2753 2535 2896 2594 dicit
2925 2555 2939 2593 ε

1877 2676 2088 2727 lnflmus
2127 2690 2248 2728 ecce
2275 2691 2505 2742 premor,
2532 2691 2708 2729 rursus
2732 2677 2798 2728 ad
2826 2682 2964 2730 astra
2989 2678 3169 2729 vehor.

1861 2820 2025 2878 Unde
2045 2822 2280 2895 sapiens
2299 2821 2577 2880 Salomon
2606 2821 2934 2880 mirabatur
2957 2820 3015 2887 ¹⁰,
3043 2820 3146 2895 qui
3169 2820 3336 2879 vide-

1789 2914 1893 2973 bat
1919 2931 2122 2973 servos
2148 2915 2520 2974 ambulantes
2549 2916 2610 2973 in
2638 2914 2826 2989 equiS‚
2851 2919 2907 2973 et
2929 2914 3206 2973 dominos
3233 2932 3333 2972 su-

1789 3025 1898 3083 per
1926 3012 2162 3067 terram.
2197 3011 2262 3067 Et
2287 3009 2436 3067 illud
2464 3010 2663 3082 etiam,
2686 3025 2823 3068 cum
2843 3010 3166 3068 dicebat¹¹:
3194 3029 3223 3064 «
3241 3013 3331 3068 ln-

1790 3102 2023 3162 terdum
2052 3104 2127 3162 de
2160 3119 2392 3162 carcere
2420 3107 2477 3161 et
2501 3107 2706 3162 catena
2741 3104 2876 3179 quis
2913 3104 3212 3176 consurgit
3251 3103 3332 3162 ad

1787 3211 2075 3270 regnum,
2116 3201 2171 3255 et
2207 3197 2316 3255 filii
2360 3197 2530 3270 regni
2574 3197 2778 3271 inopia
2823 3201 3266 3256 consumuntur.
3298 3218 3326 3253 ιι

1789 3290 2091 3365 Numquid
2121 3307 2246 3350 non
2268 3291 2635 3365 temporibus
2662 3292 2876 3349 nostris
2901 3307 3090 3365 regeS,
3120 3291 3333 3366 princi-

1785 3401 1893 3458 pes
1918 3387 1976 3444 et
2000 3385 2259 3443 barones
2286 3390 2420 3443 sunt
2446 3385 2656 3458 deJecti
2671 3428 2692 3457 ,
2719 3388 2774 3443 et
2800 3385 2973 3458 viles,
2997 3388 3053 3443 et
3078 3385 3332 3443 humiles

1788 3478 2061 3551 exaltati,
2105 3495 2398 3553 pauperes
2443 3479 2607 3536 ditati
2624 3523 2642 3552 ‚
2688 3482 2746 3537 et
2790 3478 3000 3536 divites
3040 3495 3332 3553 pauperes

1788 3575 1925 3630 sunt
1981 3572 2171 3631 effecti
2189 3575 2218 3629 Τ
2272 3573 2490 3631 Probat
2535 3573 2691 3630 enim
2738 3566 3003 3631 Valerius
3045 3574 3330 3631 Maximus

1785 3665 1826 3701 ¹²
1846 3666 2066 3738 multiS,
2089 3667 2385 3742 variisque
2406 3667 2720 3741 exemplis,
2750 3666 2815 3725 in
2840 3682 2963 3725 uno
2991 3666 3327 3740 eodemque

1786 3764 1938 3817 statu
1962 3761 2262 3818 neminem
2289 3777 2464 3834 posse
2487 3766 2638 3819 stare
2667 3778 2682 3817 ε
2717 3760 2859 3834 quia
2891 3761 2949 3819 hi
2980 3777 3177 3819 mores
3210 3760 3331 3818 for-

1784 3856 1942 3911 tunoe
1968 3856 2134 3926 sunt,
2161 3854 2274 3911 hos
2300 3854 2585 3927 dejicere,
2622 3853 2759 3913 illos
2800 3856 3066 3925 elevare,
3094 3870 3328 3912 summa

1783 3947 1940 4019 imiS,
1967 3950 2026 4005 et
2047 3947 2169 4005 ima
2197 3948 2442 4005 summis
2469 3951 2746 4006 evertere.
2773 3947 2935 4005 Unde
2964 3946 3133 4019 dicit,
3161 3947 3325 4021 quod
3355 3944 3575 4059 εἷται·

1785 4041 2037 4116 quidam
2082 4042 2415 4101 Samiorum
2476 4046 2758 4118 tyrannus
2818 4041 2993 4100 bonis
3045 4042 3325 4100 omnibus

1782 4134 1891 4193 fuit
1924 4136 2169 4209 plenuS‚
2211 4139 2268 4193 et
2302 4135 2365 4193 in
2407 4135 2685 4194 omnibus
2723 4134 3040 4194 videbatur
3070 4133 3329 4193 fortuna·

1783 4229 2071 4287 tissimus:
2095 4244 2240 4286 nam
2268 4244 2445 4286 omne
2473 4230 2642 4303 quod
2669 4228 3064 4303 desiderabat,
3090 4228 3200 4287 sibi
3228 4245 3328 4288 ve·

1783 4323 2012 4396 niebat,
2057 4323 2205 4380 sicut
2241 4322 2514 4395 volebat,
2551 4322 2633 4380 ita
2665 4323 2833 4398 quod
2859 4322 3013 4381 velle
3040 4322 3156 4380 sibi
3182 4326 3330 4381 esset

1785 4416 1956 4489 quasi
1985 4415 2237 4474 efficere.
2268 4420 2412 4475 Nam
2438 4420 2494 4473 et
2510 4415 2694 4473 semel
2715 4418 2797 4490 (ut
2818 4416 2983 4491 dicit)
3004 4415 3325 4489 quemdam

1784 4510 2072 4568 annulum
2099 4510 2212 4567 sibi
2240 4509 2649 4567 charissimum
2670 4509 2734 4566 in
2764 4526 2928 4568 mare
2957 4508 3228 4585 projecit,
3248 4508 3329 4566 ad

1783 4603 2144 4675 videndum,
2173 4604 2223 4661 si
2249 4604 2363 4662 sibi
2399 4603 2639 4662 fortuna
2678 4607 2934 4661 mutaret
2972 4607 3275 4677 aspectum
3306 4620 3323 4659 ε

1785 4712 1966 4771 quem
1995 4698 2276 4756 continuo
2305 4697 2691 4772 recuperavit,
2708 4697 2849 4771 quia
2869 4699 3043 4773 capto
3060 4697 3323 4754 maximo

1783 4790 1966 4864 pisce,
1995 4791 2100 4865 qui
2126 4791 2417 4850 annulum
2444 4791 2776 4865 deglutivit,
2808 4790 3096 4849 annulum
3120 4790 3174 4847 ei
3199 4805 3324 4847 res-

1785 4885 1954 4943 tituit.
1987 4885 2103 4943 Sed
2128 4885 2363 4944 fortuna
2403 4887 2528 4943 haec
2570 4885 2653 4943 sic
2685 4889 2852 4958 grata
2893 4885 2955 4942 in
2989 4883 3326 4959 principiis,

1784 4994 1909 5037 non
1943 4978 2027 5036 sic
2066 4980 2495 5053 perseveravit,
2531 4979 2638 5037 sed
2671 4978 2884 5036 faciem
2918 4979 3114 5037 eidem
3141 4981 3328 5036 muta-

1784 5076 1869 5133 vit
1916 5093 1930 5132 :
1984 5073 2273 5148 quoniam
2319 5075 2523 5149 captus
2564 5090 2602 5132 a
2644 5072 2918 5147 praefecto
2956 5073 3143 5146 regis,
3187 5088 3327 5130 eum

1787 5167 1948 5226 cruci
1966 5167 2128 5241 affigi
2152 5166 2305 5225 fecit.
2326 5166 2490 5225 Unde
2519 5167 2822 5225 concludit
2848 5166 3010 5225 idem
3039 5165 3326 5237 Valerius,

1787 5315 1913 5366 xm,
1949 5305 2028 5353 18.
2065 5328 2126 5340 —
2160 5303 2197 5333 ¹·
2242 5301 2427 5362 Eccle„
2462 5313 2527 5365 x,
2563 5305 2610 5353 7.
2645 5329 2706 5341 -
2743 5305 2785 5339 ¹¹
2820 5302 3004 5365 Eccle„
3043 5314 3117 5367 lv,
3162 5304 3243 5354 14.
3268 5328 3325 5340 -

1787 5378 1833 5411 ¹¹
1859 5375 2028 5426 valer.
2060 5376 2219 5437 Max„
2245 5373 2335 5423 lib.
2362 5374 2452 5438 Vl,
2478 5386 2528 5425 c.
2558 5385 2633 5438 ιι,
2661 5378 2863 5428 extem.
2883 5389 2939 5428 n.
2968 5379 3018 5428 5.

1850 5462 1915 5522 (a)
1946 5461 2062 5524 Leq.
2092 5459 2418 5509 mutabilitas,
