4059 6317
677 464 798 529 524

677 597 826 656 nico
857 597 1241 674 passionisb
1279 601 1436 673 Ergo
1461 599 1514 657 si
1541 602 1705 657 tanta
1737 598 1850 656 tuit
1882 597 2219 656 amaritudo

679 690 874 750 carnis
899 691 1128 749 Domini
1151 692 1486 763 salvatoris,
1514 692 1672 768 quis,
1699 692 1812 750 nisi
1836 692 1912 750 sit
1936 691 2097 749 tilius
2121 707 2221 764 ge·

677 784 1154 854 hennoe,·audeat
1195 785 1506 845 lascivire?
1541 787 1677 862 quis
1713 786 1868 845 ultra
1905 787 2224 860 prasumat

681 881 742 940 in
763 881 991 940 deliciis
1015 898 1251 941 carnem
1279 883 1671 957 peccatricem
1691 882 1958 940 nutrire?
1983 885 2112 939 Non
2136 886 2225 940 est

675 975 921 1048 justum,
938 992 1064 1034 non
1087 981 1174 1035 est
1191 977 1406 1035 rationi
1434 992 1786 1045 consonum,
1805 981 1872 1033 ut
1897 976 2010 1032 snb
2031 976 2221 1050 capite

682 1068 937 1143 dolente,
961 1070 1297 1129 membrum
1333 1072 1458 1129 sine
1501 1070 1710 1128 labore
1748 1069 1912 1128 vivat
1950 1068 2221 1127 delicate.

682 1165 812 1222 non
849 1164 1102 1223 habetur
1144 1148 1316 1224 hanes
1350 1165 1454 1223 ine
1497 1165 1724 1235 amicus
1758 1162 1909 1237 regi,
1936 1164 2043 1239 qui
2084 1169 2225 1222 tune

683 1262 854 1315 vacat
876 1256 1150 1330 luxuriis,
1173 1259 1296 1316 sive
1323 1258 1516 1317 carnis
1556 1258 1816 1330 deliciis,
1845 1256 2091 1332 quando
2119 1273 2223 1314 rex

682 1367 825 1410 mus
849 1352 1032 1410 armis
1055 1352 1318 1423 indutus,
1343 1353 1514 1411 bellis
1539 1354 1862 1429 expodtus,
1879 1351 2227 1411 vulneribus

682 1447 914 1521 plenus,
945 1452 1003 1506 et
1028 1452 1183 1506 totus
1205 1449 1399 1524 poenis
1424 1451 1742 1524 expositus.
1771 1451 1963 1519 Quare
1989 1452 2229 1524 aposto·

685 1541 778 1599 lus
799 1541 1012 1600 Paulus
1039 1558 1176 1599 cum
1201 1542 1452 1600 vulnera
1485 1542 1634 1600 vidit
1667 1543 1898 1614 Christi,
1935 1558 1998 1599 se
2038 1546 2229 1600 totum

686 1636 876 1709 poenls
900 1635 1192 1709 exposuit,
1221 1652 1461 1694 carnem
1490 1635 1716 1707 afflixit,
1744 1640 1801 1693 et
1832 1635 2230 1709 virginitatem

686 1743 900 1803 puram
938 1729 1215 1800 servavit,
1245 1730 1396 1787 sicut
1431 1729 1684 1788 habetur
1724 1730 1786 1787 in
1821 1730 1944 1799 his,
1973 1745 2106 1803 quae
2135 1728 2229 1786 di-

689 1826 900 1880 cuntur
934 1822 1010 1879 ad
1053 1822 1396 1880 Corinthiae
1427 1843 1446 1880 ε
1483 1824 1591 1881 ιιΙιι
1635 1824 1916 1881 omnibus
1956 1838 2232 1896 persecu·

689 1915 915 1974 tionem
938 1915 1220 1988 patimur,
1249 1916 1357 1974 sed
1383 1932 1507 1974 non
1536 1916 2006 1992 derelinquimur
2036 1933 2050 1972 :
2078 1932 2231 1974 sem-

689 2023 800 2083 per
843 2007 1355 2067 mortificationem
1399 2011 1536 2068 Jesu
1589 2010 1797 2069 Christi
1859 2011 1923 2067 in
1982 2026 2234 2084 corpore

693 2105 896 2160 nostro
923 2101 1419 2174 circumferentes,
1449 2107 1515 2160 ut
1545 2107 1605 2161 et
1629 2104 1750 2161 vita
1775 2106 1910 2162 lesu
1935 2104 2001 2162 in
2026 2119 2237 2178 corpo·

693 2194 859 2254 ribus
897 2195 1112 2253 nostris
1139 2197 1561 2268 manifestetur,
1589 2217 1617 2252 n
1648 2203 1758 2256 etc.
1789 2201 1940 2271 Ergo
1969 2214 2077 2272 per
2110 2213 2239 2256 om-

693 2289 796 2347 nia
837 2290 1167 2349 ambulavit
1204 2292 1537 2365 Apostolus,
1565 2296 1630 2349 ut
1669 2292 1928 2350 Christus
1965 2293 2241 2351 ambula-

694 2388 879 2455 verat,
926 2390 983 2442 et
1026 2384 1333 2460 patiendO,
1381 2387 1439 2442 et
1480 2385 1874 2458 virginitatem
1917 2388 2239 2445 servande.

695 2477 809 2537 Sed
836 2478 944 2536 filii
974 2478 1224 2552 diaboli,
1252 2478 1416 2537 omni
1447 2480 1634 2552 gratia
1661 2479 1950 2554 destituti,
1979 2482 2241 2540 serviunt

697 2571 808 2630 soli
835 2574 1019 2643 carni,
1047 2572 1281 2647 pejores
1309 2589 1490 2648 quam
1512 2573 1751 2649 pagani,
1778 2576 1835 2633 et
1860 2576 2050 2648 magis
2075 2575 2243 2633 luxu·

511 2695 670 2737 exem-
697 2666 800 2724 riae
821 2665 1026 2724 dediti.
1057 2670 1203 2724 Nam
1229 2667 1468 2725 invenio
1487 2668 1510 2702 ²
1536 2683 1805 2742 paganos
1826 2669 1909 2727 sic
1930 2668 2243 2727 detestatos

458 2755 601 2813 »¹⁸¹⁸-
702 2775 826 2817 esse
844 2758 1144 2820 carnalem
1159 2760 1487 2831 lasciviam,
1506 2767 1572 2819 ut
1592 2778 1704 2820 nec
1727 2762 1968 2821 filiabus
1996 2780 2034 2821 a
2055 2768 2242 2822 morte

691 2854 1091 2929 pepercerint.
1121 2858 1268 2913 Nam
1307 2854 1476 2913 miles
1519 2856 1768 2930 quidam
1803 2860 2106 2915 Romanus
2132 2874 2245 2917 no·

693 2947 866 3004 -mine
890 2948 1149 3021 Pontiae,
1181 2952 1495 3023 postquem
1536 2950 1822 3023 comperit
1863 2950 2049 3008 filiam
2077 2968 2243 3009 suam

706 3043 976 3114 stuprum
1013 3058 1150 3099 cum
1186 3058 1358 3100 servo
1396 3043 1780 3115 commisisse,
1809 3049 1866 3103 et
1898 3045 2242 3103 sceleratum

709 3150 944 3191 servum
996 3134 1189 3193 affecit
1232 3134 1557 3210 suppliciis,
1603 3141 1662 3194 et
1701 3137 1889 3196 filiam
1942 3139 2242 3197 interfecit.

709 3227 824 3287 Sed
840 3229 897 3285 et
915 3230 939 3265 ⁸
959 3228 1110 3286 alius
1129 3230 1371 3287 nomine
1389 3229 1703 3302 Virginius,
1731 3235 1798 3288 ut
1817 3235 2016 3291 nanat
2035 3232 2248 3291 eadem

709 3325 976 3380 Romana
1000 3321 1264 3392 historia,
1294 3323 1486 3396 majus
1512 3323 1679 3382 aliud
1703 3324 1841 3383 fecit
1871 3344 1886 3382 :
1923 3342 2065 3383 nam
2102 3326 2250 3384 dum

709 3430 862 3472 unus
904 3415 982 3473 de
1025 3416 1457 3490 potentioribus
1514 3418 1894 3478 concubitum
1943 3419 2079 3477 ssliae
2129 3436 2250 3479 suae

707 3512 977 3583 potenter
1037 3514 1369 3584 expeteret,
1429 3511 1748 3571 deductam
1811 3514 1873 3571 in
1935 3515 2248 3588 publicum

708 3601 976 3675 puellam
1002 3604 1237 3677 occidit,
1266 3607 1431 3679 prius
1458 3606 1665 3665 volens
1699 3622 1825 3665 esse
1854 3608 2082 3666 occisor
2113 3608 2252 3667 filim

710 3695 964 3770 pudicae,
994 3712 1176 3771 quam
1197 3699 1377 3758 vellet
1398 3704 1567 3776 pater
1599 3718 1724 3759 esse
1758 3706 2067 3777 corruptae.
2098 3706 2250 3776 Ergo

712 3793 758 3849 si
790 3797 981 3851 tantus
1007 3810 1177 3852 amor
1204 3797 1551 3870 virginitatis
1594 3814 1718 3856 esse
1751 3798 1944 3872 potuit
1979 3798 2042 3855 in
2067 3816 2250 3874 paga-

712 3886 824 3959 ιιίε,
845 3891 1100 3962 quantus
1119 3890 1359 3950 deberet
1377 3908 1503 3951 esse
1520 3892 1584 3949 in
1601 3893 1961 3966 Christianis,
1991 3910 2252 3968 quorum

711 3997 816 4040 rex
842 3983 1011 4058 virgo
1037 3985 1186 4043 fuit?

783 4079 1056 4139 Secundo
1085 4080 1370 4139 debemus
1387 4081 1590 4141 videre
1609 4085 1805 4139 lesum
1825 4082 2255 4158 temporalibus

711 4170 890 4229 bonis
916 4174 1196 4233 omnibus
1216 4175 1468 4246 nudum,
1495 4181 1560 4234 ut
1588 4175 1783 4235 omnis
1807 4175 1870 4232 in
1907 4175 2085 4234 nobis
2120 4176 2253 4234 des-

713 4268 939 4324 truatur
976 4267 1288 4341 cupiditas.
1339 4270 1478 4339 Quis
1521 4285 1791 4345 unquam
1829 4270 2082 4345 cupidus
2128 4287 2252 4330 esse

711 4360 949 4429 audeat,
979 4359 1123 4418 dum
1150 4362 1440 4420 Christum
1475 4363 1671 4421 videat
1704 4363 1866 4422 nasci
1901 4363 1966 4421 in
1992 4364 2250 4437 stabulo,

710 4453 856 4527 poni
883 4452 946 4511 in
971 4456 1279 4529 praesepi0‚
1313 4457 1510 4529 jacere
1544 4456 1607 4515 in
1644 4457 1826 4529 foeno,
1856 4458 2020 4515 omni
2054 4473 2253 4516 carere

711 4547 1022 4623 temporali
1040 4549 1327 4621 subsidiO,
1345 4554 1404 4608 et
1418 4551 1646 4608 nudum
1664 4550 1948 4626 suspendi
1967 4551 2028 4608 in
2042 4551 2209 4624 ligno
2223 4554 2253 4608 ‘t

710 4642 850 4710 Quis
895 4642 1047 4701 adeo
1094 4643 1384 4716 pessimus
1433 4644 1584 4701 latro
1629 4644 1757 4715 fuit,
1797 4647 1924 4720 qui,
1961 4644 2024 4703 in
2062 4648 2253 4704 morte

708 4737 936 4809 saltem,
997 4736 1240 4795 camisia
1293 4753 1364 4795 ex
1416 4736 1777 4795 humanitate
1833 4738 2076 4797 indutus
2129 4755 2253 4796 non

709 4829 924 4890 fuerit?
943 4834 1097 4905 Ergo
1117 4834 1265 4890 Deus
1288 4832 1704 4907 pauperrimus
1722 4831 1849 4903 fuit,
1868 4833 2013 4907 quia
2038 4849 2253 4907 parum

710 4923 773 4982 in
801 4928 954 4997 ortu,
986 4924 1183 4983 minus
1210 4925 1271 4982 in
1298 4940 1644 5001 progressu,
1675 4924 1783 4984 sed
1819 4926 1969 4984 nihil
2005 4926 2252 4985 omnino

710 5018 774 5076 in
802 5018 970 5078 obitu
999 5023 1087 5078 est
1124 5020 1396 5080 inventus
1434 5019 1678 5097 habere.
1711 5023 1778 5079 Et
1815 5025 2130 5096 propterea
2156 5020 2255 5078 di-

711 5112 861 5170 citur
901 5114 1264 5189 pauperibus
1303 5114 1366 5172 in
1405 5110 1722 5173 Psalmo⁸.
1757 5133 1786 5169 α
1814 5114 2063 5174 Videant
2102 5130 2254 5189 pau-

780 5261 867 5313 ίΙΙ
906 5264 1044 5325 Cor„
1083 5267 1319 5329 1v,9-.10
1356 5264 1670 5317 -2Valer.
1701 5265 1859 5330 Max„
1891 5264 1983 5315 lib
2013 5266 2252 5333 v1‚01

713 5346 767 5383 ιι.
797 5337 845 5384 3.
874 5360 935 5373 -
961 5335 984 5370 ⁸
1014 5335 1168 5393 ibid„
1194 5350 1248 5386 ιι.
1278 5341 1326 5389 2.
1355 5362 1418 5375 -
1449 5339 1467 5368 ⁸
1495 5336 1627 5388 Psal.
1659 5348 1817 5398 Lvm,
1847 5338 1928 5387 33.
1959 5362 2013 5373 —··
2043 5337 2063 5367 ⁸
2095 5338 2252 5395 Rom..

719 5416 840 5469 viu,
875 5408 949 5457 17.
985 5433 1048 5443 -
1087 5409 1105 5437 ·
1136 5407 1342 5473 Meum,
1380 5421 1429 5473 v,
1461 5414 1506 5461 3.
1539 5436 1591 5445 -—
1641 5409 1657 5438 ⁷
1689 5407 1895 5471 Mami„
1935 5420 2054 5471 xix,
2085 5411 2163 5460 2¹1.
2194 5435 2253 5449 -

1687 460 2109 527 SERMONES
2150 459 2253 525 DE
2290 460 2643 529 SANGHS.
2686 460 2847 527 m.

2326 612 2520 672 peres,
2564 602 2623 656 et
2662 597 2947 657 lotmtur.
2974 619 3008 655 ι
3052 598 3209 670 Quid
3250 599 3543 658 videant?
3578 598 3871 658 Christum

2329 696 2633 764 egentem,
2694 692 2985 750 Christum
3046 692 3523 762 mendicantem,
3587 693 3873 752 Christum

2328 785 2479 844 nihil
2518 787 2751 860 penitus
2792 787 3216 861 possidentem.
3252 788 3516 858 Videant,
3560 788 3781 862 inquit.
3822 794 3875 847 et

2330 883 2601 948 loetentur,
2630 897 2767 938 cum
2794 881 2857 938 in
2882 885 3225 955 paupertate
3252 881 3371 938 sint
3396 881 3613 940 tratres
3648 886 3705 939 et
3734 883 3874 940 socii

2332 989 2457 1031 non
2491 975 2779 1049 cujusque
2822 975 3107 1045 vilissimi,
3134 975 3240 1032 sed
3280 975 3387 1033 filii
3426 976 3741 1046 altissimi,
3772 979 3872 1034 Do·

2332 1068 2479 1126 mini
2518 1068 2703 1126 nostri
2738 1072 2871 1126 Jesu
2912 1069 3139 1127 Christi.
3176 1069 3317 1139 Quis
3362 1074 3602 1127 vei-etm-
3642 1069 3877 1127 ulterius

2333 1176 2459 1218 esse
2500 1176 2753 1235 pauper,
2780 1163 2832 1218 si
2866 1162 3070 1219 videat
3108 1163 3207 1220 Dei
3242 1162 3458 1220 Filium
3494 1162 3875 1221 mendicare?

2333 1269 2479 1327 ergo
2521 1254 2765 1313 videant
2806 1257 2865 1312 et
2903 1255 3187 1327 laetentnr,
3216 1256 3364 1330 quia
3403 1257 3513 1330 qui
3560 1273 3725 1315 nunc
3748 1274 3875 1315 cum

2335 1347 2560 1405 Christo
2598 1353 2739 1406 sunt
2776 1365 3087 1424 pauperes,
3126 1366 3265 1407 cum
3304 1349 3528 1408 eodem
3566 1356 3743 1409 erunt
3774 1368 3877 1408 οω-

2334 1440 2493 1499 lestis
2546 1441 2751 1515 palatii
2803 1442 3139 1500 echa-edes
3194 1461 3209 1499 ε
3277 1443 3641 1516 «llaeredes,
3698 1445 3877 1519 inquit

2335 1535 2720 1611 Apostolus,
2675 1537 2698 1571 ⁸
2778 1536 2901 1607 Dei,
2938 1536 3276 1595 cohaeredes
3323 1543 3529 1595 autem
3594 1537 3872 1596 Christi.-

2338 1630 2502 1688 Unde
2542 1630 2758 1689 dicitur
2774 1632 2845 1667 ⁸·
2829 1650 2909 1687 ,ι
2926 1629 3081 1687 Beati
3128 1646 3425 1705 pauperes
3458 1632 3701 1705 spiritu,
3744 1649 3881 1706 quo·

2339 1724 2503 1781 niam
2555 1725 2822 1799 ipsorum
2875 1730 2963 1782 est
3013 1739 3267 1795 regnum
3322 1725 3644 1782 coelorum.
3676 1746 3707 1779 ι
3766 1728 3879 1783 llaee

2344 1818 2555 1876 Paulus
2605 1819 2669 1875 in
2714 1818 2940 1877 Christo
2994 1817 3141 1876 dum
3188 1818 3456 1889 attendit,
3493 1819 3711 1876 omnia
3756 1836 3879 1877 cum

2342 1911 2473 1969 aliis
2498 1912 2783 1986 apostolis
2810 1912 3143 1987 dereliquit.
3170 1913 3333 1970 Unde
3361 1912 3626 1986 legitur
3607 1929 3677 1970 m
3704 1918 3880 1972 Evan-

2344 2005 2526 2078 gelio,
2565 2007 2733 2081 quod
2769 2006 2951 2066 hodie
2988 2008 3293 2066 recitatum
3323 2006 3493 2064 est⁷z
3528 2031 3557 2058 e
3592 2011 3743 2065 Ecce
3786 2023 3883 2065 nos

2328 2100 2694 2175 ‚reliquimus
2721 2101 2945 2171 omnia,
2975 2105 3033 2159 et
3069 2103 3254 2159 secuti
3288 2118 3498 2160 snmus
3522 2108 3604 2161 te.
3624 2122 3657 2157 ιι
3698 2103 3882 2162 fliero-

2346 2195 2604 2270 nymus⁸
2642 2214 2656 2252 :
2688 2198 2899 2255 «lesus
2926 2211 3053 2254 non
3080 2196 3227 2255 dixit
3256 2214 3271 2253 ε
3303 2198 3412 2266 Qui
3447 2199 3759 2269 reliquistis
3784 2214 3885 2253 cn·

2346 2292 2479 2345 m‘a:
2503 2289 2621 2347 hoc
2643 2288 2803 2347 enim
2823 2292 3018 2348 Crates
3043 2288 3181 2348 fecit
3196 2290 3616 2365 philosophus,
3644 2296 3703 2349 et
3728 2290 3883 2348 multi

2347 2382 2451 2441 alii
2504 2382 2739 2441 divitias
2783 2388 3279 2458 contempserunt.
3336 2384 3453 2443 Sed
3498 2402 3515 2441 ε
3568 2386 3687 2453 Qun·
3728 2389 3883 2442 secuti

2347 2480 2475 2535 estis
2497 2493 2580 2534 me
2611 2496 2627 2534 ε
2656 2476 2824 2552 quod
2847 2479 3087 2551 proprie
3124 2476 3536 2551 apostolorum
3566 2481 3679 2549 est,
3714 2484 3881 2553 atque

2350 2571 2733 2629 credentium.
2769 2591 2798 2627 ν
2831 2575 2962 2631 lioec
2988 2572 3398 2646 Hieronymum.
3426 2572 3883 2645 Faciemusergo

2350 2671 2594 2743 propter
2620 2669 2932 2741 Christum,
2960 2669 3127 2742 quod
3152 2668 3496 2743 philosophi
3526 2669 3617 2727 illi
3638 2671 3889 2728 fecerunt

2351 2764 2593 2835 propter
2641 2765 2862 2819 naturae
2906 2762 3260 2819 instinctum.
3310 2764 3500 2820 Nam’
3539 2763 3887 2821 Democritus

2351 2855 2526 2914 tantis
2552 2855 2770 2913 divitiis
2795 2854 3007 2929 plenus
3030 2855 3161 2925 fuit,
3198 2856 3366 2929 quod
3398 2856 3684 2914 exercitui
3711 2856 3886 2914 xercis

2352 2950 2529 3023 τρεῖς,
2558 2950 2808 3024 quierat
2832 2949 3299 3021 innumerabilis,
3320 2950 3534 3024 epulas
3553 2950 3729 3008 facile
3756 2949 3885 3007 dare

2353 3045 2563 3119 potuit.
2595 3047 2741 3102 Dum
2771 3048 2968 3102 autem
2996 3050 3117 3102 tam
3142 3044 3311 3101 dives
3346 3048 3520 3113 esset,
3553 3050 3610 3102 et
3637 3045 3886 3118 philoso-

2352 3138 2509 3213 phioe
2535 3154 2779 3212 operam
2822 3138 2966 3196 dare
3006 3137 3204 3209 vellet,
3240 3138 3430 3196 sciens
3454 3138 3886 3212 philosophiam

2354 3248 2479 3291 non
2541 3231 2855 3290 convenire
2917 3249 3057 3290 cum
3119 3232 3405 3305 pecunia,
3473 3233 3887 3306 patrimonium

2355 3343 2530 3385 suum
2556 3326 2761 3401 patriae
2781 3326 3045 3395 donavit,
3076 3342 3114 3384 a
3135 3341 3258 3401 qua
3279 3326 3733 3401 omnitempore
3756 3325 3889 3384 exul

2354 3421 2483 3480 fuit.
2512 3427 2661 3495 Ergo
2692 3420 2738 3476 si
2768 3436 2879 3494 pro
2912 3419 3294 3494 philosophia
3323 3435 3482 3478 vana
3508 3420 3887 3494 philosophus

2358 3531 2588 3589 pauper
2628 3514 2753 3585 fuit,
2790 3514 2942 3588 quid
2976 3530 3091 3589 pro
3125 3513 3508 3589 philosophia
3546 3526 3692 3573 vera
3716 3514 3889 3572 (Eiris-

2356 3609 2585 3667 tianum
2611 3608 2803 3666 facere
2831 3608 3146 3666 convenit?

2428 3704 2616 3762 Tertio
2644 3703 2933 3760 debemus
2958 3701 3163 3759 videre
3188 3700 3481 3760 Christum
3503 3717 3827 3776 pauperem
3842 3704 3889 3757 et

2360 3797 2678 3871 abjectum,
2722 3802 2786 3854 ut
2829 3795 3227 3854 confundatur
3271 3797 3473 3853 nostra
3513 3795 3887 3869 pompositas,

2361 3891 2555 3950 omnis
2579 3891 2842 3949 humana
2870 3889 3146 3963 dignitas,
3177 3892 3235 3947 et
3262 3888 3521 3963 superba
3549 3888 3885 3947 sublimitas.

2359 3989 2506 4044 ham
2547 3990 2873 4042 monstrum
2908 3989 3011 4055 est,
3058 3988 3113 4042 et
3153 3988 3365 4040 natura
3402 3982 3708 4052 abhorret,
3736 3986 3797 4040 ut
3827 3982 3890 4040 ἐι

2358 4078 2598 4137 humilis
2626 4077 2924 4149 dominuS,
2956 4081 3013 4135 et
3030 4077 3333 4152 superbiat
3354 4093 3596 4148 servus3
3626 4077 3890 4135 dominns

2360 4172 2423 4230 in
2450 4173 2572 4231 imo
2601 4172 2821 4242 sedeat,
2852 4173 2910 4229 et
2929 4186 3133 4229 servus
3150 4172 3212 4228 in
3230 4171 3385 4240 alt03
3416 4169 3702 4228 dominus
3728 4170 3891 4228 vadat

2358 4267 2568 4341 pedeS,
2597 4271 2655 4325 et
2679 4282 2885 4324 servus
2911 4280 3114 4339 eques·
3143 4264 3296 4323 Audi
3326 4280 3472 4337 ergo
3514 4264 3665 4338 quid
3694 4263 3769 4321 de
3796 4266 3891 4320 Do-

2359 4359 2524 4419 mino
2580 4359 2876 4418 salvatore
2919 4358 3149 4416 dicatur
3189 4372 3296 4432 per
3336 4358 3549 4417 isaiam
3574 4358 3614 4394 '⁰
3644 4374 3661 4414 ι
3694 4377 3724 4411 ιι
3746 4356 3891 4414 Vidi·

2358 4471 2516 4524 mus,
2543 4453 2755 4526 inquit,
2775 4469 2934 4523 eum,
2954 4456 3014 4509 et
3038 4467 3162 4509 non
3189 4453 3315 4508 erat
3340 4454 3613 4524 aspectus
3623 4469 3643 4521 ;
3675 4454 3733 4507 et
3757 4449 3891 4508 desi·

2361 4548 2699 4607 deravimus
2753 4562 2921 4616 eum,
2974 4543 3354 4618 despectum,
3406 4546 3465 4602 et
3512 4544 3890 4601 novissimum

2358 4645 2648 4713 virorum,
2678 4642 2875 4700 virum
2893 4639 3196 4710 dolorum,
3216 4644 3273 4698 et
3296 4640 3577 4698 scientem
3607 4638 3893 4697 infirmita·

2358 4742 2445 4797 tes
2476 4757 2490 4795 z
2523 4740 2581 4795 et
2620 4735 2791 4812 quasi
2826 4734 3208 4794 absconditus
3248 4733 3442 4792 vultus
3480 4735 3637 4808 eJ‘uS,
3677 4738 3736 4791 et
3774 4733 3891 4790 des-

2356 4835 2561 4907 pectus
2590 4849 2605 4888 :
2644 4830 2805 4888 unde
2864 4824 2975 4887 nec
3028 4828 3430 4902 reputavimus
3479 4843 3636 4885 enm.
3685 4830 3753 4886 Et
3793 4840 3891 4883 nos

2358 4925 2696 5001 putavimus
2727 4923 2801 4998 (a)
2856 4939 2992 4981 eum
3042 4922 3213 4997 quasi
3267 4922 3603 4995 leprosum,
3663 4926 3724 4980 et
3770 4935 3888 4994 per-

2361 5035 2597 5079 cussum
2644 5035 2681 5078 a
2725 5020 2876 5089 Deo,
2907 5021 2965 5075 et
3005 5014 3402 5074 humiliatum.
3430 5034 3459 5069 ι
3513 5017 3673 5073 lianc
3710 5012 3888 5072 humi·

2359 5114 2583 5172 litatem
2629 5110 2935 5170 attendens
2978 5109 3313 5184 Apostolus,
3356 5124 3431 5167 ex
3479 5108 3659 5168 Saulo
3720 5107 3889 5167 factus
3934 5115 4041 5164 sura

2361 5249 2384 5286 ⁸
2409 5249 2640 5310 Hieron„
2670 5250 2722 5298 in
2747 5246 2952 5306 naith„
2977 5258 3085 5296 xlx.
3115 5272 3169 5282 —
3198 5250 3218 5277 ²
3248 5244 3420 5296 valer.
3449 5245 3611 5309 Max„
3646 5243 3738 5295 lib.
3766 5244 3889 5308 vill,

2362 5337 2410 5375 c.
2440 5333 2533 5385 vu,
2558 5337 2614 5373 n.
2642 5324 2688 5373 t.
2712 5346 2771 5361 -
2809 5320 2850 5353 ¹·
2879 5321 3001 5381 Iso„
3028 5330 3150 5383 mn,
3180 5320 3282 5368 24.

2426 5408 2499 5475 (a)
2529 5407 2654 5458 Coet.
2686 5405 2808 5457 edit.
2840 5402 3206 5470 reputavimus.
