4059 6317
671 447 792 510 208

581 598 646 642 εει
672 577 829 642 dum
873 580 1088 642 autem
1122 576 1295 659 quod
1341 579 1441 640 est
1482 574 1884 658 quadruplex
1924 573 2212 656 requieS‚

536 674 632 768 ,κ’
673 684 964 749 videlicet
1016 682 1360 760 diabolica,
1422 682 1741 757 humana,
1792 680 2041 757 divina,
2101 696 2215 742 an·

674 792 900 875 gelica.

756 899 841 964 De
880 899 1110 981 prima,
1140 916 1268 981 qua
1296 916 1411 980 per
1447 900 1774 980 peccatum
1819 894 2112 959 diabolus
2150 895 2218 959 in

675 1009 1025 1091 peccatore,
1070 1011 1134 1070 et
1157 1010 1444 1088 peccator
1470 1006 1540 1069 10
1566 1002 1817 1069 diabolo
1856 1002 2217 1084 requiescit,

676 1114 906 1179 dicitur
934 1115 952 1149 ¹
990 1135 1005 1177 ε
1043 1136 1075 1174 α
1104 1111 1518 1195 Requiescent
1554 1128 1776 1175 omnes
1813 1109 1883 1172 10
1920 1108 2218 1173 torrenti-

676 1221 800 1284 bus
865 1219 1132 1284 vallium
1166 1267 1183 1295 ,
1254 1224 1317 1283 et
1371 1220 1441 1283 in
1496 1200 1789 1283 cavernis
1853 1220 2218 1300 pet-rarum,

677 1333 743 1393 et
786 1329 855 1392 10
899 1328 1203 1392 omnibus
1243 1328 1534 1405 frutetiS‚
1583 1330 1647 1390 et
1689 1323 2008 1390 universis
2052 1323 2219 1387 fora-

682 1437 984 1500 minibus,
1022 1457 1054 1495 »
1103 1435 1517 1518 Requiescent
1564 1433 1922 1509 daemones,
1966 1430 2036 1493 in
2078 1447 2223 1512 per-

682 1543 882 1608 versis
922 1560 1036 1625 per
1074 1541 1516 1606 delectationes
1560 1558 1708 1622 quae
1761 1557 1873 1621 per
1909 1540 2222 1601 torrentes

681 1649 952 1714 vallium
994 1644 1461 1730 significantur.
1494 1645 1770 1711 Torrens
1806 1645 1931 1707 cito
1958 1645 2217 1719 crescit,

684 1757 808 1820 cito
837 1757 1063 1820 transit
1085 1778 1108 1819 τ
1141 1755 1231 1818 sic
1257 1754 1551 1836 voluptas
1586 1752 1845 1835 peccati.
1875 1751 2224 1816 Momenta-

683 1882 880 1928 neum
906 1869 1002 1927 est
1029 1862 1195 1945 quod
1225 1860 1513 1939 delectat,
1544 1863 1858 1924 aeternum
1887 1857 2058 1940 quod
2089 1875 2228 1920 cru-

684 1972 829 2034 ciat.
857 1969 1013 2035 Item
1041 1988 1154 2052 per
1175 1968 1655 2041 obstinationeS‚
1686 1971 1749 2030 et
1771 1965 1893 2029 hoc
1916 1967 1992 2030 in
2015 1980 2229 2030 caver-

684 2080 793 2144 πίε
833 2082 1161 2161 petrarum
1198 2076 1621 2156 significatur.
1671 2072 1974 2136 Cavernae
2018 2075 2231 2154 petra-

686 2204 836 2250 rum
894 2189 1046 2248 sunt
1101 2183 1293 2248 corda
1357 2181 1845 2246 obstinatorum.
1907 2178 2066 2242 Item
2117 2196 2232 2260 per

688 2293 1154 2371 simulationeS,
1206 2295 1268 2353 et
1310 2291 1434 2354 hoc
1471 2290 1547 2355 in
1585 2287 1880 2368 fruteti&
1923 2286 1988 2351 id
2028 2289 2126 2350 est
2163 2285 2231 2348 in

689 2401 904 2465 herbis
944 2400 1390 2464 simulatarum
1432 2399 1769 2462 virtutum.
1804 2394 1963 2459 Item
1990 2411 2106 2477 per
2133 2411 2234 2459 oc-

689 2508 1064 2573 cultationes
1089 2510 1514 2589 peccatorum,
1546 2510 1611 2569 et
1634 2504 1759 2569 hoc
1784 2505 1858 2570 in
1882 2503 2229 2582 foramini·

690 2616 805 2682 bus
832 2615 1253 2698 significatur.
1289 2612 1410 2677 Sed
1439 2616 1591 2677 nota
1617 2612 1788 2694 quod
1817 2610 2070 2693 requies
2098 2609 2230 2673 dia-

690 2725 821 2789 boli
880 2726 950 2788 fit
1006 2742 1121 2806 per
1177 2721 1606 2806 septenarium
1663 2721 1969 2786 vitiorum
1990 2765 2007 2794 ‚
2072 2718 2236 2782 sicut

692 2832 945 2915 requies
1011 2831 1116 2894 Dei
1199 2849 1313 2912 per
1380 2829 1809 2912 septenarium
1892 2829 2225 2891 virtutum.

695 2947 719 2982 ¹
756 2963 788 3000 α
817 2939 974 3005 Cum
1010 2937 1389 3001 immundus
1421 2935 1683 3017 spiritus
1718 2934 1947 2998 exierit
1986 2934 2067 2998 de
2116 2934 2233 2998 bo·

699 3048 893 3124 mine,
912 3044 1199 3109 ambulat
1214 3061 1330 3127 per
1347 3043 1485 3106 loca
1500 3042 1836 3125 inaquosa,
1864 3062 1896 3100 x·
1927 3044 1990 3105 et
2011 3044 2239 3105 caetera

698 3173 906 3238 usque
938 3177 953 3219 2
982 3152 1212 3217 «Tunc
1240 3151 1437 3229 vadit,
1470 3155 1534 3215 et
1561 3149 1826 3214 assumit
1850 3153 2093 3232 septem
2118 3149 2241 3231 spi·

698 3264 859 3328 ritus
898 3261 1237 3345 nequiores
1290 3278 1390 3338 se,
1435 3281 1466 3318 n
1530 3258 1822 3322 videlicet
1878 3256 2199 3339 superbiae
2214 3303 2236 3335 ‚

699 3370 960 3435 iuvidiae
983 3418 1001 3450 ,
1062 3370 1178 3433 irae
1199 3415 1218 3445 ‚
1282 3365 1604 3444 avaritiae,
1673 3366 1908 3429 acediae
1930 3412 1948 3443 ,
2018 3363 2237 3445 gulae,

699 3478 998 3542 luxuriae.

785 3586 870 3650 De
897 3582 1178 3648 secunda
1204 3581 1459 3663 requie,
1502 3597 1632 3661 qua
1658 3578 1875 3643 anima
1903 3577 2244 3661 requiescit

701 3694 770 3756 10
797 3692 958 3770 Deo,
985 3689 1215 3754 dicitur
1242 3687 1264 3721 ⁸
1294 3704 1312 3750 z
1350 3708 1381 3746 α
1406 3684 1782 3749 Revertatur
1807 3683 2021 3761 Jacob,
2053 3688 2116 3747 et
2139 3701 2241 3747 re·

703 3803 1002 3886 quiescet,
1024 3805 1088 3863 et
1114 3796 1357 3862 cunctis
1381 3794 1600 3858 affluet
1625 3791 1833 3871 bonis,
1855 3796 1919 3857 et
1945 3809 2075 3854 000
2097 3791 2241 3869 erit,

703 3928 896 3994 quem
923 3905 1240 3972 formidet.
1272 3924 1303 3962 ι)
1338 3901 1498 3966 Εο00
1534 3904 1667 3963 tres
1707 3898 2099 3963 conditiones
2137 3916 2245 3962 re-

704 4020 898 4103 quiei.
932 4016 1146 4083 Prima
1172 4017 1269 4079 est
1301 4009 1676 4095 poenitentia
1702 4007 1768 4070 in
1796 4006 2242 4084 conversione3

705 4130 876 4194 unde
901 4127 1032 4192 ait:
1064 4124 1431 4190 Revertatur
1463 4115 1675 4195 Jacob,
1706 4119 1769 4178 et
1807 4114 1929 4179 boc
1974 4113 2055 4196 (a)
2085 4133 2244 4197 qua-

706 4233 976 4318 druplici
1009 4231 1221 4313 culpa,
1262 4227 1498 4292 scilicet
1524 4223 1732 4289 cordis
1749 4270 1766 4301 ,
1796 4221 1925 4284 oris
1944 4267 1967 4299 ,
1999 4221 2246 4303 operis,

707 4340 1179 4410 consuetudinis
1209 4336 1231 4372 ⁸
1259 4355 1276 4400 z
1307 4356 1336 4395 a
1363 4333 1725 4410 Revertere,
1755 4332 2102 4405 revertere,
2129 4326 2251 4392 Su-

707 4451 943 4517 lamitis
974 4471 990 4513 :
1017 4449 1359 4525 revertere,
1381 4443 1725 4517 revertere,
1770 4458 1801 4497 n
1836 4440 1956 4500 etc.
2001 4434 2253 4499 Secun-

708 4561 790 4625 da
834 4554 1158 4622 affluentia
1204 4553 1276 4615 10
1301 4545 1771 4622 consolatione;
1827 4541 1998 4607 unde
2024 4541 2174 4607 dicit
2233 4563 2248 4606 ε

712 4665 973 4733 Cunctis
1009 4661 1234 4745 affluet
1262 4658 1465 4724 bonis.
1497 4660 1520 4695 ⁸
1556 4677 1587 4715 α
1615 4650 1862 4718 Deliciis
1889 4649 2179 4714 affluens.
2212 4670 2243 4708 a>

708 4773 923 4839 Tertia
958 4766 1310 4835 constantia
1355 4764 1427 4827 in
1465 4760 1851 4835 tentatione;
1900 4756 2076 4819 unde
2116 4755 2248 4820 ait:

712 4881 858 4946 Non
883 4881 1031 4957 erit,
1071 4890 1257 4959 quem
1298 4867 1621 4952 tormidet.
1658 4865 1805 4930 ideo
1832 4864 1995 4927 bene
2022 4863 2256 4927 dicitur

709 4993 781 5054 in
806 4987 1059 5053 Psalmo
1085 4984 1106 5017 ⁶
1139 5000 1156 5047 :
1197 5005 1228 5043 α
1260 4979 1668 5054 Convertere,
1708 4971 1926 5036 anima
1963 4987 2145 5049 mea,
2188 4970 2255 5035 in

711 5097 1003 5182 requiem
1020 5097 1234 5158 tuam.
1258 5087 1411 5170 quia
1430 5083 1736 5147 Dominus
1751 5077 2050 5143 beneficit
2062 5078 2205 5142 tibi.
2222 5099 2253 5138 n

775 5210 1535 5287 ¹1m.,v11‚19.-².‚Luc
1573 5220 1660 5270 11,
1700 5207 1794 5258 24-
1795 5208 1875 5257 26.
1908 5230 1971 5241 —
2001 5203 2256 5263 ³Jerem„

716 5296 986 5358 va1,27.
1113 5291 1134 5325 ¹·
1172 5284 1668 5349 Cant„v1,12.-
1707 5279 1729 5314 ⁸
1766 5279 1937 5338 Cant„
1968 5277 2257 5337 v111,5.—

717 5317 1146 5425 ⁶.p01,env-‚.7
1178 5356 1457 5414 -111110.,
1492 5357 1540 5405 8.
1569 5378 1630 5388 —-
1665 5349 1950 5413 ⁸August.,
1977 5346 2086 5396 Ena
2056 5361 2168 5395 arr.
2205 5346 2257 5395 in

718 5440 854 5493 psat.
883 5449 998 5497 xer,
1027 5448 1080 5484 n.
1109 5436 1243 5484 2.-—
1271 5426 1461 5478 ’PsaL
1493 5437 1601 5488 xiv,
1641 5427 1741 5472 l·.2
1768 5447 1830 5459 —-
1867 5385 2074 5469 ⁰³1’sal.
2110 5429 2179 5478 iv,
2208 5420 2254 5470 9

1774 435 2190 504 SERMONES
2237 437 2332 502 DF.
2372 437 2766 505 TEMPORE.

2324 571 2398 637 In
2428 593 2557 658 quo
2575 577 2607 638 ‘2
2632 577 2655 613 ‘¹
2678 597 2708 636 ι
2738 574 2899 653 Quia
2926 575 3213 659 eripuisti
3242 578 3529 644 animam
3557 598 3765 645 meam
3784 582 3862 647 de

2328 685 2564 758 morte,
2606 705 2636 742 u
2686 681 2918 746 scilicet
2966 683 3034 746 in
3079 686 3523 764 conversione3
3575 710 3607 748 α
3655 689 3863 753 oculos

2329 805 2505 852 meos
2533 808 2571 852 a
2597 789 2897 871 lacrymis
2934 811 2965 850 n
3001 791 3069 854 in
3095 792 3559 873 consolatione,
3600 817 3632 856 α
3681 796 3865 878 pedes

2330 913 2505 959 meos
2532 914 2572 959 a
2595 896 2780 980 lapsu
2817 918 2849 957 ι)
2901 898 2971 961 10
3012 899 3380 965 tentatione.
3429 900 3582 966 Haec
3620 904 3866 986 requies

2328 1007 2578 1067 tantum
2595 1008 2689 1067 est
2706 1004 3046 1069 bonorum.
3067 1006 3475 1089 Augustinus
3492 1011 3515 1047 ⁸
3545 1031 3561 1074 z
3595 1034 3625 1071 α
3655 1009 3869 1075 Omnis

2330 1108 2527 1173 homo
2569 1109 2774 1174 malus
2815 1111 3153 1177 sabbatum
3194 1114 3432 1179 babere
3474 1134 3605 1179 non
3647 1122 3865 1199 potest.

2331 1213 2680 1298 Nunquam
2706 1217 2878 1280 enim
2916 1220 3305 1301 conquiescit
3336 1221 3428 1285 illi
3465 1223 3868 1301 conscientia,

2331 1339 2480 1405 quae
2502 1322 2670 1386 bona
2692 1323 3072 1388 conscientia
3093 1327 3519 1409 tranquillitas
3542 1334 3663 1407 est,
3682 1334 3747 1395 et
3770 1329 3876 1394 illa

2333 1429 2758 1508 tranquillitas
2796 1432 3128 1496 sabbatum
3157 1437 3255 1497 est
3287 1435 3514 1499 cordis.
3562 1457 3593 1495 n
3632 1435 3754 1501 Sed
3783 1442 3877 1500 at·-

2332 1539 2519 1601 tende
2548 1540 2720 1621 quod
2747 1539 2887 1602 haec
2915 1541 3167 1624 requies
3193 1560 3308 1624 per
3329 1544 3759 1625 septenarium
3783 1546 3876 1607 flt.

2337 1642 2629 1710 Psalmus
2653 1651 2675 1685 ⁹
2701 1667 2716 1708 :
2746 1670 2777 1707 α
2801 1648 2954 1724 Quis
2967 1648 3319 1731 requiescet
3335 1649 3403 1715 10
3420 1656 3638 1715 monte
3656 1656 3876 1714 sancto

2336 1756 2492 1817 tuo?
2523 1752 2646 1831 Qui
2676 1753 3061 1836 ingreditur,
3091 1776 3122 1815 n
3148 1761 3269 1820 etc.
3302 1755 3482 1821 Mons
3509 1764 3769 1822 sanctus
3787 1761 3882 1821 est

2337 1859 2656 1942 ChristuS,
2700 1861 2770 1926 10
2799 1880 2928 1945 quo
2955 1863 3070 1945 qui
3103 1865 3430 1947 quiescere
3479 1865 3646 1944 vult,
3697 1865 3883 1929 debet

2337 1985 2475 2032 esse
2491 1974 2549 2032 1.
2581 1968 3035 2033 immaculatus
3057 1971 3126 2034 10
3148 1972 3560 2053 cogitatione,
3580 1976 3645 2036 Ξ.
3666 1974 3885 2054 justus

2342 2075 2411 2137 10
2438 2076 2828 2157 operatione,
2850 2080 2911 2140 3.
2942 2077 3229 2142 sincerus
3251 2078 3321 2142 in
3347 2077 3684 2158 locutione,
3704 2083 3766 2142 4.
3791 2080 3886 2142 in-

2340 2199 2585 2247 nocuus
2599 2181 2663 2245 in
2680 2200 2795 2246 con
2803 2184 3181 2264 versatione,
3200 2189 3263 2248 5.
3277 2186 3654 2250 victoriosus
3666 2186 3737 2249 10
3750 2190 3888 2249 ten·

2341 2288 2594 2366 tatione,
2615 2293 2676 2352 6.
2700 2289 2983 2354 fidelisin
3006 2291 3449 2373 promissione,
3468 2297 3530 2355 7.
3544 2310 3792 2355 vacuus
3806 2293 3890 2356 ab

2341 2394 2581 2478 injusta
2594 2397 3041 2479 temporalium
3055 2397 3441 2462 collectione.
3464 2398 3552 2464 De
3572 2400 3784 2482 primo
3802 2400 3890 2464 di·

2342 2504 2553 2566 citur:
2595 2503 2764 2580 «Qui
2806 2504 3167 2586 ingreditur
3207 2506 3344 2569 sine
3376 2505 3629 2569 macula
3650 2554 3669 2585 ,
3698 2527 3730 2565 ι»
3763 2511 3887 2570 etc.

2343 2609 2449 2675 Sic
2482 2610 2698 2675 omnia
2734 2611 3023 2675 invenies
3060 2629 3174 2694 per
3215 2612 3506 2676 ordinem
3537 2613 3608 2676 10
3635 2612 3889 2678 eodem.

2423 2718 2512 2783 De
2557 2719 2746 2783 tertia
2784 2719 3017 2783 dicitur
3045 2719 3148 2783 bic
3177 2742 3192 2783 ι
3224 2721 3565 2802 Requievit
3586 2722 3758 2787 Deus
3784 2720 3893 2787 die

2343 2828 2631 2908 septimo.
2672 2825 2964 2891 Psalmus
3002 2831 3048 2867 ¹⁰
3081 2849 3096 2890 ε
3138 2849 3170 2887 α
3198 2826 3270 2890 10
3304 2846 3459 2909 pace
3499 2829 3567 2892 in
3609 2828 3896 2911 idipsum

2345 2934 2660 2998 dormiam
2683 2981 2701 3012 ,
2731 2936 2793 2996 et
2815 2934 3279 3016 requiescam.»
3310 2934 3383 2998 10
3412 2936 3754 3019 sepulchro
3783 2955 3898 3001 au-

2351 3048 2475 3106 tem
2525 3042 2842 3124 requievit
2893 3043 2962 3105 10
3003 3042 3219 3107 linteo.
3266 3041 3427 3108 Item
3467 3044 3535 3108 10
3583 3048 3897 3110 aromati-

2348 3151 2470 3215 bus
2497 3151 2578 3214 ¹¹:
2602 3172 2633 3211 <1
2656 3149 2724 3214 Li
2733 3155 3059 3231 gaverunt
3083 3168 3234 3214 eum
3262 3151 3327 3214 in
3342 3150 3537 3215 linteo
3562 3171 3715 3216 cum
3743 3171 3895 3217 aro·

2347 3258 2654 3321 matibus.
2675 3279 2706 3316 »
2730 3257 2888 3321 ltem
2914 3258 2985 3321 in
3011 3258 3239 3340 lapide.
3271 3257 3699 3342 Sepulchrum
3718 3261 3899 3323 enim

2348 3364 2671 3447 lapideum
2709 3365 2876 3429 fuit:
2908 3366 2998 3429 sic
3041 3383 3300 3449 quoque
3355 3367 3775 3449 spiritualiter
3829 3369 3902 3431 in

2350 3473 2568 3536 anima
2610 3471 2840 3538 devota
2883 3473 3223 3555 requiescit
3248 3472 3557 3538 Dominus
3586 3476 3655 3539 in
3701 3475 3903 3541 linteo

2351 3578 2686 3644 munditiae
2708 3627 2727 3657 ‚
2761 3579 2832 3643 10
2858 3580 3253 3646 aromatibus
3281 3582 3599 3647 virtutum
3640 3588 3706 3647 et
3744 3602 3903 3665 gra-

2351 3687 2483 3768 tiae,
2532 3689 2599 3751 10
2641 3688 2853 3771 lapide
2898 3691 3417 3772 perseverantiae.
3457 3690 3755 3757 Psalmus
3789 3698 3840 3734 ¹¹¹
3885 3715 3905 3757 ε

2361 3817 2393 3854 α
2413 3794 2627 3877 Elegit
2644 3795 2946 3859 Dominus
2971 3795 3147 3875 Sion,
3165 3818 3197 3857 n
3219 3802 3342 3862 etc.
3362 3795 3516 3862 Haec
3532 3797 3608 3879 (b)
3621 3797 3785 3865 Sion
3812 3806 3911 3865 est

2353 3903 2570 3967 anima
2600 3907 2838 3966 sancta.
2884 3901 3041 3966 Sion
3067 3904 3390 3986 speculum
3417 3904 3909 3988 interpretatur.

2357 4006 2532 4090 Ergo
2568 4008 2921 4092 specialiter
2949 4009 3148 4092 elegit
3174 4009 3482 4076 Dominus
3517 4010 3674 4077 Sion
3710 4031 3911 4097 prop-

2354 4119 2452 4180 ter
2471 4116 2874 4181 munditiam.
2898 4116 3109 4199 Elegit
3126 4134 3271 4181 eam
3284 4117 3706 4184 nihilominus
3716 4138 3916 4204 prop-

2357 4227 2455 4287 ter
2482 4223 2736 4287 virtutis
2779 4224 3081 4305 gratiam.
3126 4223 3277 4290 Hoec
3302 4227 3558 4308 requies
3585 4233 3809 4293 nostra
3836 4231 3917 4295 in

2356 4329 2658 4397 soeculum
2727 4331 2946 4396 soeculi
2966 4379 2986 4410 ,
3052 4332 3264 4414 quoad
3338 4334 3913 4415 perseverantiam.

2360 4437 2484 4502 Sed
2510 4437 2766 4502 attende
2793 4437 2966 4521 quod
3003 4439 3142 4503 haec
3166 4440 3422 4522 requies
3455 4445 3521 4505 et
3547 4458 3662 4524 per
3690 4447 3916 4525 septe-

2359 4546 2614 4608 narium
2641 4545 2915 4609 habetur
2937 4545 2982 4582 ¹⁸
3019 4568 3080 4611 :a
3105 4546 3482 4631 Requiescet
3519 4567 3713 4632 super
3752 4569 3921 4616 eum

2361 4651 2636 4735 Spiritus
2679 4652 2977 4733 Domini,
3009 4676 3040 4715 n
3066 4660 3185 4720 etc.
3220 4678 3236 4719 ι
3284 4657 3399 4721 ubi
3445 4663 3689 4740 septem
3736 4659 3920 4725 dona

2361 4757 2633 4841 Spiritus
2679 4761 2881 4824 sancti
2926 4767 3417 4843 enumerantur,
3466 4783 3581 4847 per
3624 4784 3778 4848 quae
3834 4768 3923 4831 ad

2360 4868 2647 4947 requiem
2676 4868 2783 4932 Dei
2826 4869 3045 4934 anima
3087 4878 3510 4954 praeparatur.
3562 4872 3923 4941 Ordinatur

2362 4975 2535 5039 enim
2551 4974 2845 5040 affectiva
2867 4995 2980 5059 per
2992 4977 3287 5060 spiritum
3301 4979 3554 5044 timoris
3570 4979 3655 5045 ad
3673 4979 3916 5062 Deum,

2363 5099 2478 5164 per
2500 5082 2798 5166 spiritum
2819 5083 3070 5166 pietatis
3091 5083 3173 5148 ad
3200 5086 3613 5168 proximum,
3642 5105 3763 5171 per
3788 5091 3925 5173 spi·

2365 5280 2429 5291 —
2469 5255 2506 5289 ¹¹
2540 5255 2702 5317 Joan„
2745 5269 2862 5322 χιι,
2904 5259 2983 5308 40.
3023 5283 3087 5294 -
3126 5257 3166 5291 ¹²
3204 5256 3342 5307 Ρηι.
3381 5240 3571 5324 exin,
3606 5262 3692 5321 12,
3736 5264 3821 5312 ¹3.
3860 5289 3927 5301 -

2364 5325 2405 5360 ¹³
2432 5326 2554 5389 Iso„
2578 5339 2655 5392 ιι,
2687 5331 2734 5378 2.

2430 5425 2495 5489 (α)
2527 5425 2703 5491 Suppl.
2733 5440 2782 5477 a.
2808 5455 2865 5465 —
2902 5428 2970 5491 (b)
3000 5429 3122 5479 Coet.
3151 5427 3272 5479 edit.
3302 5429 3553 5481 Dominus
3578 5431 3708 5485 hec.
