4059 6317
730 473 850 537 ⁴⁸2

728 605 882 672 doti.
911 627 944 666 ι
996 604 1069 670 In
1115 605 1240 670 hoo
1291 604 1589 671 mandato
1641 604 1918 670 instituit
1955 603 2269 670 Dominus

728 712 1114 779 sacerdotale
1133 712 1416 778 officium
1447 712 1751 777 omnibus
1785 730 1923 776 esse
1964 730 2268 779 reveren-

727 821 909 901 dum,
934 821 1099 887 etad
1128 823 1522 886 curationem
1552 824 1956 905 peccatorum
1983 839 2122 885 esse
2149 839 2263 884 ne-

725 931 1093 994 cessarium.
1131 929 1309 994 Unde
1335 930 1632 1012 quamvis
1668 927 1975 994 Dominus
2001 928 2269 992 mundet

725 1055 842 1120 per
891 1037 1261 1101 interiorem
1304 1036 1747 1101 contritionem
1770 1085 1788 1116 ,
1843 1036 2265 1101 nihilominus

723 1144 806 1209 ad
857 1144 1240 1209 sacerdotale
1293 1144 1575 1208 officium
1613 1142 1824 1225 legat,
1871 1161 2020 1209 cum
2062 1142 2213 1208 dicit
2243 1161 2261 1207 ε

736 1251 941 1330 Vade,
971 1257 1031 1319 et
1056 1250 1310 1319 ostende
1337 1259 1394 1318 te
1418 1250 1764 1317 sacerdoti.

803 1361 1092 1425 Secundo
1109 1410 1127 1440 ‚
1153 1359 1318 1426 vade
1343 1360 1772 1424 indesinenter
1806 1358 1889 1423 ad
1925 1358 2260 1440 acquiren-

721 1466 881 1532 dum
908 1473 1148 1532 aeterna
1174 1486 1446 1531 munera
1461 1514 1482 1545 ,
1511 1470 1581 1530 et
1601 1466 1722 1531 hoc
1746 1484 1861 1549 per
1885 1465 2261 1529 terreneita-

720 1574 804 1640 tis
832 1575 1294 1660 despectionem
1317 1597 1337 1655 ;
1367 1574 1538 1640 unde
1555 1576 1575 1611 ¹
1608 1596 1624 1637 z
1665 1597 1698 1634 α
1723 1571 1895 1641 Vade
1911 1622 1933 1653 ‚
1967 1577 2031 1638 et
2056 1573 2265 1638 vende

721 1685 961 1765 omnia,
983 1701 1133 1769 quae
1161 1685 1381 1765 habes,
1412 1688 1476 1749 et
1514 1684 1596 1748 da
1630 1684 2042 1766 pauperibus,
2073 1687 2138 1746 et
2151 1681 2265 1746 ha-

719 1792 903 1857 bebis
927 1793 1306 1857 thesaurum
1333 1791 1400 1855 in
1425 1789 1622 1856 coelis.
1652 1811 1685 1850 ι
1719 1789 1896 1856 Vade
1919 1808 2037 1873 per
2062 1790 2266 1870 negli-

722 1900 962 1984 gentiae
995 1899 1457 1978 exclusionem;
1488 1898 1692 1965 vende
1730 1900 1947 1965 omnia
1977 1912 2121 1980 quae
2146 1896 2260 1960 Ιια-

721 2009 848 2091 bes,
883 2028 998 2092 per
1033 2015 1305 2073 terrenae
1346 2008 1718 2073 substantiae
1771 2006 2259 2089 despectionem.

718 2117 1078 2183 Bernartius
1093 2119 1117 2152 ²
1138 2139 1152 2181 ε
1177 2115 1359 2181 «Non
1382 2134 1520 2180 com
1531 2118 1729 2194 mula,
1751 2114 1854 2178 vel
1873 2131 2200 2177 conserva.
2220 2134 2251 2173 n

717 2222 967 2305 Omnia,
1019 2242 1152 2288 non
1195 2228 1463 2307 partem.
1510 2221 1592 2288 Ει
1622 2221 1710 2287 da
1733 2221 2125 2304 pauperibus
2149 2239 2262 2304 per

715 2330 957 2396 divinae
1007 2330 1478 2413 complacentia!
1533 2330 2027 2413 acceptationem
2072 2350 2087 2392 ε
2129 2345 2261 2392 non

719 2437 1050 2514 divitibus,
1081 2438 1233 2520 quia
1252 2443 1403 2502 tunc
1431 2437 1596 2502 Deus
1623 2455 1753 2500 non
1780 2440 2150 2519 acceptaret.
2177 2435 2262 2502 Et

721 2546 977 2613 habebis
1005 2546 1376 2614 thesaurum
1404 2548 1478 2612 in
1495 2545 1670 2626 coelo,
1697 2563 1811 2629 per
1834 2551 2091 2609 aeternae
2119 2542 2263 2624 glo-

721 2654 838 2719 riae
866 2654 1292 2737 adeptionem.

798 2760 1031 2842 Tertio,
1062 2760 1228 2828 vade
1256 2759 1531 2824 viriliter
1558 2760 1639 2825 ad
1665 2759 2100 2842 superandum
2123 2757 2255 2822 dia-

719 2868 926 2933 bolica
949 2873 1363 2947 tentamenta,
1394 2873 1457 2933 et
1481 2868 1606 2932 hoc
1633 2885 1749 2950 per
1777 2867 2013 2932 divinae
2060 2866 2260 2929 virtu-

716 2977 800 3042 tis
829 2977 1320 3059 protectionem;
1352 2976 1522 3040 unde
1540 2979 1564 3016 ⁸
1592 2997 1608 3038 z
1655 2997 1687 3034 α
1713 2972 1921 3053 Vade,
1953 2979 2014 3037 et
2043 2971 2257 3037 Domi-

718 3101 844 3147 nus
876 3083 959 3164 sit
995 3087 1207 3147 tecum
1254 3083 1324 3147 in
1377 3082 1688 3147 ultionem
1729 3081 2138 3144 inimicorum
2163 3101 2194 3139 n
2240 3101 2255 3144 z

716 3190 902 3275 quasi
928 3191 1094 3255 dicat
1129 3212 1146 3253 z
1178 3190 1337 3255 Cum
1375 3193 1730 3272 insurgunt
1762 3188 2090 3253 diabolicae
2115 3191 2262 3251 ten-

715 3298 986 3364 tationes
1017 3303 1084 3363 et
1119 3297 1601 3381 suggestiones,
1631 3315 1763 3362 non
1805 3296 2093 3361 metiaris
2118 3300 2262 3359 tuas

715 3405 908 3486 vires,
938 3423 1021 3471 ne
1041 3407 1280 3470 intuitu
1303 3405 1661 3486 tragilitatis
1685 3404 2122 3482 remollescas3
2150 3402 2260 3467 sed

715 3512 879 3578 vade
899 3513 1167 3578 viriliter
1195 3531 1310 3596 per
1335 3514 1652 3577 virtutum
1694 3511 2256 3576 exercitationem:

715 3621 867 3704 quia
884 3625 1040 3685 tunc
1070 3619 1369 3684 Dominus
1396 3619 1521 3684 erit
1541 3624 1755 3685 tecum
1785 3624 2092 3701 tanquam
2121 3619 2258 3683 bel—

713 3727 880 3792 lator
904 3727 1088 3791 fortis
1123 3727 1205 3793 ad
1242 3727 1557 3792 auxilium
1579 3774 1600 3806 ,
1631 3731 1698 3791 et
1724 3731 2041 3810 protector
2065 3727 2132 3789 in
2156 3725 2260 3791 ul-

713 3834 954 3900 tionem
980 3834 1390 3900 inimicorum
1435 3839 1696 3899 tuorum
1718 3883 1736 3913 ‚
1780 3834 1847 3899 id
1890 3839 1987 3898 est
2026 3835 2261 3898 daemo-

714 3957 907 4021 num,
946 3942 1238 4007 iaciendo
1280 3960 1430 4006 cnm
1478 3941 1822 4006 tentatione
1872 3947 2257 4024 proventum

714 4050 1030 4116 virtutum
1054 4097 1073 4129 ‚
1100 4054 1176 4114 ut
1207 4050 1409 4132 possis
1440 4066 1765 4131 superare.
1811 4045 1988 4112 Unde
2016 4046 2259 4129 Grego-

715 4160 855 4224 rius
878 4159 947 4222 ⁸:
989 4182 1020 4221 α
1045 4156 1183 4224 Nisi
1210 4157 1573 4222 misericors
1617 4156 1784 4221 Deus
1823 4156 2059 4220 nostris
2099 4156 2258 4220 viri·

715 4266 840 4331 bus
854 4270 1233 4332 testamenta
1262 4265 1600 4344 modificet,
1632 4263 1849 4328 nullus
1873 4263 2100 4345 estqui
2126 4280 2261 4327 ma-

716 4374 1051 4457 lignorum
1087 4372 1352 4438 insidias
1381 4371 1588 4436 vitare
1623 4372 1842 4454 possit.
1866 4393 1897 4430 n
1934 4369 2260 4453 Rogemus

701 4499 878 4564 ergo
903 4481 1245 4547 Dominum
1261 4529 1282 4560 ‚
1311 4484 1430 4544 etc.

783 4713 1154 4792 DOMINIGA
1197 4711 1348 4788 XIX
1391 4710 1578 4786 POST
1622 4709 2186 4793 PENTEGOSTEN.

1120 4881 1409 4956 SERMO
1454 4881 1784 4952 PRIMUS
1811 4881 1857 4952 ⁸.

800 5022 1025 5091 Simile
1077 5023 1323 5100 tactum
1368 5021 1461 5083 est
1506 5031 1770 5098 requam
1818 5015 2112 5084 coelorum
2153 5017 2259 5085 100-

715 5135 886 5202 ntini
907 5132 1068 5215 καί,
1101 5129 1219 5213 qui
1243 5128 1396 5209 fecit
1421 5126 1690 5206 nuptias
1715 5125 1851 5205 tilio
1873 5141 1988 5193 suo
2016 5131 2063 5190 ⁸.
2094 5123 2257 5192 Filio

778 5262 793 5296 ¹
819 5257 1024 5321 Manli„
1055 5268 1179 5319 xix,
1213 5257 1291 5305 21.
1325 5279 1377 5290 -
1420 5252 1441 5283 ²
1468 5251 1619 5302 Bern.
1649 5274 1711 5287 --
1749 5250 1772 5285 ⁸
1794 5251 1992 5312 Iudith,
2020 5263 2145 5316 vm,
2175 5255 2255 5304 34.

714 5354 777 5368 -
801 5330 826 5366 ⁸
850 5331 1026 5394 Greg„
1069 5325 1274 5384 uorat„
1297 5323 1388 5375 lib.
1418 5324 1597 5385 xxix,
1625 5335 1673 5374 c.
1711 5333 1850 5385 1111,
1879 5337 1934 5373 n.
1971 5326 2050 5387 46,
2086 5324 2257 5389 quoad

714 5413 943 5452 mcum.
962 5425 1026 5438 —
1045 5401 1064 5430 ⁸
1087 5400 1234 5450 Hunc
1255 5396 1414 5447 habet
1430 5407 1637 5460 quoque
1660 5394 1780 5445 edit.
1805 5395 1968 5445 Paris.
1996 5408 2082 5445 an.
2112 5399 2253 5446 1521.

715 5499 777 5515 -
814 5474 836 5511 ⁸
869 5473 1073 5533 unuh„
1104 5483 1249 5536 nu,
1283 5473 1333 5519 2.
1363 5495 1420 5508 —
1450 5468 1467 5500 ⁷
1498 5468 1630 5532 Oce„
1660 5478 1728 5529 n,
1761 5469 1835 5516 19.
1873 5493 1935 5505 -
1960 5467 1984 5503 ⁸
2010 5466 2184 5527 Hebr„
2218 5479 2252 5533 ι,

1820 465 2247 535 SERMONES
2284 465 2386 535 DE
2427 467 2826 537 TEMPORE.

2382 623 2502 671 suo
2530 605 2799 671 Domino
2820 605 2973 672 Iesu
3000 605 3249 674 Christo
3286 607 3549 692 nuptias
3574 610 3729 675 fecit
3754 609 3933 677 Pater

2379 712 2651 779 coelestis
2673 764 2690 794 ‚
2724 713 3066 779 Ecclesiam
3093 714 3215 798 ipsi
3243 715 3721 799 desponsando.
3758 718 3932 802 Nup-

2377 821 2483 884 tioe
2499 827 2713 886 autem
2732 822 3268 888 commendabiles
3280 829 3433 888 sunt
3446 831 3714 909 propter
3724 811 3941 910 spond

2379 929 2937 1010 magnitudinem}‚
2968 935 3229 1014 propter
3268 950 3521 1014 sponsae
3568 934 3929 1015 pulchritu-

2377 1037 2617 1114 dinem,
2648 1045 2909 1122 propter
2957 1040 3273 1104 donorum
3305 1040 3388 1122 (α)
3417 1041 3926 1124 multitudinem,

2377 1152 2636 1228 propter
2670 1147 3091 1212 convivarum
3117 1146 3615 1230 plenitudinem.

2457 1251 2544 1317 De
2572 1252 2779 1335 primo
2806 1253 3037 1318 dicitur
3081 1254 3231 1319 hic·
3269 1254 3495 1322 Simile
3538 1258 3799 1336 factum
3840 1265 3929 1326 eat

2372 1374 2663 1443 reatinen,
2697 1365 2815 1426 etc.
2831 1379 3133 1445 ‚tusque
3164 1362 3327 1444 filio.
3361 1362 3925 1446 Eccequamma-

2377 1485 2551 1549 gnus
2575 1472 2672 1531 est
2696 1487 3016 1551 sponsus:
3050 1469 3204 1552 quia
3240 1470 3412 1534 filius
3442 1472 3699 1535 summi
3742 1471 3925 1553 Regis

2374 1579 2498 1654 est,
2526 1576 2631 1640 cui
2661 1594 2777 1660 per
2810 1577 3002 1641 fldem
3044 1583 3109 1642 et
3146 1596 3433 1644 amorem
3490 1578 3825 1659 Ecclesia,
3871 1585 3924 1644 et

2375 1682 2580 1747 fidelis
2609 1685 2826 1754 anima
2841 1685 3254 1768 desponsatur
3270 1692 3293 1727 ¹
3314 1703 3333 1750 ε
3359 1710 3392 1747 α
3415 1685 3841 1769 Desponsabo
3856 1687 3920 1768 (b)

2373 1793 2437 1853 te
2454 1790 2650 1855 mihi.
2673 1812 2705 1851 1>
2735 1790 2919 1856 Istius
2936 1792 3051 1857 filii
3073 1794 3449 1875 magnitudo
3466 1793 3917 1860 describitur&

2382 1920 2413 1957 α
2439 1896 2716 1963 Locutus
2737 1903 2833 1963 est
2856 1901 3044 1965 nobis
3080 1901 3147 1965 in
3179 1902 3311 1967 filio
3336 1921 3477 1983 suo,
3516 1921 3730 1986 quem
3762 1921 3921 1968 cons-

2373 2005 2546 2068 tituit
2572 2005 2892 2071 haeredem
2931 2008 3380 2074 universorum
3406 2059 3423 2092 ,
3454 2028 3575 2092 per
3618 2029 3825 2094 quem
3848 2011 3923 2075 fe-

2372 2112 2545 2176 citet
2572 2114 2827 2179 saecula.
2862 2115 2982 2192 Qui
3011 2134 3160 2181 cum
3211 2118 3292 2183 sit
3336 2118 3647 2200 splendor
3673 2118 3920 2201 gloriae,

2371 2224 2435 2284 et
2456 2221 2670 2303 figura
2701 2223 3069 2288 substantiae
3092 2227 3254 2307 ejus,
3285 2229 3683 2309 portansque
3713 2228 3927 2292 omnia

2371 2329 2571 2393 verbo
2598 2330 2889 2410 virtutis,
2919 2335 2984 2395 et
3019 2332 3469 2415 purgationem
3511 2340 3925 2415 peccatorum

2372 2436 2606 2502 faciens
2625 2487 2647 2518 ,
2703 2439 2875 2504 sedet
2927 2440 3005 2504 ad
3062 2441 3391 2506 dexteram
3440 2443 3808 2525 majestatis
3862 2445 3925 2507 in

2371 2544 2656 2620 excelsis,
2682 2551 2859 2610 tanto
2875 2546 3100 2612 melior
3110 2548 3359 2630 ang-elis
3371 2549 3659 2628 effectus,
3680 2555 3926 2633 quanto

2371 2650 2768 2716 differentius
2780 2654 3050 2736 praeillis
3065 2673 3297 2720 nomen
3310 2656 3923 2738 haereditavit,»etc.

2370 2756 2570 2821 Filius
2592 2777 2753 2842 ergo
2782 2760 2898 2824 iste
2926 2779 3198 2843 sponsus
3212 2768 3307 2827 est
3341 2761 3638 2828 Ecclesiae
3663 2765 3928 2830 nobilis-

2371 2865 2597 2930 simus.
2620 2864 2801 2932 Unde
2826 2868 3060 2933 dicitur
3089 2892 3105 2934 z
3136 2872 3212 2937 in
3238 2871 3420 2952 filio,-
3444 2888 3579 2935 non
3606 2871 3677 2935 in
3704 2890 3921 2952 servo,

2370 2990 2499 3037 non
2544 2975 2611 3037 in
2657 2975 2921 3057 angelo,
2974 2978 3201 3042 nonin
3245 2978 3509 3044 homine
3535 2998 3728 3063 puro.
3760 2979 3925 3045 item

2369 3087 2465 3145 est
2492 3081 2885 3163 ditissimus3
2920 3084 3090 3149 unde
3134 3084 3422 3166 additur,
3460 3087 3635 3169 quod
3670 3089 3926 3156 consti-

2370 3190 2500 3255 tuit
2524 3189 2839 3256 hoeredem
2879 3193 3360 3274 universorum,
3403 3211 3515 3277 per
3546 3213 3735 3278 quem
3758 3199 3923 3278 fecit

2370 3299 2433 3359 et
2455 3296 2711 3363 soecula.
2746 3297 2902 3363 Item
2949 3299 3484 3382 speciosissimus3
3524 3305 3697 3370 unde
3737 3307 3921 3371 addi-

2370 3404 2498 3479 tur,
2527 3420 2671 3468 cum
2693 3407 2783 3471 sit
2808 3406 3128 3488 splendor,
3158 3411 3276 3473 etc.
3304 3408 3461 3474 item
3489 3411 3917 3495 fortissimu83

2366 3510 2538 3573 unde
2567 3510 2799 3576 dicitur
2828 3519 3248 3597 :portansque
3267 3519 3487 3583 omnia
3514 3519 3723 3587 verbo.
3755 3520 3919 3586 Item

2369 3617 2930 3699 honoratissimus3
2971 3623 3143 3687 unde
3189 3625 3479 3708 sequitur
3532 3650 3549 3691 t
3588 3629 3772 3697 Sedet
3827 3631 3921 3697 ad

2368 3723 2702 3793 dexteram
2739 3727 3107 3809 majestatis
3150 3733 3225 3796 in
3280 3733 3569 3800 eoeeelsis.
3615 3735 3773 3801 Item
3820 3745 3919 3803 est

2370 3833 2648 3914 optimus
2669 3855 2686 3912 ;
2719 3836 2888 3900 unde
2910 3837 3167 3903 additur
3195 3861 3210 3902 :
3254 3839 3451 3908 Tanto
3472 3841 3700 3910 melior
3722 3862 3917 3929 anae-

2371 3939 2477 4019 lis,
2507 3945 2626 4005 etc.
2658 3942 2707 4007 Ο
2736 3961 2887 4009 vere
2917 3945 3285 4028 diligendus
3311 3958 3618 4033 sponsus!
3647 3954 3912 4038 Augus·

2370 4047 2545 4112 tinus
2564 4048 2588 4082 ⁹
2625 4070 2640 4112 ε
2670 4071 2701 4109 α
2727 4048 2945 4132 Ipsum
2969 4071 3138 4133 ama,
3160 4054 3279 4138 ipsi
3300 4057 3530 4139 flagra,
3559 4059 3683 4142 ipsi
3708 4060 3911 4142 inhia,

2366 4173 2497 4239 quo
2513 4156 2890 4239 jucunderis
2920 4180 2936 4222 ε
2964 4160 3126 4225 nihil
3155 4162 3497 4245 inveneris,
3524 4185 3658 4249 quo
3674 4167 3909 4246 laetius,

2367 4281 2495 4346 quo
2533 4264 2784 4343 melius,
2812 4266 3361 4348 quo‘diuturnius.
3391 4292 3423 4331 a
3468 4271 3591 4337 Sed
3616 4275 3905 4357 quidam,

2366 4374 2546 4436 tanto
2576 4390 2809 4456 sponso
2828 4376 3226 4458 contempto,
3256 4378 3500 4445 nubere
3527 4383 3733 4464 parati
3760 4391 3911 4450 sunt

2365 4477 2639 4543 diabolo.
2693 4477 2780 4544 De
2834 4480 3070 4563 quibus
3119 4485 3375 4567 require
3422 4486 3492 4552 in
3544 4507 3844 4557 sermone
3889 4518 3904 4558 :

2364 4585 2625 4667 Nuptioe
2649 4588 2841 4668 factoe
2856 4589 3106 4656 suntin
3132 4594 3409 4660 secundo
3437 4598 3728 4664 membro
3758 4601 3826 4665 ¹⁰.

2446 4692 2533 4758 De
2555 4695 2832 4759 secundo
2859 4697 2897 4732 ¹¹
2931 4717 2992 4760 :c
3012 4694 3341 4765 Venerunt
3364 4705 3606 4787 nuptiae
3628 4706 3825 4789 Agni,
3845 4713 3910 4773 et

2364 4820 2533 4866 uxor
2566 4804 2707 4884 eJus
2747 4805 3135 4886 praeparavit
3159 4824 3250 4887 se,
3284 4811 3348 4873 et
3375 4809 3595 4877 datum
3621 4819 3717 4879 est
3744 4816 3805 4881 ei
3834 4821 3909 4882 ut

2364 4912 2679 4992 cooperiat
2707 4930 2777 4975 se
2809 4913 3072 4995 byssino
3103 4915 3455 4998 splendenti
3477 4924 3541 4984 et
3558 4923 3843 4989 candido.
3865 4946 3898 4985 ι

2366 5020 2612 5100 Byssus
2649 5019 2990 5100 splendens
3017 5027 3081 5087 et
3103 5023 3637 5109 candidissimus,
3666 5030 3904 5098 beatis-

2363 5126 2590 5189 simam
2622 5133 2683 5190 et
2714 5127 2961 5208 justam
3003 5131 3551 5198 conversationem
3588 5135 3903 5218 significat

2366 5299 3898 5372 1-.3—·Aug.¹-⁰vid.sup.,1>omin.u,postapiph.,

2362 5371 3201 5435 εοεωῌρειεὸδοοιὲ-
3229 5375 3401 5439 Apum,
3428 5341 3667 5436 m’fm.

2429 5471 2476 5532 (α
2476 5468 2496 5533 )
2524 5467 3265 5537 Goet.ed1t.fliiorum.-—(b)
3302 5473 3449 5540 ναις.
3483 5477 3752 5540 sponsabo.
