4059 6317
860 539 1243 608 DOMINICA
1281 538 1421 607 VIII
1467 539 1661 607 POST
1706 537 2287 606 PENTECOSTEN.
2333 539 2596 607 SERMO
2641 539 2690 605 l·

254 791 626 870 DOMINIGA
671 791 806 870 VIII
847 791 1035 869 POST
1076 792 1630 870 PENTEGOSTEN.

583 973 872 1045 SERMO
915 972 1243 1044 PRIMUS
1272 974 1317 1044 ¹.

257 1111 527 1180 vocavit
550 1109 761 1190 illum,
791 1112 852 1176 ei
878 1110 976 1176 aii
1000 1108 1105 1176 illi
1133 1129 1156 1171 .·
1185 1106 1355 1181 Quid
1378 1107 1493 1175 hoc
1512 1107 1714 1177 audio

162 1220 247 1287 de
275 1225 340 1288 te
354 1221 390 1285 ἲ
423 1217 634 1286 Redde
672 1219 989 1284 rationem
1020 1215 1444 1284 villicationis
1490 1221 1617 1283 tuoe
1659 1217 1710 1281 ².

163 1327 478 1394 Dominus
526 1329 766 1406 noster,
803 1327 1020 1407 justus
1050 1324 1252 1407 judex
1295 1323 1600 1388 vivorum
1649 1328 1712 1388 et

161 1437 596 1513 mortuorum,
622 1432 692 1496 in
717 1431 1046 1515 punitione
1069 1430 1408 1514 cujuslibet
1433 1434 1711 1513 peccato-

157 1543 274 1622 ris,
306 1541 420 1625 qui
445 1540 707 1605 nomine
732 1538 904 1603 illius
920 1538 1112 1603 villici
1131 1542 1338 1621 potest
1353 1538 1704 1620 designari,

154 1668 236 1716 eo
278 1648 450 1733 quod
489 1651 778 1732 peccator
822 1646 1158 1730 dissipator
1208 1646 1527 1711 bonorum
1567 1646 1703 1727 Dei,

155 1774 343 1822 more
365 1755 707 1839 cujuslibet
724 1754 881 1837 justi
903 1755 1138 1837 judicis
1165 1754 1289 1819 tria
1316 1753 1612 1837 proponit
1636 1755 1704 1819 in

151 1865 482 1949 proposito
540 1885 556 1928 ε
615 1861 826 1946 primo
895 1861 1227 1945 praemittit
1294 1860 1653 1925 citationem
1681 1883 1700 1940 ;

150 1972 388 2038 deinde
408 1972 699 2038 insinuat
721 1969 1214 2049 incusationem3
1241 1973 1559 2053 postremo
1586 1986 1702 2033 ex-

149 2080 270 2164 igit
296 2079 808 2146 satisfactionem.
851 2076 1068 2143 Primo
1096 2077 1358 2142 notatur
1383 2077 1703 2143 citationis

149 2186 533 2272 praemissio,
572 2203 720 2249 cum
758 2184 910 2249 dicit
938 2207 953 2249 :
996 2183 1263 2252 Vocavii
1285 2185 1490 2265 illum,
1521 2191 1582 2253 et
1605 2189 1705 2254 ait

151 2296 283 2363 illi.
329 2292 643 2371 Secund0,
681 2290 1094 2357 incusationis
1129 2291 1501 2371 insinuatio,
1549 2311 1701 2358 cum

147 2401 370 2467 subdit
398 2421 415 2466 ε
450 2399 621 2479 Quid
642 2399 754 2466 hoc
781 2399 980 2466 audio
999 2398 1080 2464 dc
1102 2403 1161 2465 te
1180 2400 1216 2464 P
1235 2397 1450 2464 Tertio
1468 2400 1703 2465 satisfa-

146 2509 378 2576 ctionis
405 2506 768 2592 postulatiO,
799 2523 948 2570 cum
970 2507 1283 2572 subinfert
1308 2529 1324 2572 :
1355 2506 1572 2576 Redde
1595 2526 1703 2577 ra-

145 2620 392 2686 tionem
417 2614 842 2682 villicationis
867 2619 1018 2682 tuoe.

228 2724 415 2804 Gitat,
458 2724 598 2787 sive
641 2726 827 2787 vocat
864 2709 984 2786 nos
1019 2721 1205 2803 Deus,
1245 2726 1322 2787 ut
1354 2742 1539 2789 suam
1578 2743 1696 2790 cu-

144 2835 315 2900 riam
341 2830 615 2898 coelestis
659 2830 883 2914 patriae
918 2830 1014 2895 ire
1049 2829 1398 2896 debeamus
1433 2831 1696 2914 triplici-

141 2947 239 3008 ter
269 2964 287 3006 :
317 2940 555 3024 primo,
591 2938 792 3003 verbo
827 2942 1064 3003 sanctae
1098 2937 1564 3021 praedicationis
1586 2959 1692 3005 ra-

140 3047 449 3115 tionalem
505 3045 943 3125 informantis3
1011 3046 1321 3125 secundo,
1387 3046 1693 3113 beneflcio

138 3157 468 3223 continuae
520 3153 1084 3220 administrationis
1136 3154 1690 3238 concupiscibilem

138 3264 510 3342 allicientis3
538 3263 748 3340 tertio,
770 3261 1046 3344 flagellis
1059 3261 1471 3344 correptionis
1489 3264 1692 3346 poeni-

134 3373 357 3440 tentiae
399 3370 781 3436 irascibilem
809 3368 1204 3448 deterrentis,
1231 3372 1307 3434 ut
1329 3370 1444 3452 qui
1470 3370 1686 3436 insen-

134 3481 351 3546 sibiles
368 3482 544 3558 sunt,
565 3482 630 3543 et
649 3477 877 3543 nolunt
893 3476 1132 3541 erudiri
1149 3494 1263 3559 per
1279 3476 1681 3560 documenta,

131 3607 251 3653 nec
277 3586 448 3653 allici
474 3604 590 3669 per
614 3584 941 3663 beneficia,
972 3583 1297 3648 sensibiles
1321 3585 1685 3685 deterrean-

131 3700 241 3762 tur
265 3713 387 3780 pcr
407 3692 684 3775 flagella.

210 3802 434 3868 Primo
478 3803 686 3880 vocat,
715 3798 878 3864 sive
918 3797 1068 3863 citat
1107 3815 1228 3863 nos
1278 3797 1444 3863 Deus
1482 3801 1681 3865 verbo

128 3910 526 3992 evangelicas
552 3905 1037 3991 praedicationis,
1070 3909 1146 3971 ut
1169 3904 1520 3996 illuminet3
1552 3927 1677 3973 un-

127 4019 206 4084 de
226 4021 252 4057 ⁸
281 4041 297 4083 :
340 4042 373 4080 a
402 4017 493 4084 Ite
519 4016 601 4082 ad
627 4017 836 4080 exitus
862 4015 1139 4094 viarum,
1158 4018 1223 4079 et
1238 4034 1679 4100 quoscumque

121 4125 522 4206 inveneritiS,
565 4127 787 4190 vocate
834 4122 915 4186 ad
961 4122 1243 4205 nuptias.
1280 4144 1313 4184 ιι
1359 4122 1481 4188 Per
1525 4125 1676 4190 istas

121 4233 408 4316 nuptias,
435 4230 789 4297 secundum
817 4226 1124 4305 Glossam‚
1154 4229 1454 4310 signatur
1474 4249 1677 4297 sacra-

121 4347 420 4407 mentum
447 4338 925 4418 incarnationis,
951 4354 1066 4421 per
1089 4335 1263 4420 quod
1291 4336 1458 4402 Deus
1484 4337 1674 4404 Pater

117 4448 278 4515 Filio
305 4466 426 4514 suo
450 4446 792 4513 Ecclesiam
819 4450 1130 4528 tanquam
1157 4462 1458 4527 sponsam
1483 4465 1671 4530 oopu-

113 4554 272 4622 lavit
304 4578 322 4619 ε
368 4554 451 4619 ad
476 4571 636 4637 quas
660 4570 778 4617 nos
804 4554 1010 4631 vocat,
1050 4549 1208 4617 dum
1248 4569 1399 4616 suos
1433 4554 1668 4636 praedi-

113 4668 364 4730 catores
391 4662 609 4742 mittit,
636 4661 852 4727 dicens
882 4683 898 4723 ε
931 4662 1049 4739 Ite,
1069 4665 1372 4742 tanquam
1392 4679 1671 4744 evange-

113 4770 219 4836 lici
242 4770 716 4854 praedicatores,
737 4768 828 4836 ad
848 4770 1061 4836 exitus
1078 4770 1358 4851 viarum,
1382 4770 1496 4834 ubi
1513 4774 1668 4835 sunt

111 4895 368 4943 errores
402 4876 720 4959 gentium,
771 4879 837 4940 et
879 4875 1157 4940 defectus
1189 4877 1538 4954 actionum,
1569 4896 1665 4943 se-

112 4986 405 5053 cundum
439 4985 612 5069 quod
647 4984 799 5049 dicit
839 4983 1092 5062 Glossa3
1141 4988 1202 5051 et
1239 5000 1662 5069 quoscumque

109 5094 528 5174 inveneritis,
548 5092 612 5158 id
632 5095 748 5169 est,
770 5091 1234 5173 cujuscumque
1259 5092 1657 5175 conditionis,

110 5201 268 5287 quia
293 5201 316 5237 ⁸
353 5225 383 5264 α
406 5200 587 5267 nulla
613 5204 710 5265 est
733 5198 1014 5281 acceptio
1042 5216 1462 5282 personarum
1489 5202 1659 5285 apud

169 5329 189 5364 ¹
219 5329 373 5379 Hunc
408 5339 516 5377 non
552 5324 709 5375 babet
741 5323 861 5375 edit.
892 5321 1050 5374 Paris.
1088 5337 1171 5375 an.
1205 5326 1344 5377 1⁵21.
1376 5351 1439 5364 —-
1476 5328 1495 5359 ²
1520 5329 1657 5392 Luc„

108 5408 230 5463 xv1,
256 5402 307 5449 2.
339 5425 394 5435 -
429 5396 453 5431 ⁸
479 5395 680 5459 naith,
709 5406 869 5457 xxm,
898 5398 945 5446 9.
975 5421 1038 5434 —
1071 5396 1094 5432 δ
1115 5398 1248 5456 Act„
1279 5407 1337 5461 x,
1367 5399 1456 5460 34,
1483 5399 1658 5463 paucis

108 5469 342 5521 mutatis.
382 5494 445 5507 —
492 5469 512 5498 ⁸
553 5466 668 5525 lob,
717 5477 824 5530 m,
871 5468 947 5517 15.
980 5491 1044 5502 —
1080 5467 1104 5502 ⁸
1147 5469 1284 5531 Luc„
1328 5481 1432 5532 xlv,
1478 5474 1556 5520 23.
1594 5498 1658 5511 -

109 5540 133 5578 ⁷
160 5540 333 5592 Gloss.
367 5554 429 5594 ex
462 5536 585 5590 Bed.
613 5540 664 5587 in
691 5538 826 5601 Luc..
849 5536 939 5589 lib.
970 5537 1055 5602 tv,
1085 5553 1132 5589 c.
1166 5542 1245 5591 60.

3251 549 3371 613 373

1829 673 2054 754 Deum,
2073 675 2271 741 sedin
2291 676 2469 741 omni
2486 680 2701 759 gente,
2732 680 2796 744 et
2821 678 2888 743 in
2908 679 3087 745 omni
3107 683 3367 766 populo,

1826 783 1888 845 et
1913 780 1984 844 in
2012 782 2189 846 omni
2218 783 2576 848 conditione
2593 783 3060 868 beneplacitum
3072 791 3168 852 est
3180 788 3307 854 illi:
3329 811 3362 851 ι

1834 886 2082 969 Vocatc,
2128 888 2279 954 tuba
2317 890 2709 973 evangelicas
2755 891 3240 976 praedicationis,
3279 895 3369 963 ad

1822 998 2110 1077 nuptias,
2140 996 2206 1061 id
2235 1001 2352 1076 est,
2383 999 2463 1062 ad
2488 998 2867 1080 mysterium
2894 1000 3064 1066 fidei.

1900 1101 2190 1169 Secundo
2207 1109 2392 1169 vocat
2402 1123 2521 1169 nos
2534 1104 2697 1171 Deus
2714 1106 3023 1172 beneficio
3046 1108 3367 1177 continuae

1819 1209 2402 1290 administrationis,
2445 1216 2521 1277 ut
2556 1213 2826 1293 alliciat3
2870 1214 3038 1280 unde
3065 1221 3088 1256 ⁸
3122 1238 3137 1281 ε
3177 1239 3209 1278 α
3235 1216 3360 1283 Vo-

1818 1318 1990 1381 cabis
2022 1337 2149 1396 me,
2182 1323 2245 1384 et
2270 1337 2398 1401 ego
2425 1321 2816 1404 respondebo
2838 1322 2988 1401 tibi;
3016 1324 3192 1407 operi
3220 1344 3358 1391 ma-

1817 1443 2024 1493 nuum
2071 1432 2329 1492 tuarum
2380 1430 2673 1512 porriges
2717 1430 3067 1496 dexteram.
3100 1453 3132 1493 a
3166 1431 3363 1500 Vocat

1816 1532 2005 1613 DeuS,
2039 1552 2187 1598 cum
2218 1535 2592 1600 muneribus
2618 1537 2953 1619 praevenit,
2983 1543 3047 1604 et
3068 1538 3148 1622 (α)
3174 1540 3360 1607 colla-

1813 1642 1896 1706 tis
1930 1642 2275 1724 beneflciis,
2318 1644 2502 1726 quasi
2548 1644 2796 1710 emissis
2842 1646 3126 1728 vocibus,
3171 1649 3252 1714 ad
3288 1670 3359 1716 se

1812 1748 2044 1814 ducere
2058 1749 2289 1816 studet.
2306 1748 2665 1832 Respondet
2682 1752 2857 1815 enim
2869 1752 3086 1833 homo,
3101 1758 3357 1838 quando

1811 1853 2010 1935 digna
2037 1873 2230 1938 opera
2251 1859 2442 1939 juxta
2466 1859 2760 1939 percepta
2796 1875 3066 1923 munera
3093 1861 3355 1930 reddere

1808 1960 2080 2043 festinat,
2111 1981 2188 2027 eo
2214 1963 2384 2046 quod
2412 1963 2770 2029 misericors
2807 1964 2970 2030 Deus
3006 1969 3183 2051 operi
3212 1989 3355 2036 ma-

1809 2090 2014 2138 nuum
2034 2091 2325 2152 suarum,
2356 2073 2419 2138 id
2449 2077 2566 2152 est,
2593 2073 2837 2137 bomini
2860 2073 3132 2141 formato
3154 2093 3352 2146 manu

1807 2203 1945 2251 suae
1999 2186 2322 2270 potentiae,
2380 2184 2655 2268 porrigit
2705 2186 3032 2251 dexteram
3082 2207 3349 2256 suorum

1807 2293 2293 2360 beneficiorum.
2328 2293 2491 2358 Nam
2518 2293 2750 2358 coelum
2789 2294 2938 2359 fecit
2964 2295 3045 2361 ad
3071 2297 3348 2365 dandam

1806 2401 1865 2466 ei
1893 2402 2100 2466 lucem
2127 2402 2197 2466 in
2221 2402 2345 2481 die,
2378 2406 2451 2466 ut
2491 2401 2581 2465 ibi
2622 2407 3016 2485 operaretur,
3052 2405 3349 2473 tenebras

1805 2509 1873 2573 in
1899 2513 2106 2589 nocte,
2136 2513 2213 2573 ut
2235 2509 2610 2593 quiesceret,
2640 2512 2705 2574 et
2726 2507 2947 2574 utilem
2972 2510 3351 2580 vicissitudi-

1804 2635 1955 2681 nem
1991 2623 2379 2700 temporum.
2421 2617 2652 2681 Aerem
2679 2617 2824 2682 fecit
2849 2622 2931 2698 ut,
2948 2620 3261 2701 praeberet
3287 2624 3347 2689 ei

1803 2724 2026 2789 utilem
2062 2725 2357 2795 calorem,
2400 2728 2466 2789 et
2504 2741 2697 2789 omne
2738 2743 2948 2806 genus
2995 2727 3217 2793 avium
3265 2731 3347 2795 ad

1802 2850 1996 2897 suum
2040 2833 2375 2898 servitium
2426 2831 2835 2896 ministraret.
2884 2833 3136 2916 Aquam
3171 2834 3351 2932 fec-ig,

1802 2943 1871 3003 ut
1895 2943 2121 3021 potum
2146 2939 2266 3003 sibi
2293 2937 2622 3018 tribueret,
2650 2940 2715 3001 et
2736 2938 2952 3004 sordes
2973 2939 3092 3003 sibi
3112 2959 3345 3024 purga-

1798 3050 1919 3126 ret,
1948 3048 2189 3112 arentia
2200 3046 2523 3128 irrigaret,
2549 3048 2613 3111 et
2625 3045 3053 3114 diversitatem
3068 3043 3347 3131 piscium

1797 3155 1880 3220 ad
1922 3174 2112 3220 suum
2168 3174 2352 3223 esum
2404 3155 2698 3220 nutriret.
2753 3154 3016 3219 Terram
3053 3156 3220 3236 fecit,
3264 3163 3341 3224 ut

1795 3281 1944 3328 eum
1973 3267 2275 3347 portaret,
2307 3281 2469 3346 pane
2496 3263 2894 3343 confortaret,
2924 3268 2988 3329 et
3004 3264 3160 3330 vino
3175 3264 3339 3331 laeti-

1796 3371 2033 3436 flcaret.
2081 3369 2278 3436 Totus
2320 3371 2602 3436 mundus
2634 3370 2834 3436 servit
2869 3370 3136 3451 homini,
3183 3373 3337 3457 quia

1792 3478 1995 3542 iactus
2021 3481 2115 3543 est
2144 3496 2263 3561 pro
2287 3477 2572 3558 bomine,
2602 3482 2676 3542 ut
2701 3476 2837 3561 ipse
2862 3478 3096 3544 serviat
3110 3479 3193 3559 ei,
3220 3482 3335 3565 qui

1791 3585 1937 3651 fecit
1963 3586 2281 3651 mundum
2307 3590 2370 3650 et
2392 3585 2743 3649 hominem.
2782 3584 2954 3666 Ergo
2989 3587 3184 3651 sentis
3218 3589 3334 3653 be-

1790 3693 2094 3758 neficium
2121 3692 2440 3758 continuae
2478 3692 3038 3757 administrationis
3078 3714 3100 3756 τ
3140 3695 3331 3761 redde

1788 3800 2073 3865 debitum
2111 3800 2299 3864 bonae
2338 3800 2760 3883 operationis;
2796 3799 3082 3883 alioquin
3115 3801 3195 3867 de
3227 3801 3332 3866 in-

1790 3907 2181 3988 gratitudine
2201 3909 2373 3990 Juste
2402 3907 2633 3989 poteris
2656 3906 2873 3987 argui.

1864 4014 2076 4081 Tertio
2121 4019 2308 4082 vocat
2344 4014 2601 4097 flagello
2635 4015 3068 4097 correptionis,
3106 4020 3179 4082 ut
3212 4017 3323 4082 de-

1784 4127 2016 4189 terreat
2036 4146 2055 4202 ;
2099 4122 2268 4188 unde
2298 4128 2322 4164 ⁸
2357 4144 2372 4186 :
2414 4143 2446 4183 α
2476 4120 2597 4186 Exi
2638 4121 2707 4185 in
2747 4121 2886 4186 vias
2913 4121 2989 4204 (b)
3019 4123 3084 4187 et
3116 4140 3318 4207 sepes,

1783 4236 1849 4296 et
1900 4230 2206 4313 compelle
2252 4231 2514 4309 intrare,
2576 4231 2652 4295 ut
2698 4228 3041 4312 impleatur
3093 4230 3324 4297 domus

1782 4357 1944 4404 mea.
1975 4339 2126 4405 Dico
2150 4338 2322 4403 enim
2370 4337 2571 4416 vobis,
2616 4337 2769 4419 quia
2806 4353 2997 4401 nemo
3030 4337 3319 4405 virorum

1778 4447 2063 4527 illorum,
2111 4446 2223 4531 qui
2272 4446 2481 4513 vocati
2526 4449 2699 4523 sunt,
2748 4445 3032 4527 gustabit
3071 4465 3317 4514 coenam

1778 4574 2012 4621 meam.
2057 4577 2089 4616 υ
2134 4556 2273 4622 Exci
2306 4556 2384 4622 in
2423 4557 2571 4622 vias
2610 4554 2712 4636 (b),
2756 4554 2868 4619 ubi
2904 4559 3054 4619 sunt
3087 4556 3317 4623 diaboli

1777 4667 2168 4728 tentamenta
2181 4711 2199 4741 ‚
2249 4662 2596 4728 secundum
2647 4661 2929 4726 Glossam
2942 4710 2961 4741 ,
3007 4669 3068 4729 ei
3115 4679 3311 4746 sepes,

1774 4770 1887 4835 ubi
1926 4774 2078 4834 sunt
2124 4770 2375 4835 inutilia
2418 4769 2828 4834 incitamenta
2870 4768 3197 4850 vitiorum,
3254 4775 3316 4837 et

1775 4877 2067 4964 compelle
2094 4880 2373 4958 intrare,
2403 4876 2883 4941 infirmitatibus
2908 4881 2971 4941 et
2996 4876 3313 4942 calamita-

1774 4987 1945 5051 tibus
1972 4985 2304 5069 praesentis
2330 4984 2502 5050 vitae.
2551 4983 2629 5048 Et
2666 4983 2789 5048 boc
2819 4986 2935 5060 est,
2966 4982 3138 5066 quod
3162 4984 3312 5049 dicit

1772 5093 1991 5158 Glossa
2007 5099 2029 5134 '¹
2052 5114 2068 5157 :
2096 5115 2128 5154 α
2150 5090 2268 5169 Qui
2295 5092 2470 5157 enim
2494 5090 2691 5172 hujus
2713 5090 2937 5154 mundi
2954 5090 3310 5159 adversita-

1768 5202 1940 5266 tibus
1965 5201 2143 5265 fracti
2174 5200 2245 5282 (c)
2275 5197 2352 5264 ad
2381 5215 2667 5263 amorem
2689 5196 2800 5262 Dei
2819 5197 3108 5276 redeunt,
3132 5202 3196 5263 et
3219 5198 3303 5282 (d)

1767 5328 1808 5374 a
1862 5307 2191 5392 praesentis
2250 5306 2409 5372 vitae
2458 5304 2784 5370 desideriis
2847 5297 3303 5387 corriguntur,

1832 5472 1896 5532 (a)
1933 5470 2057 5521 Coet.
2097 5468 2216 5520 edit.
2244 5470 2319 5519 ut.
2343 5493 2407 5505 —
2435 5465 2504 5531 (b)
2537 5467 2664 5517 item
2701 5466 2849 5516 vicos.
2875 5491 2931 5502 —
2972 5465 3028 5527 (e)
3058 5464 3138 5516 Ita
3170 5467 3309 5532 apud

1766 5541 1888 5596 Bed.
1919 5541 2041 5592 coet.
2068 5540 2194 5592 edit.
2224 5538 2491 5593 contracti.
2513 5563 2576 5576 —
2600 5535 2671 5603 (d)
2701 5534 2824 5588 Goee.
2844 5536 2968 5589 edit.
2996 5535 3133 5589 deest
3153 5542 3223 5591 et.
3241 5564 3304 5580 -
