4059 6317
504 478 886 548 DOMINICA
928 477 1010 545 IN
1054 477 1223 547 OCT.
1268 473 1845 543 PENTECOSTES.
1890 472 1974 539 IN
2016 472 2293 540 SANCT.
2335 474 2628 543 TRINIT.
2670 475 2933 545 SERMO
2975 477 3083 546 IV.

191 618 522 685 abdicatur
546 636 588 683 a
604 615 812 696 Patre,
833 614 1330 682 exhaereditatur
1356 632 1396 678 a
1421 611 1603 690 Filio,
1631 611 1733 676 ni-

183 726 544 812 bilominus
596 744 637 790 a
680 723 923 808 Spiritu
982 726 1199 788 sancto
1254 721 1529 787 efficitur
1581 719 1733 784 alie·

191 853 336 899 nuS.
358 857 390 894 ι)

273 940 361 1006 De
389 941 608 1007 tertio¹
650 963 666 1007 z
706 940 1000 1020 «Amice,
1037 932 1569 1006 commoda'mihi
1609 939 1741 999 tres

190 1067 414 1132 panes.
438 1069 470 1108 n
518 1052 636 1112 etc.
674 1046 938 1113 Amicus
972 1049 1124 1125 iste,
1168 1042 1518 1109 secundum
1556 1040 1736 1106 Glos-

192 1174 358 1237 sam,
370 1160 466 1221 est
486 1158 655 1220 Dens
662 1177 682 1236 3
703 1155 887 1239 panis
908 1153 1267 1219 confortans
1283 1153 1377 1215 est
1401 1167 1582 1215 amor
1599 1147 1733 1212 Dei.

194 1262 350 1327 Tres
382 1267 599 1329 autem
635 1280 834 1346 panes
871 1263 1049 1339 sunt,
1093 1258 1246 1342 quia
1284 1261 1412 1321 tres
1452 1271 1742 1339 personae

192 1366 1268 1436 amandaesunt.Amandaestbeata
1278 1362 1745 1446 Trinitasprop-

192 1481 295 1541 ter
318 1477 701 1542 beneficium
723 1474 1076 1553 creationis„
1103 1471 1582 1550 incarnationiS,
1607 1470 1746 1552 glo-

193 1584 600 1662 risscationis,
654 1582 1143 1666 justificationis
1193 1579 1318 1644 Ista
1368 1580 1541 1644 enim
1595 1580 1747 1642 sunt

198 1696 477 1775 quatuor
510 1691 817 1757 beneficia
833 1739 850 1770 ‚
904 1688 1138 1754 seilicet
1179 1686 1528 1752 Trinitatis,
1567 1685 1747 1751 Patet

198 1798 412 1882 primo
441 1801 509 1862 in
542 1799 621 1882 (a)
660 1816 849 1881 opere
874 1795 1245 1876 creationiS,
1277 1794 1391 1858 ubi
1426 1792 1654 1857 dicitur
1677 1792 1741 1856 ἰ

204 1930 239 1964 α
261 1904 336 1969 In
360 1905 671 1989 principio
697 1904 938 1971 creavit
954 1903 1144 1983 DeuS,
1164 1924 1195 1963 >³
1223 1906 1343 1967 eto.
1376 1900 1633 1967 Patrem
1656 1900 1751 1963 in-

198 2011 444 2094 tellige,
463 2030 615 2076 eum
639 2011 904 2077 dicitur:
927 2012 1130 2090 Deus;
1148 2008 1404 2090 Filium,
1426 2026 1576 2072 eum
1600 2006 1750 2072 dici·

198 2126 310 2185 tur
341 2122 461 2186 :In
495 2119 827 2204 principio
854 2142 880 2185 .·
906 2119 1212 2203 Spiritum
1241 2121 1566 2197 sanctum,
1599 2135 1749 2181 cum

199 2229 475 2293 dicitur:
503 2229 586 2296 Et
624 2227 910 2311 Spiritus
947 2228 1211 2295 Domini
1237 2225 1554 2307 ferebatur
1576 2273 1594 2305 ,
1622 2229 1743 2290 etc.

200 2336 362 2402 Item
388 2340 560 2420 patet
603 2337 674 2401 in
711 2354 904 2420 opere
930 2334 1386 2400 incarnationis
1404 2382 1422 2413 ,
1455 2333 1567 2398 ubi
1599 2331 1749 2397 dici·-

200 2444 390 2509 tur⁸2
442 2467 473 2507 α
494 2443 775 2527 Spiritus
809 2447 1069 2509 sanctus
1105 2441 1513 2525 superveniet
1547 2441 1617 2505 in
1659 2443 1744 2519 te,

198 2555 267 2616 et
297 2553 500 2617 virtus
527 2551 836 2617 Altissimi
857 2551 1271 2617 obumbrabit
1301 2548 1451 2630 tibi;
1479 2549 1749 2633 ideoque

198 2665 267 2723 et
298 2660 470 2743 quod
496 2663 792 2725 nascetur
833 2677 918 2724 ex
952 2661 1020 2723 te
1060 2662 1349 2723 sanctum
1360 2705 1383 2738 ,
1418 2655 1751 2722 vocabitur

198 2768 399 2835 Filius
427 2767 562 2833 Dei.
584 2789 616 2828 n
641 2766 802 2834 Ecce
828 2767 935 2832 hie
957 2766 1355 2850 apertissime
1383 2764 1751 2849 exprimun-

200 2881 310 2941 tur
335 2879 465 2941 tres
492 2893 808 2959 personae.
838 2877 991 2939 ltem
1025 2878 1196 2956 patet
1236 2873 1302 2937 in
1347 2889 1538 2956 opere
1558 2871 1752 2955 justi-

200 2984 540 3064 ficationiS,
568 2983 685 3047 ubi
718 2981 950 3047 dicitur
967 2980 1034 3046 ἐ
1074 2979 1513 3065 «Baptizantes
1537 2997 1646 3045 eos
1679 2978 1750 3043 in

199 3092 463 3157 nominc
504 3090 741 3171 Patris,
771 3095 836 3154 et
861 3087 1036 3169 Filii,
1066 3093 1130 3154 et
1161 3087 1437 3171 Spiritus
1465 3086 1687 3152 sancti.
1708 3109 1740 3146 n

201 3197 384 3265 Unde
428 3200 620 3264 etiam
657 3198 727 3261 in
770 3196 1086 3284 baptismo
1124 3194 1358 3261 Christi
1388 3195 1411 3230 ⁸
1452 3195 1752 3278 apparuit

201 3306 484 3372 Trinitas
517 3323 964 3390 personarum.
1012 3303 1172 3369 Item
1224 3307 1396 3388 patet
1440 3303 1512 3367 in
1557 3320 1750 3387 opere

205 3414 688 3497 glorificationis
706 3413 752 3493 ⁸,
777 3412 894 3477 ubi
928 3412 998 3476 in
1033 3412 1603 3493 transfiguratione
1643 3430 1752 3496 ap-

200 3522 416 3607 paruit
442 3522 717 3606 Spiritus
741 3522 998 3585 sanctus
1024 3520 1095 3584 in
1116 3520 1290 3585 nube
1311 3518 1599 3586 candida.
1624 3517 1751 3585 Sed

200 3649 404 3716 quare
428 3631 498 3696 in
523 3630 842 3713 baptismo
868 3628 936 3693 in
962 3628 1285 3705 columba,
1317 3632 1381 3692 et
1406 3627 1513 3694 hic
1536 3628 1605 3691 in
1631 3644 1752 3691 nu-

196 3740 325 3805 be?
352 3739 573 3804 Adhoc
598 3736 935 3821 respondet
960 3736 1067 3800 bic
1097 3735 1317 3801 Glossa
1333 3742 1354 3777 ⁷
1385 3756 1401 3800 ε
1433 3757 1465 3796 <1
1479 3734 1752 3818 Spiritus

197 3850 459 3911 sanctus
504 3845 572 3909 in
619 3844 936 3929 baptismo
982 3843 1277 3927 apparuit
1312 3843 1384 3907 in
1428 3843 1746 3924 columba,

196 3955 308 4019 hic
334 3954 405 4019 in
440 3953 617 4019 nube
642 3952 888 4033 lucida,
920 3951 1073 4036 quia
1098 3952 1214 4037 qui
1249 3952 1440 4017 modo
1477 3953 1751 4037 simplici

200 4063 389 4128 corde
412 4063 604 4127 fidem
630 4061 1049 4142 servaverint,
1080 4064 1298 4145 aperta
1322 4059 1570 4126 visione
1597 4077 1752 4125 con-

198 4167 706 4253 templabuntur.
729 4187 761 4226 ι
807 4165 1014 4232 Pensa
1037 4212 1058 4243 ,
1104 4183 1301 4249 ergo,
1354 4165 1747 4245 charissime,

199 4293 404 4359 quam
446 4273 811 4340 beatissima
846 4270 1126 4337 Trinitas
1152 4271 1428 4336 amanda
1459 4272 1572 4352 sit,
1603 4290 1751 4356 quae

200 4385 298 4450 sic
317 4387 452 4448 tota
475 4381 658 4447 nobis
674 4379 965 4461 intendit,
996 4379 1127 4445 imo
1151 4396 1300 4463 quae
1326 4396 1394 4443 se
1415 4383 1612 4444 totam
1641 4398 1752 4445 no-

201 4492 306 4557 bis
340 4488 670 4573 impendit.
712 4483 1200 4569 Augustinus⁸z
1239 4508 1271 4547 α
1295 4484 1482 4550 Pater
1518 4485 1752 4552 Filium

203 4598 382 4664 dedit
441 4596 511 4660 in
565 4594 847 4679 pretium
897 4592 1384 4677 redemptionis,
1442 4592 1753 4677 Spiritum

203 4709 501 4772 sanctum
525 4702 595 4766 in
619 4700 1033 4786 privilegium
1056 4701 1442 4785 adoptionis»,
1475 4719 1544 4766 se
1571 4700 1753 4765 deni-

204 4831 339 4899 que
371 4815 577 4876 totum
621 4813 835 4874 servat
871 4806 1309 4872 haereditatem
1358 4807 1692 4891 adoptatis.
1712 4830 1745 4869 n

291 4919 379 4985 De
404 4919 635 5003 quarto
653 4917 675 4953 ⁹
699 4935 716 4980 ε
742 4938 774 4979 ι
793 4916 891 4980 Ab
917 4914 1159 4981 oriente
1185 4917 1388 4997 portae
1414 4917 1608 4996 tres,n
1629 4918 1749 4982 etc.

205 5026 419 5094 Portae
446 5025 716 5092 coelestis
728 5021 1002 5090 civitatis
1025 5026 1177 5087 sunt
1202 5022 1498 5103 virtutes,
1515 5024 1755 5108 quibus

204 5136 338 5202 Deo
391 5132 772 5202 deservitur.
829 5127 1021 5198 Porta
1065 5148 1229 5213 ergo
1282 5131 1609 5197 orientalis
1659 5136 1757 5198 est

279 5338 295 5371 ι
320 5335 460 5398 Luc„
492 5341 569 5395 xi,
604 5332 654 5380 5.
681 5354 745 5366 —
771 5329 793 5364 ¹
821 5327 969 5390 Gen„
1005 5338 1050 5400 1⁸,
1085 5328 1185 5378 1-2.
1216 5354 1270 5363 —
1295 5327 1318 5363 ⁸
1346 5327 1482 5390 Luc„
1515 5341 1559 5391 ι,
1584 5330 1662 5379 35.
1692 5354 1755 5366 -

200 5409 228 5446 ι
251 5405 460 5467 nauh„
480 5413 668 5464 xxvm,
694 5402 769 5453 19.
792 5424 852 5437 —
874 5400 895 5430 ⁸
911 5398 1120 5462 lauh„
1139 5410 1220 5464 ιιι,
1242 5401 1487 5450 16-1‘1.—
1509 5400 1530 5431 ⁸
1548 5399 1757 5463 Metili„

204 5490 351 5543 xvn,
384 5481 436 5530 5,
467 5501 534 5515 --
576 5472 596 5508 ⁷
638 5471 805 5523 Gloss.
839 5484 904 5523 ex
948 5470 1073 5523 Bed.
1115 5472 1169 5521 in
1206 5470 1414 5538 uatem,
1450 5470 1539 5523 lib.
1570 5471 1656 5524 ΙΙΙ.
1691 5496 1753 5510 -

490 5581 645 5631 ΤΟΙΙ.
686 5579 825 5628 xm.

3264 485 3376 548 321

1841 609 2183 694 prudentia
2233 611 2302 674 in
2352 611 2686 695 eligendis.
2742 613 2864 680 Per
2920 614 3089 681 hanc
3133 620 3387 700 portam

1843 734 1973 781 non
2018 736 2199 797 caro,
2235 718 2346 784 sed
2378 719 2641 803 spiritus
2679 721 2978 788 inducere
3011 741 3130 788 nos
3175 724 3384 809 debet,

1842 829 1919 891 ut
1930 842 2061 890 non
2086 825 2427 906 carnalem,
2445 828 2554 893 sed
2567 829 2962 910 spiritualem
2984 832 3390 915 prudentiam

1844 950 2193 1016 sequamur
2207 933 2251 969 ¹⁰
2269 955 2285 997 ε
2300 933 2631 1003 «Elevavit
2661 955 2764 1002 me
2787 937 3067 1020 spirituS,
3097 942 3161 1004 et
3189 941 3389 1006 intro-

1844 1039 2031 1104 duxit
2080 1059 2184 1106 me
2220 1040 2300 1106 ad
2348 1046 2600 1125 portam
2629 1045 3072 1125 orientalem,»
3118 1051 3238 1111 etc.
3277 1044 3395 1109 Hic

1846 1155 2062 1214 autem
2090 1154 2242 1215 sunt
2266 1155 2395 1216 tres
2422 1156 2647 1236 portae,
2670 1154 2833 1238 quia¹
2843 1173 2961 1238 per
2988 1154 3395 1239 prudentiam

1848 1256 2129 1323 colendae
2157 1262 2308 1322 sunt
2333 1263 2463 1323 tres
2488 1278 2801 1343 personae.
2827 1262 2989 1328 Item
3007 1267 3192 1346 porta
3216 1264 3397 1347 aqui-

1846 1363 2009 1428 lonis
2035 1367 2130 1429 est
2157 1364 2461 1431 fortitudo
2491 1366 2562 1432 in
2594 1369 2879 1436 adversis
2896 1370 2981 1435 ¹¹:
3021 1393 3053 1431 α
3075 1370 3402 1437 Venerunt

1849 1471 1930 1535 ad
1978 1476 2231 1555 portam
2268 1473 2565 1556 ferream,
2591 1497 2623 1536 ι)
2658 1480 2779 1544 eto.
2823 1477 2942 1542 Hic
2975 1498 3233 1564 quoque
3271 1483 3401 1545 tres

1850 1583 2003 1643 sunt
2047 1583 2282 1663 portae,
2324 1582 2481 1666 quia
2524 1585 2895 1652 fortitudine
2937 1590 3067 1652 tres
3110 1605 3399 1670 personae

1850 1685 2130 1751 colendae
2167 1692 2340 1754 sunt.
2378 1689 2537 1755 Item
2573 1696 2759 1775 porta
2793 1694 3092 1759 australis
3127 1699 3221 1759 est
3245 1700 3402 1761 tem-

1850 1790 2141 1873 perantia
2172 1791 2240 1854 in
2262 1795 2611 1876 prosperis,
2640 1815 2820 1880 quae,
2848 1797 3019 1862 heul
3054 1815 3224 1881 saepe
3254 1816 3400 1862 suc-

1853 1900 2143 1964 cenditur
2189 1900 2344 1982 igne
2392 1901 2736 1987 voluptatis
2790 1907 2856 1969 et
2913 1905 3272 1990 cupiditatis
3300 1907 3346 1943 ¹¹
3383 1928 3400 1974 ε

1862 2031 1893 2068 (ι
1920 2006 2130 2073 Portae
2172 2011 2521 2076 combustae
2557 2017 2707 2077 sunt
2752 2013 2915 2094 igni.
2951 2035 2983 2075 »
3041 2014 3158 2079 Hic
3209 2015 3405 2080 etiam

1856 2119 1985 2180 tres
2010 2120 2161 2181 sunt
2185 2120 2412 2200 portae,
2437 2119 2590 2202 quia
2615 2138 2731 2204 per
2751 2123 3243 2206 temperantiam
3265 2126 3407 2208 {tres

1855 2224 2137 2289 colendae
2168 2231 2320 2290 sunt
2362 2244 2654 2308 personae
2686 2226 2785 2310 (b).
2824 2228 2983 2294 item
3018 2233 3200 2313 porta
3239 2232 3405 2296 occi-

1855 2330 2124 2395 dentalis
2146 2334 2219 2413 (c)
2247 2336 2342 2397 est
2361 2333 2631 2416 justitiae
2658 2340 2863 2417 porta,
2889 2340 3011 2401 etc.
3038 2336 3155 2402 Hic
3180 2338 3405 2402 simili-

1856 2440 1953 2502 ter
1977 2443 2130 2503 sunt
2169 2445 2299 2505 tres
2341 2444 2544 2523 portae
2560 2488 2578 2520 ,
2614 2442 2773 2525 quia
2795 2461 2911 2527 per
2934 2445 3262 2527 justitiam
3297 2466 3409 2513 eo-

1853 2542 2063 2611 lendae
2089 2551 2242 2611 sunt
2276 2551 2406 2613 tres
2450 2567 2769 2632 personae.

2392 2727 2683 2797 SERMO
2739 2729 2858 2801 IV.

1937 2855 2286 2938 Benedicat
2310 2886 2426 2937 nos
2454 2870 2646 2952 Deus,
2678 2871 2846 2940 Deus
2868 2878 3082 2943 noster
3099 2923 3118 2954 ,
3148 2875 3409 2946 benedi·
3450 2905 3649 2949 coum
3688 2856 3691 2859 ⁹

1857 2983 1966 3043 cac
1993 2991 2111 3045 nos
2134 2976 2301 3044 Deus
2324 2980 2392 3043 ¹⁸.
2420 2977 2818 3046 Consuetudo
2843 2985 2941 3047 est
2968 2985 3140 3067 apud
3163 2985 3404 3069 fideles,
3434 2966 3646 3074 fflmff‘

1859 3085 2031 3167 quod
2063 3086 2404 3151 transitum
2429 3087 2696 3153 faciente
2734 3088 3040 3156 Pontifice
3056 3140 3079 3173 ,
3109 3094 3268 3176 petit
3294 3113 3408 3179 po-

1858 3190 2054 3274 pulus
2080 3192 2606 3260 benedictionem.
2637 3194 2762 3261 Sed
2788 3215 2931 3263 ecoe
2963 3198 3253 3268 Pontifex
3269 3221 3411 3269 ma-

1859 3298 1976 3363 tris
2003 3297 2301 3365 Ecclesiae
2330 3302 2642 3384 paradisi,
2674 3304 3166 3386 praebendarum
3189 3309 3407 3375 coeles·

1859 3405 2024 3470 tium
2094 3407 2490 3491 dispensator
2528 3408 2695 3475 Deus
2730 3409 3035 3494 Trinitas,
3075 3416 3187 3498 qui
3223 3419 3412 3482 aeter-

1858 3532 2010 3579 nam
2048 3514 2243 3582 habet
2270 3516 2340 3581 in
2368 3516 2527 3583 coelo
2555 3517 2952 3585 mansionem
2959 3567 2984 3601 ,
3009 3520 3199 3588 hodie
3226 3524 3411 3606 quasi

1860 3621 2202 3708 transitum
2249 3624 2399 3689 facit
2443 3644 2559 3709 per
2601 3629 2838 3692 terram
2882 3633 3201 3711 nostram,
3253 3630 3411 3696 dum

1859 3733 2006 3795 ante
2030 3732 2251 3797 oculos
2277 3734 2510 3799 mentis
2535 3739 2774 3801 nostrae
2796 3739 3156 3823 transitorie
3185 3739 3271 3824 (d)
3300 3760 3410 3806 re-

1859 3837 2115 3903 ducitur
2185 3858 2301 3922 per
2376 3843 2793 3926 temporalem
2883 3846 3408 3928 recordationem,

1858 3963 2058 4028 quam
2093 3946 2265 4012 beati
2290 3948 2554 4033 spiritus
2577 3950 2648 4015 in
2674 3951 2834 4017 coelo
2855 3952 3103 4036 jugiter
3133 3958 3412 4022 contem-

1859 4054 2118 4135 plantur
2131 4073 2245 4138 per
2261 4056 2514 4122 beatam
2532 4059 2870 4127 visionem.
2887 4061 3313 4148 Hieronymus
3331 4067 3406 4132 ¹⁸2

1869 4183 1901 4222 α
1920 4160 2381 4228 convenienter
2403 4164 2562 4247 petit
2587 4164 2866 4233 Ecclesia
2880 4169 3406 4256 benedictionem,

1860 4267 2117 4333 dicens:
2145 4268 2484 4335 Benedicat
2507 4290 2649 4353 nos,
2666 4295 2698 4333 »
2738 4279 2858 4340 etc.
2899 4275 2973 4340 In
3000 4278 3236 4361 quibus
3259 4299 3409 4346 ver-

1859 4374 1958 4439 bis
1982 4375 2257 4468 Ecclesia
2292 4377 2421 4443 duo
2445 4380 2686 4462 tangit:
2719 4387 2778 4448 1.
2808 4380 2971 4460 Quid
3012 4389 3212 4468 petat,
3243 4406 3405 4472 quo-

1861 4482 2040 4547 niam
2067 4483 2572 4552 benedictionem
2588 4536 2608 4569 ,
2639 4507 2790 4554 cum
2826 4490 3020 4557 dicit:
3056 4493 3410 4564 Benedicat

1861 4606 2001 4671 noe,
2023 4593 2147 4655 etc.
2173 4589 2254 4655 Et
2278 4592 2400 4659 hoe
2426 4595 2772 4678 prudenter
2793 4599 2973 4682 petit,
3012 4601 3165 4684 quia
3190 4606 3284 4667 est
3314 4607 3406 4667 ta·

1860 4696 1923 4762 le
1934 4745 1958 4779 ,
1988 4698 2162 4782 quod
2189 4699 2366 4764 decet
2390 4700 2594 4767 Deum
2633 4702 2813 4783 dare,
2839 4710 2904 4770 et
2939 4707 3122 4772 nobis
3153 4710 3412 4793 prodest

1863 4805 2167 4888 accipere.
2194 4805 2430 4889 Tangit
2455 4809 2646 4873 etiam
2671 4829 2710 4874 a
2724 4828 2855 4893 quo
2878 4815 3080 4896 petat,
3104 4816 3409 4899 quoniam

1863 4931 1902 4976 a
1925 4911 2055 4977 Deo
2079 4911 2426 4993 Trinitate3
2455 4933 2588 4980 non
2616 4917 2791 4982 enim
2816 4924 2911 4985 est
2928 4921 3116 5004 alius,
3144 4925 3259 5007 qui
3287 4924 3410 4990 hoc

1862 5021 2063 5104 possit
2097 5021 2271 5088 dare.
2313 5021 2393 5088 Et
2429 5022 2553 5088 hoc
2586 5027 2905 5109 tangitur,
2941 5048 3093 5095 eum
3137 5031 3404 5100 dicitur:
3495 5043 3511 5060 “

1866 5165 1885 5194 ·
1919 5166 2050 5230 Aug.
2088 5191 2150 5202 —
2189 5167 2211 5195 ⁹
2245 5167 2417 5229 Apoc„
2459 5177 2572 5230 xxi,
2618 5168 2695 5217 13.
2727 5193 2789 5205 —
2823 5169 2866 5204 ¹·
2896 5171 3095 5235 Ezech„
3134 5186 3217 5234 ῃ,
3262 5180 3308 5226 1,
3346 5202 3410 5213 .-

1865 5237 1913 5358 31·
1932 5238 2077 5342 Astu
2095 5240 2394 5358 {ilergik—
2426 5237 2464 5272 ¹¹
2492 5238 2533 5286 ll
2564 5237 2737 5301 Eadm,
2765 5250 2824 5303 11,
2855 5243 2903 5294 3.
2931 5267 2994 5279 -
3024 5244 3069 5279 ¹⁸
3095 5243 3236 5297 Psal.
3264 5258 3406 5311 nvn,

1928 5398 1995 5463 (a)
2023 5398 2146 5450 Goet.
2169 5397 2292 5449 edii.
2312 5399 2366 5450 in
2387 5399 2577 5465 primo.
2599 5426 2653 5437 ·-
2684 5400 2752 5465 (b)
2771 5403 2897 5455 Item
2919 5408 3099 5470 portae.
3115 5435 3177 5449 —
3203 5412 3266 5480 (ο)
3284 5412 3407 5466 uem

1867 5469 2021 5522 oculi.
2047 5495 2115 5510 --
2142 5469 2228 5537 (d)
2257 5471 2381 5523 Item
2406 5472 2733 5527 transitorias.

3051 5577 3124 5640 21
