4059 6317
913 473 1290 541 DOMINICA
1331 474 1386 539 11
1431 471 1514 539 IN
1556 461 2205 551 QUADRAGESMA.
2245 471 2511 542 SERMO
2549 475 2652 543 lv,

200 609 253 674 in
271 609 397 674 flne
417 627 557 674 uno
581 609 813 675 flatum
841 609 1098 692 recipit,
1129 610 1200 674 in
1235 608 1359 675 alio
1385 608 1589 675 reddit
1615 625 1718 673 so-

199 735 355 782 num.
395 717 505 783 Sic
551 722 618 783 et
655 717 958 783 orationis
993 717 1185 783 flatus
1207 717 1279 781 in
1323 717 1566 783 mundo
1610 716 1714 793 flt;

199 825 283 889 sed
341 843 544 890 sonus
612 824 872 889 auditur
913 824 982 888 in
1025 824 1207 889 coelo.
1269 823 1617 905 Gregorius
1644 824 1666 860 ²
1699 844 1715 887 z

204 956 228 994 e
248 931 470 1014 Magna
496 932 709 998 virtus
735 932 1040 998 orationis
1060 983 1077 1012 ‚
1107 950 1255 1016 quae
1280 932 1483 997 effusa
1504 932 1574 995 in
1601 935 1721 996 ter·

201 1040 273 1104 ris
288 1088 304 1118 ‚
334 1039 406 1103 in
429 1039 614 1104 coelis
637 1042 958 1123 operatur.
995 1060 1025 1099 ι
1043 1039 1146 1105 Sic
1166 1058 1323 1121 ergo
1351 1039 1635 1104 oratione
1658 1042 1724 1105 et

203 1147 673 1213 mortificatione
699 1147 1106 1213 confunditur
1130 1146 1419 1212 diabolus
1439 1148 1464 1182 ¹
1487 1167 1503 1210 ε
1534 1169 1567 1206 ι
1588 1144 1722 1210 Hoc

205 1274 384 1338 genus
411 1273 546 1320 non
579 1255 854 1338 ejicitur,
882 1255 1006 1320 nisi
1033 1274 1147 1339 per
1173 1254 1524 1320 orationem
1552 1256 1617 1318 et
1630 1254 1722 1336 je-

199 1363 458 1446 junium.
486 1385 524 1423 ι)

267 1471 340 1535 De
384 1470 580 1535 tertio
628 1470 859 1535 dicitur
901 1470 1010 1535 hic
1043 1471 1092 1548 ⁸,
1146 1471 1319 1555 quod
1368 1470 1723 1536 Chananaea

206 1578 419 1643 tamdiu
446 1577 791 1657 clamavit,
816 1595 1154 1662 usquequo
1183 1578 1499 1661 apostolos
1525 1576 1723 1642 inter-

206 1705 456 1751 cessorae
473 1687 728 1752 habuit.
747 1686 880 1751 Hoc
896 1686 1088 1752 etiam
1106 1687 1535 1768 significatum
1558 1690 1653 1751 est
1672 1685 1717 1767 ⁸,

204 1795 573 1875 ubidicitur,
610 1794 780 1878 quod
824 1794 1004 1860 scidit
1045 1793 1482 1860 Mardochaeus
1527 1795 1718 1861 vesti-

203 1908 389 1967 menta
410 1922 536 1968 sua
555 1953 575 1983 ,
601 1907 668 1968 et
686 1902 948 1968 indutus
975 1906 1069 1968 est
1093 1922 1272 1969 sacco
1287 1951 1306 1981 ,
1328 1906 1392 1968 et
1413 1922 1723 1987 spargens

202 2011 454 2075 cinerem
485 2010 707 2093 capiti,
737 2014 802 2074 et
837 2010 908 2073 in
942 2010 1145 2093 platea
1178 2011 1409 2075 mediae
1450 2011 1721 2076 civitatis

202 2135 332 2182 voce
354 2135 602 2198 magna
631 2116 966 2197 clamavit,
995 2121 1057 2182 et
1082 2118 1208 2182 hoc
1240 2118 1483 2200 ejulatu
1513 2118 1592 2183 ad
1619 2118 1720 2183 fo-

201 2241 288 2287 res
307 2224 526 2306 palatii
555 2224 749 2288 venit.
770 2222 977 2289 Vestis
990 2225 1226 2289 veteris
1243 2225 1720 2290 consuetudinis

202 2330 360 2395 debet
381 2331 624 2410 scindi,
655 2348 875 2395 saccus
899 2330 1293 2414 poenitentiae
1320 2332 1530 2409 indui,
1562 2333 1721 2397 cinis

201 2439 511 2503 memoriae
549 2438 778 2503 mortis
802 2439 1001 2502 menti
1037 2438 1364 2522 imprimi,
1409 2440 1481 2503 in
1514 2438 1722 2523 platea

202 2546 397 2611 mediae
422 2546 706 2610 civitatis
728 2594 746 2623 ‚
779 2544 1072 2611 Ecclesiae
1090 2595 1109 2626 ‚
1156 2546 1226 2611 in
1275 2547 1563 2612 oratione
1581 2547 1722 2612 ‘cla-

203 2655 389 2719 mare‘
418 2677 434 2719 :
487 2677 518 2716 α
541 2653 616 2718 In
641 2654 855 2719 medio
880 2652 1196 2719 Ecclesiae.
1227 2676 1259 2714 n
1289 2653 1502 2737 Usque
1526 2654 1608 2719 ad
1635 2656 1722 2720 fo-

201 2779 284 2825 res
320 2761 541 2845 palatii
591 2761 866 2826 coelestis
911 2761 1100 2843 regni
1154 2764 1406 2826 tantum
1447 2761 1720 2828 clamare

208 2866 355 2932 debet
389 2871 613 2934 anima
635 2873 772 2948 tua,
814 2873 889 2933 ut
940 2869 1183 2951 angeli,
1217 2869 1526 2951 virgines,
1557 2888 1722 2934 mar·

205 2979 346 3055 tyros
371 3024 392 3056 ,
442 2975 721 3060 apostoli
767 2976 1028 3041 audiant
1057 3024 1078 3056 ‚
1126 2981 1191 3041 et
1228 2976 1462 3042 iterum
1510 2977 1721 3042 dicant

204 3079 434 3147 Domino
480 3088 506 3123 ⁸
540 3106 558 3147 z
609 3084 879 3151 Dimitte
922 3099 1101 3162 eam,
1149 3088 1268 3149 etc.
1318 3082 1501 3150 Forte
1544 3085 1718 3148 enim

199 3186 416 3264 Esther,
446 3190 516 3255 id
553 3194 650 3255 est
680 3189 880 3254 Maria
897 3235 915 3272 ‚
944 3190 1308 3256 movebitur
1337 3191 1416 3256 ad
1443 3192 1715 3256 interce-

197 3292 484 3376 dendum,
516 3297 576 3360 si
604 3298 784 3362 audit
813 3296 1156 3362 clamorem
1185 3303 1396 3362 tuum.
1438 3296 1716 3363 Bernar-

195 3399 299 3464 dus
337 3403 358 3437 ⁸
394 3425 411 3468 :
448 3428 481 3465 ι
506 3403 781 3468 Mariam
819 3404 1059 3486 cogita,
1108 3403 1372 3469 Mariam
1414 3403 1644 3471 invoca
1695 3427 1711 3470 ε

193 3524 307 3571 non
331 3511 581 3575 recedat
596 3511 679 3575 ab
697 3530 809 3577 ore
826 3515 974 3590 tuo,
1000 3530 1134 3577 non
1160 3512 1440 3577 discedat
1463 3531 1502 3575 a
1528 3512 1716 3577 corde

195 3617 321 3679 tuo:
346 3621 417 3681 ut
442 3618 752 3701 impetres
777 3619 1083 3684 orationis
1116 3617 1505 3701 suffragium
1522 3667 1542 3699 ,
1585 3637 1716 3684 non

189 3718 422 3787 deseras
447 3725 953 3791 conversationis
978 3726 1369 3809 exemplum.
1399 3746 1430 3787 n

259 3827 339 3892 De
365 3835 600 3913 quarto
621 3880 639 3910 ‚
682 3837 834 3896 nota
858 3833 1027 3914 quod
1070 3832 1343 3897 clamare
1377 3832 1715 3912 debemus,

187 3935 335 4000 sicut
348 3939 686 4005 mendicus
705 3958 822 4024 pro
839 3939 1282 4006 subventione.
1307 3939 1671 4004 Psalmista⁷
1696 3958 1714 4005 ε

194 4064 220 4101 ι
241 4041 358 4109 iste
401 4065 676 4130 pauper,
706 4069 739 4108 n
768 4051 889 4112 etc.
923 4046 1080 4112 ltem
1105 4047 1128 4083 ⁸
1159 4070 1174 4110 ι
1209 4070 1240 4109 α
1263 4045 1404 4112 Non
1432 4050 1527 4112 aet
1560 4046 1718 4113 obli-

185 4152 276 4213 tus
315 4152 671 4220 clamorem
723 4154 1057 4239 pauperis,
1078 4177 1109 4216 ι»
1144 4157 1266 4220 etc.
1311 4154 1469 4220 ltem
1489 4201 1506 4234 ,
1551 4155 1719 4220 sicut

186 4255 470 4324 infirmus
512 4279 636 4344 pro
669 4262 1015 4326 sanatione.
1071 4259 1401 4326 psalmista
1425 4264 1493 4325 ¹:
1533 4283 1564 4322 α
1588 4261 1711 4326 Βο-

185 4365 341 4430 mine
367 4367 566 4448 Deus,
596 4369 887 4449 clamavi,
903 4390 935 4428 n
958 4373 1075 4433 etc.
1111 4366 1292 4447 item,
1315 4369 1482 4436 sicut
1507 4385 1715 4432 caecus

183 4489 284 4552 pro
315 4472 796 4541 illuminatione
834 4477 921 4539 ¹⁰:
972 4474 1239 4539 «caecus
1263 4478 1479 4541 autem
1512 4473 1714 4539 multo

185 4580 376 4661 magis
403 4582 761 4659 clamabat,
785 4602 818 4640 n
851 4585 969 4646 etc.
997 4580 1157 4645 Item
1186 4581 1346 4646 sicut
1371 4581 1716 4646 daemonia-

183 4701 280 4748 cus
322 4705 444 4770 pro
491 4689 869 4754 liberatione
894 4737 911 4769 ‚
960 4689 1126 4753 sicut
1169 4689 1310 4753 haec
1356 4688 1716 4754 Chananaea

184 4789 486 4860 clamavit.
523 4794 716 4875 Item,
739 4795 900 4860 sicut
924 4795 1264 4860 tribulatus
1284 4813 1402 4879 pro
1433 4797 1715 4861 consola-

181 4897 354 4964 tione.
375 4900 810 4967 Psalmista¹¹:
841 4900 1513 4987 «clamaveruntjusti‚
1536 4924 1567 4963 ιι
1588 4907 1707 4969 etc.

185 4999 347 5084 item,
363 5008 537 5073 sicut
565 5008 921 5074 moriturus
944 5028 1063 5094 pro
1090 5010 1388 5074 evasione
1411 5011 1496 5074 ¹¹:
1528 5009 1711 5075 «Cla-

237 5168 249 5195 ¹
275 5168 422 5235 Greg.
451 5196 519 5208 —
555 5170 582 5206 ²
621 5168 821 5234 naith„
850 5182 991 5236 xvir,
1017 5174 1098 5222 20.
1129 5198 1186 5208 —
1223 5171 1244 5205 ⁸
1268 5170 1472 5231 naith„
1505 5182 1593 5237 xv,
1631 5173 1709 5222 23.

185 5261 233 5273 -
256 5238 274 5268 ⁴
299 5241 462 5295 Emi„
487 5252 569 5304 ιν,
602 5244 648 5292 ι.
669 5267 731 5279 -
759 5241 777 5271 ⁸
806 5241 981 5305 Eecli„
1012 5253 1101 5306 xv,
1131 5244 1179 5294 5.
1214 5267 1276 5280 -—
1298 5243 1319 5273 ⁸
1345 5244 1521 5305 Rern„
1556 5255 1712 5306 super

184 5306 348 5359 rimu
380 5315 483 5375 eet,
513 5312 666 5362 hom.
708 5321 780 5374 ιι,
815 5324 871 5360 n.
904 5313 986 5362 Π.
1011 5337 1072 5351 -
1106 5311 1124 5345 ⁷
1160 5311 1295 5364 Psal.
1328 5322 1536 5374 xxxm,
1571 5315 1620 5364 7.
1648 5338 1714 5352 —

184 5376 206 5412 ⁸
227 5380 350 5434 Paul.
391 5394 477 5446 ιι,
511 5385 597 5436 13.
629 5407 693 5421 -
722 5383 744 5412 ·
770 5382 907 5435 Ptol.
942 5393 1105 5445 mx,
1130 5386 1179 5436 3.
1210 5409 1265 5420 -—
1309 5385 1352 5420 ¹⁰
1376 5385 1514 5447 Luc„
1550 5395 1709 5448 xvm,

186 5451 253 5500 39.
291 5481 340 5490 -
379 5457 418 5490 ¹¹
467 5454 619 5507 Psal.
668 5464 850 5513 xxxin,
898 5456 972 5506 18.
1012 5481 1066 5492 —
1116 5455 1161 5491 ¹¹
1195 5456 1342 5519 Dan„
1389 5467 1495 5520 nv,
1541 5458 1617 5506 Π.
1653 5481 1708 5492 -

3251 481 3364 542 {57

1825 606 2028 672 mavit
2057 607 2137 691 (a)
2184 613 2402 676 autem
2447 628 2603 678 voce
2642 628 2881 693 magna
2922 609 3221 677 Susanna
3251 661 3268 693 ‚
3304 616 3369 678 et

1823 712 2037 778 dixit:
2067 714 2336 782 Domine
2385 717 2552 785 Deus
2590 721 2867 797 aeterne,
2896 740 2927 779 n
2978 722 3098 783 etc.
3152 718 3369 785 Glama

1825 837 2008 901 ergo,
2040 821 2235 887 miser
2260 807 2567 906 peccator,
2600 843 2718 908 pro
2760 826 2954 891 tantis
2979 826 3370 892 necessitati·-

1825 925 1946 990 bus
1973 927 2056 992 ad
2082 928 2306 995 Deum.
2341 931 2460 996 Sed
2492 936 2658 997 certe
2682 932 2913 1015 lingua
2941 934 3252 1017 serpentis
3277 934 3368 998 si-

1826 1035 2027 1100 bilare
2054 1039 2300 1119 potest,
2332 1039 2606 1103 clamare
2632 1057 2763 1104 non
2791 1044 3014 1123 potest.
3046 1040 3141 1105 Ita
3167 1042 3368 1107 oratio

1826 1143 2075 1227 linguae
2116 1152 2454 1212 venenatae
2495 1166 2627 1213 non
2669 1152 2767 1213 est
2804 1149 3044 1214 clamor
3085 1150 3326 1215 orantis
3345 1199 3366 1230 ‚

1827 1254 1937 1316 sed
1964 1253 2189 1318 sibilus
2230 1257 2541 1337 serpentis
2571 1257 2742 1340 apud
2785 1256 3008 1323 Deum.
3053 1256 3366 1341 Hierony-

1827 1375 1977 1423 mus
2006 1361 2055 1400 ¹⁸
2088 1382 2105 1424 ε
2148 1383 2179 1421 α
2203 1359 2428 1427 Nescio
2452 1379 2584 1445 qua
2608 1364 2985 1430 conscientia
3029 1383 3105 1430 ea
3143 1365 3370 1448 lingua

1827 1466 1974 1549 quis
2004 1465 2206 1533 Deum
2234 1473 2448 1550 rogat,
2474 1488 2605 1553 qua
2631 1472 2960 1551 mentitur,
2980 1476 3093 1537 aut
3117 1472 3371 1537 maledi-

1832 1570 1941 1650 cit,
1962 1575 2077 1635 aut
2093 1570 2396 1636 detrahit:
2415 1572 2587 1637 labia
2602 1577 2819 1638 sancta
2830 1575 3090 1640 exaudit
3115 1574 3299 1641 Deus.
3330 1597 3362 1637 n

2341 1750 2630 1823 SERMO
2674 1754 2770 1825 IV
2796 1763 2862 1824 ¹⁸.

1907 1895 2275 1976 Assumpsit
2322 1897 2506 1963 lesus
2550 1897 2802 1964 Petrum
2844 1905 2904 1967 et
2936 1899 3267 1981 Iacobum,
3314 1908 3375 1970 ct

1825 1999 2130 2067 Ioannem
2180 2002 2448 2081 statrm
2497 2004 2638 2085 cius
2661 2051 2677 2082 ,
2732 2011 2791 2073 et
2854 2006 3053 2075 duxit
3096 2007 3241 2076 illos
3292 2011 3368 2075 in

1827 2113 2106 2176 montem
2134 2109 2472 2189 excelsum,
2504 2119 2565 2179 et
2582 2114 3085 2198 transfiquratus
3106 2124 3370 2186 estante

1827 2231 1930 2282 eos
1953 2216 2018 2280 ¹⁸.
2064 2215 2226 2293 Quia
2272 2219 2651 2300 mysterium
2691 2220 3026 2287 dominicae
3051 2241 3372 2290 resurrec-

1827 2324 2018 2388 tionis
2040 2371 2058 2401 ,
2083 2342 2233 2407 quae
2260 2328 2356 2389 est
2384 2328 2746 2410 exemplum
2776 2334 3013 2395 nostrae
3043 2330 3369 2413 glorifica·

1824 2430 2037 2510 tionis,
2070 2433 2239 2497 inter
2264 2436 2481 2499 omnia
2507 2454 2700 2519 opera
2723 2439 3199 2503 restaurationis
3224 2440 3370 2522 plus

1826 2537 2018 2602 habet
2041 2538 2478 2607 admirationis
2505 2547 2569 2607 et
2595 2543 2982 2609 difficultatis
3009 2547 3088 2611 ad
3115 2547 3369 2613 creden—

1826 2645 2020 2725 dum3
2054 2645 2198 2711 ideo
2224 2647 2532 2714 Dominus
2571 2654 2786 2717 noster
2812 2649 2994 2717 Iesus
3040 2653 3324 2721 Christus
3341 2705 3363 2735 ,

1828 2753 1907 2818 ad
1932 2754 2495 2822 manuducendum
2518 2759 2853 2841 apostoloS‚
2882 2762 3038 2826 etin
3055 2764 3147 2828 eis
3171 2768 3366 2829 eaete-

1827 2877 1934 2925 ros
1963 2859 2352 2926 Christianos
2365 2912 2383 2941 ,
2415 2867 2488 2928 ut
2514 2864 2720 2931 levius
2744 2867 3070 2933 crederent
3100 2871 3368 2936 miracu-

1824 2965 2039 3032 losum
2079 2986 2244 3052 opus
2289 2988 2425 3034 suae
2471 2974 2952 3038 resurrectionis
2969 3024 2991 3055 ,
3039 2993 3186 3041 cum
3224 2982 3365 3060 jam

1826 3074 2216 3157 completum
2241 3082 2409 3141 esset
2430 3125 2447 3155 ,
2491 3078 2698 3146 voluit
2735 3098 2948 3145 coram
2988 3083 3192 3148 tribus
3220 3085 3364 3151 ido-

1825 3182 1963 3246 neis
1982 3231 2000 3260 ‚
2022 3187 2087 3247 et
2113 3184 2551 3265 praeordinatis
2577 3205 2618 3250 a
2642 3185 2770 3251 Deo
2798 3189 3063 3253 testibus
3078 3239 3096 3269 ‚
3127 3191 3362 3273 quibus

1825 3291 1997 3352 totus
2024 3289 2307 3355 mundus
2325 3292 2628 3372 crederet,
2657 3293 2875 3358 divina
2898 3296 3361 3379 dispensatione

1821 3396 2288 3479 transfigurari,
2323 3403 2398 3464 ut
2433 3400 2523 3463 eis
2552 3400 2850 3481 gloriam,
2869 3420 3067 3484 quam
3097 3405 3360 3470 habitu-

1823 3521 1935 3568 rus
1962 3504 2193 3569 eratin
2215 3507 2709 3587 resurrectione,
2738 3511 3253 3591 praeostenderet.
3285 3513 3363 3578 Et

1823 3611 2129 3694 quoniam
2189 3613 2579 3696 impossibile
2644 3621 2742 3681 est
2809 3618 3088 3701 aliquem
3156 3621 3361 3701 figere

1822 3719 2026 3783 aciem
2063 3720 2164 3784 sui
2204 3721 2372 3785 oculi
2405 3722 2485 3787 ad
2526 3722 2804 3803 gloriam
2848 3725 3083 3791 divinae
3122 3730 3360 3810 majes-

1824 3825 2007 3905 tatis,
2039 3825 2164 3890 nisi
2196 3827 2280 3890 sit
2304 3846 2531 3909 purus,
2564 3833 2627 3893 et
2648 3849 2688 3894 a
2712 3830 2933 3895 divina
2959 3834 3166 3913 gratia
3193 3853 3360 3918 prae-

1823 3931 2058 3997 electus
2087 3938 2150 3998 et
2186 3939 2550 4018 praeventus
2566 3985 2584 4017 ,
2614 3937 2840 4004 deinde
2876 3959 2995 4004 sua
3025 3942 3360 4023 diligentia

1823 4040 1907 4104 sit
1957 4044 2219 4123 paratus
2244 4088 2264 4121 ,
2323 4047 2512 4125 atque
2557 4062 2814 4110 summo
2860 4046 3166 4114 desiderio
3194 4098 3212 4130 ,
3257 4052 3360 4115 vel

1822 4147 2034 4213 studio
2077 4148 2315 4213 amoris
2352 4148 2636 4214 elevatus
2666 4174 2681 4213 :
2716 4151 2858 4217 ideo
2884 4153 2952 4217 in
2978 4155 3176 4220 verbo
3206 4175 3361 4240 pro-

1822 4255 2030 4337 posito
2054 4255 2242 4322 valde
2278 4256 2567 4321 ordinate
2588 4305 2609 4336 ,
2639 4262 2704 4322 et
2732 4263 2900 4324 recto
2946 4260 3167 4327 ordine
3210 4283 3360 4347 pro-

1822 4361 2092 4427 ceditur.
2126 4360 2289 4427 Nam
2316 4363 2526 4446 primo
2549 4368 2809 4430 notatur
2828 4366 3045 4431 divina
3071 4368 3359 4451 dignatio

1823 4470 2111 4552 mysticae
2136 4471 2629 4554 assumptionis;
2664 4473 2942 4538 secundo
2970 4480 3230 4541 notatur
3254 4478 3359 4544 de-

1821 4578 1972 4642 vota
1999 4577 2378 4659 praeparatio
2406 4577 2771 4643 affectuosae
2799 4579 3202 4663 elevationis;
3236 4588 3361 4649 ter-

1821 4683 1910 4748 tio
1935 4687 2190 4748 notatur
2212 4684 2637 4768 dispensativa
2659 4687 2937 4752 ostensio
2958 4688 3199 4754 suturae
3224 4692 3361 4772 glo-

1820 4790 2219 4855 rificationis.
2263 4790 2481 4856 Primo
2528 4810 2687 4874 ergo
2734 4797 2991 4858 notatur
3017 4796 3234 4862 divina
3258 4799 3354 4862 di-

1824 4897 2048 4979 gnatio
2087 4897 2373 4980 mysticae
2412 4899 2865 4982 assumptionis
2884 4947 2906 4980 ,
2948 4919 3097 4966 cum
3141 4903 3292 4970 dicit
3335 4929 3350 4971 ε

1821 5005 2188 5086 Assumpsit
2225 5006 2409 5071 lesus
2459 5005 2721 5073 Petrum
2752 5054 2775 5086 ‚
2820 5003 2879 5074 ct
2917 5008 3213 5076 Jacobum
3233 5060 3252 5090 ,
3297 5017 3359 5080 et

1818 5114 2162 5184 Joanncmt
2189 5113 2464 5178 secundo
2493 5116 2752 5178 notatur
2784 5112 3009 5180 devota
3034 5134 3358 5201 praepara-

1821 5285 1863 5321 ¹³
1889 5285 2102 5338 Hieron.
2129 5310 2192 5323 -
2225 5286 2259 5318 ¹⁸
2286 5285 2435 5335 Hunc
2464 5298 2573 5336 non
2596 5283 2753 5338 habet
2777 5284 2898 5338 edit.
2926 5287 3085 5340 Paris.
3106 5303 3190 5342 sn.
3216 5295 3357 5347 ¹521.

1825 5383 1881 5394 -
1909 5357 2181 5421 uxama„
2207 5368 2339 5420 xvn,
2371 5360 2417 5407 ¹·

1889 5454 1955 5519 (α)
1991 5454 2137 5520 Vuly.
2168 5454 2486 5506 exclamavit.
