4059 6317
681 491 806 554 600

699 702 834 779 m
879 702 945 778 S.
993 701 1396 778 MA'ITHAEO
1441 700 1706 777 APOST.
1755 700 1855 775 ET
1897 699 2174 777 EVANG.

1106 874 1399 937 SERMO
1455 874 1806 937 PRIMUS.

568 995 576 1003 ’
701 996 2226 1070 ·οαωα·ωσωηι,ιιευίᾶσνσηιυοοαπᾳυωισφιοὸοωτ

685 1108 886 1150 meam
913 1093 955 1148 ¹.
983 1094 1310 1163 Peccatum,
1333 1090 1480 1149 sicut
1503 1090 1676 1150 docet
1696 1090 2051 1164 Augustinus
2068 1090 2114 1160 ¹,
2142 1092 2229 1147 est

686 1184 916 1244 aversio
954 1185 1034 1263 ab
1061 1184 1532 1243 incommutabili
1575 1184 1740 1244 bono
1756 1227 1774 1255 ,
1820 1188 1878 1242 et
1917 1182 2226 1242 conversio

688 1279 768 1338 ad
796 1278 1218 1338 commutabile
1242 1277 1495 1337 bonum.
1526 1280 1591 1337 ln
1611 1277 1777 1337 omni
1804 1277 1965 1336 enim
1991 1275 2228 1335 mortali

687 1374 930 1447 peccato
957 1375 1093 1430 sunt
1128 1371 1458 1430 necessaria
1482 1371 1594 1430 ista
1619 1371 1763 1442 duo,
1792 1370 2013 1429 scilicet
2057 1384 2229 1428 aver-

689 1469 779 1529 sio
806 1473 866 1527 et
887 1468 1198 1529 conversio
1231 1488 1246 1528 :
1277 1469 1384 1528 sed
1417 1469 1651 1528 aversio
1678 1471 1764 1527 est
1787 1468 1848 1526 in
1874 1470 2117 1542 peccato
2148 1465 2228 1522 si-

690 1567 790 1622 cut
799 1562 1073 1633 formale,
1096 1567 1154 1621 et
1179 1564 1487 1622 conversio
1509 1563 1659 1621 sicut
1676 1560 1999 1629 materiale,
2022 1558 2233 1618 etideo

692 1657 923 1717 aversio
950 1659 1009 1714 et
1032 1658 1342 1715 conversio
1368 1671 1494 1716 non
1520 1659 1660 1714 sunt
1685 1655 1809 1714 duo
1835 1656 2097 1729 peccata,
2127 1652 2235 1711 sed

690 1765 902 1822 unum,
932 1754 991 1808 et
1013 1753 1150 1809 sunt
1183 1750 1360 1808 simul
1395 1750 1507 1809 ista
1541 1749 1686 1822 duo,
1738 1746 1956 1807 scilicet
1998 1745 2231 1806 aversio

693 1847 753 1903 et
771 1843 1101 1903 conversio.
1133 1846 1281 1902 Nam
1296 1844 1446 1903 sicut
1468 1843 1533 1902 in
1559 1841 2013 1917 degeneratione
2034 1845 2090 1899 et
2105 1855 2235 1897 cor-

692 1937 966 2013 ruptione
991 1938 1437 2011 elementorum,
1481 1942 1546 1996 ut
1590 1937 1979 2013 Philosophus
2022 1934 2165 1993 dicit
2188 1935 2231 2008 ⁸,

696 2030 995 2105 generatio
1023 2031 1199 2090 unius
1224 2034 1312 2090 est
1335 2032 1635 2106 corruptio
1662 2031 1921 2102 alterius,
1953 2034 2010 2088 et
2037 2045 2070 2087 e
2100 2043 2237 2087 oon-

695 2143 870 2186 verso
879 2146 898 2201 3
928 2128 1011 2186 sic
1034 2128 1211 2186 etiam
1238 2143 1346 2184 suo
1373 2125 1555 2185 modo
1582 2124 2035 2198 intelligendum
2060 2129 2148 2182 est
2172 2123 2259 2183 in,

697 2226 940 2296 peccato
971 2240 987 2280 ε
1018 2221 1161 2296 quia
1197 2236 1506 2296 nunquam
1531 2220 1665 2295 quis
1703 2235 1742 2277 a
1775 2221 1893 2278 Deo
1933 2220 2235 2291 avertitur,

697 2315 811 2374 nisi
839 2315 920 2373 ad
933 2314 1099 2374 aliud
1125 2317 1532 2384 convertatur3
1562 2318 1622 2372 et
1640 2311 1786 2371 dum
1813 2312 1892 2371 ad
1915 2315 2239 2371 commuta·

697 2408 819 2467 bile
838 2409 1066 2467 bonum
1085 2408 1464 2480 convertitur,
1480 2407 1559 2465 ab
1574 2402 2050 2465 incommutabili
2072 2406 2239 2464 bono

700 2502 997 2562 avertitur.
1038 2504 1254 2560 Verum
1283 2501 1427 2575 quia
1460 2500 1665 2560 omnia
1703 2505 1944 2574 peccata
1971 2499 2031 2557 in
2064 2515 2237 2557 aver-

701 2598 868 2655 sione
910 2594 1287 2663 conveniunt,
1328 2610 1398 2653 ex
1433 2594 1541 2652 illa
1579 2597 1745 2669 parte
1798 2592 2078 2667 distingui
2117 2608 2241 2651 non

699 2692 966 2766 possunt,
992 2689 1134 2764 quia
1159 2687 1326 2747 nulla
1351 2688 1501 2746 inter
1528 2703 1590 2745 se
1619 2685 1897 2745 differunt
1924 2703 2034 2761 per
2060 2703 2152 2758 ea,
2178 2686 2242 2745 in

704 2784 924 2858 quibus
949 2782 1311 2841 conveniunt
1337 2799 1353 2839 ε
1384 2797 1527 2855 ergo
1548 2796 1622 2839 ex
1644 2784 1811 2855 parte
1840 2780 2243 2839 conversionis

703 2876 784 2936 ad
820 2876 1240 2936 commutabile
1280 2875 1508 2934 bonum
1533 2875 1602 2935 fit
1636 2876 1928 2936 distinctio
1973 2880 2243 2952 peccato-

704 2986 861 3029 rum.
892 2969 1057 3029 Unde
1088 2970 1397 3029 conversio
1425 2971 1505 3028 ad
1530 2970 1845 3045 pecuniam
1867 2970 2081 3029 dicitur
2105 2986 2244 3029 ava-

705 3064 872 3136 ritia3
902 3063 1210 3121 conversio
1239 3062 1320 3120 ad
1361 3064 1668 3139 propriam
1697 3064 2104 3122 excellentiam
2155 3065 2247 3122 di-

710 3157 860 3214 citur
885 3156 1166 3230 superbia
1196 3174 1211 3213 ε
1250 3159 1308 3214 et
1341 3157 1425 3214 sic
1463 3157 1656 3215 omnis
1694 3150 1883 3232 culpa
1897 3158 2248 3216 denomina-

711 3253 806 3307 tur
849 3264 885 3310 a
932 3251 1316 3308 conversione
1359 3251 1637 3325 propria,
1682 3251 1765 3309 ita
1806 3251 1970 3326 quod
2009 3251 2083 3310 sit
2124 3252 2248 3310 hoec

701 3342 1117 3402 denominatio
1145 3358 1182 3400 a
1210 3343 1474 3416 materia,
1504 3359 1627 3402 non
1653 3359 1691 3402 a
1717 3343 1928 3404 forma.

783 3435 899 3495 Sed
923 3439 1086 3508 nota,
1117 3436 1284 3509 quod
1311 3436 1456 3511 quia
1480 3436 1732 3512 simplex
1767 3443 1853 3496 est
1878 3439 2098 3507 anima,
2127 3453 2250 3498 non

711 3533 903 3605 potest
927 3528 1126 3601 simul,
1156 3533 1215 3588 et
1240 3528 1421 3588 semel
1443 3530 1520 3587 ad
1551 3531 1674 3589 duo
1702 3532 1964 3590 converti
1989 3533 2175 3602 bona,
2196 3537 2254 3591 et

713 3622 974 3682 maxime
996 3623 1046 3680 si
1078 3623 1195 3681 sint
1232 3623 1507 3683 distantia
1544 3624 1818 3683 multum.
1850 3626 2041 3697 Quare
2068 3626 2252 3686 homo

715 3732 1036 3776 conversus
1056 3716 1136 3775 ad
1160 3715 1649 3777 incommutabile
1679 3718 1937 3792 bonum,
1975 3735 2099 3778 non
2136 3736 2251 3795 po·

715 3815 827 3869 test
849 3811 1109 3868 converti
1128 3810 1208 3869 ad
1237 3811 1655 3869 commutabile
1675 3811 1905 3871 bonum
1918 3831 1935 3884 ς
1959 3814 2083 3872 imo
2108 3814 2255 3871 dum

717 3903 799 3962 ad
844 3907 1026 3961 Deum
1071 3904 1464 3973 convertitur,
1509 3919 1745 3963 necesse
1785 3909 1871 3963 est
1910 3908 1976 3964 ut
2012 3922 2051 3964 a
2090 3906 2254 3965 bono

715 3996 1125 4055 commutabili
1164 3998 1216 4070 ej
1224 4013 1292 4054 us
1338 3996 1516 4056 facies
1557 4001 1869 4056 avertatur.
1921 3999 2072 4069 Quia
2110 4015 2254 4073 ergo

719 4090 929 4149 beatus
954 4092 1268 4163 Matthaeus,
1293 4094 1578 4165 tanquam
1613 4092 1998 4167 publicanae,
2028 4099 2152 4152 erat
2177 4094 2258 4153 ad

720 4185 1014 4242 mundum
1043 4200 1381 4258 conversus,
1410 4189 1469 4243 et
1493 4201 1531 4243 a
1569 4190 1685 4244 Deo
1714 4201 1976 4259 aversus,
2005 4203 2044 4245 a
2087 4187 2260 4246 Chri-

722 4282 813 4336 sto
833 4281 1096 4351 vocatus,
1121 4294 1358 4337 necesse
1373 4278 1584 4338 habuit
1604 4278 1813 4337 faciem
1827 4280 2071 4352 alneto,
2093 4280 2260 4355 quod

721 4370 1084 4444 intendebat,
1115 4377 1399 4442 avertere,
1413 4356 1486 4431 'et
1520 4389 1584 4431 se
1611 4373 1692 4430 ad
1724 4373 2013 4432 Christum
2039 4391 2261 4434 vocan-

724 4467 843 4522 tem
877 4469 1237 4523 convertere.
1283 4464 1448 4523 Unde
1488 4467 1709 4540 optime
1749 4466 1934 4525 dicit:
1971 4470 2262 4528 convemoe

724 4574 870 4631 nun,
909 4565 974 4616 at
1000 4558 1236 4616 viderem
1262 4575 1464 4632 socan,
1508 4576 1628 4631 quae
1666 4561 1980 4633 loquebatur
2015 4579 2217 4621 mecum
2239 4580 2262 4622 .·

723 4656 942 4731 primo,
965 4659 1032 4715 ut
1055 4656 1320 4714 viderem
1347 4672 1442 4715 me
1470 4662 1798 4717 vocantem.
1829 4663 1892 4719 In
1920 4676 2043 4735 quo
2074 4663 2261 4722 verbo

727 4750 980 4810 ostendit
1017 4749 1082 4808 in
1110 4750 1347 4808 duobus
1372 4767 1542 4809 suam
1588 4752 1989 4813 obedientiam
2018 4759 2077 4813 et
2116 4772 2262 4816 con-

725 4845 1058 4904 versionem
1112 4859 1236 4902 esse
1288 4837 1608 4920 perlectam
1623 4888 1642 4918 ,
1698 4847 1918 4906 scilicet
1963 4865 2038 4907 ex
2094 4854 2260 4925 parte

711 4988 716 4993 .
733 4938 951 5009 cordis,
970 4954 1007 4995 a
1025 4953 1148 5013 quo
1164 4954 1340 4997 omne
1351 4938 1580 4997 bonum
1608 4939 1869 5000 initiatur
1893 4943 2013 5017 (cor
2031 4942 2263 5003 bonum

729 5048 905 5091 omne
933 5031 1142 5103 initiat,
1169 5036 1452 5106 tanquam
1473 5032 1695 5092 fontale
1708 5034 1844 5094 vitoe
1861 5036 2260 5113 principium),

729 5131 786 5185 et
811 5143 885 5186 ex
905 5132 1069 5203 parte
1099 5126 1317 5201 operis,
1353 5142 1475 5201 quo
1510 5127 1742 5186 bonum
1782 5130 2096 5205 quodlibet
2119 5147 2263 5191 con-

728 5227 1097 5281 summatur:
1127 5238 1231 5281 cor
1257 5222 1435 5281 etiam
1462 5239 1640 5282 omne
1682 5240 1831 5300 opus
1860 5225 2089 5285 bonum
2123 5244 2262 5286 con·

797 5349 999 5411 ¹Apoc.,
1027 5359 1063 5408 1,
1089 5352 1159 5397 ¹2.
1178 5374 1240 5387 --
1262 5348 1284 5383 ¹
1308 5351 1456 5412 Aug„
1481 5348 1542 5398 de
1566 5350 1717 5399 civit.
1747 5350 1854 5413 Dei,
1883 5350 1966 5399 lib.
1995 5353 2104 5413 ΧΗ,
2129 5367 2174 5401 o.
2206 5364 2259 5403 vt

733 5422 784 5472 et
810 5432 921 5481 vm,
953 5419 1120 5485 quoad
1146 5433 1372 5471 sensum.
1396 5446 1457 5458 —
1484 5420 1506 5456 ³
1534 5421 1704 5485 Arist„
1733 5423 1793 5471 de
1822 5425 2078 5477 uenerat..
2106 5425 2190 5478 lib.
2221 5424 2260 5488 l,

1664 484 2083 552 SERMONES
2126 482 2225 549 DE
2266 481 2615 549 SANchs.
2656 482 2862 551 mv.

2327 622 2605 692 summat,
2633 619 2778 679 dum
2812 620 2966 680 illud
3008 621 3255 681 adducit
3278 620 3344 681 in
3368 624 3588 681 aetum.
3625 622 3869 680 Notatur

2328 712 2510 787 igitur
2550 714 2746 788 primo
2788 715 3047 790 perfecta
3088 718 3397 775 conversio
3446 715 3677 786 cordis,
3732 731 3869 773 cum

2332 805 2512 865 dicit:
2544 806 2835 867 Converm
2861 824 2998 867 m.
3034 808 3305 869 Secundo
3339 813 3583 868 notatur
3614 809 3870 884 perfecta

2331 901 2738 977 superadditio
2781 902 3011 978 operis,
3056 920 3196 963 cum
3245 904 3416 963 addit
3457 922 3476 961 ε
3529 906 3601 961 Ut
3638 906 3867 962 uiden

2329 1010 2540 1067 eoem,
2579 1011 2699 1069 ques
2746 998 3311 1069 loquebaris-mecm.
3358 997 3519 1069 Quid
3562 998 3726 1056 enim
3768 997 3871 1055 fnit

2332 1104 2546 1148 vocem
2574 1089 2796 1161 videre,
2821 1090 2936 1150 nisi
2962 1107 3097 1151 eam
3121 1091 3371 1151 audire?
3400 1094 3461 1150 et
3482 1090 3643 1166 quid
3666 1094 3871 1149 estve-

2333 1197 2464 1242 oem
2486 1183 2710 1257 audire,
2735 1184 2849 1243 nisi
2884 1186 3018 1244 voci
3055 1184 3323 1258 obedire,
3366 1185 3541 1261 quod
3576 1184 3794 1242 dicitur
3812 1184 3869 1242 in

2334 1290 2515 1351 opere
2541 1279 2808 1351 ponere?
2842 1278 3006 1338 Unde
3042 1296 3177 1339 mos
3221 1282 3309 1338 est
3334 1278 3504 1353 apud
3546 1277 3840 1353 quosdam
3854 1320 3873 1349 ,

2335 1369 2505 1445 quod
2532 1386 2670 1429 cum
2694 1372 2937 1445 nolunt,
2966 1374 3133 1449 qnod
3173 1373 3457 1445 audiunt,
3500 1371 3704 1431 facere
3724 1414 3743 1443 ‚
3786 1372 3874 1430 di·

2336 1466 2477 1522 cunt
2502 1480 2566 1522 se
2583 1479 2706 1524 non
2721 1465 2930 1525 audire
2947 1485 2963 1524 :
2978 1470 3126 1537 Non,
3145 1468 3443 1542 inquiunt,
3463 1471 3523 1525 te
3544 1465 3871 1538 audiemus,

2337 1555 2404 1615 id
2442 1560 2558 1631 est,
2602 1557 2770 1634 quod
2811 1560 2959 1619 dieis
3000 1576 3124 1619 non
3175 1560 3481 1620 faciemus.
3530 1560 3699 1618 Dicat
3742 1575 3875 1633 ergo

2337 1655 2572 1710 motus
2624 1653 2920 1712 Matthoeus
2964 1656 3093 1728 jam
3143 1670 3217 1713 ex
3261 1654 3592 1730 publicano
3650 1658 3877 1712 sanctus

2338 1747 2642 1824 apostolus
2680 1766 2696 1806 ε
2747 1749 3042 1808 Conversus
3081 1765 3232 1822 sum,
3282 1756 3347 1806 ut
3388 1750 3635 1807 videras
3680 1765 3875 1819 vm,

2339 1858 2461 1915 quoe
2484 1842 2796 1914 loquebatur
2813 1858 3036 1900 mecum.
3052 1847 3147 1902 Est
3162 1842 3342 1917 igitur
3358 1842 3704 1902 notandum
3720 1842 3875 1918 qnod

2341 1936 2422 1994 ad
2473 1935 2921 1994 conversionem
2936 1979 2956 2009 ,
3010 1936 3117 1995 etsi
3158 1951 3272 1995 nos
3315 1937 3521 1996 omnia
3566 1936 3874 2008 inducant,

2341 2036 2477 2091 sunt
2502 2037 2701 2092 tamen
2735 2035 2993 2108 quatuor
3019 2048 3154 2107 quse
3189 2047 3303 2090 nos
3344 2032 3567 2091 debent
3609 2047 3846 2090 movoee
3858 2073 3878 2104 ,

2342 2125 2563 2185 scilicet
2586 2126 2786 2201 culpa,
2805 2126 3015 2200 gratia,
3040 2140 3239 2200 poena,
3261 2126 3468 2199 gloria.
3491 2130 3646 2185 Nam
3670 2141 3783 2184 nos
3805 2125 3877 2183 ad

2346 2220 2795 2280 conversionem
2822 2236 3063 2279 movere
3092 2220 3269 2278 debet
3295 2218 3489 2293 primo
3520 2219 3728 2294 culpa,
3768 2233 3880 2293 qus

2347 2314 2662 2372 Dominum
2689 2316 2871 2373 Deum
2896 2313 3349 2389 Redemptorem
3374 2311 3745 2370 offendimus
3752 2332 3772 2384 3
3797 2328 3881 2368 se·

2347 2408 2545 2467 cundo
2603 2408 2828 2482 gratia,
2883 2424 3067 2483 quam
3118 2406 3424 2482 peccando
3472 2406 3879 2481 perdidimus3

2346 2503 2518 2562 tertio
2560 2510 2741 2577 poena
2757 2542 2777 2573 ,
2834 2518 3017 2577 quam
3068 2516 3176 2577 per
3237 2500 3477 2575 culpam
3530 2501 3878 2573 meruimus3

2348 2598 2563 2670 quarto
2589 2595 2804 2669 gloria,
2839 2612 2877 2654 a
2899 2610 3021 2670 qua
3048 2610 3161 2654 nos
3186 2594 3411 2653 exclusi
3432 2593 3681 2652 fuimus.

2420 2689 2558 2748 Dico
2586 2687 2753 2764 quod
2773 2688 2855 2747 ad
2872 2689 3320 2747 conversionem
3340 2702 3480 2745 cum
3505 2692 3715 2745 sancto
3741 2692 3883 2762 Apo-

2348 2783 2501 2842 stolo
2528 2782 2890 2853 faciendam,
2920 2796 3163 2840 movere
3194 2796 3305 2839 nos
3334 2780 3516 2839 debet
3540 2780 3743 2855 culpa,
3768 2796 3882 2855 qna

2350 2880 2535 2936 Deum
2581 2875 2957 2935 offendimus.
3000 2874 3155 2945 Quid
3211 2880 3296 2933 est
3337 2874 3499 2932 enim
3545 2872 3881 2947 milpa,nisi
3944 2898 4050 2938 sus⁸

2353 2971 2630 3047 quasdam
2677 2970 2872 3029 lutosa
2912 2969 3238 3043 ioetensque
3273 2967 3563 3026 materia?
3596 2968 3717 3026 Sed
3758 2968 3883 3043 quis
3904 2960 4008 3015 ἢ*

2352 3067 2440 3122 est
2465 3063 2727 3139 pulchris
2761 3063 2977 3139 pannis
2999 3064 3262 3135 ornatus,
3293 3062 3344 3119 si
3376 3061 3443 3118 in
3480 3061 3679 3119 lutum
3717 3060 3885 3120 cade-

2352 3162 2463 3230 ret,
2493 3157 2597 3232 qui
2633 3157 2903 3216 citissime
2931 3157 3072 3215 inde
3102 3172 3228 3214 non
3261 3158 3551 3228 surgeret,
3598 3153 3651 3211 si
3687 3154 3887 3213 saltem

2355 3251 2617 3311 valeret?
2655 3250 2770 3309 Sed
2791 3250 2940 3325 quid
2965 3250 3165 3309 anima
3190 3248 3548 3324 pretiosius?
3576 3251 3734 3321 Ergo
3755 3248 3807 3305 si
3830 3247 3887 3305 in

2356 3345 2548 3404 lutum
2577 3344 2787 3403 cecidit
2834 3343 3054 3419 culpoe,
3099 3342 3394 3417 numquid
3435 3357 3564 3400 non
3608 3343 3727 3401 cito
3758 3341 3888 3399 inde

2358 3440 2536 3499 debet
2559 3455 2624 3498 se
2654 3438 2923 3512 erigere?
2961 3440 3105 3496 Item
3131 3438 3267 3513 quis
3293 3437 3470 3495 estin
3502 3452 3695 3510 regno
3728 3438 3889 3494 Fran-

2358 3534 2482 3606 cioe,
2511 3532 2615 3608 qui
2653 3532 2702 3591 si
2740 3535 2959 3605 Regem
2998 3530 3365 3604 offendisset,
3411 3546 3539 3588 non
3578 3545 3694 3604 pro
3729 3545 3888 3605 posse

2358 3628 2680 3701 laboraret,
2704 3642 2818 3684 nec
2844 3640 3077 3684 moram
3108 3626 3541 3698 interponeret,
3577 3632 3649 3681 ut
3690 3624 3751 3681 in
3776 3624 3891 3696 eius

2362 3720 2610 3796 gratiam
2644 3720 2906 3779 rediret?
2949 3735 3092 3793 ergo
3133 3718 3301 3794 quod
3343 3716 3412 3775 fit
3454 3717 3585 3790 regi
3634 3714 3891 3784 meruli,

2360 3831 2485 3874 non
2511 3815 2701 3888 magis
2735 3812 3073 3872 iaciendum
3114 3815 3201 3870 est
3245 3810 3494 3870 Domino
3538 3809 3891 3869 immortali?

2362 3912 2430 3967 Et
2455 3909 2593 3966 ideo
2620 3908 2829 3966 beatus
2854 3904 3168 3980 Apostolus
3192 3920 3231 3963 a
3255 3903 3481 3962 Christo
3506 3907 3777 3974 vocatus,
3792 3917 3892 3959 nec

2362 4003 2652 4061 rationem
2676 4000 2924 4058 Domino
2955 3996 3237 4071 reddidit,
3268 4013 3380 4056 nec
3405 3996 3683 4055 inducias
3706 4000 3893 4071 postu·

2363 4096 2538 4169 lavit3
2568 4095 2705 4166 sed,
2731 4097 2800 4151 ut
2825 4092 3039 4152 dicitur
3074 4093 3118 4165 ⁴,
3153 4111 3184 4147 ι
3227 4106 3505 4165 surgens,
3552 4094 3783 4148 acutus
3815 4094 3893 4147 est

2367 4207 2524 4250 eum.
2556 4209 2587 4246 n
2628 4192 2859 4248 Poterat
2884 4187 3045 4246 enim
3071 4186 3269 4245 dicere
3297 4184 3486 4244 illud⁸
3510 4203 3534 4243 z
3564 4202 3597 4239 ct
3646 4182 3890 4258 Cogitavi

2367 4284 2495 4343 vias
2518 4299 2719 4354 meae,
2757 4302 2784 4337 n
2818 4281 3031 4356 supple
3075 4280 3430 4355 praeteritas,
3477 4296 3508 4332 ι
3546 4282 3605 4336 et
3648 4275 3892 4336 converti

2367 4378 2552 4455 pedes
2576 4392 2764 4449 meos,
2795 4396 2825 4431 ι
2854 4376 2921 4433 id
2946 4377 3051 4447 est,
3082 4373 3325 4433 affectus
3365 4387 3558 4444 meos,
3594 4390 3625 4426 ι
3653 4371 3718 4429 in
3756 4369 3893 4429 testi·

2368 4472 2574 4531 monia
2599 4476 2717 4530 tua.
2741 4472 2879 4540 Ques
2916 4468 3076 4528 enim
3112 4465 3345 4539 mulier,
3388 4465 3439 4522 si
3478 4464 3893 4524 nobilissimum

2370 4567 2566 4625 virum
2591 4564 2855 4635 haberet,
2894 4561 3263 4637 deprehensa
3289 4559 3369 4618 ab
3404 4573 3481 4617 eo
3503 4559 3571 4617 in
3594 4556 3892 4627 adulterio,

2370 4676 2495 4720 non
2520 4659 2711 4718 statim
2739 4658 3023 4730 surgeret,
3068 4652 3489 4712 verecundiam
3522 4651 3814 4723 indueret,
3838 4652 3892 4706 et

2371 4755 2451 4813 ad
2479 4753 2669 4813 virum
2688 4750 3117 4822 indulgentem,
3140 4754 3200 4805 et
3214 4745 3558 4821 suppliciter
3575 4749 3891 4814 vocantem,

2370 4864 2495 4907 non
2520 4846 2715 4905 statim
2740 4843 3065 4913 accederet,
3095 4844 3161 4899 et·
3185 4840 3426 4897 veniam
3465 4838 3741 4914 lacrymis
3763 4852 3890 4911 pos-

2369 4941 2620 5001 tularet?
2646 4937 2763 4998 Sed
2784 4937 2915 4995 talis
2933 4939 3020 4994 est
3035 4934 3258 5005 anime,
3279 4933 3487 4991 Christi
3512 4948 3748 5008 sponsa,
3762 4946 3891 5005 pee-

2373 5041 2504 5095 cato
2526 5032 2869 5109 prostituta:
2899 5044 3043 5115 ergo
3069 5028 3197 5103 ipse
3224 5026 3599 5086 dicitanimoe
3618 5028 3673 5085 ⁸:
3705 5027 3879 5095 «Tu,-

2372 5128 2584 5205 inquit‚
2618 5145 2648 5181 α
2684 5124 2971 5184 fornicata
3003 5139 3067 5181 es
3105 5137 3241 5180 cum
3268 5120 3636 5179 amatoribus
3657 5117 3886 5179 multis:

2373 5226 2571 5282 tamen
2594 5222 2886 5279 revertere
2913 5214 2993 5274 sd
3027 5230 3146 5287 me,
3183 5218 3240 5274 et
3271 5229 3384 5289 ego
3417 5214 3726 5290 suscipiam
3755 5218 3826 5271 te.
3853 5230 3883 5266 n

2372 5367 2418 5402 c.
2452 5364 2536 5412 ιιι,
2566 5353 2690 5400 text.
2730 5351 2804 5398 Π.
2832 5371 2895 5382 --
2929 5346 2949 5380 δ
2978 5345 3181 5406 univi..
3212 5355 3297 5411 lx,
3323 5347 3372 5397 9.
3409 5371 3461 5383 --
3492 5346 3514 5383 ⁸
3542 5342 3673 5397 Pml.
3706 5351 3883 5405 cxmt,

2364 5426 2451 5475 59.
2480 5448 2537 5460 —
2565 5423 2585 5459 ⁸
2611 5422 2811 5479 ‚lev-em„
2839 5430 2929 5481 tu,
2956 5424 3003 5472 t.
