4059 6317
803 452 1184 524 DOMINIGA
1223 451 1389 521 ml
1433 452 1633 522 POST
1677 454 2268 528 PENTECOSTEN.
2320 459 2585 531 SERMO
2627 463 2677 529 1.

140 592 281 673 dcc,
305 608 440 659 non
471 591 948 676 prorumpendo
981 590 1053 655 in
1091 590 1257 655 iram
1308 590 1577 656 interius
1618 592 1688 656 in

141 697 393 773 animm
416 695 695 778 henim,
715 713 845 759 non
859 694 1210 775 irrogando
1235 694 1541 776 injuriam
1570 714 1688 760 ex-

140 803 344 868 terius
366 802 437 866 tn
460 802 700 880 verb03
739 800 1173 869 condonantes
1215 802 1516 882 invicem,
1555 820 1688 867 non

138 909 520 975 assumendo
548 910 858 976 vindictas
883 908 1168 974 celeriter
1203 910 1276 973 in
1301 910 1488 988 facto,
1515 912 1689 978 sicut

137 1026 198 1086 et
225 1020 392 1086 Deus
414 1019 493 1085 in
517 1017 767 1085 Christo
800 1015 1073 1084 donavit
1116 1017 1298 1083 nobis
1345 1017 1451 1099 (a).
1494 1016 1687 1094 Quasi

138 1127 375 1192 diceret
405 1147 422 1191 z
452 1125 586 1190 Hoc
605 1124 845 1190 debetis
863 1124 1069 1189 facere
1085 1141 1200 1207 per
1216 1123 1295 1207 (b)
1317 1122 1687 1206 exemplum

139 1233 380 1299 divinae
406 1231 881 1308 misericordiae,
905 1230 1152 1296 ratione
1179 1230 1491 1314 passionis
1517 1229 1689 1296 Chri·

140 1342 226 1407 sti
253 1341 596 1407 clementer
622 1338 1060 1404 condonantis.

201 1447 434 1514 -Tertio
446 1451 699 1513 tenetur
718 1445 990 1529 quilibet
1006 1445 1317 1522 misereri,
1341 1448 1404 1509 et
1421 1445 1690 1510 dimitte·

139 1575 214 1622 re
240 1556 444 1636 alteri,
469 1574 552 1620 ex
578 1553 1082 1619 consideratione
1121 1552 1349 1618 aeterni
1374 1552 1685 1636 supplicii.

143 1663 326 1730 Unde
345 1665 363 1700 ¹
389 1685 406 1728 ε
437 1686 469 1725 α
482 1660 803 1728 Judicinm
828 1660 965 1725 sine
982 1660 1418 1725 misericordia
1434 1660 1556 1724 erit
1572 1660 1687 1740 illi,

141 1771 259 1855 qui
298 1788 430 1835 non
463 1769 682 1834 fecerit
731 1767 1256 1834 misericordiam.
1299 1788 1331 1827 n
1377 1766 1535 1832 Tota
1581 1766 1692 1832 illa

136 1879 254 1962 jud
263 1878 465 1944 icialis
506 1876 836 1957 sententia,
878 1880 943 1940 et
974 1874 1203 1958 judicii
1235 1874 1544 1940 discussio
1570 1875 1692 1939 erit

143 1986 501 2052 oecundum
543 1983 851 2062 exhibita,
888 1987 955 2048 et
995 2001 1130 2048 non
1169 1982 1454 2048 exhibita
1499 2001 1695 2066 opera

145 2093 620 2171 misericordiae,
647 2109 797 2176 quaa
815 2094 910 2156 est
938 2091 1007 2154 in
1032 2091 1533 2156 consideratione
1548 2091 1692 2157 alie-

144 2221 251 2268 nae
278 2184 559 2268 offensae'.
581 2199 659 2264 Et
684 2199 808 2264 hoc
828 2199 1110 2283 estquod
1133 2198 1434 2263 dicitur’:
1461 2222 1492 2261 α
1513 2198 1692 2263 Esto-

145 2314 210 2375 te
249 2307 710 2385 misericordes,
752 2306 918 2371 sicut
957 2306 1146 2372 Pater
1188 2310 1401 2371 vester
1441 2304 1690 2371 miseri-

145 2434 292 2482 cors
330 2420 424 2482 est
453 2437 472 2479 ι
517 2414 715 2480 nolite
752 2412 1195 2490 condemnare,
1242 2417 1305 2477 et
1350 2430 1484 2478 non
1534 2432 1691 2478 con-

144 2522 630 2590 demnabimini.
659 2544 691 2583 n
725 2521 803 2587 Et
831 2539 981 2586 vere
1007 2521 1120 2604 qni
1145 2522 1377 2597 nolunt
1401 2538 1541 2586 esse
1568 2522 1691 2586 mi·

146 2630 496 2696 sericordes
522 2629 687 2709 aliis,
717 2629 1069 2694 secundum
1088 2628 1259 2711 quod
1277 2628 1444 2693 Deus
1463 2632 1558 2693 est
1580 2629 1697 2693 mi-

147 2738 420 2804 sericors
446 2737 563 2818 eis,
587 2737 657 2801 in
683 2754 813 2820 quo
840 2735 1017 2801 enim
1048 2736 1118 2819 (c)
1140 2735 1384 2819 judicio
1410 2735 1569 2801 alios
1586 2738 1693 2819 ju-

147 2847 362 2913 dicant
370 2850 434 2912 et
446 2846 772 2924 damnant,
793 2844 914 2927 ipsi
932 2843 1419 2925 judicabuntur,
1439 2849 1505 2908 et
1523 2844 1697 2908 dam·

146 2956 504 3021 nabuntur.
532 2953 879 3036 Rogemus,
908 2955 1027 3016 etc.

201 3186 582 3265 DOMINIGA
626 3185 797 3261 XXII
841 3184 1030 3260 POST
1073 3184 1635 3267 PENTEGOSTEN.

550 3357 840 3429 SERMO
886 3357 1169 3428 PRIMU
1198 3358 1245 3429 S
1275 3410 1291 3428 .

229 3496 559 3578 Manister,
588 3496 829 3560 scimus
856 3494 1015 3576 quia
1054 3508 1259 3560 verax
1300 3510 1388 3575 es,
1426 3500 1489 3562 et
1519 3495 1698 3561 viam

148 3606 276 3673 Dei
303 3605 382 3671 in
407 3604 742 3670 veritatem
767 3600 954 3668 doces
980 3602 1024 3665 ³.
1056 3599 1218 3678 Quia
1256 3602 1486 3683 majori
1521 3602 1697 3667 laudi

149 3714 489 3777 attestatur
508 3728 640 3775 non
660 3710 869 3774 solum
887 3708 1320 3774 commendari
1342 3709 1425 3773 ab
1451 3711 1693 3789 amicis,

150 3838 379 3885 verum
420 3819 614 3883 etiam
653 3818 737 3882 ab
778 3816 1092 3895 inimicis3
1148 3816 1291 3881 ideo
1334 3834 1463 3881 non
1514 3817 1701 3881 debet

153 3945 271 3993 nos
297 3942 561 3991 movere
584 3925 758 4009 quod
780 3925 847 3989 in
873 3922 1228 4006 Evangelio
1245 3923 1464 3988 miseri
1489 3922 1697 3989 Judaei

154 4034 360 4118 ipsam
386 4033 721 4100 veritatem
748 4031 1092 4097 Dominum
1109 4034 1403 4096 nostrum
1421 4049 1533 4097 ore
1547 4049 1696 4096 con-

153 4149 429 4226 fitentes,
458 4163 590 4211 non
630 4148 847 4210 tamen
871 4144 1059 4219 corde
1090 4143 1450 4226 diligentes,
1490 4143 1699 4208 extol-

152 4254 314 4334 lant,
344 4271 492 4318 cum
531 4252 755 4319 dicunt
789 4253 859 4316 in
903 4252 1102 4319 verbo
1138 4253 1461 4337 proposito
1493 4272 1510 4318 ε
1547 4254 1699 4320 Μα-

154 4364 379 4447 nister,
410 4363 673 4441 ecimus,
720 4362 881 4444 quia
919 4374 1119 4427 verax
1162 4376 1252 4439 es,
1297 4363 1416 4425 etc.
1461 4359 1533 4424 In
1570 4379 1699 4444 quo

153 4469 418 4553 quidem
461 4468 660 4533 verbo
707 4467 1045 4547 extollunt,
1089 4470 1153 4530 et
1189 4467 1640 4531 commendant
1677 4490 1691 4532 ε

155 4579 367 4660 primo
403 4577 487 4641 ab
524 4576 719 4641 officii
754 4574 1102 4657 dignitate;
1153 4574 1431 4638 secundo
1471 4592 1513 4638 a
1549 4574 1699 4639 dicti

154 4685 501 4763 soliditate3
533 4684 721 4750 tertio
757 4701 798 4747 a
837 4682 1202 4749 documenti
1242 4680 1537 4746 utilitate.
1575 4681 1700 4747 Ra-

153 4793 327 4857 tione
354 4792 549 4876 primi
572 4795 667 4855 est
695 4789 1023 4855 humiliter
1049 4790 1479 4869 reverendus;
1515 4791 1701 4854 ratio-

153 4918 238 4965 ne
265 4899 554 4975 secundi,
581 4898 852 4963 firmiter
880 4896 1265 4974 credendus3
1297 4896 1541 4960 ratione
1567 4899 1701 4961 ter-

155 5007 250 5087 tii,
300 5006 628 5071 sinceriter
667 5003 1054 5086 diligendus.
1106 5002 1345 5083 Primo,
1403 5002 1698 5086 inquam,

157 5112 472 5179 extollunt
494 5116 561 5178 et
595 5111 1045 5178 commendant
1077 5128 1228 5176 eum
1272 5128 1313 5174 a
1350 5112 1700 5176 venerabili

219 5240 240 5275 ¹
272 5238 395 5299 Iac„
439 5251 509 5301 ιι,
558 5241 710 5288 13.—
750 5237 770 5268 ²
801 5237 939 5291 Luc„
981 5246 1058 5297 vt,
1095 5239 1172 5286 5¹6.
1201 5261 1264 5274 —
1307 5234 1329 5270 ⁸
1362 5238 1505 5288 i-lunc
1544 5236 1698 5289 etiam

158 5324 270 5361 nou
313 5310 468 5361 habet
502 5308 625 5360 edit.
677 5308 839 5359 Paris.
877 5320 964 5358 an.
1006 5310 1147 5358 152¹.
1185 5333 1250 5345 —
1289 5308 1312 5342 ⁸
1343 5308 1546 5369 Manli„
1584 5322 1698 5371 xxi,

162 5382 244 5432 ¹6.
278 5407 341 5420 -
364 5382 388 5418 ⁸
414 5381 615 5438 uouit..
640 5392 808 5442 xxm,
840 5381 889 5430 8.
916 5404 979 5417 -
1012 5378 1036 5413 ⁸
1068 5377 1240 5443 Arist„
1273 5380 1487 5445 Foster„
1515 5381 1601 5434 lib.
1637 5383 1701 5445 ll,

167 5469 216 5505 u.
250 5465 307 5515 u,
335 5454 458 5503 text.
489 5454 536 5515 5,
566 5455 617 5503 et
645 5452 815 5516 Phys„
851 5450 938 5502 lib.
974 5451 1012 5512 l,
1051 5452 1177 5501 text.
1215 5456 1255 5501 1.

3224 471 3335 534 47¹

1795 594 2108 678 dignitate
2133 598 2347 679 officii,
2377 616 2527 664 cum
2556 599 2778 665 dicunt
2809 621 2825 666 ε
2860 600 3190 685 Μαρκίαν.
3224 592 3346 667 Se·-

1793 705 2025 787 cundo,
2055 725 2095 771 a
2120 707 2405 772 credibili
2432 707 2744 773 soliditate
2788 708 2961 788 dicti,
3002 728 3150 774 cum
3190 710 3345 776 suh-

1793 811 1955 876 dunt
2002 834 2017 875 :
2081 812 2331 881 Scimus
2373 816 2533 898 quia
2581 832 2786 883 verax
2834 832 2920 884 es.
2970 814 3207 895 Tertio,
3262 817 3342 881 ab

1794 919 2055 983 amabili
2107 912 2377 987 utilitate
2422 922 2817 1002 documenti,
2863 941 3012 987 cum
3054 923 3343 988 subinfe-

1796 1029 1948 1090 runt
1977 1045 1996 1090 ι
2025 1026 2113 1094 Et
2137 1029 2315 1095 viam
2342 1030 2460 1095 Dei
2485 1031 2560 1096 in
2585 1032 2847 1097 veritam
2873 1029 3075 1097 doces.

1877 1133 2107 1197 Dicunt
2132 1154 2289 1217 ergo
2315 1135 2351 1201 J
2355 1135 2521 1200 udaei
2554 1159 2570 1201 ε
2602 1138 2915 1221 Magister
2946 1160 2962 1202 z
2994 1136 3107 1203 ubi
3134 1138 3345 1222 primo

1796 1242 2281 1307 commendatur
2335 1242 2615 1309 Christus
2666 1260 2707 1309 a
2756 1244 3067 1327 dignitate
3124 1245 3340 1326 officii,

1797 1351 2056 1430 propter
2082 1367 2278 1432 quam
2305 1355 2400 1414 est
2424 1350 2757 1416 humiliter
2781 1348 3193 1418 reverendus.
3219 1352 3346 1419 Ista

1797 1453 2079 1536 dignitas
2129 1456 2322 1520 offleii
2364 1455 2474 1522 Dei
2524 1458 2724 1521 nostri
2775 1462 3036 1542 apparet
3089 1463 3344 1544 propter

1801 1562 1943 1641 tria,
1971 1580 2119 1645 quae
2142 1563 2474 1628 excellenti
2494 1565 2685 1630 modo
2700 1564 2894 1630 habet
2911 1566 2979 1630 in
2998 1567 3157 1649 ipso.
3182 1566 3344 1632 Nam

1799 1669 1896 1751 pri
1905 1686 2008 1733 mo
2036 1668 2232 1735 habet
2254 1670 2670 1736 luculentiam
2711 1671 3014 1737 claritatis
3040 1674 3343 1755 scientiae,

1799 1775 1869 1839 in
1910 1778 2351 1858 cognoscendo
2385 1778 2833 1858 infallibiliter;
2879 1780 3156 1845 secundo
3202 1783 3347 1845 effl-

1800 1883 2040 1948 caciam
2068 1885 2481 1950 virtuositatis
2511 1887 2846 1965 facundiae,
2878 1886 2948 1950 in
2976 1887 3349 1970 exprimen-

1801 1991 1882 2057 do
1909 1992 2183 2070 utiliter;
2215 1993 2403 2058 tertio
2431 1993 2842 2069 eminentiam
2873 1995 3221 2058 sanctitatis
3245 1995 3351 2060 vi-

1804 2104 1913 2178 tae,
1949 2100 2017 2161 in
2052 2101 2352 2165 merendo
2389 2101 2749 2166 salubriter.
2778 2101 2857 2166 Et
2882 2102 3021 2166 baec
3046 2104 3171 2168 tria
3202 2106 3353 2168 sunt

1803 2207 2163 2271 necessaria
2187 2207 2446 2272 cuilibet
2470 2208 2716 2273 docenti
2740 2213 2803 2273 et
2822 2209 3216 2292 praedicanti,
3239 2211 3354 2277 sci·

1750 2333 1759 2343 ·
1801 2314 1950 2378 licet
1979 2316 2239 2379 scientia
2263 2315 2598 2398 regulans,
2640 2316 2937 2382 facundia
2961 2319 3349 2402 exprimens,

1803 2425 1869 2486 et
1894 2423 2027 2485 vita
2052 2427 2405 2506 utrumque
2441 2424 2851 2488 confirmans.
2898 2423 3059 2490 Nam
3100 2426 3347 2508 docere,

1803 2529 1941 2595 sive
1983 2529 2324 2613 praedicare
2374 2529 2513 2594 sine
2561 2530 2826 2595 scientia
2863 2532 3225 2614 regulante,
3256 2540 3352 2599 est

1803 2637 2268 2719 periculosum3
2307 2637 2444 2702 sine
2484 2637 2778 2701 facundia
2811 2640 3228 2721 exprimente,
3259 2645 3354 2706 est

1803 2745 2268 2809 infructuosum
2294 2767 2311 2824 ;
2342 2749 2407 2810 et
2432 2746 2567 2810 sine
2591 2746 2728 2809 vita
2751 2749 3099 2830 utrumque
3126 2749 3352 2813 conflr-

1807 2857 2044 2933 mante,
2073 2856 2171 2916 est
2194 2853 2723 2935 ignominiosum.

1886 2959 2105 3025 Primo
2129 2960 2340 3041 igitur
2368 2959 2673 3040 ChristuS,
2703 2963 3012 3042 tanquam
3035 2958 3350 3025 excellens

1805 3067 2139 3149 magister,
2168 3066 2415 3131 ratione
2442 3067 2773 3149 dignitatis
2797 3066 2988 3131 officii
3017 3071 3111 3131 est
3137 3068 3353 3132 humi·

1804 3175 1952 3239 liter
1999 3173 2411 3253 reverendu8,
2466 3174 2620 3257 quia
2678 3173 2872 3238 habet
2933 3172 3352 3239 luculentiam

1806 3281 2108 3346 claritatis
2154 3282 2226 3345 in
2270 3280 2711 3362 cognoscendo
2748 3280 3158 3345 infallibiliter
3187 3258 3208 3344 ἐ
3239 3300 3350 3347 ra-

1807 3390 1977 3454 tione
1996 3390 2184 3471 cujus
2204 3406 2316 3472 per
2332 3387 2771 3452 excellentiam
2794 3388 3024 3452 dicitur
3041 3389 3118 3454 de
3143 3389 3277 3472 ipso
3291 3390 3343 3454 ⁸:

1816 3519 1847 3558 c
1868 3495 2009 3561 Non
2028 3495 2346 3560 vocemini
2361 3495 2653 3576 magistri
2671 3512 2863 3576 super
2880 3499 3115 3559 terram
3142 3518 3156 3560 :
3178 3514 3350 3561 unus
3412 3557 3417 3571 ,

1807 3608 1902 3669 est
1926 3603 2100 3668 enim
2127 3602 2436 3684 magister
2460 3605 2687 3666 vester.
2718 3623 2749 3661 n
2786 3601 2962 3666 Unde
2987 3601 3202 3667 nullus
3233 3603 3351 3668 de-

1807 3711 1916 3775 bet
1942 3709 2158 3774 vocari
2191 3711 2256 3773 et
2279 3708 2405 3772 dici
2434 3708 2765 3790 magister,
2804 3708 2928 3772 nisi
2968 3709 3143 3773 solus
3169 3709 3355 3774 Chri-

1809 3821 1967 3881 stus.
1998 3814 2078 3879 Et
2103 3815 2265 3879 ratio
2304 3820 2419 3895 est,
2461 3816 2617 3898 quia
2650 3816 2868 3880 nullus
2903 3820 3106 3898 potest
3142 3816 3349 3883 dicere

1808 3943 1911 3989 res
1938 3943 2078 3989 esse
2112 3922 2197 4007 (d)
2229 3923 2479 3990 scibiles
2506 3924 2709 4003 alteri,
2739 3924 2861 3989 nisi
2890 3924 2974 3987 sit
2994 3922 3355 3989 immutabi-

1807 4033 1952 4097 litas
1977 4050 2062 4096 ex
2087 4036 2266 4115 parte
2309 4031 2546 4096 scibilis
2559 4080 2581 4113 ,
2612 4031 2919 4097 certitudo
2945 4031 3079 4096 sive
3114 4031 3353 4096 infalli-

1809 4142 2019 4206 bilitas
2059 4160 2140 4205 ex
2181 4145 2361 4224 parte
2401 4139 2674 4204 scientis,
2727 4136 2929 4204 Omne
2967 4137 3138 4202 enim
3179 4140 3352 4223 quod

1811 4249 2033 4327 scitur,
2081 4247 2433 4312 secundum
2479 4244 2937 4328 Philosophum
2964 4244 3010 4323 ⁸,
3063 4262 3354 4309 necessa-

1809 4356 1983 4421 rium
2013 4360 2112 4420 est
2148 4354 2218 4419 in
2253 4371 2321 4418 se
2367 4353 2509 4417 sine
2549 4352 2991 4433 mutabilitate,
3021 4353 3353 4417 etcertum

1808 4468 1904 4529 est
1926 4463 2051 4547 ipsi
2068 4462 2310 4527 scienti.
2332 4459 2514 4525 Tunc
2538 4461 2714 4524 enim
2739 4460 2998 4538 scimuS,
3027 4478 3175 4525 cum
3204 4478 3352 4524 cau-

1809 4591 1947 4637 sam
1992 4571 2383 4635 arbitramur
2423 4585 2803 4650 cognoscere
2854 4573 3113 4652 propter
3159 4584 3353 4650 quam

1810 4698 1912 4746 res
1940 4684 2056 4757 est,
2085 4682 2151 4743 et
2175 4677 2478 4762 quoniam
2513 4673 2902 4759 impossibile
2936 4677 3033 4740 est
3071 4673 3253 4740 aliter
3285 4692 3353 4739 se

1810 4786 2065 4851 habere.
2096 4784 2192 4853 Ex
2219 4790 2399 4867 parte
2426 4783 2596 4848 enim
2637 4786 2943 4846 creaturae
2983 4782 3083 4864 cuj
3093 4799 3353 4846 uscum-

1809 4913 1939 4978 que
1982 4912 2115 4958 non
2158 4898 2253 4957 est
2297 4890 2802 4957 immutabilitas.
2845 4888 3024 4954 Unde
3066 4908 3215 4954 cum
3253 4908 3354 4955 res

1810 5001 2088 5065 habeant
2118 5017 2253 5063 esse
2283 4999 2347 5062 in
2378 4998 2635 5081 proprio
2671 5013 2931 5078 genere,
2973 5000 3035 5060 et
3068 4996 3353 5061 humana

1811 5112 2047 5186 mente,
2088 5111 2153 5170 et
2186 5107 2254 5169 in
2292 5111 2532 5170 aeterna
2568 5105 2834 5184 ratione,
2882 5108 2947 5168 et
2971 5121 3195 5169 earum
3219 5124 3356 5171 esse

1812 5215 1897 5278 sit
1944 5213 2252 5277 mutabile
2306 5213 2513 5296 primo
2565 5215 2630 5275 et
2678 5211 2954 5275 secundo
3010 5212 3220 5291 modo,
3276 5232 3353 5279 eo
3466 5306 3469 5309 -

1874 5378 1951 5445 (α)
1996 5376 2149 5443 vulg.
2196 5375 2352 5426 vobis.
2390 5400 2454 5412 —-
2496 5373 2565 5437 (b)
2611 5373 2726 5437 [ις.
2767 5377 2993 5447 propter.
3031 5399 3093 5414 --
3135 5376 3196 5449 (c)
3238 5374 3347 5435 Del,

1817 5450 1973 5505 enim.
1996 5476 2060 5489 —
2092 5448 2173 5517 (d)
2210 5447 2316 5499 Del.
2349 5460 2476 5503 esse.
