4059 6317
690 448 817 515 352

694 581 1128 667 operationem
1146 631 1164 665 ,
1192 600 1391 668 quam
1415 583 1609 650 habet
1643 584 1715 649 in
1752 601 1873 650 suo
1906 584 2236 668 proximo,

696 691 833 756 m've
858 692 1137 774 object03
1166 694 1356 758 tertio
1380 697 1695 777 quantum
1722 694 1805 758 ad
1829 691 2092 758 finalem
2130 709 2239 756 or-

695 797 1084 865 dinationem
1111 820 1306 885 quam
1330 802 1525 866 habet
1549 802 1619 865 in
1639 805 1885 867 aeterno
1901 799 2240 883 supplicio.

775 905 991 973 Primo
1041 908 1419 974 describitur
1460 913 1792 992 peccatum
1835 908 1983 988 irae,
2030 925 2242 990 quan-

694 1018 835 1080 tum
862 1015 942 1081 ad
966 1016 1338 1081 interiorem
1365 1018 1683 1099 originem
1714 1034 1913 1100 quam
1940 1015 2134 1079 habet
2159 1033 2244 1079 ex

693 1122 865 1187 malo
890 1124 1106 1188 animo
1123 1172 1148 1204 ,
1190 1141 1339 1189 cum
1366 1123 1517 1189 dicit
1550 1145 1567 1187 ε
1604 1124 1828 1190 Omnis
1854 1123 2244 1205 311111113σὶ-

696 1214 827 1298 tur.
866 1229 1128 1299 Glossa:
1162 1254 1193 1293 ι
1226 1231 1329 1296 Ira
1367 1236 1465 1296 est
1500 1233 1707 1296 malus
1742 1234 1958 1295 motus
2000 1229 2082 1294 ad
2123 1246 2240 1293 no-

697 1339 997 1420 cendum,
1019 1339 1130 1423 qui
1159 1340 1214 1404 si
1240 1340 1494 1406 subitus
1530 1344 1648 1419 est,
1680 1339 1785 1404 cui
1811 1356 1944 1402 non
1971 1353 2240 1402 consen-

696 1446 885 1527 titur,
911 1449 1237 1531 propassio
1272 1449 1505 1513 dicitur
1522 1471 1540 1528 ;
1580 1448 1789 1532 passio
1834 1464 2020 1525 vero,
2058 1461 2244 1509 acce-

694 1552 884 1619 dente
929 1573 1266 1620 consensu.
1314 1577 1346 1617 »
1383 1555 1507 1621 Sed
1554 1554 1765 1621 omnis
1812 1557 2062 1633 motus,
2105 1551 2246 1618 sive

696 1661 925 1741 bonus,
946 1662 1081 1728 sive
1107 1663 1317 1728 malus
1341 1662 1626 1727 bonitate
1654 1662 1740 1744 (α)
1767 1660 2020 1740 morali,
2052 1659 2246 1724 habet

695 1768 1017 1850 originem
1070 1769 1154 1833 ab
1207 1769 1444 1834 anima.
1502 1767 1795 1834 Secundo
1864 1767 2244 1832 describitur

696 1878 1025 1959 peccatum
1064 1876 1413 1942 iracundiae
1432 1924 1454 1955 ,
1484 1883 1801 1960 quantum
1848 1875 1927 1938 ad
1964 1873 2240 1938 exterio-

695 2002 837 2049 rem
873 1984 1281 2049 diffusionem
1300 2031 1322 2063 ,
1364 1984 1501 2050 sive
1533 1984 1964 2068 operationem
1980 2030 2000 2062 ,
2044 1999 2244 2065 quam

696 2091 891 2157 habet
917 2091 986 2156 iu
1024 2110 1141 2156 suo
1176 2092 1473 2175 proximo
1492 2138 1514 2171 ,
1556 2110 1705 2157 cum
1749 2090 1966 2156 subdit
1995 2112 2011 2155 ε
2042 2090 2246 2171 fratri

696 2215 837 2266 suo.
869 2198 1165 2264 Irascitur
1189 2199 1418 2277 homo,
1450 2217 1599 2264 cum
1627 2198 1983 2263 inordinate
2017 2215 2239 2263 move·

699 2312 809 2372 tur
839 2307 909 2371 in
939 2307 1146 2390 seipso
1183 2306 1495 2386 interius3
1529 2305 1641 2371 sed
1682 2306 1860 2369 fratri
1903 2321 2062 2380 suo,
2091 2321 2244 2368 cum

701 2415 805 2482 ille
830 2416 1039 2482 malus
1067 2421 1279 2481 motus
1304 2416 1524 2493 verbo,
1553 2414 1659 2481 vel
1684 2414 1870 2491 sacto,
1900 2413 1981 2478 ad
2011 2430 2245 2477 nocen-

698 2525 856 2590 dum
904 2526 1197 2608 proximo
1251 2525 1614 2609 prorumpit
1665 2523 1969 2588 exterius.
2030 2521 2244 2587 Tertio

697 2631 1075 2698 describitur
1100 2637 1429 2716 peccatum
1458 2630 1807 2697 iracundiae
1827 2632 2144 2713 quantum
2160 2629 2242 2692 ad

697 2738 954 2804 finalem
968 2740 1457 2819 ordinationem,
1474 2756 1670 2822 quam
1692 2736 1887 2802 habet
1903 2736 1975 2800 in
1998 2740 2241 2802 aeterno

696 2847 1037 2931 supplicio,
1085 2866 1233 2912 cum
1269 2847 1658 2912 subinfertur
1697 2867 1714 2910 t
1762 2861 1912 2913 rcus
1960 2847 2090 2913 erit
2122 2844 2237 2926 ,ju-

697 2955 896 3023 dicio.

689 3052 697 3059 ’
775 3062 991 3130 Primo
1017 3081 1176 3146 ergo
1201 3063 1578 3129 describitur
1613 3065 1945 3144 peccatum
1981 3061 2240 3125 iracun-

695 3172 818 3237 diae
847 3175 1158 3254 quantum
1186 3171 1264 3235 ad
1288 3169 1656 3234 interiorem
1674 3169 2019 3250 originem,
2043 3185 2240 3250 quam

696 3277 890 3342 habet
931 3296 1015 3342 ex
1068 3294 1370 3361 perverso
1423 3276 1639 3341 animo
1659 3322 1680 3354 ,
1723 3293 1874 3340 cum
1927 3275 2163 3340 dicitur
2217 3295 2235 3339 t

458 3401 672 3456 mque
704 3386 924 3452 Omnis
963 3387 1080 3469 qui
1127 3386 1440 3451 irascitur
1489 3383 1707 3463 fratri.
1756 3381 1908 3447 Tria
1959 3399 2241 3465 namque

470 3463 664 3507 animam

482 3528 650 3578 pertur-

482 3585 604 3630 bant.

698 3496 850 3558 sunt
900 3511 1050 3577 quse
1110 3493 1487 3576 perturbant
1546 3490 1830 3555 animam
1885 3489 2238 3555 secundum

698 3619 957 3666 omnem
1000 3601 1101 3665 sui
1154 3601 1500 3683 potentiam
1524 3646 1541 3679 ,
1588 3601 1665 3664 ut
1707 3615 1898 3664 causa
1945 3601 2010 3662 et
2053 3599 2242 3680 origo

696 3709 812 3772 irae
836 3713 899 3772 et
925 3708 1159 3772 furoris
1205 3730 1221 3771 :
1268 3708 1552 3790 primum
1594 3709 1690 3769 est
1723 3723 1904 3771 error
1944 3706 2244 3770 caecitatis

696 3816 1109 3897 ignorantiae‚
1141 3834 1225 3880 ex
1264 3814 1508 3879 defectu
1550 3813 1840 3877 veritatis
1878 3812 2239 3877 discernen-

696 3922 830 4002 dae3
863 3922 1212 3986 secuudum
1240 3925 1336 3986 est
1357 3920 1525 3985 livor
1552 3920 1973 4001 malignitatis
1996 3924 2063 3985 et
2078 3920 2243 3986 invi-

692 4029 843 4109 diae,
870 4048 955 4093 ex
989 4029 1232 4094 defectu
1258 4027 1585 4092 charitatis
1610 4026 1942 4106 fraternae3
1978 4026 2246 4092 tertium

694 4142 791 4200 est
812 4136 992 4201 furor
1018 4133 1408 4200 crudelitatis
1431 4137 1497 4198 et
1525 4133 1852 4212 vindictae,
1879 4151 1961 4197 ex
1990 4134 2240 4200 defectu

696 4243 903 4328 pacis,
949 4247 1014 4309 et
1058 4241 1432 4308 concordiae.
1474 4239 1765 4305 Primum
1800 4245 1897 4305 est
1931 4240 2003 4304 in
2039 4242 2237 4307 ratio-

698 4353 831 4418 nali
852 4374 870 4431 ;
903 4352 1288 4431 secundum,
1317 4350 1388 4417 in
1413 4349 1909 4433 conmpiscibili3
1939 4351 2202 4417 tertium
2213 4400 2236 4433 ,

696 4461 767 4526 in
789 4459 1109 4525 irascibili.
1807 4457 1811 4462 ’
1879 4446 1886 4457 ’

779 4568 1021 4650 Primo,
1049 4570 1119 4633 in
1145 4569 1431 4646 homine,
1452 4566 1569 4649 qui
1591 4566 1905 4648 irascitur,
1938 4572 2035 4633 est
2059 4585 2240 4634 error

698 4677 996 4743 caecitatis
1033 4678 1096 4739 et
1129 4674 1552 4756 ignorantiis,
1582 4679 1898 4756 quantum
1930 4675 2011 4740 ad
2039 4677 2238 4742 ratio-

697 4786 908 4851 nalem
924 4834 942 4866 ,
1001 4801 1084 4848 ex
1135 4782 1383 4847 defectu
1430 4781 1715 4846 veritatis
1764 4782 2234 4864 discernendae3

697 4893 869 4959 unde
890 4889 961 4957 ¹:
1002 4913 1035 4952 α
1060 4888 1164 4954 Ira
1190 4889 1267 4972 (b)
1296 4886 1717 4952 animositatis
1750 4888 1944 4970 illius,
1973 4909 2240 4974 perver-

696 5004 791 5069 sio
816 4993 992 5068 illius
1015 5003 1130 5065 est.
1160 5020 1192 5060 n
1228 4997 1323 5063 Ita
1349 4996 1524 5061 enim
1560 4997 1946 5079 pervertitur
1985 5003 2053 5064 et
2085 5018 2241 5065 con..

695 5113 992 5178 turbatur
1012 5109 1083 5173 in
1104 5110 1200 5173 ira
1224 5106 1450 5172 oculus
1474 5104 1761 5186 rationis,
1782 5110 1857 5171 ut
1871 5107 2089 5173 animo
2107 5126 2240 5175 non

697 5219 948 5302 videat3
974 5217 1083 5286 vel
1120 5216 1554 5299 distorquetur
1571 5259 1589 5292 ,
1618 5217 1694 5279 ut
1724 5232 2021 5297 paveras
2062 5216 2238 5282 aliud

704 5391 711 5396 ·
763 5381 782 5417 ⁸
808 5379 992 5443 lecti„
1020 5389 1069 5442 1,
1097 5378 1178 5429 28.
1209 5399 1274 5416 -
1307 5377 1330 5412 ⁸
1355 5376 1500 5439 Cato,
1529 5373 1645 5425 Par.
1677 5379 1725 5426 2.
1752 5401 1817 5414 -—
1846 5376 1870 5413 ⁸
1891 5378 2061 5438 Pron„
2086 5389 2239 5443 xxix,

699 5453 780 5506 22.
801 5479 860 5491 -
884 5453 910 5489 ⁸
936 5450 1087 5515 thid„
1113 5460 1201 5513 xv,
1225 5449 1302 5500 18.
1329 5471 1395 5488 -
1418 5447 1439 5480 ⁸
1467 5446 1610 5498 [dem
1632 5451 1829 5514 postea,
1852 5450 2002 5501 Dom.
2028 5462 2104 5503 1111
2122 5454 2241 5515 pont

1788 441 2205 515 SERMONES
2248 443 2344 512 DE
2380 440 2782 514 TEMPORE.

2349 599 2470 666 pro
2497 581 2893 665 alioprobet,
2919 571 3894 668 etimprobet,ettalsaprove-

2349 690 2442 754 ris
2465 690 2773 773 approbet
2802 712 2820 756 z
2851 692 3026 757 unde
3050 694 3272 758 auctor
3295 691 3320 728 ¹
3351 712 3368 753 z

2416 851 2635 917 lmpedit
2657 851 2737 903 ira
2761 851 3011 918 animum,
3036 867 3103 905 ne
3129 851 3294 918 possit
3318 865 3532 904 cernere
3554 865 3772 918 verum3

2348 1033 2470 1082 nec
2520 1035 2908 1100 cognoscem
2928 1067 2949 1099 ,
3011 1036 3209 1102 qnam
3272 1018 3509 1083 charus
3567 1018 3651 1081 sit
3701 1017 3895 1082 frater

2350 1139 2509 1188 suus
2538 1122 2665 1189 Deo
2692 1125 3089 1209 speciositate
3111 1126 3451 1206 virtutum,
3484 1143 3684 1208 quam
3721 1125 3898 1189 dives

2349 1230 2620 1297 interius
2663 1232 3073 1298 foecunditate
3113 1233 3433 1296 bonorum
3479 1250 3783 1315 operum,
3837 1235 3899 1295 et

2349 1355 2549 1421 quam
2601 1340 3004 1424 propinquus
3058 1339 3311 1422 angelis
3377 1357 3492 1423 per
3543 1340 3898 1423 appetitum

2349 1446 2738 1526 ccelestium,
2779 1465 2858 1511 eo
2893 1446 3067 1530 quod
3093 1446 3162 1511 111
3198 1445 3418 1511 multis
3456 1446 3805 1530 probatur,
3832 1445 3899 1509 in

2350 1553 2622 1619 diversis
2654 1555 3062 1622 confunditur
3077 1603 3095 1636 ,
3136 1558 3203 1621 et
3248 1555 3318 1619 111
3372 1555 3714 1621 contrariis
3753 1553 3896 1618 irri-

2349 1665 2544 1726 tatur.

2431 1767 2742 1851 Secundo,
2787 1770 2859 1833 in
2892 1770 3154 1834 homine
3189 1769 3307 1854 qui
3345 1769 3667 1850 irascitur,
3696 1773 3797 1835 est
3820 1768 3899 1833 li·

2348 1893 2472 1941 vor
2505 1876 2929 1959 malignitatis
2961 1877 3245 1959 invidiae,
3278 1881 3591 1961 quantum
3617 1877 3703 1941 ad
3746 1894 3897 1941 con-

2351 1984 2806 2067 cupiscibilem,
2831 2002 2917 2049 ex
2941 1985 3187 2049 defectu
3209 1984 3535 2049 charitatis
3563 1984 3894 2062 traternae3

2350 2092 2521 2157 unde
2546 2093 2570 2130 ⁸
2606 2113 2622 2156 ε
2661 2116 2694 2155 α
2719 2092 2842 2170 Qui
2863 2092 3066 2158 facilis
3091 2096 3189 2158 est
3206 2093 3287 2158 ad
3305 2093 3823 2176 indignationem
3841 2096 3902 2157 et

2350 2198 2539 2276 iram,
2560 2199 2680 2264 erit
2707 2199 2785 2265 ad
2813 2205 3068 2283 peccata
3085 2200 3446 2284 proclivior.
3468 2222 3500 2262 1
3526 2200 3714 2266 Sicut
3729 2201 3898 2265 enim

2349 2307 2644 2371 omnium
2696 2308 3014 2374 virtutum
3066 2309 3529 2374 incrementum
3581 2308 3826 2392 pendet
3861 2325 3898 2371 a

2348 2412 2676 2495 charitate,
2707 2416 2799 2480 sic
2823 2419 3044 2480 omnia
3067 2415 3226 2481 vitia
3250 2419 3513 2480 sumunt
3531 2416 3900 2480 incitamen-

2348 2525 2490 2588 tum
2519 2529 2601 2590 e'x
2634 2527 2855 2592 furore
2891 2527 3028 2592 irae.
3058 2526 3237 2593 Unde
3281 2527 3393 2609 qui
3431 2526 3634 2591 facilis
3682 2529 3783 2592 est
3822 2524 3898 2591 ad

2349 2628 2516 2695 iram
2542 2637 2802 2717 propter
2824 2633 3097 2699 livorem
3119 2633 3403 2714 invidiae,
3431 2635 3554 2699 erit
3570 2634 3656 2699 ad
3687 2632 3900 2698 omnia

2347 2738 2629 2805 facinora
2695 2745 2762 2805 et
2824 2741 3119 2806 nocentia
3183 2741 3464 2825 proximi
3524 2742 3892 2825 proclivior.

2351 2846 2527 2912 Unde
2572 2847 2786 2915 Glossa
2833 2868 3029 2934 super
3070 2850 3225 2915 illud
3254 2851 3277 2887 ⁸
3310 2873 3325 2915 ε
3372 2851 3492 2918 Vir
3534 2850 3896 2918 iracundus

2348 2958 2621 3023 suscitat
2655 2958 2848 3024 rioeas
2869 3004 2891 3037 ,
2931 2957 3082 3022 dicit
3119 2958 3211 3022 sic
3241 2980 3259 3023 t
3299 2981 3332 3018 c
3354 2956 3561 3023 Janua
3600 2960 3895 3023 omnium

2349 3062 2657 3128 vitiorum
2682 3070 2778 3129 est
2813 3065 3182 3146 iracundia,
3213 3083 3343 3148 qua
3381 3065 3599 3131 clausa
3638 3067 3892 3132 virtuti-

2349 3169 2473 3235 bus
2511 3171 2892 3236 intrinsecus
2929 3172 3120 3238 datur
3159 3172 3436 3255 requies,
3467 3177 3534 3238 et
3569 3179 3797 3257 aperta
3821 3173 3894 3238 ad

2352 3296 2544 3344 omne
2568 3279 2814 3344 facinus
2839 3279 3197 3345 armabitur
3223 3285 3266 3344 ⁸.
3297 3301 3330 3340 n

2431 3386 2665 3467 Tertio,
2695 3386 2764 3450 in
2801 3387 3064 3452 homine
3091 3387 3204 3470 qui
3239 3387 3555 3469 irascitur,
3587 3394 3689 3454 est
3723 3390 3896 3455 furor

2351 3492 2722 3573 iracundiae,
2752 3499 3066 3577 quantum
3099 3495 3178 3560 ad
3209 3496 3790 3578 concupiscibilem,
3818 3514 3894 3561 ex

2351 3601 2596 3665 defectu
2636 3602 2808 3684 pacis
2845 3605 2909 3666 et
2947 3602 3330 3682 concordiem
3377 3604 3548 3670 uude
3584 3610 3608 3645 ⁸
3657 3621 3676 3667 z
3727 3629 3761 3667 ιι
3801 3604 3894 3669 Ira

2350 3725 2484 3773 non
2535 3708 2731 3773 habet
2779 3708 3275 3774 misericordiam
3297 3760 3315 3791 ‚
3377 3729 3494 3775 nec
3549 3729 3890 3796 erumpens

2349 3816 2553 3880 furor.
2581 3837 2615 3876 11
2650 3814 2941 3881 Iracundi
2969 3817 3169 3897 enim,
3197 3817 3441 3883 ratione
3479 3819 3740 3900 furoris,
3769 3836 3887 3884 non

2350 3925 2502 3987 sunt
2538 3922 2787 3988 dicendi
2812 3923 3129 4004 homines,
3159 3924 3270 3989 sed
3304 3924 3514 4008 potius
3548 3926 3704 3993 ferae
3729 3926 3890 3993 ruri-

2350 4029 2621 4113 bundae,
2669 4049 2747 4096 eo
2784 4031 2955 4115 quod
2999 4030 3083 4095 ad
3124 4032 3392 4096 modum
3432 4031 3718 4098 ferarum
3747 4035 3892 4098 sunt

2350 4138 2491 4203 sine
2520 4138 2957 4204 misericordia
2983 4142 3288 4220 sugentes
3311 4140 3698 4221 sanguinem
3736 4140 3889 4205 alio·

2349 4262 2499 4308 rum
2531 4265 2548 4308 ε
2579 4249 2642 4309 et
2658 4249 2918 4329 propter
2936 4245 3061 4309 hoc
3083 4244 3260 4309 dabit
3285 4245 3528 4311 bonum
3555 4249 3886 4313 eonsilium

2350 4350 2674 4435 Sapientia
2720 4358 2744 4395 '¹
2799 4374 2815 4417 ε
2874 4375 2905 4413 α
2953 4351 3110 4416 Cum
3163 4352 3467 4419 iracundo
3519 4373 3655 4420 non
3708 4356 3887 4420 facias

2349 4459 2547 4538 rixae,
2579 4464 2642 4525 et
2677 4478 2828 4524 cum
2864 4459 3101 4525 audace
3127 4477 3260 4524 non
3284 4475 3391 4526 eas
3416 4461 3484 4526 in
3517 4462 3879 4528 desertum:

2349 4567 2656 4651 quoniam
2683 4566 2843 4631 nibil
2866 4570 3134 4631 estante
3155 4585 3305 4631 eum
3332 4568 3624 4649 sanguis.
3654 4589 3686 4629 ι

2433 4675 2737 4758 Sequitur
2757 4696 2778 4739 t
2806 4677 3032 4742 &atri
3053 4690 3192 4754 suo,
3224 4674 3337 4738 ubi
3359 4676 3638 4742 secundo
3657 4676 3879 4742 descri-

2350 4783 2529 4848 bitur
2550 4786 2876 4866 peccatum
2904 4782 3020 4847 1131
3055 4785 3371 4866 quantum
3399 4782 3480 4847 ad
3512 4784 3880 4850 exteriorem

2350 4890 2758 4955 diffusionem
2774 4938 2794 4968 ,
2832 4907 3030 4974 quam
3073 4890 3264 4954 habet
3295 4889 3366 4952 in
3404 4907 3528 4955 suo
3571 4892 3876 4974 proximo.

2351 4995 2530 5062 Unde
2563 4997 2777 5081 primo
2814 5001 2910 5062 est
2943 4999 3148 5064 irasci
3162 5046 3184 5077 ‚
3214 5001 3279 5062 et
3318 4997 3495 5062 hunc
3525 5004 3774 5065 motum
3815 4998 3876 5061 in

2351 5106 2569 5171 animo
2594 5106 2902 5186 retinere;
2932 5106 3160 5172 deinde
3178 5106 3400 5188 fratri,
3429 5125 3576 5173 cum
3609 5106 3716 5173 ille
3740 5123 3875 5172 mo·

2352 5278 2701 5402 Pentwaerm.
2750 5286 2799 5332 1.
2840 5304 2901 5319 ·-
2948 5281 2968 5312 ⁸
3010 5281 3182 5346 Pron„
3225 5293 3403 5344 nvn,
3449 5284 3498 5335 4.
3541 5307 3605 5320 —
3645 5283 3662 5315 ²
3704 5278 3871 5339 tocha,

2348 5362 2464 5412 vm,
2553 5385 2569 5402 .

2411 5431 2481 5516 (a)
2511 5450 2686 5518 suppl.
2715 5449 2804 5505 vel
2831 5452 3042 5505 manua,
3070 5475 3133 5491 -
3161 5452 3234 5518 (c)
3276 5450 3423 5519 my.
3454 5454 3732 5509 smmis.
