4059 6317
837 503 1212 571 DOMINICA
1251 503 1366 582 XV,
1398 503 1599 572 POST
1641 501 2225 575 PENTECOSTEN.
2269 508 2533 577 SERMO
2576 509 2679 578 lv.

146 637 401 720 pietatis
433 637 768 703 mulierem
804 637 1068 705 viduam
1105 640 1422 706 dolentem
1447 644 1511 705 et
1538 641 1694 707 flen-

145 747 281 808 tem
327 743 406 808 de
444 750 650 810 morte
691 746 1008 828 unigeniti
1043 746 1158 810 filii
1199 747 1340 826 sui3
1372 752 1448 812 ut
1474 766 1697 813 omnes

144 850 310 915 alios
345 850 641 934 exemplo
668 871 787 917 suo
814 853 895 918 ad
921 853 1223 937 pietatem
1259 855 1698 920 subventionis

146 963 549 1041 provocaret,
591 960 899 1042 dignatus
946 965 1039 1026 est
1072 980 1213 1027 eam
1256 963 1525 1028 dulciter
1550 962 1699 1028 allo-

145 1066 287 1150 qui,
319 1069 382 1129 et
411 1066 744 1147 consolari,
770 1085 919 1133 cum
947 1069 1008 1133 ei
1035 1069 1306 1134 reddidit
1323 1071 1527 1134 fllium
1556 1088 1700 1153 pro-

145 1174 368 1256 prium
386 1173 615 1250 vivum
633 1192 673 1237 a
694 1176 961 1239 mortuis
983 1177 1451 1256 resuscitatum,
1482 1195 1702 1242 secun·

147 1280 310 1345 dum
339 1280 509 1363 quod
535 1279 767 1345 dicitur
792 1281 865 1345 in
893 1284 1087 1347 verbo
1115 1283 1438 1366 proposito
1466 1306 1482 1347 x
1518 1286 1704 1350 Rese-

146 1387 277 1468 dit,
308 1389 427 1472 qui
450 1398 589 1455 erac
614 1398 923 1456 mortum.
954 1389 1025 1455 ln
1042 1409 1172 1475 quo
1190 1391 1448 1475 quidem
1475 1394 1696 1473 verbo,

147 1496 363 1578 primo
376 1498 635 1560 notatur
647 1497 1052 1580 stipendiatio
1070 1500 1330 1582 peccati,
1348 1500 1700 1564 secundnm

147 1604 547 1686 exigentiam
573 1604 814 1669 ordinis
834 1606 1137 1688 Justitiae3
1176 1607 1453 1672 secundo
1494 1609 1695 1672 susci-

146 1712 311 1777 tatio
341 1711 603 1791 mortui,
632 1717 948 1795 quantum
971 1713 1051 1778 ad
1070 1715 1361 1779 notitiam
1386 1718 1703 1800 approba·-

147 1818 345 1883 tionis
368 1817 673 1901 loquela33
704 1820 914 1900 tertio,
946 1822 1263 1903 promotio
1287 1823 1458 1901 fidei,
1490 1842 1697 1906 quan-

147 1931 297 1991 tum
350 1927 430 1991 ad
482 1927 908 1992 reverentiam
967 1930 1286 1994 creatricis
1352 1931 1699 2012 sapientias.

151 2032 371 2099 Primo
411 2052 572 2115 ergo
609 2033 676 2097 in
712 2037 911 2099 verbo
944 2037 1267 2119 proposito
1302 2043 1560 2103 notatur
1596 2040 1703 2104 sti-

150 2139 475 2223 pendiatio
509 2141 745 2223 peccati
782 2142 1136 2207 secundum
1172 2145 1566 2227 exigentiam
1593 2164 1698 2211 or-

152 2249 322 2313 dinis
341 2249 634 2330 justitiae,
663 2267 814 2313 cum
842 2250 991 2315 dicit
1022 2272 1037 2314 :
1077 2252 1202 2325 Oui
1228 2259 1366 2320 erat
1390 2261 1697 2319 mortuus.

150 2355 506 2421 Ordoenim
516 2355 1030 2437 divinaejustitiae
1048 2359 1274 2441 exigit,
1292 2363 1364 2424 ut
1377 2364 1705 2444 peccatum

152 2468 364 2530 morte
389 2464 827 2547 stipendietur.
849 2464 1012 2531 Nam
1039 2469 1058 2504 ¹
1093 2491 1124 2528 α
1154 2468 1538 2550 stipendium
1563 2488 1703 2552 pec·

151 2574 275 2637 cati
310 2590 504 2649 mom,
532 2594 565 2631 n
598 2572 949 2637 secundnm
982 2572 1381 2654 Apostolum.
1415 2574 1708 2641 Secundo

150 2683 417 2743 notatur
449 2679 773 2744 suscitatio
805 2682 1046 2745 mortui
1073 2687 1392 2764 quantum
1419 2684 1498 2747 ad
1531 2685 1704 2749 noti-

152 2787 313 2851 tiam
366 2787 837 2869 approbationis
884 2787 1178 2872 loquelae,
1231 2807 1382 2853 cum
1433 2787 1645 2854 subdit
1685 2809 1703 2855 ε

154 2894 438 2973 Beseda,
465 2900 524 2961 et
549 2896 740 2977 coepit
763 2895 961 2977 loqui,
987 2899 1063 2960 ut
1086 2900 1249 2960 esset
1275 2898 1416 2979 ejus
1440 2898 1709 2962 resusci-

153 3003 316 3069 tatio
346 3007 499 3068 nota
525 3004 988 3068 assistentibus,
1015 3003 1176 3068 Nam
1206 3005 1339 3071 vita
1365 3006 1709 3088 corporalis

155 3111 497 3194 dupliciter
516 3110 940 3192 dignoscitur,
958 3111 1192 3176 scilicet
1209 3130 1399 3177 sensu
1417 3118 1480 3176 et
1503 3118 1704 3178 motu.

160 3217 377 3282 Tertio
403 3222 666 3283 notatur
705 3219 1021 3301 promotio
1061 3219 1231 3300 fidei,
1272 3223 1586 3300 quantum
1627 3220 1710 3285 ad

157 3325 582 3389 reverentiam
604 3326 1283 3409 creatricissapientiae,
1305 3344 1453 3392 cum
1483 3327 1708 3390 subin-

157 3432 277 3496 fert
301 3453 317 3495 ε
342 3434 595 3516 Accepit
614 3436 825 3499 autem
844 3447 1059 3499 omnes
1090 3433 1301 3512 timor,
1321 3438 1382 3500 et
1409 3434 1710 3516 moeniti·

156 3539 391 3606 cabant
415 3542 639 3620 Deum,
661 3541 774 3622 qui
799 3544 1125 3604 mortuum
1141 3540 1490 3619 bominem,
1513 3560 1709 3623 quem

158 3650 508 3724 creaverat,
527 3647 963 3711 vivificaverat
982 3644 1064 3729 (a)
1089 3646 1356 3710 interius
1383 3647 1452 3710 in
1468 3649 1704 3728 anima,

157 3761 220 3821 et
244 3755 530 3820 exterius
553 3756 623 3819 in
649 3772 914 3838 corpore
937 3759 1359 3820 recreaverat.
1381 3754 1544 3821 Nam
1560 3757 1712 3821 nul-

155 3862 296 3926 lum
309 3862 561 3927 curavit
583 3861 742 3927 Deus
759 3862 1041 3927 exterius
1059 3863 1492 3947 corporaliter,
1513 3884 1709 3948 quem

157 3971 370 4052 primo
395 3988 526 4034 non
552 3975 803 4035 curaret
824 3972 1090 4036 interius
1109 3973 1544 4054 spiritualiter.

237 4078 401 4142 Dicit
433 4096 638 4160 ergo:
676 4078 797 4152 Qui
836 4085 976 4146 erat
1013 4086 1302 4146 mortuus
1333 4097 1351 4143 ε
1385 4080 1497 4144 ubi
1526 4086 1709 4146 nota-

159 4189 263 4250 tur
285 4184 687 4269 stipendiatio
715 4186 1065 4251 secundnm
1104 4187 1501 4268 exigentiam
1535 4191 1711 4256 ordi-

161 4294 261 4356 nis
278 4294 575 4377 justitiae.
608 4290 774 4358 Ordo
812 4293 984 4357 enim
1021 4293 1257 4359 divinae
1277 4297 1544 4378 justitiae
1570 4300 1708 4363 exi-

167 4400 286 4481 git,
336 4405 412 4465 ut
449 4403 779 4482 peccatum
831 4400 1060 4494 triplici
1112 4402 1347 4483 poenali
1400 4405 1712 4486 stipendio

0 4515 141 4591 Peon-‚-
168 4508 494 4589 puniatur.
527 4506 605 4571 Et
629 4507 914 4590 primum
941 4511 1038 4571 est
1066 4508 1398 4591 poenalitas
1425 4529 1711 4592 praesen-

0 4582 145 4697 ΞΣ,
171 4613 247 4678 tis
279 4615 557 4679 miseriae
600 4614 968 4679 humanum
1024 4632 1231 4696 genus
1281 4618 1713 4701 multipliciter

0 4706 147 4804 2⁹²³*
170 4722 552 4805 affligentis3
595 4721 950 4786 secundum
992 4726 1089 4786 est
1132 4721 1456 4787 calamitas
1490 4726 1714 4789 mortis

171 4835 417 4895 natnrae
448 4830 730 4893 animam
768 4847 809 4892 a
847 4845 1110 4911 corpore
1150 4830 1493 4895 crudeliter
1528 4850 1709 4915 sepa-

170 4943 405 5020 rantis3
439 4939 697 5005 tertium
745 4944 840 5005 est
884 4940 1192 5004 acerbitas
1229 4942 1556 5007 infernalis
1595 4962 1714 5026 ge-

170 5046 400 5115 bennae
422 5048 704 5113 animam
716 5065 866 5112 cum
884 5065 1149 5130 corpore
1172 5050 1559 5115 aeternaliter
1574 5069 1715 5115 cru-

171 5155 413 5223 dantis.

237 5285 252 5317 ¹
289 5283 446 5342 Rom„
478 5292 561 5346 vr,
600 5282 680 5333 2³.
707 5305 769 5319 -
794 5280 817 5316 ⁸
843 5279 1025 5342 tecti„
1051 5291 1187 5345 xxx,
1219 5281 1355 5332 17-2.
1385 5308 1448 5320 —
1484 5281 1505 5312 ³
1537 5283 1711 5348 Greg„

176 5351 228 5400 in
257 5354 469 5418 Evanq„
498 5352 641 5403 bom.
678 5363 888 5415 xxxvii,
917 5366 972 5403 n.
1012 5356 1060 5402 1.
1094 5377 1159 5389 —
1194 5353 1213 5383 ⁴
1243 5353 1284 5403 ll
1325 5352 1465 5414 Gor„
1491 5367 1546 5416 v,
1573 5357 1622 5404 4.
1649 5379 1714 5392 —

179 5423 404 5487 ⁸Eccle.,
441 5437 514 5488 iv,
553 5428 602 5475 2.
642 5450 705 5462 —
742 5423 975 5489 [Κορῆ.ν
1004 5435 1125 5485 xm,
1151 5428 1200 5476 ³.
1229 5449 1292 5463 —
1331 5426 1347 5456 ⁷
1378 5426 1518 5490 Sap„
1557 5438 1594 5491 x,
1633 5427 1707 5477 13.

178 5495 285 5570 -·-·⁸
303 5497 482 5561 Eccli„
512 5507 636 5560 xxv,
664 5498 744 5547 3³.
772 5522 834 5536 -
857 5496 884 5536 θ
906 5495 1078 5562 Apum,
1105 5506 1193 5559 xx,
1222 5498 1383 5549 13-14.

3229 511 3350 575 427

1882 640 2100 708 Primo
2146 648 2475 727 peccatum
2525 645 2946 729 stipendiatur
2988 644 3353 729 poenalitate

1802 751 2135 834 praesentis
2175 753 2448 817 miserias
2486 753 2849 818 humanum
2887 771 3097 835 genus
3131 751 3351 816 multi-

1803 856 2050 940 pliciter
2064 857 2406 940 affligentis
2422 881 2438 934 3
2469 859 2641 923 unde
2656 866 2680 900 ¹
2701 881 2719 924 ι
2750 883 2781 920 α
2797 858 3018 924 Melior
3030 865 3127 924 est
3151 876 3349 939 mors,

1803 982 2002 1047 quam
2030 965 2163 1030 vita
2189 983 2447 1044 amara;
2478 971 2542 1031 et
2568 967 2819 1050 requies
2865 970 3126 1045 aeterna,
3157 985 3352 1049 quam

1801 1070 2087 1153 languor
2114 1089 2547 1155 perseverans.
2570 1096 2599 1133 n
2621 1072 2782 1138 Vere
2807 1092 2980 1137 mors
3008 1073 3232 1139 melior
3257 1077 3356 1138 est

1803 1197 2002 1261 quam
2028 1179 2163 1244 vita
2188 1193 2433 1256 amara,
2462 1182 2719 1262 propter
2757 1180 3182 1263 multiplicem
3212 1199 3350 1263 poe-

1805 1286 2131 1350 nalitatem
2161 1287 2344 1351 nobis
2368 1287 2613 1351 ratione
2651 1288 2891 1370 peccati
2932 1287 3274 1368 originalis
3315 1305 3355 1351 a

1806 1393 1934 1458 Deo
1976 1394 2305 1472 inflictam,
2361 1410 2513 1476 qnae
2559 1394 2723 1458 nihil
2776 1393 2949 1458 aliud
3002 1398 3119 1474 est,
3158 1412 3356 1477 quam

1806 1497 2091 1580 languor
2146 1516 2580 1582 perseverans.
2638 1498 2814 1564 Unde
2870 1499 3222 1582 Gregorius
3262 1501 3287 1538 ⁸
3333 1521 3350 1565 ε

1816 1631 1846 1669 α
1900 1606 2321 1686 Quotidianus
2373 1606 2653 1672 defectus
2705 1608 3151 1692 corruptionis,
3199 1609 3355 1692 quid

1807 1718 1904 1779 est
1927 1715 2123 1795 aliud,
2151 1735 2346 1799 quam
2365 1718 2659 1799 quaedam
2678 1718 3006 1800 prolixitas
3025 1719 3285 1782 mortis?
3313 1741 3346 1778 n

1811 1821 1886 1886 Et
1913 1825 2173 1904 propter
2198 1822 2320 1886 hoc
2345 1821 2590 1887 dicebat
2616 1823 2956 1906 Apostolus
2980 1823 3002 1858 ⁸
3024 1842 3057 1896 ε,
3074 1845 3105 1883 α
3125 1823 3358 1901 Quam-

1808 1927 1918 1992 diu
1946 1946 2171 1992 sumus
2188 1928 2255 1992 in
2277 1928 2402 1992 hoc
2418 1928 2849 2006 tabernaculo,
2873 1929 3359 2009 ingemiscimus

1810 2035 2085 2116 gravati,
2116 2052 2194 2099 eo
2220 2034 2393 2117 quod
2419 2035 2721 2100 nolumus
2747 2035 3077 2119 expoliari,
3107 2036 3217 2100 sed
3245 2055 3361 2101 su-

1809 2142 2165 2225 pervestiri,
2202 2141 2402 2206 donec
2436 2143 2854 2207 absorbeatur
2892 2143 3061 2226 quod
3091 2144 3361 2208 mortale

1809 2255 1905 2316 est
1940 2269 1977 2314 a
2005 2251 2158 2315 vita.
2189 2270 2220 2309 ι
2256 2250 2380 2314 Sed
2419 2254 2610 2328 certe,
2657 2250 2967 2333 quamdiu
3019 2267 3247 2315 sumus
3292 2251 3359 2315 in

1807 2358 1933 2423 hoc
1957 2358 2192 2421 misero
2217 2357 2624 2422 tabernaculo
2648 2358 2956 2440 corporis,
2986 2357 3359 2439 ingemisci·

1810 2486 1978 2547 mus,
2033 2485 2207 2532 nunc
2253 2468 2504 2548 gravati
2548 2471 2942 2551 paupertate,
2998 2466 3191 2532 modo
3242 2484 3362 2549 op·-

1810 2575 2008 2659 pressi
2050 2573 2362 2653 nuditate,
2398 2574 2739 2657 aliquando
2766 2574 2985 2638 afflicti
3014 2573 3142 2637 siti.
3175 2572 3365 2656 Saepe

1810 2682 2168 2747 cruciatum
2197 2681 2815 2765 hujus-calamitosae
2845 2681 2997 2745 vitae
3027 2680 3362 2763 poenalita-

1813 2789 1942 2850 tem
1981 2784 2410 2861 considerans,
2460 2783 2709 2848 dicebat
2755 2782 2861 2847 ille
2896 2783 2919 2818 ⁸
2950 2804 2966 2846 ε
3008 2805 3039 2844 ι
3079 2780 3364 2848 Laudavi

1815 2893 2028 2974 magis
2055 2894 2368 2970 mortuoS,
2399 2906 2596 2973 quam
2624 2890 2932 2954 viventes.
2962 2911 2995 2949 n
3124 2895 3137 2910 ·

1895 2998 2188 3064 Secundo
2215 3001 2546 3082 peccatum
2566 2997 2983 3081 stipendiatur
3008 2994 3369 3060 calamitate

1814 3107 2038 3171 mortis
2091 3111 2340 3171 naturae
2381 3107 2663 3170 animam
2710 3103 3049 3169 crudeliter
3102 3119 3368 3185 corpore

1813 3214 2185 3297 separantis.
2218 3212 2395 3277 Unde
2419 3214 2483 3277 ⁸:
2516 3234 2548 3274 α
2566 3211 2601 3277 J
2606 3211 2891 3276 udicium
2918 3211 3146 3276 mortis
3171 3229 3210 3273 a
3237 3209 3366 3277 Deo

1813 3324 1991 3389 omni
2016 3323 2214 3390 carni.
2236 3346 2267 3383 n
2289 3322 2462 3388 Licet
2495 3339 2666 3385 mors
2694 3321 2775 3384 sit
2800 3338 2840 3384 a
2868 3319 2998 3384 Deo
3026 3320 3367 3402 infligente

1815 3433 2123 3513 tanquam
2150 3449 2188 3494 a
2209 3432 2383 3513 justo
2402 3429 2641 3512 judice,
2679 3432 2892 3492 tamen
2918 3427 3106 3509 origo
3144 3431 3209 3491 et
3238 3427 3362 3490 im·

1816 3538 2094 3603 mediata
2119 3556 2311 3602 causa
2331 3556 2463 3602 non
2485 3541 2581 3602 est
2606 3536 2797 3614 Deus,
2826 3537 2938 3619 qui
2976 3539 3075 3600 est
3113 3553 3367 3601 summe

1816 3665 1931 3711 ens
1967 3652 2031 3710 et
2068 3645 2459 3722 indeficiens,
2501 3649 2564 3709 et
2592 3643 2667 3725 (b)
2702 3661 2878 3708 mors
2918 3643 2999 3707 sit
3043 3643 3369 3709 maximus

1817 3754 2097 3818 defectus
2121 3752 2286 3815 inter
2311 3768 2536 3815 omnes
2577 3750 2858 3815 defectus
2902 3749 3220 3832 poenales3
3256 3751 3368 3816 sed

1814 3860 2074 3925 libertas
2100 3859 2343 3924 arbitrii
2370 3858 2600 3923 cadens
2627 3877 2668 3923 a
2692 3858 3029 3923 stabilitate
3055 3862 3120 3923 et
3150 3878 3370 3943 perpe-

1817 3969 2045 4036 tuitate
2066 3967 2357 4051 justitiae.
2385 3965 2564 4031 Unde
2587 3972 2611 4008 ἵ
2644 3987 2660 4030 :
2691 3988 2723 4028 α
2752 3964 2919 4030 Deus
2943 3969 3215 4030 mortem
3233 3985 3368 4032 non

1819 4077 1964 4141 fecit
1991 4094 2010 4140 ε
2042 4098 2073 4137 n
2101 4073 2351 4158 justitia
2394 4073 2569 4139 enim
2620 4076 2932 4156 perpetua
2972 4077 3099 4151 est,
3144 4077 3210 4137 et
3251 4073 3368 4137 im-

1821 4183 2125 4249 mortalis.
2158 4182 2334 4248 Unde
2359 4181 2546 4246 radix
2570 4184 2635 4245 et
2660 4181 2849 4262 origo
2878 4181 3101 4245 mortis
3118 4184 3214 4246 est
3241 4180 3364 4246 ela-

1818 4293 1908 4356 tio
1947 4292 2178 4356 mentis
2224 4288 2535 4380 mulieris,
2578 4305 2728 4352 cum
2759 4287 2962 4352 voluit
3002 4289 3362 4370 comparari

1821 4400 1948 4488 Deo
1976 4400 2045 4463 in
2073 4399 2398 4483 sapientia,
2434 4397 2787 4462 secundum
2830 4396 3002 4479 quod
3029 4395 3265 4461 dicitur
3289 4397 3312 4433 ⁸
3341 4417 3357 4459 ε

1829 4531 1860 4569 α
1885 4509 1944 4572 Α
1971 4507 2240 4572 muliere
2266 4486 2524 4570 initium
2551 4507 2649 4569 est
2672 4503 2932 4589 peccati,
2959 4507 3026 4569 et
3051 4521 3166 4587 per
3189 4503 3365 4568 illam

1819 4632 2045 4680 omnes
2070 4614 2407 4679 morimur.
2435 4636 2467 4673 υ

1901 4722 2113 4787 Tertio
2163 4726 2494 4805 peccatum
2557 4720 2977 4804 stipendiatur
3028 4720 3367 4785 acerbitate

1821 4829 2150 4895 infernalis
2189 4830 2510 4911 gehenna
2559 4829 2843 4894 animam
2900 4845 3050 4893 cum
3106 4844 3370 4909 corpore

1821 4937 2206 5003 aeternaliter
2240 4937 2604 5001 cruciantis.
2636 4936 2815 5002 Unde
2840 4936 2863 4972 ⁹
2897 4958 2913 4999 ε
2949 4957 2981 4996 α
3003 4934 3370 5000 Judicatum

1805 5050 1916 5110 'est
1959 5045 2041 5109 de
2084 5044 2360 5124 singulis
2402 5043 2756 5108 secundnm
2781 5060 2977 5126 opera
3002 5059 3230 5106 eorum
3261 5062 3277 5106 z
3308 5045 3373 5106 et

1820 5153 2113 5217 infernus
2148 5156 2212 5217 et
2254 5169 2429 5217 mors
2467 5150 2641 5214 missi
2670 5150 2745 5232 (c)
2790 5150 3034 5214 suntin
3063 5152 3380 5232 stagnumv

1821 5261 2018 5343 ignis.
2053 5282 2084 5321 ι
2106 5260 2185 5326 Et
2219 5282 2253 5321 α
2276 5259 2418 5323 haec
2439 5260 2536 5322 est
2562 5258 2838 5322 secunda
2863 5274 3037 5321 mors
3057 5279 3090 5319 s
3111 5261 3373 5323 aeternae

1887 5424 1948 5485 (a)
1986 5422 2109 5472 Coet.
2138 5419 2262 5470 edit.
2288 5417 2531 5469 viviticat.
2560 5445 2614 5455 —
2645 5416 2710 5480 (b)
2740 5418 2851 5482 laq.
2881 5431 3019 5469 cum.
3049 5444 3113 5456 —
3150 5417 3214 5484 (c)
3246 5419 3372 5472 Goet.

1820 5495 1944 5548 edit.
1973 5495 2224 5560 ipsorum,
2253 5495 2306 5544 et
2330 5491 2386 5542 in
2411 5504 2503 5543 ore
2538 5489 2726 5545 inferni
2750 5502 2921 5556 mors3
2949 5489 3113 5544 missi.
