4059 6317
780 496 860 557 52
1872 484 2292 554 SERMONES
2331 482 2435 551 DE
2473 481 2867 551 TEMPORE.

778 622 1262 691 collocutionem
1284 639 1431 687 cum
1447 622 1704 704 angelo,
1724 620 1806 687 ad
1822 620 2146 688 Elisabeth
2167 640 2318 687 cum

776 731 1173 798 testinatione
1197 729 1498 814 perrexit.

1301 906 1593 979 SERMO
1639 909 1787 978 VII.

858 1056 1203 1124 Invenietis
1239 1055 1563 1137 infantem
1597 1054 1842 1137 parmis
1884 1051 2244 1119 involutum
2269 1051 2314 1113 ¹.

779 1163 1337 1243 Considerandum,
1367 1161 1542 1245 quod
1567 1160 1916 1227 secundum
1943 1157 2315 1242 quadrupli·

776 1290 917 1337 cem
945 1269 1173 1337 Christi
1214 1269 1671 1348 inventionem,
1701 1265 2200 1351 quadrupliciter
2224 1268 2320 1330 est

778 1377 1123 1445 involutus.
1154 1376 1490 1441 Involutus
1513 1378 1612 1440 est
1634 1374 1807 1439 enim
1833 1376 2065 1437 natura
2089 1388 2314 1454 corpo·

777 1502 911 1564 rea,
938 1484 1146 1568 specie
1168 1480 1631 1561 sacramentali,
1664 1480 2010 1561 aenigmate
2027 1477 2319 1561 spiritua-

777 1591 847 1672 li,
880 1595 946 1657 et
968 1609 1163 1657 sensu
1183 1588 1461 1657 litterali.

856 1699 944 1764 De
987 1699 1199 1782 primo
1241 1704 1268 1739 ¹
1296 1717 1315 1763 ε
1354 1720 1385 1758 α
1412 1695 1711 1763 Ezechias
1734 1693 1917 1759 scidit
1940 1693 2321 1757 vestimenta

779 1824 921 1886 sua,
950 1811 1014 1872 et
1040 1804 1383 1871 obvolutus
1407 1807 1503 1869 est
1526 1820 1729 1867 saoce.
1760 1822 1792 1861 υ
1823 1800 2124 1866 Ezechias
2150 1797 2322 1864 Cbri-

779 1917 953 1980 stum
1000 1913 1321 1997 significat
1369 1935 1386 1976 ε
1435 1912 1886 1994 interpretatur
1917 1909 2093 1972 enim
2127 1908 2319 1973 auoei·

780 2020 942 2087 lium
966 2020 1252 2087 Domini.
1282 2018 1742 2084 Vestimentum
1781 2017 1923 2099 ejus
1964 2014 2087 2078 fuit
2121 2031 2320 2097 syna-

781 2144 981 2209 goga,
1024 2145 1172 2210 quae
1218 2125 1412 2190 scissa
1450 2128 1566 2190 est.
1609 2121 1840 2198 Saccus
1891 2125 1987 2186 est
2036 2120 2323 2185 humana

778 2237 1012 2299 natura
1033 2234 1097 2298 ⁸:
1138 2255 1170 2294 α
1196 2231 1307 2297 Sol
1332 2231 1537 2296 tactus
1571 2234 1667 2295 est
1701 2229 1891 2311 niger
1918 2228 2084 2293 sicut
2105 2245 2323 2293 saccus

778 2338 1086 2404 cilicinus.
1114 2360 1147 2399 s
1183 2336 1293 2403 Sol
1317 2340 1413 2402 est
1445 2336 1729 2402 Christus
1766 2334 2116 2400 secundum
2153 2334 2317 2399 divi-

778 2449 1044 2512 nitatem
1060 2446 1083 2482 ⁶
1110 2468 1127 2511 :
1157 2468 1189 2506 α
1204 2437 1456 2511 Orietur
1480 2443 1662 2509 vobis
1688 2443 2061 2508 timentibus
2085 2459 2320 2507 nomen

780 2572 999 2619 meum
1012 2552 1404 2635 soljustitiae,
1434 2572 1465 2612 ι
1490 2554 1612 2616 etc.
1642 2549 2000 2616 Bernardus
2025 2556 2050 2591 ¹⁵
2080 2572 2096 2614 ε
2122 2575 2155 2611 ιι
2176 2549 2322 2615 Sac-

779 2679 930 2727 cum
981 2660 1155 2724 misit
1204 2658 1370 2723 Deus
1399 2658 1586 2723 Pater
1618 2658 1688 2721 in
1724 2661 1966 2723 terram
2006 2679 2023 2721 :
2065 2675 2319 2722 moeum

780 2770 1026 2852 utique,
1070 2767 1217 2831 licet
1259 2784 1564 2849 parvum,
1594 2768 1810 2829 tamen
1836 2765 2100 2849 plenum
2128 2783 2147 2828 ε
2179 2782 2321 2828 sac-

781 2893 954 2955 cum,
996 2874 1285 2956 inquam,
1312 2873 1382 2937 in
1414 2872 1705 2954 passione
1732 2872 2211 2951 concidendum,
2248 2876 2326 2936 ut

782 2981 1147 3046 effundatur
1179 2979 1352 3063 quod
1388 2979 1539 3043 latet
1564 2979 1633 3043 in
1660 2996 1737 3044 eo
1763 2978 2041 3062 pretium
2078 2978 2324 3043 redem-

783 3087 1019 3170 ptionis
1062 3089 1127 3150 et
1164 3085 1413 3168 gratiae.
1441 3105 1471 3145 t
1508 3084 1717 3163 Quare
1769 3089 1982 3149 autem
2026 3085 2324 3150 Ezechias

785 3194 1127 3261 obvolutus
1155 3193 1276 3259 fuit
1291 3212 1492 3274 saoce,
1518 3193 1754 3278 triplex
1778 3193 1901 3258 fuit
1927 3211 2158 3258 causa:
2191 3211 2326 3258 mo-

780 3304 880 3367 vit
910 3302 1082 3367 enim
1123 3301 1336 3383 ipsum
1387 3300 1804 3384 blasphemia,
1861 3299 2139 3364 hostium
2173 3317 2321 3365 suo-

782 3428 928 3474 rum
955 3410 1280 3491 angustia,
1311 3408 1684 3474 nuntiorum
1704 3406 2011 3485 molestia,
2036 3406 2148 3489 qui
2174 3406 2327 3471 scis·

780 3517 871 3581 sis
895 3517 1178 3582 vestibus
1204 3517 1286 3582 ad
1309 3534 1462 3582 eum
1488 3518 1823 3581 venerunt.
1873 3514 2084 3580 Potest
2108 3519 2321 3580 autem

779 3624 1135 3706 significari
1189 3623 1419 3707 triplex
1472 3623 1656 3702 ratio,
1711 3641 1912 3707 quare
1960 3621 2074 3687 Dei
2125 3621 2324 3688 Filius

780 3749 961 3797 sacco
1012 3730 1425 3795 humanitatis
1469 3730 1552 3795 sit
1598 3730 1930 3795 involutus
1977 3749 1994 3793 ε
2033 3729 2325 3796 videlicet

780 3837 1016 3903 diaboli
1049 3837 1377 3915 violenti&
1419 3836 1698 3902 hominis
1732 3836 2021 3916 miseria,
2067 3842 2321 3921 patrum

781 3944 1111 4010 desideria.
1142 3943 1359 4009 Patres
1383 3943 1556 4009 enim
1581 3942 1763 4026 quasi
1806 3943 2016 4008 nuntii
2038 3944 2316 4026 fuerunt,

780 4053 895 4136 qui
929 4070 1048 4135 pro
1088 4052 1368 4117 adventu
1411 4049 1641 4116 Christi
1672 4050 1999 4116 desideriis
2022 4054 2089 4116 et
2114 4053 2319 4135 suspi-

780 4160 894 4223 riis
926 4159 1117 4224 corda
1142 4158 1484 4224 sciderunt.

859 4265 945 4330 De
1017 4265 1294 4330 secundo
1339 4265 1362 4299 ⁸
1411 4286 1427 4328 ε
1482 4286 1514 4325 α
1559 4261 1847 4347 Cumque
1896 4264 2325 4331 immolaverit

779 4369 993 4437 Aaron
1039 4375 1101 4436 et
1146 4371 1261 4434 fllii
1295 4371 1460 4453 ejus,
1490 4372 1918 4436 sanctuarium
1943 4376 2097 4436 tunc
2117 4372 2321 4438 intra-

779 4476 945 4542 bunt
991 4476 1108 4542 filii
1149 4476 1366 4556 caath,
1409 4481 1484 4542 ut
1521 4481 1777 4560 portent
1798 4477 2109 4544 involuta.
2132 4502 2164 4540 n
2201 4480 2323 4547 Per

779 4585 993 4651 Aaron
1030 4603 1359 4651 summum
1387 4586 1777 4651 sacerdotem
1803 4585 2088 4653 Christus
2113 4588 2321 4671 signi-

779 4693 1024 4757 ficatur.
1057 4691 1391 4759 Psalmista
1409 4693 1433 4728 '¹
1474 4711 1491 4756 τ
1519 4692 1611 4758 Tu
1638 4707 1704 4758 es
1729 4692 2026 4761 sacerdos
2047 4696 2125 4762 in
2149 4701 2323 4764 ceter-

776 4815 954 4865 num.
996 4796 1117 4862 Per
1145 4798 1308 4863 filios
1333 4800 1498 4881 ejus,
1539 4799 1889 4864 sacerdotes
1914 4800 2078 4867 Novi
2105 4802 2319 4869 Testa-

778 4905 972 4971 menti
1010 4904 1493 4988 signiflcantur;
1532 4923 1649 4990 per
1689 4909 2150 4991 sanctuarium,
2174 4929 2321 4977 cor-

776 5030 897 5093 pus
934 5010 1185 5076 Christi.
1217 5009 1334 5075 Hic
1365 5011 1573 5095 primo
1599 5031 1640 5077 a
1666 5012 1910 5079 Christo
1941 5015 2314 5098 involvitur,

774 5118 929 5183 dum
974 5119 1044 5184 in
1092 5136 1273 5183 coena
1297 5118 1420 5183 hoc
1443 5125 1911 5187 sacramentum
1936 5123 2314 5190 instituitur.

783 5318 854 5436 μ’
884 5315 1223 5438 {wrm}
1248 5340 1316 5437 3}
1347 5315 1520 5437 '2¹⁸²’
1552 5327 1766 5439 ''iti-¹1}
1802 5323 1848 5369 ¹·
1875 5319 2003 5440 siv'
2036 5319 2208 5438 ‘¹¹⁰⁰‘ae
2239 5332 2316 5443 ἵζ’

777 5422 884 5494 —m²
909 5457 1043 5510 Psal.
1073 5470 1179 5523 cu,
1196 5423 1337 5510 ⁶2³:
1361 5460 1385 5496 ⁸
1410 5424 1588 5525 ivam„
1610 5472 1681 5525 ιν,
1709 5416 1951 5526 det-seq.
1968 5404 2096 5500 “3133
2113 5403 2315 5520 ἑτὲεὴ..

2427 619 2612 684 Nunc
2653 623 2868 684 autem
2907 616 2992 681 ab
3032 614 3174 680 aliis
3219 613 3644 680 sacerdotibus
3684 617 3930 699 quotidie

2425 725 2799 806 involvitur,
2837 725 2995 791 dum
3034 723 3274 789 virtute
3328 722 3712 806 prolatorum
3746 725 3818 789 ab
3852 727 3931 791 eis

2425 834 2771 900 verborum
2807 831 2992 915 panis
3018 831 3087 895 in
3122 848 3355 914 corpus
3397 830 3628 895 Christi
3652 834 3932 899 converti·

2425 945 2558 1020 tur,
2577 944 2643 1005 et
2661 939 3089 1005 accidentibus
3110 938 3513 1003 sensibilibus
3537 938 3792 1004 velatm.
3819 940 3932 1006 No-

2427 1049 2717 1128 tandum,
2763 1047 2934 1130 quod
2979 1046 3414 1112 sanctuarium
3448 1046 3531 1111 ab
3555 1048 3777 1125 Aaron,
3806 1053 3931 1128 etc„

2424 1156 2634 1239 primo
2685 1154 3072 1233 involvitur-3
3130 1157 3348 1236 postea
3402 1152 3542 1216 aliis
3595 1153 3791 1218 datur.
3843 1153 3931 1219 Sic

2424 1280 2656 1345 corpus
2696 1261 2928 1327 Christi
2962 1261 3173 1344 primo
3213 1279 3254 1325 a
3293 1260 3720 1326 sacerdotibus
3743 1280 3933 1326 conse·

2425 1374 2661 1448 cratus,
2705 1373 2923 1451 postea
2971 1368 3113 1433 aliis
3150 1367 3363 1433 datur.
3400 1367 3553 1433 Tria
3595 1372 3800 1433 autem
3838 1386 3936 1453 per

2425 1498 2655 1564 corpus
2722 1478 2950 1545 Christi
3004 1473 3459 1562 consequimur
3509 1499 3527 1543 ε
3579 1478 3934 1562 propitiatio-

2425 1606 2599 1666 nem,
2621 1587 3049 1665 refectionem,
3075 1585 3618 1651 illuminationem
3648 1606 3666 1649 z
3689 1588 3748 1649 et
3764 1585 3937 1666 signi-

2426 1694 2703 1759 ficantur
2728 1694 2797 1757 in
2823 1693 3052 1772 tribus,
3081 1711 3230 1776 quae
3254 1693 3423 1758 inter
3447 1691 3574 1757 alia
3600 1693 3669 1757 in
3684 1697 3938 1756 sanctua-

2425 1802 2542 1866 riis
2567 1803 2827 1868 fuerunt
2865 1799 3179 1879 involuta,
3220 1801 3385 1865 sicut
3433 1800 3669 1864 dicitur
3690 1797 3715 1834 ⁸
3739 1798 3942 1864 scilicet

2426 1910 2645 1991 altare,
2679 1927 2900 1975 mensa
2911 1909 3379 1993 propositionis,
3406 1915 3469 1975 et
3496 1908 3938 1974 candelabrum.

2428 2016 2501 2081 In
2541 2017 2726 2082 altari
2765 2015 3152 2100 propitiatio,
3199 2016 3267 2079 in
3313 2032 3533 2079 mensa
3573 2014 3859 2093 refectio,
3885 2013 3942 2077 in

2427 2123 2801 2189 candelabro
2825 2122 3210 2187 illuminatio
3234 2121 3662 2203 significatur.

2507 2228 2595 2293 De
2623 2231 2808 2294 tertio
2827 2230 2851 2265 ⁹
2880 2250 2897 2292 ε
2938 2250 2971 2291 ι
2992 2227 3151 2293 Ecce
3173 2231 3407 2294 ventus
3440 2227 3720 2293 turbinis
3745 2231 3805 2292 et
3830 2246 3940 2292 nu·

2427 2337 2541 2401 bes
2562 2355 2838 2419 magna,
2863 2342 2928 2402 et
2952 2337 3124 2418 ignis
3147 2335 3484 2402 involvens
3511 2357 3528 2399 t
3562 2341 3629 2400 et
3654 2336 3732 2401 de
3760 2334 3943 2400 medio

2430 2449 2570 2530 ejus
2614 2449 2798 2531 quasi
2832 2446 3071 2531 species
3113 2445 3351 2510 electri.
3395 2467 3426 2504 n
3461 2443 3586 2510 Per
3629 2444 3940 2520 electrum,

2429 2552 2604 2635 quod
2652 2558 2749 2618 est
2790 2571 2874 2618 ex
2917 2570 3078 2618 auro
3111 2556 3176 2617 et
3203 2554 3527 2634 argento,
3577 2550 3851 2616 Christus
3884 2547 3944 2611 in

2429 2661 2679 2727 duabus
2727 2660 2974 2725 naturis
2998 2660 3409 2743 {significatur
3434 2658 3479 2695 ¹⁰
3507 2679 3524 2723 z
3555 2675 3717 2722 auro
3739 2654 3943 2721 divini-

2429 2769 2576 2833 tatis
2591 2816 2609 2848 ,
2639 2774 2703 2834 et
2726 2773 2996 2852 argento
3014 2767 3452 2834 humanitatis.
3481 2766 3663 2849 Ignis
3685 2766 3784 2830 bic
3803 2763 3938 2829 elec-

2427 2881 2604 2942 trum
2629 2876 2988 2957 involvens,
3016 2879 3112 2941 est
3133 2876 3291 2941 fides
3316 2892 3434 2940 nos
3456 2874 3823 2938 illuminans
3847 2887 3946 2953 per

2428 2983 2884 3066 cognitionem.
2932 2983 3044 3049 Est
3085 2989 3304 3048 tamen
3351 2982 3691 3048 involvens
3716 2981 3945 3062 propter

2429 3091 2793 3173 aenigmatis
2800 3092 3274 3157 obscuritatem.
3292 3089 3593 3155 Videmus
3608 3088 3781 3153 enim
3795 3101 3946 3150 nunc

2424 3213 2542 3282 per
2557 3199 2881 3280 speculum
2900 3200 2976 3265 in
2997 3199 3335 3281 aeniqmaco
3354 3197 3422 3276 ¹¹,
3448 3200 3511 3262 et
3540 3196 3663 3261 sub
3685 3191 3947 3260 obscuris

2429 3304 2958 3370 similitudinibus
2979 3351 2998 3382 ,
3029 3306 3193 3369 sicut
3227 3302 3491 3386 exponit
3537 3302 3773 3368 Glossa.
3819 3297 3948 3364 Pos-

2428 3416 2578 3477 sunt
2616 3417 2837 3478 autem
2877 3412 2984 3477 hic
3025 3411 3151 3476 tria
3196 3409 3435 3475 attendi
3455 3458 3477 3490 ,
3521 3414 3782 3494 propter
3821 3423 3948 3490 quae

2428 3518 2737 3584 Dominus
2796 3537 2969 3584 nunc
3014 3517 3195 3601 quasi
3241 3516 3572 3582 involutus
3625 3522 3723 3582 est
3773 3512 3950 3582 oculis

2428 3629 2662 3693 mentis
2695 3632 2930 3693 nostrae
2963 3645 2983 3691 ι
3008 3625 3285 3692 turbatio
3311 3627 3497 3690 extra
3520 3642 3641 3690 nos
3660 3671 3679 3701 ‚
3708 3625 3948 3688 natura·

2426 3735 2590 3800 lium
2615 3734 2976 3801 obscuratio
3002 3735 3174 3799 intra
3192 3750 3311 3797 nos
3329 3780 3347 3813 ,
3374 3725 3950 3796 immensitaslumi·

2426 3842 2527 3906 nis
2559 3861 2756 3926 supra
2779 3860 2921 3907 nos.
2951 3840 3263 3920 Primum,
3283 3842 3356 3904 in
3371 3843 3569 3906 vento
3593 3833 3943 3910 turbidinis;

2426 3950 2816 4030 secundum,
2845 3949 2915 4012 in
2942 3948 3150 4027 nuhe3
3186 3947 3450 4014 tertium
3470 3994 3492 4025 ,
3529 3946 3599 4010 in
3625 3946 3798 4026 igue.
3832 3938 3946 4005 Un-

2425 4057 2505 4122 de
2542 4058 2705 4123 bene
2746 4057 2837 4122 ibi
2880 4056 3114 4120 dicitur
3132 4055 3155 4091 ⁹
3187 4076 3205 4119 :
3248 4077 3280 4117 α
3306 4053 3385 4119 Et
3411 4052 3713 4138 splendor
3751 4051 3816 4114 in
3847 4047 3950 4111 cir·

2427 4165 2606 4231 cuitu
2632 4167 2796 4248 ejus.
2821 4185 2853 4224 n
2885 4162 3131 4228 Tantus
3155 4162 3333 4227 enim
3361 4164 3457 4226 est
3480 4160 3782 4244 splendor
3803 4154 3949 4223 divi-
4029 4195 4030 4198 =

2427 4290 2530 4339 nae
2554 4275 2838 4351 naturas,
2885 4269 3059 4354 quod
3085 4269 3168 4335 ad
3203 4270 3410 4352 ipsam
3438 4268 3510 4332 in
3549 4266 3678 4332 hac
3721 4260 3949 4330 mortali

2425 4379 2559 4444 vita
2603 4377 2827 4443 oculus
2863 4375 3096 4441 mentis
3146 4375 3440 4440 accedere
3491 4391 3626 4439 non
3665 4372 3829 4438 valet
3858 4370 3943 4430 ¹2:

2433 4507 2465 4547 c
2489 4482 2725 4549 Lucem
2751 4482 3001 4547 habitat
3043 4480 3565 4546 inaccessibilem.
3590 4500 3624 4540 n
3656 4474 3946 4559 Augusti-

2425 4609 2550 4655 nus
2589 4591 2636 4628 ²⁸
2680 4611 2698 4653 t
2738 4611 2770 4650 α
2808 4588 2857 4653 Ο
2887 4607 3147 4654 summa
3198 4592 3264 4652 et
3311 4586 3759 4652 inaccessibilis
3805 4584 3943 4659 lux,

2424 4716 2621 4780 quam
2655 4696 2848 4777 longe
2876 4713 2947 4760 es
2986 4714 3026 4760 a
3055 4714 3159 4759 me
3181 4743 3199 4776 ,
3242 4694 3356 4779 qui
3394 4694 3509 4759 tibi
3550 4710 3702 4759 sum
3734 4689 3942 4775 prope!

2425 4804 2652 4869 Adhuc
2694 4803 2850 4868 lates
2859 4850 2881 4883 ,
2931 4802 3232 4881 Domine,
3294 4800 3582 4866 animam
3638 4813 3844 4862 meam
3886 4794 3948 4855 in

2422 4910 2566 4977 lnce
2585 4960 2602 4991 ,
2633 4915 2696 4975 et
2722 4911 2864 4976 ideo
2888 4910 3000 4975 illa
3029 4909 3242 4976 adbuc
3267 4912 3564 4975 versatur
3588 4906 3664 4971 in
3689 4898 3946 4971 tenebris

2426 5024 2490 5085 et
2519 5018 2801 5083 mizeria.
2833 5038 2866 5080 ι

2503 5124 2591 5190 De
2615 5129 2846 5209 quarto
2872 5124 2965 5190 ¹⁸:
3008 5146 3040 5186 c
3065 5123 3225 5190 Eece
3249 5139 3482 5188 manus
3521 5120 3718 5184 missa
3748 5119 3844 5183 est
3876 5112 3947 5179 ad

2425 5261 2466 5316 1,
2495 5251 2542 5302 4.
2567 5276 2629 5288 —
2658 5250 2694 5281 ¹·
2723 5252 2898 5315 Greg„
2932 5251 2987 5299 in
3019 5247 3217 5307 Erech..
3249 5246 3341 5298 lib.
3375 5247 3426 5311 1,
3454 5245 3599 5297 110111.
3627 5256 3690 5309 11,
3713 5256 3765 5294 n.
3799 5241 3869 5292 u.
3893 5263 3948 5276 —

2427 5325 2461 5357 ¹²
2503 5321 2518 5369 Ι
2565 5321 2702 5384 Cor„
2739 5331 2869 5382 xm,
2915 5322 2994 5372 12.
3022 5345 3087 5358 -
3120 5320 3212 5369 ¹¹1
3253 5316 3394 5378 Hm„
3439 5328 3523 5378 vr,
3562 5319 3640 5366 16.
3666 5340 3731 5353 -
3757 5312 3799 5350 ¹⁸
3828 5313 3945 5373 Aug.

2422 5390 3019 5527 ffizuzicghsinliui’leohabem
3061 5390 3228 5454 Confi,
3257 5389 3347 5440 lib.
3385 5389 3497 5450 vn,
3525 5400 3572 5438 c.
3601 5398 3681 5450 ιι,
3708 5398 3762 5436 n.
3796 5383 3864 5435 17.
3891 5403 3946 5418 -
