4059 6317
638 447 757 517 3110

635 585 868 668 eteius
893 582 1031 665 filii,
1063 600 1148 650 ne
1174 584 1336 651 forte
1362 585 1709 651 mendaciis
1744 585 1920 666 regis
1955 584 2179 649 Antio-

635 694 763 773 chi,
793 693 909 777 qni
951 693 1290 758 inducebat
1323 692 1578 759 Judaeos
1616 692 1692 757 ad
1734 691 2177 770 idololatriam,

632 800 1097 881 consentirent,
1129 805 1468 885 postquam
1511 802 1653 884 ejus
1695 799 2001 864 nuntium
2029 817 2184 863 con-

635 912 878 973 stanter
903 908 1402 990 redarguerunt,
1430 913 1496 975 01
1522 908 1591 972 10
1616 908 1751 973 zelo
1776 907 1945 989 legis
1976 910 2044 971 et
2069 925 2180 972 ve-

632 1015 845 1079 ritatis
886 1015 1328 1080 interfecerunt
1345 1064 1367 1095 ,
1401 1016 1831 1098 relinquentes
1867 1014 2089 1079 omnia
2113 1014 2183 1079 in

636 1121 914 1202 civitate,
940 1124 1021 1187 ad
1050 1125 1455 1189 securitatem
1473 1123 1865 1207 paupertatis
1882 1124 2068 1187 consu
2077 1139 2186 1204 ge·

634 1234 809 1296 runt.
840 1228 1022 1295 Unde
1068 1230 1147 1296 de
1191 1231 1295 1295 1110
1330 1230 1561 1297 dicitur
1586 1232 1607 1267 ¹
1650 1253 1666 1297 :
1720 1253 1751 1292 11
1787 1228 2188 1296 Exclamavit

636 1336 1018 1402 Mathathias
1059 1356 1215 1403 voce
1256 1356 1502 1419 magna
1526 1338 1742 1403 dicens
1782 1339 1851 1401 111
1878 1336 2131 1402 civitate
2160 1354 2178 1400 :

637 1444 857 1511 Omnis
882 1446 996 1529 qui
1023 1446 1231 1511 zelum
1257 1446 1454 1511 habet
1487 1445 1652 1527 legis
1678 1449 1963 1509 statuens
1988 1446 2181 1508 testa-

638 1556 952 1632 mentum,
984 1557 1171 1618 exeat
1194 1558 1334 1636 post
1356 1571 1485 1618 me.
1513 1551 1594 1616 Et
1617 1552 1785 1634 fugit
1806 1552 1944 1635 ipse
1966 1555 2033 1616 et
2062 1552 2179 1616 filii

635 1665 779 1745 ejus
803 1662 875 1726 in
902 1665 1208 1742 montem,
1240 1665 1304 1726 et
1330 1661 1726 1744 reliquerunt
1760 1678 2184 1744 quaecumque

637 1772 958 1837 habebant
989 1772 1058 1835 in
1077 1770 1354 1836 civitate.
1371 1791 1403 1829 11
1441 1768 1785 1834 Gloriosius
1802 1768 2186 1852 reputabant

634 1880 742 1944 isti
767 1880 937 1944 beati
963 1879 1091 1944 viri
1119 1897 1268 1944 cum
1296 1877 1565 1944 veritate
1592 1877 1803 1960 dejici,
1826 1895 2022 1960 quam
2053 1895 2186 1941 ma·

633 1986 925 2069 gnificat-i
965 2003 1115 2050 cum
1153 1985 1445 2050 falsitate.
1491 1983 1540 2050 Ο
1583 2001 1781 2067 qnam
1830 1983 2183 2098 glorios-um

631 2099 724 2158 est
751 2091 915 2157 mori
943 2112 1059 2176 pro
1083 2092 1372 2172 veritate,
1402 2108 1551 2176 quae
1577 2095 1642 2155 et
1673 2091 1726 2154 si
1762 2109 1893 2155 non
1921 2108 2185 2155 conver-

632 2205 724 2265 tat
746 2201 1135 2279 audientem,
1165 2203 1424 2264 coronat
1448 2202 1666 2263 tamen
1691 2197 2178 2281 praedicanteml

631 2306 680 2371 Ο
719 2307 912 2372 Deus!
946 2308 1195 2373 utinam
1232 2310 1442 2370 essent
1481 2305 1672 2370 hodie
1703 2304 1892 2369 multi
1933 2303 2181 2369 Matha-

632 2416 811 2494 thiae,
840 2416 1027 2481 multi
1053 2416 1326 2482 Joannes
1348 2414 1667 2497 Baptistae,
1695 2418 1759 2479 et
1778 2413 1967 2479 multi
1998 2412 2181 2479 Pauli

632 2523 920 2606 apostoli,
950 2523 1063 2606 qui
1101 2542 1230 2588 non
1257 2526 1539 2602 tacerent
1576 2521 1914 2587 veritatem
1944 2520 2184 2603 princi·

633 2631 846 2713 pibus,
869 2633 934 2694 et
962 2630 1284 2713 praecipue
1309 2627 1606 2711 praelatis.
1636 2626 1979 2693 Nullorum
2007 2627 2185 2691 enim

559 2715 568 2730 ⁰
633 2738 766 2802 vita
780 2736 991 2818 magis
1008 2740 1191 2801 nocet
1208 2753 1403 2819 quam
1415 2735 1803 2818 principum,
1823 2738 1887 2799 et
1903 2736 2184 2799 maxime

636 2843 1072 2927 praelatorum.
1108 2841 1285 2908 Unde
1326 2841 1673 2924 Gregorius
1698 2842 1722 2877 ²
1752 2859 1770 2907 z
1825 2864 1859 2903 α
1887 2839 2090 2908 Νο1110
2116 2843 2185 2906 10

636 2950 914 3017 Ecclesia
955 2951 1165 3032 magis
1208 2953 1392 3015 nocet
1410 2998 1431 3029 ,
1479 2968 1674 3033 quam
1722 2950 1839 3033 qui
1888 2966 2186 3033 perverse

638 3077 875 3141 agens,
918 3077 1155 3124 nomen
1191 3057 1298 3123 vel
1337 3058 1632 3124 ordinem
1682 3057 2010 3140 dignitatis
2049 3057 2186 3123 sive

637 3167 984 3233 sanctitatis
1014 3169 1207 3231 tenet.
1241 3164 1728 3248 Delinquentem
1756 3181 2038 3248 namque
2065 3165 2186 3229 ha-

637 3275 794 3342 bens
828 3274 1216 3355 redarguere
1243 3273 1347 3338 vel
1377 3272 1731 3356 praesumit,
1761 3272 1920 3338 etin
1963 3290 2181 3338 exem-

638 3384 819 3467 plum
846 3383 1033 3466 culpa
1074 3380 1486 3447 vehementer
1514 3381 1899 3461 extenditur,
1929 3381 2186 3463 quando

639 3508 757 3573 pro
786 3489 1139 3555 reverentia
1163 3487 1404 3553 ordinis
1428 3490 1717 3571 peccator
1739 3487 2116 3552 honoratur.
2145 3510 2176 3550 ι

720 3597 932 3663 Tertio
960 3596 1358 3680 reliquerunt
1399 3595 1615 3659 omnia
1639 3597 1948 3678 tanquam
1974 3596 2183 3661 obsta·

640 3706 782 3771 cula
808 3703 1260 3787 praepedientia
1281 3752 1299 3784 ,
1331 3707 1407 3767 ut
1442 3705 1655 3768 essent
1693 3703 2077 3768 efficaciores
2105 3704 2187 3769 ad

639 3812 1031 3896 persuadenti
1042 3829 1152 3879 um
1194 3811 1461 3876 bonum.
1512 3808 1694 3875 Unde
1734 3813 1757 3849 ⁸
1799 3827 1819 3874 2
1877 3832 1909 3872 α
1961 3808 2187 3876 Venite

639 3924 780 4004 post
816 3938 920 3984 me
938 3968 958 3999 ,
1001 3918 1229 3983 faciam
1256 3937 1370 3984 vos
1404 3916 1552 3982 fleri
1591 3917 1937 4002 piscatores
1970 3916 2186 3982 homi-

640 4047 820 4094 num.
850 4020 934 4093 A't
963 4027 1059 4092 1111
1086 4026 1388 4092 00011000
1407 4074 1428 4107 ,
1457 4025 1694 4091 relictis
1719 4027 2020 4091 omnibus
2035 4073 2056 4106 ‚
2086 4043 2187 4091 se-

639 4137 771 4202 cuti
806 4139 959 4201 sunt
984 4154 1157 4201 eum.
1192 4158 1224 4195 11
1258 4133 1415 4199 Εο00
1437 4133 1608 4218 quod
1638 4133 1905 4217 apostoli
1931 4132 2007 4198 ad
2036 4133 2182 4212 hoc,

638 4246 808 4330 quod
843 4245 1180 4310 efficaciter
1219 4244 1615 4327 piscarentur
1652 4242 1979 4320 homines,
2027 4241 2185 4306 reli-

639 4356 917 4437 querunt
941 4351 1160 4416 omnia
1186 4353 1461 4429 terrena,
1492 4368 1573 4413 ne
1601 4348 2025 4427 obstaculum,
2049 4349 2185 4416 sive

639 4461 1167 4545 impedimentum
1208 4459 1374 4538 illis,
1410 4477 1575 4543 quos
1616 4458 1918 4542 piscaturi
1962 4463 2180 4539 erant,

638 4570 1019 4655 praeberent.
1051 4565 1215 4631 Nam
1243 4567 1406 4631 sicut
1432 4567 1660 4632 melius
1688 4567 2026 4650 persuadet
2051 4567 2187 4632 vita

636 4691 833 4756 quam
878 4671 1100 4752 signa,
1139 4674 1203 4734 01
1239 4669 1534 4753 exempla
1571 4688 1769 4754 quam
1812 4669 2009 4736 verba
2027 4719 2045 4751 ,
2095 4670 2186 4735 sic

637 4780 955 4846 efficacius
998 4778 1337 4862 persuadet
1375 4782 1780 4861 contemptus
1820 4777 2046 4843 mundi
2068 4825 2087 4859 ,
2120 4782 2185 4843 et

637 4887 1037 4952 mortificatio
1063 4885 1272 4950 carnis
1289 4934 1307 4966 ,
1334 4890 1400 4950 et
1425 4885 1536 4968 qui
1554 4904 1797 4969 pauper
1824 4891 1939 4966 est,
1969 4890 2033 4951 et
2052 4904 2187 4951 car-

635 5014 785 5060 nem
813 5011 999 5059 suam
1023 4992 1344 5075 crucifigit
1370 5009 1518 5057 cum
1554 4992 1728 5057 vitiis
1753 4997 1818 5058 et
1846 4996 2184 5077 concupis-

636 5103 879 5182 centiis,
899 5120 1099 5184 quam
1123 5101 1237 5184 qui
1259 5099 1437 5166 dives
1467 5102 1584 5179 est,
1617 5104 1682 5164 et
1706 5119 1966 5168 carnem
1997 5121 2182 5169 suam

635 5210 841 5280 nutrit
869 5214 931 5274 et
961 5210 1132 5275 fovet
1158 5209 1226 5273 in
1254 5206 1517 5273 deliciis.
1550 5205 1705 5286 Quis
1732 5209 1906 5274 enim
1931 5213 2180 5294 aposto-

696 5373 717 5409 ¹
740 5374 760 5422 1
788 5369 969 5432 Koch„
997 5381 1058 5435 11,
1090 5371 1171 5421 27.
1208 5395 1264 5409 -
1294 5370 1319 5405 ¹
1352 5370 1504 5435 Grog.
1535 5395 1597 5410 ·—
1625 5368 1648 5404 ⁸
1671 5370 1882 5424 Halm..
1909 5382 1985 5438 nr,
2016 5375 2180 5425 19-20.

636 5469 700 5487 --
725 5446 745 5477 ⁴
776 5448 793 5496 l
829 5444 974 5509 Tim„
1002 5454 1077 5508 Vl,
1106 5444 1180 5494 ¹0.

1739 435 2157 514 SERMONES
2197 433 2300 515 DE
2337 434 2733 514 TEMPORE.

2288 583 2370 648 lis
2395 584 2475 649 de
2515 585 2886 666 contemptu
2925 579 3153 648 mundi
3193 581 3591 662 credidiaetQ
3630 577 3680 647 01
3723 593 3828 649 eos

2289 694 2606 756 amatores
2657 691 3133 757 mundanorum
3188 691 3492 755 vidisset?
3542 688 3610 755 Si
3662 688 3830 754 enim

2290 798 2555 881 apostoli
2582 803 2930 882 quaestores
2955 803 3020 865 et
3056 803 3557 882 congregatores
3583 797 3829 863 divitia-

2289 924 2439 971 rum
2466 906 2756 987 fuissent,
2795 911 2967 972 totus
2997 906 3276 972 mundus
3312 906 3395 974 ab
3420 906 3514 971 eis
3541 907 3826 988 fugisset,

2289 1015 2397 1079 vel
2444 1015 2669 1082 saltem
2713 1033 2827 1098 per
2879 1034 3108 1082 eorum
3159 1014 3713 1082 conversationem
3754 1014 3830 1078 ab

2290 1141 2510 1188 amore
2531 1123 2640 1189 Dei
2659 1123 2999 1206 elongatus
3013 1124 3255 1189 fuisset.
3272 1123 3325 1189 N
3332 1141 3457 1188 unc
3472 1126 3691 1188 autem
3706 1127 3833 1186 rete

2289 1232 2680 1317 paupertatis
2725 1233 2986 1298 attraxit
3028 1233 3106 1298 ad
3149 1250 3436 1298 amorem
3480 1237 3546 1297 et
3582 1230 3831 1295 laudem

2290 1339 2423 1420 Dei,
2441 1340 2698 1423 quando
2714 1358 2941 1405 eorum
2960 1340 3256 1424 exemplo
3274 1340 3594 1405 destructa
3614 1337 3831 1403 mundi

2291 1447 2660 1530 cupiditate,
2691 1466 2838 1531 quae
2864 1451 2960 1512 est
2983 1446 3006 1483 ⁸
3042 1470 3073 1509 <1
3096 1446 3278 1512 radix
3304 1447 3599 1511 omnium
3635 1444 3830 1509 malo·

2291 1573 2465 1630 rum,
2492 1577 2523 1616 11
2557 1555 2953 1620 inserebatur
2982 1554 3282 1620 cordibus
3301 1553 3589 1619 fidelium
3613 1552 3832 1617 Christi

2291 1666 2656 1744 paupertas,
2680 1680 2828 1746 quae
2845 1665 2940 1726 est
2957 1661 3334 1745 primarium
3350 1659 3834 1726 fundamentum

2289 1769 2503 1834 omnis
2555 1768 2730 1834 boni.
2778 1767 2923 1834 Non
2969 1768 3143 1834 enim
3187 1767 3372 1833 aliter
3409 1767 3836 1833 fundaverunt

2289 1875 2555 1960 apostoli
2583 1876 2946 1954 Ecclesiam,
2970 1876 3095 1941 nisi
3113 1894 3229 1960 per
3250 1876 3549 1959 spiritum
3575 1892 3836 1958 pauper-

2291 1982 2461 2062 tatis,
2487 1983 2641 2066 quia
2667 2001 2797 2048 non
2828 1983 3113 2048 exercitu
3139 2000 3479 2066 equorum,
3518 1987 3584 2046 et
3613 1982 3833 2046 robore

2292 2091 2666 2156 divitiarum
2717 2091 3039 2156 mundum
3092 2091 3582 2168 converterunt;
3640 2088 3834 2153 immo

2291 2215 2410 2281 pro
2439 2216 2598 2263 auro
2641 2201 2705 2263 et
2748 2198 3102 2264 redditibus
3145 2198 3316 2263 salus
3351 2196 3560 2262 viluit.
3607 2194 3734 2260 Sed
3757 2214 3834 2260 ne

2289 2305 2452 2370 forte
2493 2307 2962 2373 commendatio
2991 2306 3379 2391 paupertatis
3415 2305 3713 2372 videatur
3737 2321 3832 2367 re-

2291 2411 2530 2486 sultare
2575 2412 3167 2478 condemnationem
3215 2410 3669 2495 temporalium
3722 2409 3830 2475 Ec-

2290 2518 2535 2599 clesiae3
2579 2520 2724 2584 ideo
2767 2522 3013 2587 bonum
3057 2524 3154 2585 est
3203 2520 3441 2599 dicere,
3470 2519 3645 2602 quod
3684 2521 3836 2583 tem·

2292 2627 2536 2710 poralia
2563 2626 2854 2693 Ecclesiae
2880 2628 3046 2692 bene
3069 2630 3222 2693 sunt
3248 2645 3367 2710 pro
3382 2631 3672 2708 tempore
3692 2625 3834 2691 tolc-

2294 2735 2495 2801 randa
2508 2782 2529 2815 ,
2581 2738 2645 2800 et
2702 2736 2896 2800 etiam
2963 2735 3416 2819 quoquomodo
3485 2733 3832 2799 affectanda

2292 2848 2552 2927 propter
2580 2842 3000 2925 multiplicem
3027 2857 3308 2922 causam,
3339 2841 3632 2906 videlicet
3650 2859 3830 2924 prop·

2293 2954 2394 3016 ter
2408 2949 2637 3033 Sponsi
2661 2949 2996 3030 honorem,
3011 2949 3274 3034 Sponsae
3301 2948 3619 3027 decorem,
3646 2950 3834 3014 viato-

2294 3077 2444 3123 rum
2493 3057 3015 3123 sustentationem
3032 3106 3051 3139 ,
3111 3074 3468 3141 pauperum
3523 3057 3829 3140 provisio·

2293 3184 2467 3248 nem,
2495 3166 2905 3231 infirmorum
2922 3166 3440 3243 consolationem,
3464 3167 3530 3229 et
3548 3164 3829 3230 fidelium

2294 3275 2720 3353 devotionem,
2750 3278 2815 3339 et
2834 3276 3027 3339 etiam
3052 3277 3311 3357 propter
3335 3290 3532 3338 usum
3559 3289 3833 3337 commu—

2294 3382 2534 3447 nitatis.
2576 3381 2654 3447 Et
2707 3399 2856 3447 cum
2901 3386 3157 3466 propter
3206 3381 3363 3446 istas
3407 3399 3634 3446 causas
3675 3383 3831 3446 tole-

2295 3496 2543 3571 rantur,
2561 3509 2697 3557 non
2709 3492 3079 3557 diminuunt
3106 3491 3175 3556 in
3201 3490 3482 3575 praelatis
3501 3491 3831 3573 perfectio-

2295 3615 2446 3662 nem
2464 3617 2482 3662 :
2501 3598 2613 3663 sed
2638 3598 2694 3661 si
2718 3598 2883 3663 bene
2909 3598 3379 3681 dispensentur,
3402 3598 3708 3663 meritum
3732 3615 3833 3661 au-

2298 3709 2489 3786 gent3
2536 3710 2600 3770 et
2636 3705 2692 3769 si
2732 3706 2898 3771 male
2918 3752 2937 3784 ,
2973 3706 3368 3771 occasionem
3411 3705 3831 3772 damnationis

2294 3815 2624 3896 praestant.

2376 3919 2667 3987 Secundo
2689 3924 2949 3989 notatur
2976 3921 3048 3987 in
3071 3921 3271 3986 verbo
3298 3920 3625 4004 proposito
3651 3922 3834 4004 adep—

2295 4028 2385 4093 tio
2430 4029 2878 4112 complementi
2930 4029 3322 4112 expedientis
3337 4076 3361 4109 ,
3408 4046 3560 4093 cum
3614 4029 3765 4094 dicit
3813 4049 3830 4094 ε

2299 4134 2511 4202 secuti
2536 4140 2690 4202 sunt
2716 4151 2881 4202 eum.
2908 4134 3123 4201 Secuti
3149 4139 3303 4200 sunt
3325 4135 3593 4219 apostoli
3626 4136 3832 4202 Chris·

2297 4246 2460 4319 tum,
2495 4246 2806 4326 tanquam
2830 4242 3029 4306 finem
3056 4245 3121 4306 et
3139 4241 3682 4324 complementum
3707 4261 3836 4308 om·

2296 4349 2396 4414 nis
2434 4349 2616 4428 boni,
2657 4350 2987 4434 tripliciter
3023 4373 3039 4415 ε
3086 4351 3295 4433 primo
3337 4350 3671 4416 humiliter
3707 4352 3837 4417 sine

2297 4457 2622 4541 superbia,
2643 4463 2905 4542 propter
2920 4459 3318 4542 splendorem
3335 4459 3608 4525 internae
3625 4460 3838 4543 cogni·
3889 4465 3898 4478 “

2294 4566 2518 4647 tionis;
2577 4568 2854 4634 secundo
2906 4568 3301 4634 concorditer
3367 4571 3506 4634 sine
3557 4570 3833 4648 invidia,

2294 4678 2555 4757 propter
2607 4693 2893 4765 amorem
2949 4694 3247 4760 supernae
3301 4676 3831 4755 conversationis;

2294 4782 2483 4846 tertio
2509 4788 2993 4865 perseveranter
3018 4803 3167 4849 cum
3195 4783 3566 4862 constantia,
3584 4787 3837 4867 propter

2293 4888 2700 4954 tolerantiam
2725 4892 3044 4957 continuae
3064 4892 3444 4956 afflictionis.
3475 4888 3554 4954 Et
3577 4891 3670 4954 010
3696 4908 3836 4972 apo·

2294 4996 2438 5076 stoli
2465 5001 2803 5079 sequentes
2831 4999 3173 5081 Christum,
3209 5018 3323 5082 per
3362 4999 3503 5064 haec
3531 4999 3655 5063 tria
3691 5014 3835 5082 per-

2292 5103 2453 5169 fecte
2493 5105 2957 5171 reducebantur
2997 5107 3080 5172 ad
3131 5108 3382 5172 beatam
3434 5105 3827 5172 Trinitatem.

2292 5209 2456 5277 Nam
2482 5229 2597 5295 per
2622 5214 3024 5296 splendorem
3051 5215 3354 5281 claritatis
3383 5218 3643 5282 aeternae
3673 5214 3830 5280 diri-

2292 5321 2505 5402 gentis
2528 5321 2928 5404 rationalem,
2968 5324 3435 5390 reducebantur
3471 5323 3553 5390 ad
3584 5323 3828 5408 sapien·

2290 5428 2448 5493 tiam
2488 5428 2662 5512 Filii;
2693 5449 2808 5516 per
2846 5448 3134 5497 amorem
3176 5431 3502 5497 charitatis
3538 5445 3827 5517 superna
