4059 6317
842 527 1223 597 nofflch
1264 530 1348 599 iv
1388 528 1586 598 Posr
1628 525 2004 596 oc'rAVAM
2055 473 2409 594 eAscnAE.
2453 523 2716 593 suano
2758 522 2809 592 1.

233 663 593 749 displiceret
616 664 819 731 oculis
847 664 1083 732 divinae
1111 666 1459 751 majestatis
1480 714 1499 745 ‚
1529 683 1650 730 nec
1675 664 1771 728 in·

234 771 499 838 clinaret
537 772 938 854 dulcedinem
982 774 1233 857 pietatis
1251 822 1270 853 ,
1321 774 1454 839 imo
1496 772 1774 838 irritaret

232 880 679 954 rectitudinem
706 881 1043 962 aequitatis.
1072 880 1153 946 Et
1176 887 1435 965 propter
1459 880 1579 945 hoc
1604 878 1771 945 dici-.-

230 990 336 1053 tur
357 989 379 1024 ¹
411 1007 429 1051 :
463 986 686 1052 Petitis
709 990 773 1052 et
796 1005 927 1052 non
950 988 1268 1071 accipitis,
1298 1005 1375 1053 eo
1401 986 1575 1071 quod
1604 985 1770 1050 male

233 1093 482 1176 petatis.
510 1114 542 1154 n
580 1092 761 1172 Quod
799 1094 903 1174 flt,
952 1094 1204 1176 quando
1254 1095 1493 1186 petitur
1529 1091 1769 1176 aliquid

232 1200 404 1284 quod
420 1200 507 1264 sit
527 1200 923 1266 contrarium
948 1200 1139 1266 saluti
1163 1219 1324 1282 suae,
1343 1201 1450 1266 vel
1464 1199 1764 1283 proximi,

232 1308 385 1393 quia
408 1308 571 1374 adeo
594 1306 878 1391 displicet
902 1307 1052 1386 Deo,
1083 1308 1247 1374 sicut
1269 1308 1382 1392 qui
1407 1307 1597 1374 alicui
1626 1306 1771 1389 regi

232 1418 476 1500 peteret
508 1419 587 1481 ut
609 1414 844 1481 faceret
885 1415 1008 1479 sibi
1036 1415 1428 1499 vituperium
1450 1463 1468 1495 ,
1513 1414 1616 1480 vel
1655 1432 1769 1497 op-

234 1523 591 1606 probrium.
635 1521 758 1589 Sed
800 1523 953 1607 quia
976 1523 1135 1589 vitia
1170 1523 1293 1589 sub
1330 1522 1538 1604 specie
1563 1521 1769 1587 virtu-

232 1635 372 1697 tum
409 1630 753 1715 aliquando
791 1631 1174 1711 offeruntur,
1225 1634 1289 1696 et
1331 1630 1453 1695 sub
1491 1629 1771 1712 quadam

234 1738 652 1805 similitudine
672 1786 692 1819 ,
723 1755 871 1821 quae
911 1742 1119 1804 mater
1158 1742 1255 1804 est
1281 1735 1595 1816 falsitatis,
1639 1736 1773 1800 ani-

234 1864 379 1913 mus
406 1846 783 1927 concitatur,
815 1846 960 1912 ideo
996 1845 1185 1911 multi
1224 1846 1294 1909 in
1323 1845 1427 1911 sui
1468 1843 1772 1928 petitione

236 1953 656 2037 decipiuntur.

311 2060 616 2144 Sequitur
645 2083 663 2125 ι
692 2060 780 2129 Et
803 2061 1134 2143 accipietis
1160 2079 1183 2125 .·
1212 2059 1325 2125 ubi
1363 2057 1641 2124 secundo
1665 2076 1768 2123 as·

231 2170 384 2235 serit
421 2168 751 2235 liberalem
794 2169 1186 2236 affluentiam
1231 2185 1526 2252 supernae
1571 2167 1770 2233 diffu-

233 2276 451 2342 sionis.
504 2275 537 2341 J
540 2279 701 2342 uxta
743 2276 1055 2359 triplicem
1088 2276 1263 2342 enim
1297 2274 1772 2359 dispositionem

232 2384 601 2468 praedictam
619 2432 645 2464 ,
672 2383 982 2468 accipient
1018 2383 1252 2466 triplex
1292 2382 1535 2448 donum
1561 2382 1643 2447 ab
1669 2381 1770 2446 at-

232 2491 500 2558 ssuentia
523 2491 762 2556 divinae
787 2490 1199 2556 liberalitatis.
1232 2488 1393 2554 Nam
1421 2489 1629 2572 primo
1656 2507 1773 2572 pe-

231 2600 436 2664 tentes
450 2597 802 2678 sinceriter,
813 2616 965 2663 cum
978 2597 1355 2663 rectitudine
1372 2595 1771 2661 conscientias

232 2706 301 2770 in
327 2705 700 2771 declinando
738 2706 985 2770 malum
1006 2753 1028 2786 ‚
1066 2704 1377 2788 accipient
1418 2702 1770 2769 claritatem

232 2812 565 2896 sapientiae
604 2812 942 2894 dirigentis
982 2812 1265 2876 animam
1281 2857 1303 2889 ‚
1349 2815 1660 2894 quantum
1689 2808 1772 2874 ad

231 2921 607 2987 rationalem
642 2944 660 3001 3
714 2919 992 2986 secundo
1052 2924 1331 3003 petentes
1380 2918 1728 3002 prudenter
1745 2966 1767 2998 ‚

230 3047 378 3095 cum
425 3030 808 3095 discretione
841 3028 1195 3112 prudentiae
1230 3029 1302 3092 in
1342 3026 1644 3109 eligendo
1684 3028 1768 3111 (a)

229 3137 477 3203 bonum
492 3183 509 3216 ,
539 3136 844 3220 accipient
870 3135 1327 3219 pretiositatem
1360 3135 1585 3218 gratias
1611 3134 1771 3200 divi-

231 3243 451 3309 nitatis
471 3243 845 3309 stabilientis
866 3242 1169 3322 animam,
1184 3247 1509 3326 quantum
1525 3243 1607 3308 ad
1622 3261 1771 3308 con·

232 3350 666 3435 cupiscibilem
691 3372 710 3429 ;
740 3350 927 3416 tertio
944 3397 965 3431 ,
991 3353 1276 3428 petentes
1315 3368 1464 3415 curn
1507 3350 1768 3415 certitu-

230 3459 377 3524 dine
399 3457 802 3524 confldentiae
828 3457 897 3522 in
924 3457 1315 3541 expectando
1341 3457 1582 3536 futura,
1613 3457 1771 3522 acci-

232 3568 403 3649 pient
431 3565 815 3631 soliditatem
842 3564 1214 3631 constantiae
1243 3564 1603 3630 roborantis
1632 3564 1768 3629 ani-

231 3691 405 3739 mam
431 3721 449 3752 ‚
494 3678 810 3757 quantum
846 3673 926 3738 ad
965 3673 1345 3738 irascibilem
1376 3695 1392 3736 x
1426 3676 1501 3737 ut
1537 3672 1627 3737 sic
1653 3690 1770 3756 per

228 3779 346 3846 ista
363 3780 493 3845 tria
508 3780 679 3846 dona
702 3780 1147 3863 configuretur
1171 3781 1390 3845 anima
1414 3780 1767 3845 secundum

229 3906 453 3953 omnes
514 3887 618 3953 sui
679 3888 990 3971 potentias
1036 3887 1131 3951 illi
1182 3887 1387 3952 beatae
1447 3886 1761 3952 Trinitati.

228 3995 448 4063 Primo
477 3996 812 4078 accipietis
842 3995 919 4079 (b)
945 3995 1292 4060 claritatem
1317 3993 1642 4076 sapientiae
1669 3994 1768 4059 di-

226 4104 501 4186 rigentis
530 4103 836 4184 animam,
880 4107 1193 4186 quantum
1239 4100 1321 4165 ad
1345 4099 1763 4181 rationalem3

227 4211 398 4277 unde
438 4211 465 4246 ⁸
510 4232 530 4276 :
569 4233 603 4272 ι
624 4211 904 4293 Accipite
955 4208 1357 4293 disciplinam
1399 4226 1609 4274 meam
1631 4257 1652 4290 ‚
1704 4215 1769 4275 et

227 4337 357 4385 non
384 4318 755 4403 pecuniam3
782 4317 1133 4383 doctrinam
1152 4316 1388 4397 magis,
1410 4335 1607 4398 quam
1631 4316 1769 4383 the-

227 4445 494 4493 saurum
532 4426 773 4508 eligite.
803 4424 1026 4491 Melior
1052 4426 1148 4489 est
1184 4422 1493 4506 sapientia
1528 4425 1768 4490 cunctis

226 4535 455 4620 opibus
477 4581 496 4613 ,
524 4538 590 4599 et
614 4550 808 4599 omne
833 4531 1247 4598 desiderabile
1285 4531 1346 4596 ei
1390 4549 1522 4597 non
1564 4537 1769 4616 potest

226 4638 606 4725 comparari.
633 4660 666 4700 n
702 4638 782 4704 Et
815 4638 967 4722 quia
994 4638 1268 4704 verbum
1298 4638 1603 4705 doctrinae
1629 4644 1766 4706 sine

227 4747 521 4832 exemplo
542 4747 697 4813 vitae
725 4751 821 4811 est
843 4764 1110 4826 vanum,
1132 4750 1197 4811 et
1222 4746 1592 4830 exemplum
1616 4748 1767 4814 vitae

225 4855 363 4922 sine
416 4854 801 4920 documento
845 4853 1147 4919 doctrinae
1187 4857 1282 4919 est
1327 4871 1562 4938 parum
1588 4903 1607 4933 ‚
1656 4856 1762 4920 sed

225 4967 573 5046 utrumque
606 4961 958 5046 perfectum
982 4961 1028 5040 ⁸,
1059 4960 1202 5026 ideo
1238 4961 1389 5026 dicit
1433 4984 1449 5027 ι
1484 4962 1767 5046 Accipite

226 5069 435 5154 primo
465 5068 867 5153 disciplinam
892 5068 1044 5134 vitae
1059 5114 1082 5147 ‚
1112 5071 1177 5132 et
1200 5072 1421 5150 postea
1459 5071 1766 5152 magiste-

225 5179 399 5246 rium
424 5178 733 5245 doctrinas
765 5200 782 5245 ε
812 5181 877 5245 et
901 5181 1054 5243 tunc
1081 5176 1369 5243 doctrina
1395 5177 1763 5262 intelligen-

296 5380 309 5409 ¹
336 5377 465 5441 Iac„
491 5387 575 5440 tv,
603 5378 652 5427 3.
681 5402 743 5415 -
770 5375 790 5408 ²
814 5375 982 5440 va.,
1012 5387 1127 5440 vm,
1158 5376 1329 5426 lo-ss.
1351 5400 1415 5413 -
1440 5375 1464 5411 ⁸
1487 5377 1564 5428 Ex
1593 5378 1766 5445 Rern„

230 5450 287 5501 in
316 5448 491 5502 Natis.
518 5450 578 5502 8.
605 5448 752 5501 loon.
786 5450 955 5516 Bapt„
982 5463 1159 5512 serm„
1194 5461 1247 5499 n.
1284 5451 1332 5498 3.
1359 5475 1423 5488 —-
1450 5448 1473 5484 ὅ
1500 5451 1684 5503 Senec.
1705 5478 1768 5491 —

231 5522 250 5555 ⁵
276 5520 397 5586 Im„
429 5531 522 5585 vn,
553 5524 634 5572 15.
654 5548 717 5559 —
743 5523 764 5554 ⁸
790 5522 948 5585 Rom„
976 5533 1027 5587 v,
1054 5524 1133 5574 Π.
1155 5544 1215 5560 -
1243 5520 1265 5556 ‘¹
1290 5519 1499 5589 Ephe-s„
1524 5533 1599 5592 vs,
1627 5526 1704 5576 ¹3.

3300 536 3414 600 261

1879 662 1985 727 tiae
2004 710 2027 742 ,
2082 666 2149 728 et
2198 660 2335 727 vita
2386 659 2736 745 disdplinae
2769 707 2788 740 ‚
2846 663 3274 746 praeponenda
3326 669 3423 731 est

1878 770 2127 835 cunctis
2151 769 2384 853 opibus
2430 769 2503 851 (c)
2532 815 2551 846 ,
2580 768 2891 852 quoniam
2932 768 3073 835 istae
3099 788 3251 853 opes
3287 776 3416 838 ter-

1878 896 2053 944 renae
2074 896 2208 943 non
2225 878 2612 957 illuminant,
2635 878 2767 941 imo
2793 875 2951 942 adeo
2967 877 3187 943 oculos
3203 898 3417 947 avarae

1879 987 2113 1051 mentis
2152 986 2493 1069 denigrant
2541 989 2605 1049 et
2645 984 2969 1049 obwcant
2981 1031 3003 1064 ‚
3049 988 3127 1049 ut
3166 991 3420 1070 reputet

1877 1110 2015 1158 esse
2043 1094 2111 1157 in
2135 1092 2415 1158 tenebris
2435 1091 2668 1157 lucem.
2696 1090 2873 1157 Unde
2895 1090 3136 1157 Seneca
3157 1091 3180 1127 ⁸
3208 1115 3224 1158 ε
3257 1116 3291 1155 α
3315 1094 3415 1160 ln-

1876 1200 2036 1264 flant
2062 1199 2304 1265 divitiae
2330 1197 2532 1264 animi
2558 1198 2924 1281 superbiam
2940 1246 2962 1277 ,
3007 1199 3268 1281 pariunt
3315 1200 3411 1267 in-

1879 1307 2116 1372 vidiam
2131 1355 2151 1388 ‚
2179 1311 2244 1371 et
2269 1305 2681 1386 contrahunt,
2711 1310 2777 1370 et
2798 1323 3004 1389 usque
3028 1323 3105 1372 eo
3133 1313 3414 1374 mentem

1877 1417 2196 1496 alienant,
2225 1420 2300 1481 ut
2324 1434 2442 1482 nos
2467 1415 2660 1481 etiam
2693 1415 2982 1481 nocitura
3017 1415 3347 1483 delectent.
3372 1439 3405 1479 ι

1878 1524 2173 1590 Doctrina
2198 1527 2414 1589 autem
2437 1521 2761 1606 sapientiae
2785 1521 2941 1587 adeo
2966 1523 3251 1589 animam
3276 1544 3415 1609 per-

1875 1633 2036 1698 fecte
2052 1631 2376 1696 illuminat
2387 1635 2449 1696 et
2465 1629 2709 1711 dirigit,
2730 1633 3160 1712 utcognoscat
3173 1639 3415 1717 quanta

1876 1739 1959 1803 sit
1981 1738 2281 1803 distantia
2310 1737 2476 1802 inter
2510 1737 2801 1802 tenebras
2834 1736 3039 1820 culpae
3057 1786 3077 1818 ,
3106 1743 3171 1804 et
3195 1739 3412 1808 lucem

1880 1844 2133 1929 gratiae,
2161 1868 2191 1906 (ι
2202 1848 2278 1911 ut
2292 1846 2447 1910 sciat
2458 1844 2797 1929 reprobare
2813 1843 3082 1926 malum,
3099 1850 3164 1911 et
3174 1845 3416 1930 eligere

1878 1952 2518 2019 benamu-secundo
2529 1953 2862 2035 accipietis
2874 1952 2949 2035 (b)
2963 1935 3415 2035 pretiositatem

1879 2060 2111 2142 gratiae
2131 2060 2478 2126 divinitatis
2498 2059 2870 2125 stabilientis
2886 2061 3189 2141 animm,
3213 2081 3416 2145 quan-

1878 2171 2019 2232 tum
2056 2167 2138 2233 ad
2182 2166 2770 2250 concupiscibilem;
2801 2167 2984 2233 ⁴unde
3010 2174 3033 2211 ⁸
3066 2185 3085 2232 ι
3124 2190 3157 2229 α
3183 2170 3407 2234 Abun-

1876 2275 2168 2340 duntiam
2196 2274 2445 2356 gratiae,
2463 2277 2527 2338 et
2547 2273 2931 2354 donationis,
2953 2279 3016 2340 et
3028 2275 3296 2358 justitiae
3314 2294 3418 2343 ac-

1878 2382 2183 2466 cipientes
2204 2429 2223 2460 ‚
2252 2382 2322 2446 in
2361 2382 2494 2448 vita
2531 2382 2917 2464 regnabunt.
2948 2402 2980 2442 n
3014 2383 3416 2467 Accipient&

1878 2489 2359 2558 abundantiam
2384 2491 2613 2573 qratiae
2639 2490 2708 2552 in
2734 2488 3019 2571 benigna
3045 2490 3414 2575 adoptione,

1878 2601 1943 2661 et
1983 2596 2360 2665 donationis
2405 2596 2489 2681 (d)
2535 2597 2605 2661 in
2642 2596 3097 2663 charismatum
3141 2599 3418 2683 Spiritus

1877 2705 2079 2770 sancti
2137 2705 2482 2788 repletione
2508 2753 2527 2784 ‚
2568 2711 2629 2772 et
2660 2705 2945 2788 ⁸‘iustitiae
2990 2707 3059 2770 in
3100 2707 3418 2774 bonorum

1878 2831 2147 2896 operum
2161 2813 2583 2897 promotione,
2604 2813 2966 2896 locupletati
2980 2815 3206 2896 gratiae
3220 2816 3419 2882 abun-

1879 2920 2097 2986 dantia
2116 2970 2135 3001 ,
2165 2920 2515 2987 virtutibus
2538 2919 2812 2986 ethonis
2838 2921 3171 3003 operibus,
3195 2938 3419 3005 reyna-
3485 2924 3494 2933 ’

1881 3029 2042 3098 bunt
2063 3032 2372 3113 tanquam
2398 3028 2686 3095 haeredes
2711 3033 2774 3094 et
2800 3047 2991 3112 reges
3009 3031 3202 3112 regni
3228 3034 3417 3100 coelo-

1880 3156 2029 3203 rum
2078 3140 2153 3205 in
2204 3139 2345 3206 vita
2401 3136 2650 3220 gloriae.
2708 3134 2921 3201 Tertio
2949 3137 3290 3220 accipietis
3336 3141 3412 3223 (b)

1875 3244 2257 3311 soliditatem
2295 3243 2667 3311 constantiae
2700 3243 3059 3308 roborantis
3096 3245 3379 3311 animam
3395 3294 3413 3327 ‚

1877 3357 2196 3437 quantum
2223 3353 2304 3418 ad
2332 3351 2711 3417 irascibilem
2732 3370 2751 3431 3
2781 3350 2953 3416 unde
2978 3350 3001 3387 ⁷
3035 3373 3051 3416 ι
3082 3375 3114 3414 α
3137 3353 3419 3437 Accipite

1876 3465 2271 3527 armaturam
2304 3459 2452 3540 Dei,
2490 3464 2565 3525 ut
2600 3459 2854 3544 possitis
2879 3461 3171 3527 resistere
3210 3463 3278 3527 in
3316 3462 3420 3527 die

1878 3570 2046 3634 malo
2077 3569 2174 3653 (c).
2204 3590 2236 3630 n
2276 3567 2417 3635 Non
2458 3568 2634 3633 enim
2675 3571 2879 3651 potest
2904 3567 3190 3635 humana
3214 3569 3416 3652 tragi-

1875 3677 2021 3742 litas
2034 3725 2051 3757 ‚
2081 3676 2342 3742 obtenta
2370 3674 2735 3756 cognitione
2773 3675 2922 3741 fidei
2959 3676 3031 3740 in
3057 3677 3417 3742 sanctifica-

1873 3784 2048 3849 tione
2070 3782 2212 3861 Dei,
2244 3785 2722 3866 perseveranter
2758 3783 3050 3849 resistere
3066 3832 3084 3865 ,
3134 3786 3257 3850 nisi
3300 3804 3416 3869 per

1873 3891 2181 3958 virtutem
2206 3890 2580 3956 constantiae
2605 3890 2962 3956 roboretur.
2992 3891 3171 3958 Unde
3207 3910 3291 3959 ne
3335 3893 3412 3975 (f)

1874 3999 2164 4064 humana
2191 3997 2554 4077 infirmitas,
2584 3997 2825 4062 intuitu
2846 3998 3228 4080 fragilitatis,
3259 4000 3413 4065 mol-

1874 4107 2141 4172 lesceret
2176 4123 2292 4190 per
2326 4104 2917 4189 pusillanimitatem
2949 4108 3193 4173 timoris
3217 4109 3286 4172 in
3305 4125 3415 4180 ex-

1876 4212 2185 4298 pectando
2238 4213 2453 4278 futura
2475 4261 2493 4293 ‚
2520 4212 2671 4278 etin
2687 4213 3127 4296 aggrediendo
3152 4215 3354 4281 ardua
3369 4265 3407 4296 ,,

1875 4324 2074 4388 tracta
2118 4321 2401 4386 anchora
2445 4321 2621 4403 spei,
2667 4320 3075 4403 nauti-aglum
3110 4322 3408 4402 intraret,

1877 4431 2019 4497 ideo
2057 4431 2398 4514 Apostolus
2436 4429 2668 4495 invitat
2713 4429 2795 4496 ad
2840 4430 3271 4513 accipiendam
3294 4449 3409 4495 *ar-

1876 4541 2199 4604 maturam
2225 4536 2596 4602 constantiae
2622 4540 2688 4603 et
2723 4537 3105 4602 fortitudinis
3121 4583 3144 4616 ‚
3176 4538 3415 4605 scilicet

1877 4645 2170 4712 divinum
2196 4644 2610 4728 adjutorium,
2638 4662 2768 4726 quo
2794 4644 3163 4727 praemuniti
3184 4650 3247 4710 et
3271 4663 3413 4728 pro-

1874 4752 2022 4818 tecti
2041 4754 2305 4836 possunt
2321 4750 2589 4815 faciliter
2609 4752 2899 4816 resistere
2912 4751 2982 4816 in
3007 4752 3110 4817 die
3122 4752 3293 4819 malo
3309 4756 3407 4834 (e),

1876 4864 1942 4925 et
1967 4875 2375 4944 perseverare
2403 4857 2473 4921 in
2500 4858 2680 4922 omni
2714 4857 2904 4923 bono.
2935 4858 3283 4942 Insurgant
3307 4878 3409 4926 er—

1877 4985 1967 5049 go
1995 4964 2289 5049 procellae
2315 4964 2575 5030 invidiae
2592 5009 2615 5044 ,
2643 4965 2799 5048 quia
2819 4965 3055 5032 virtute
3079 4965 3275 5049 hujus
3302 4986 3408 5032 ar-

1877 5079 2152 5139 maturae
2174 5073 2551 5155 effugantur
2570 5075 2822 5138 astutiae
2841 5073 3234 5156 daemonum‚
3258 5076 3413 5158 quia

1874 5181 2168 5265 tegmine
2201 5180 2397 5263 hujus
2431 5178 2731 5263 adjutorii
2756 5179 3224 5247 confundentur
3262 5182 3414 5249 vio-

1937 5378 2011 5444 (α)
2052 5376 2175 5430 Goet.
2204 5375 2324 5427 edit.
2363 5375 2705 5442 providentias
2738 5375 3066 5444 negligendo.
3092 5404 3156 5418 -
3189 5378 3258 5444 (b)
3287 5381 3415 5431 Item

1877 5449 2272 5515 accipientes.-
2291 5450 2356 5514 (c)
2376 5449 2502 5500 Item
2526 5449 3069 5515 operibus.-(d)11em
3088 5449 3410 5506 donationes.

1883 5548 1945 5566 ·-
1972 5521 2034 5587 (e)
2058 5522 2183 5579 Item
2214 5520 2369 5579 mala.
2399 5546 2453 5559 -
2486 5520 2559 5588 (f)
2590 5519 2714 5577 Goet.
2744 5519 2866 5573 edit.
2897 5523 3029 5586 deest
3050 5534 3135 5580 ne.
