4059 6317
705 691 1039 759 dominicae
1111 690 1421 775 passionis
1473 690 1880 758 meditatione
1919 715 1938 772 3
1999 691 2189 758 tertio
2221 737 2242 772 ,

704 799 1108 865 afflictionem
1133 798 1539 864 desolationis
1559 848 1575 881 ,
1606 800 1676 863 in
1704 799 1934 865 Christi
1958 816 2242 882 praesen-

704 908 809 972 tiae
845 906 1194 991 corporalis
1223 906 1606 989 privatione.
1637 906 1850 973 Primo
1875 906 2247 972 habuerunt

704 1015 1029 1081 tristitiam
1045 1014 1419 1098 lacrymosae
1431 1014 1847 1096 contritionis,
1866 1033 1950 1079 ex
1969 1015 2246 1098 propriae

704 1122 1228 1205 transgressionis
1252 1122 1709 1187 recordatione.
1735 1121 1914 1187 Unde
1936 1122 1955 1158 ²
1981 1141 2000 1187 t
2033 1145 2065 1184 α
2089 1120 2247 1201 Qnae

704 1231 877 1299 enim
908 1230 1263 1297 secundum
1306 1228 1510 1313 Deum
1552 1228 1807 1294 tristitia
1850 1232 1948 1293 est
1966 1277 1984 1309 ,
2036 1230 2244 1312 poeni-

704 1337 967 1409 tentiam
993 1338 1062 1405 in
1089 1336 1359 1403 salutem
1385 1336 1678 1401 stabilem
1715 1339 2038 1418 operatur.
2066 1360 2099 1397 s
2136 1335 2248 1401 Ille

705 1462 1019 1529 namque,
1065 1444 1360 1527 exemplo
1402 1442 1834 1527 apostolorum
1849 1491 1871 1523 ,
1918 1442 2247 1508 contrista-

704 1557 811 1619 tur
837 1551 1190 1618 seeundum
1216 1551 1441 1629 Deum,
1472 1549 1586 1632 qui
1612 1568 1761 1614 cum
1791 1550 2041 1631 cogitat
2057 1567 2245 1632 prop-

706 1666 802 1726 ter
826 1678 1015 1724 suum
1039 1662 1373 1743 peccatum
1398 1657 1599 1722 Deum
1623 1657 1962 1722 offendisse
1981 1702 1998 1730 ,
2021 1657 2113 1720 ita
2138 1656 2248 1720 do-

704 1771 793 1838 let
817 1770 1071 1849 intime,
1106 1772 1170 1833 et
1194 1766 1628 1849 colaphizatur
1652 1766 1814 1830 dure
1834 1763 2141 1844 interius,
2170 1768 2246 1829 ut

707 1878 1086 1963 prorumpat
1121 1876 1192 1939 in
1228 1874 1546 1957 lacrymas
1581 1871 1865 1937 exterius
1885 1921 1905 1952 ,
1948 1872 2246 1956 exemplo

706 1985 1008 2071 principis
1029 1982 1462 2067 apostolorum
1485 1979 1655 2046 Petri
1673 2028 1696 2060 ,
1728 1981 2018 2063 quicum
2048 1998 2244 2062 nega-

707 2098 807 2161 ret
842 2093 1203 2172 Christum,
1250 2109 1386 2174 prae
1432 2090 1633 2155 nimia
1675 2089 1932 2155 tristitia
1953 2088 1977 2123 ²
2013 2112 2046 2151 α
2072 2089 2249 2157 flevit

706 2219 925 2268 amare
955 2223 971 2264 :
1002 2222 1032 2261 n
1065 2202 1129 2264 et
1151 2198 1296 2264 talis
1319 2198 1577 2263 tristitia
1602 2200 1902 2281 operatur
1927 2196 2243 2281 poeniten·

705 2312 861 2376 tiam
886 2311 954 2374 in
979 2309 1248 2374 salutem
1292 2311 1599 2372 aeternam
1640 2308 1755 2387 (a),
1795 2322 1871 2370 eo
1897 2305 2069 2389 quod
2113 2322 2247 2370 me-

704 2421 884 2483 retur
922 2417 1178 2481 veniam
1205 2415 1503 2480 omnium
1529 2416 1931 2497 peccatorum
1954 2460 1973 2492 ,
2007 2411 2244 2495 quibus

706 2523 1115 2607 obligabatur
1154 2523 1234 2586 ad
1277 2540 1535 2604 poenam
1590 2525 1922 2586 aeternam.
1959 2518 2138 2585 Unde
2176 2519 2248 2583 in

706 2632 958 2698 Psalmo
987 2637 1011 2673 ⁸
1043 2652 1059 2697 ε
1100 2654 1132 2692 c
1151 2630 1309 2696 Tota
1334 2630 1436 2696 die
1462 2629 1868 2711 ingrediebar
1906 2627 2247 2692 contrista-

707 2745 833 2806 tnS.
851 2762 882 2800 n
910 2740 1182 2804 Amovet
1198 2737 1721 2821 ipsamcontinue
1739 2735 2239 2815 terminandum,

706 2866 788 2911 ne
813 2846 1070 2929 aliquod
1096 2850 1423 2928 peccatum
1453 2845 1524 2909 in
1552 2862 1696 2908 mea
1720 2843 2102 2908 conscientia
2148 2842 2244 2907 la·

577 2936 582 2943 ²
706 2959 867 3020 teret
891 2953 935 3017 ⁸.
966 2951 1513 3019 UndeBernardus
1534 2952 1765 3034 ‘super
1785 2950 1990 3015 illud⁶
2021 2969 2042 3015 ε
2081 2950 2251 3017 Tem·

702 3077 829 3145 pus
856 3060 1226 3144 putationis
1253 3059 1515 3127 advenit
1544 3076 1568 3124 .·
1604 3082 1636 3120 α
1654 3051 1892 3124 Par'nm
1931 3062 2027 3122 est
2054 3057 2250 3123 semel

707 3172 966 3252 putasse
982 3190 1000 3247 3
1033 3184 1206 3247 saepe
1229 3165 1587 3249 putandum
1629 3169 1759 3244 est,
1806 3167 1939 3230 imo
1959 3213 1977 3242 ‚
2023 3164 2080 3230 si
2108 3165 2250 3229 fieri

706 3280 911 3360 potest
930 3322 949 3354 ‚
992 3293 1245 3357 semper
1279 3296 1294 3338 ε
1325 3274 1479 3357 quia
1515 3290 1769 3355 semper
1812 3271 1982 3353 quod
2037 3271 2250 3353 putari

706 3387 990 3466 oporteat
1011 3387 1037 3466 ,(
1050 3382 1105 3446 si
1131 3400 1266 3447 non
1289 3379 1686 3462 dissimulas)
1718 3378 1996 3442 invenis.
2028 3376 2245 3455 Quan-

705 3493 1002 3560 tumlibet
1028 3493 1102 3558 in
1126 3493 1251 3557 boc
1274 3495 1560 3573 tempore
1587 3506 1854 3553 manens
1880 3485 2245 3570 profeceris,

707 3620 921 3682 erras,
947 3602 1001 3664 si
1029 3601 1187 3665 vitia
1213 3603 1400 3683 putas
1425 3582 1749 3674 emortua,
1779 3601 1842 3660 et
1867 3612 2001 3660 non
2033 3594 2251 3675 magis

707 3726 1067 3794 suppressa.
1102 3706 1271 3773 Velis
1295 3754 1315 3785 ‚
1345 3705 1543 3784 noliS,
1573 3704 1741 3768 intra
1766 3703 1931 3767 fines
1952 3706 2100 3766 tuos
2127 3701 2245 3765 ha-

705 3819 866 3882 bitat
888 3814 1242 3881 Jebusaeus.
1267 3836 1297 3875 n
1325 3813 1504 3879 Unde
1528 3809 1910 3892 Gregorius⁷
1940 3825 2133 3891 super
2161 3807 2241 3871 il-

705 3925 816 3991 lud
840 3930 864 3967 ⁸
893 3944 912 3990 t
942 3924 1186 3991 Parata
1212 3921 1304 3989 ad
1329 3926 1572 4003 tempus
1597 3923 1914 3987 statutum
1939 3933 1961 3980 .·
2002 3938 2035 3976 ιι
2058 3914 2249 3979 'l'em-

705 4052 860 4117 pore
885 4032 1086 4115 igitur
1122 4028 1571 4096 misericordiae
1598 4025 1888 4092 deflenda
1913 4026 2010 4090 est
2034 4022 2250 4099 humi-

701 4140 845 4205 liter
870 4139 1058 4222 culpa
1079 4186 1097 4217 ‚
1145 4157 1229 4204 ne
1255 4139 1326 4202 in
1350 4135 1938 4220 tempore-justitiae
1979 4133 2247 4198 misera-

701 4248 911 4313 biliter
930 4247 1290 4331 deploretur
1308 4245 1616 4311 acerbitas
1637 4260 1866 4327 poenae.
1888 4262 1921 4302 n
1950 4240 2245 4306 Secundo

702 4356 1069 4421 habuerunt
1093 4353 1414 4419 tristitiam
1452 4352 1763 4417 dolorosae
1789 4348 2247 4433 compassionis

697 4464 769 4528 in
793 4462 1131 4528 dominicae
1155 4460 1466 4544 passionis
1492 4458 1899 4524 meditatione
1921 4478 1940 4537 3
1974 4456 2147 4521 unde
2177 4456 2247 4520 in

699 4565 970 4631 Psalmis
1004 4566 1028 4601 ⁹
1071 4584 1088 4626 z
1128 4588 1160 4627 α
1192 4563 1480 4628 Fuerunt
1519 4562 1682 4626 mihi
1727 4561 2036 4644 lacrymae
2082 4574 2245 4622 meae

696 4692 893 4758 panes
918 4674 1021 4738 die
1046 4691 1121 4737 ac
1142 4676 1353 4751 nocte,
1386 4671 1543 4737 dum
1568 4669 1800 4735 dicitur
1829 4669 1991 4734 mihi
2015 4667 2234 4751 quoti-

698 4782 800 4846 die
830 4801 847 4846 :
901 4780 1023 4847 Ubi
1069 4785 1165 4844 est
1190 4779 1359 4844 Deus
1400 4779 1599 4843 tuus?
1637 4795 1840 4860 qnare
1886 4775 2089 4840 tristis
2129 4792 2199 4839 es
2218 4821 2242 4854 ,

698 4891 916 4957 anima
959 4907 1132 4968 mea,
1185 4892 1250 4953 et
1289 4905 1490 4971 quare
1538 4886 1880 4950 conturbas
1927 4885 2076 4949 me?
2104 4904 2136 4943 ιι
2169 4881 2248 4947 Et

697 4996 1040 5081 respondet
1070 5013 1299 5079 parum
1326 4993 1641 5058 inferius:
1674 5014 1706 5055 α
1738 4992 2025 5076 Abyssus
2054 4991 2239 5074 abys-

700 5125 845 5172 sum
873 5107 1127 5171 invocat
1147 5105 1215 5168 in
1236 5120 1391 5169 voce
1416 5102 1875 5167 cataractarum
1895 5104 2180 5164 tuarum.
2212 5119 2245 5158 n

703 5213 980 5293 Quilibet
1004 5229 1200 5280 verus
1223 5209 1618 5276 Christianus
1629 5255 1652 5289 ,
1683 5225 1835 5273 cum
1860 5205 2094 5273 dicitur
2125 5204 2249 5269 sibi

763 5414 781 5449 ¹
806 5415 852 5465 11
879 5366 1018 5476 Cbr„
1051 5424 1151 5476 vn,
1181 5415 1257 5464 ¹0.
1286 5436 1346 5449 —
1370 5410 1389 5442 ²
1418 5408 1626 5471 Manli„
1653 5417 1797 5469 xxvi,
1826 5407 1876 5469 7,
1902 5408 1948 5455 5.
1973 5429 2034 5442 —
2061 5402 2084 5438 ⁸
2111 5401 2250 5454 Psal.

698 5497 906 5551 mvn,
929 5487 982 5536 Ἰ.
1010 5512 1074 5525 -
1099 5486 1115 5516 ⁴
1151 5486 1313 5536 Locus
1336 5480 1627 5547 corruptus.
1662 5506 1717 5516 -
1746 5480 1768 5515 ⁸
1793 5479 1971 5537 Rem,
2000 5476 2056 5525 in
2082 5475 2252 5532 Cant,

702 5571 860 5615 serm.
892 5568 1051 5621 svm,
1090 5570 1144 5610 n.
1186 5559 1263 5608 1⁰.
1299 5580 1364 5597 --
1399 5556 1420 5586 ⁸
1457 5554 1625 5616 Cant„
1658 5563 1715 5614 ιι,
1752 5552 1827 5602 12.
1865 5574 1924 5585 —
1958 5548 1974 5579 ⁹
2004 5548 2249 5613 Gregor.,

1799 554 2219 625 SERMONES
2258 555 2361 625 DE
2400 556 2800 627 TssuPORE.

2359 710 2401 757 a
2429 694 2865 777 praedicatore,
2894 694 3067 779 quod
3099 694 3270 760 Deus
3289 698 3443 761 tuus
3466 696 3593 763 ruit
3615 700 3686 765 in
3711 720 3893 767 cruce

2359 802 2696 867 crudeliter
2722 803 3118 882 vulneratus,
3148 802 3423 886 turpiter
3456 808 3886 889 exprobratus,

2359 908 2424 969 et
2452 906 2663 972 viliter
2688 907 2996 989 abiectus,
3016 907 3204 973 debet
3228 907 3301 971 in
3325 910 3582 975 tantum
3613 929 3890 992 gemere,

2359 1011 2463 1077 vel
2489 1014 2823 1096 geminare
2848 1032 3035 1080 voces
3072 1014 3307 1080 doloris
3326 1062 3346 1092 ,
3384 1018 3450 1081 et
3483 1015 3678 1083 latius
3704 1018 3893 1084 inun-

2359 1119 2511 1185 dare
2534 1119 2967 1205 lacrymarum
2990 1125 3335 1201 torrentes,
3364 1126 3442 1187 ut
3465 1123 3666 1205 possit
3688 1124 3893 1191 dicere

2360 1244 2510 1291 cum
2552 1226 2725 1294 fideli
2766 1226 2967 1294 David
3010 1249 3026 1293 :
3060 1228 3352 1296 Fuerunt
3390 1228 3554 1296 milti
3596 1230 3894 1316 lacrum

2358 1348 2510 1400 ηοω
2533 1349 2732 1417 panes
2756 1333 2865 1402 die
2894 1351 2970 1401 ao
2996 1344 3177 1403 nocte
3194 1381 3214 1411 ‚
3256 1332 3417 1401 dum
3443 1335 3691 1405 dicitur
3736 1339 3903 1407 nam

2358 1441 2644 1523 quotidie
2668 1460 2691 1507 .·
2731 1442 2846 1510 Ubi
2869 1448 2967 1511 est
3006 1445 3163 1509 Deus
3187 1448 3341 1510 tuus
3356 1444 3391 1507 P
3411 1441 3537 1508 Sed
3559 1451 3627 1510 et
3652 1463 3787 1529 prae
3812 1447 3899 1511 ni-

2360 1550 2491 1615 mia
2516 1549 2933 1616 admiratione
2959 1551 3038 1616 de
3065 1550 3457 1616 exhibitione
3494 1557 3693 1618 tantae
3722 1554 3898 1619 beni-

2361 1657 2627 1738 gnitatis
2651 1704 2669 1735 ,
2713 1658 2898 1723 debet
2923 1658 3206 1742 seipsum
3231 1659 3606 1724 examinare
3628 1708 3647 1740 ,
3698 1667 3765 1725 et
3806 1662 3899 1726 in·

2359 1768 2729 1846 tei-rogare,
2755 1764 2969 1831 dicens
2998 1786 3015 1830 2
3049 1765 3264 1847 Quare
3292 1766 3502 1833 tristis
3536 1782 3603 1834 es
3626 1816 3645 1846 ,
3676 1768 3901 1835 anima

2359 1888 2535 1953 mea,
2565 1879 2625 1940 et
2650 1889 2850 1956 quare
2888 1873 3225 1941 conturbas
3261 1874 3406 1940 me?
3439 1872 3515 1938 Et
3547 1879 3770 1956 postea
3797 1892 3899 1940 ra·-

2358 1980 2601 2046 tionem
2625 1981 2889 2047 reddere
2915 1981 3157 2064 sibiipsi
3182 1981 3639 2065 subjungendo
3658 2005 3680 2046 :
3709 1984 3901 2067 Abys-

2357 2100 2470 2153 sus
2531 2087 2981 2169 compassionis
3021 2086 3254 2152 Christi
3295 2089 3553 2156 invocat
3597 2089 3906 2174 abyssum

2360 2194 2814 2277 compassionis
2838 2192 3199 2275 Christiani,
3226 2195 3380 2278 quia
3402 2212 3537 2260 non
3563 2196 3775 2262 alium
3802 2199 3906 2263 ha·

2360 2302 2565 2367 bitum
2608 2302 2796 2368 debet
2842 2303 3244 2386 praetendere
3292 2300 3697 2369 Christianus
3719 2354 3737 2386 ,
3788 2307 3905 2371 nisi

2358 2411 2617 2495 qualem
2642 2410 2879 2476 veritas
2900 2410 3303 2494 professionis
3336 2411 3640 2493 exprimit
3656 2432 3711 2487 ,a
3732 2412 3903 2480 Chri-

2357 2523 2477 2584 sto.
2530 2520 2610 2585 In
2635 2534 2781 2586 voce
2821 2512 3319 2586 cataractarum
3339 2524 3603 2587 tuarum
3625 2568 3643 2599 ‚
3704 2521 3770 2587 id
3816 2527 3909 2587 est

2359 2627 2726 2709 plagarum,
2757 2628 2972 2693 omnia
2993 2625 3248 2693 excelsa
3277 2632 3413 2707 tua,
3435 2635 3496 2694 et
3518 2628 3764 2710 sluaa-s
3783 2631 3900 2709 tui,

2359 2734 2427 2798 id
2453 2736 2549 2798 est
2572 2733 2916 2817 opprobria
2934 2781 2954 2813 ,
2982 2732 3229 2799 dolores
3254 2738 3319 2798 et
3345 2737 3663 2799 tormenta
3682 2782 3702 2816 ‚
3744 2735 3905 2801 indi-

2360 2840 2529 2905 cibili
2548 2841 2983 2924 compassione
3006 2840 3076 2904 in
3098 2841 3429 2923 propriam
3450 2858 3796 2923 personam
3818 2860 3908 2907 re-

2359 2952 2664 3032 torquens
2685 2996 2702 3030 ,
2744 2947 3074 3014 sentiendo
3113 2949 3289 3031 quod
3315 2952 3381 3013 et
3418 2949 3488 3013 in
3525 2949 3668 3031 ipso
3716 2949 3903 3030 Jesn,

2358 3069 2554 3138 super
2588 3071 2685 3121 me
2713 3057 3141 3123 transierunt.
3175 3053 3370 3119 Istam
3395 3056 3727 3122 tristitiam
3754 3074 3904 3122 con-

2362 3164 2542 3227 tinue
2566 3162 2840 3228 habebat
2865 3162 3131 3244 PauluS‚
3162 3181 3313 3229 cum
3340 3162 3588 3228 dioebat
3603 3164 3651 3204 ¹⁶
3684 3184 3751 3229 t«
3768 3164 3903 3245 Ego

2360 3270 2669 3352 stigmata
2711 3268 2964 3334 Domini
2990 3269 3142 3335 Jesu
3168 3271 3239 3335 in
3264 3288 3531 3352 corpore
3574 3287 3727 3334 meo
3760 3288 3903 3354 por-

2359 3380 2443 3441 to.
2478 3397 2511 3436 n
2539 3375 2645 3441 Sic
2679 3382 2745 3441 et
2770 3394 2994 3441 omnes
3020 3377 3288 3460 apostoli
3315 3396 3345 3441 ε·
3361 3394 3513 3442 nam
3542 3394 3683 3459 prae
3710 3378 3909 3443 nimia

2361 3485 2618 3551 tristitia
2672 3485 2981 3551 dolorosae
3027 3484 3480 3568 compassionis
3533 3484 3613 3551 de
3654 3485 3905 3551 Domini

2358 3592 2650 3673 passione
2674 3640 2693 3673 ,
2724 3593 3159 3659 transformati
3183 3597 3370 3657 erant
3395 3592 3466 3656 in
3491 3593 3788 3658 crucifixi
3814 3593 3903 3658 et-

2359 3700 2582 3783 flgiem
2612 3700 2686 3783 (b)
2716 3718 2831 3782 per
2855 3700 3384 3765 conformitatem.
3426 3698 3641 3765 Tertio
3668 3699 3907 3766 habue-

2359 3813 2517 3873 runt
2542 3808 2869 3872 tristitiam
2893 3807 3141 3871 afflictas
3179 3806 3587 3872 desolationis
3623 3807 3697 3871 in
3744 3826 3904 3891 prae-

2359 3915 2583 3981 sentiae
2613 3916 2681 3997 (c)
2718 3914 2950 3981 Christi
2976 3913 3321 3997 corporalis
3357 3913 3741 3995 amissione3
3784 3934 3902 3980 un-

2359 4023 2440 4088 de
2462 4024 2505 4060 ¹¹
2538 4041 2558 4088 ε
2586 4046 2621 4085 α
2640 4020 2816 4089 Vado
2843 4023 2925 4086 ad
2941 4040 3092 4087 eum
3116 4022 3232 4105 qui
3260 4021 3435 4086 misit
3458 4040 3595 4101 me,
3625 4027 3695 4087 et
3714 4041 3905 4089 nemo

2361 4150 2445 4197 ex
2492 4131 2676 4197 vobis
2724 4131 3085 4210 interrogat
3129 4146 3235 4193 me
3273 4146 3292 4191 ε
3339 4127 3478 4206 Quo
3517 4129 3744 4193 vadis?
3785 4128 3899 4194 Sed

2359 4239 2515 4323 quia
2540 4239 2682 4302 haec
2728 4236 2982 4302 locutus
3024 4252 3173 4301 sum
3210 4235 3395 4301 vobis
3416 4283 3435 4316 ,
3480 4235 3736 4300 tristitia
3779 4236 3899 4299 im-

2360 4347 2559 4430 plevit
2586 4364 2694 4411 cor
2722 4349 3027 4411 vestrum.
3058 4365 3091 4403 n
3128 4342 3436 4408 Dominus
3471 4348 3687 4408 noster
3721 4343 3903 4409 Jesus

2360 4453 2669 4532 Christus,
2689 4456 2995 4534 tanquam
3014 4450 3341 4532 benignus
3360 4449 3691 4532 magister,
3720 4468 3904 4533 prop-

2359 4565 2456 4627 ter
2487 4560 2761 4626 nimiam
2787 4558 3211 4637 dilectionem,
3242 4576 3373 4640 qua
3397 4556 3620 4622 dilexit
3640 4576 3761 4624 nos
3786 4558 3904 4623 dis-

2357 4667 2601 4751 cipulos
2626 4684 2801 4745 suos,
2831 4668 2896 4730 et
2919 4664 3203 4729 maxime
3220 4665 3289 4727 in
3302 4664 3496 4728 finem
3520 4662 3643 4748 (d),
3663 4682 3902 4729 nonso-

2359 4775 2500 4841 lum
2528 4772 2889 4840 sollicitavit
2921 4791 3033 4836 eos
3062 4772 3141 4835 ad
3178 4771 3634 4853 inquirendum
3668 4772 3905 4837 benefl-

2360 4884 2537 4948 cium
2560 4900 2697 4947 suae
2720 4880 3031 4964 passionis
3056 4901 3073 4943 z
3104 4878 3298 4946 Nemo
3322 4894 3407 4945 ea:
3433 4878 3610 4946 vobis
3628 4880 3899 4947 intono·

2361 4995 2472 5073 qut
2498 5006 2595 5056 me
2621 5007 2646 5053 .·
2694 4989 2824 5063 Quo
2867 4986 3062 5053 vadis
3086 4988 3121 5052 P
3150 4986 3283 5051 imo
3325 4987 3463 5050 sine
3495 4986 3903 5070 inquisitione

2359 5096 2647 5178 praedicit
2668 5095 2761 5159 eis
2783 5112 2972 5158 suam
2994 5097 3268 5158 mortem
3283 5139 3304 5172 ‚
3326 5110 3521 5175 quam
3540 5092 3901 5158 voluntarie

2362 5239 2550 5292 Mor-al.
2579 5240 2671 5291 lih.
2697 5240 2762 5302 X,
2792 5252 2842 5289 c.
2869 5248 2979 5299 xvi,
3010 5236 3079 5287 sl.
3104 5228 3256 5299 inu,
3284 5248 3341 5286 n.
3371 5236 3451 5297 54,
3478 5235 3649 5301 quoad
3671 5246 3901 5286 sensum.

2359 5338 2423 5351 —
2448 5311 2472 5348 ⁸
2497 5311 2609 5374 Job,
2637 5323 2732 5370 111,
2762 5315 2810 5362 5.
2842 5337 2905 5350 —
2931 5311 2951 5341 ’
2979 5307 3119 5360 Psal.
3151 5320 3259 5371 xm,
3289 5309 3385 5360 4·5.
3420 5309 3468 5359 8.
3504 5333 3560 5345 -
3592 5308 3629 5340 ¹·
3657 5306 3799 5372 Gal„
3828 5317 3898 5370 vt,

2365 5387 2440 5435 Π.
2467 5409 2531 5421 -
2564 5386 2600 5418 ¹¹
2628 5384 2794 5448 Joan.‚
2821 5394 2932 5446 xvi,
2960 5385 3009 5433 5.

2428 5473 2492 5537 (a)
2524 5474 2644 5524 Coee.
2675 5471 2797 5523 edit.
2836 5470 3010 5524 Salute
3036 5472 3251 5524 aeterna.
3277 5494 3341 5509 --
3381 5468 3450 5533 (ὁ)
3476 5470 3602 5522 Item
3626 5468 3815 5536 effigie.
3839 5490 3899 5505 -

2367 5546 2428 5611 (c)
2459 5548 2584 5600 uem
2610 5543 2945 5610 peanitentiae.
2977 5568 3038 5580 —
3069 5541 3145 5608 (d)
3176 5542 3326 5594 Forte
3352 5541 3451 5607 lea.
3478 5541 3598 5593 fine.
