4059 6317
861 444 1235 512 DOMINICA
1278 439 1359 509 ΙΙΙ
1403 441 1602 511 POST
1643 439 2170 511 EPIPHANIAM.
2213 445 2475 513 SERMO
2518 445 2568 511 Ι.
3223 443 3303 509 93

153 581 698 662 contemperatum,
737 596 869 645 non
894 580 1304 645 obscuratum
1328 628 1349 659 ‚
1378 583 1454 644 nt
1478 580 1659 644 fleret
1763 596 1913 645 rum
1938 580 2225 664 ejicietur
2264 581 2332 645 in
2367 581 2469 646 die
2510 578 2883 645 novissimo.
2904 569 2938 622 '⁷
2967 601 2998 641 a
3021 578 3305 662 Praeeipe

153 688 342 753 lumen
365 693 807 768 terrenorum,
839 693 914 754 ut
942 690 1155 754 omnis
1178 739 1195 767 ,
1223 689 1335 773 qni
1364 689 1565 754 credit
1588 689 1661 752 in
1765 685 1912 750 filiis
1941 685 2150 766 lsrael,
2180 691 2253 752 ut
2277 688 2533 770 ejiciant
2563 688 2642 752 de
2670 688 2891 752 castris
2918 706 3175 753 omnem
3213 686 3305 751 le·

155 815 277 861 eum
302 797 629 862 humiliter
652 801 893 863 etcum
920 799 1275 863 reverentia
1293 845 1313 877 ,
1351 816 1482 863 non
1504 815 1658 874 ,ma-
1766 811 2052 875 prosum,
2083 815 2113 854 ι)
2154 798 2272 859 etc.
2305 793 2444 858 Filii
2474 794 2665 859 lsrael
2693 795 2913 876 augeli
2947 799 3118 875 sunt,
3169 796 3304 879 qui,

156 907 281 968 neat
313 903 380 967 in
406 904 686 968 tenebris
716 904 1040 970 damnosae
1075 905 1458 986 ignorantiae
1483 953 1502 983 ,
1552 904 1663 967 sed
1768 900 1930 965 sicut
1955 902 2187 965 dicitur
2213 901 2259 980 ⁸,
2294 926 2325 963 α
2351 904 2739 985 separabunt
2771 903 2970 968 malos
2995 901 3073 967 de
3098 903 3307 968 medio

157 1011 356 1075 haheat
377 1010 599 1074 lumen
620 1010 797 1075 vitae.
817 1010 896 1075 Et
919 1012 1042 1076 hoc
1068 1011 1189 1076 fuit
1210 1014 1568 1093 figuratum
1593 1010 1662 1073 in
1762 1009 2112 1091 justorum.
2160 1032 2192 1069 ι)
2253 1009 2655 1093 Quicumque
2714 1010 2881 1075 hanc
2935 1010 3304 1092 ejectionem

156 1119 588 1183 illuminatione
626 1120 779 1183 caeci
810 1120 880 1183 in
903 1119 1124 1184 Jesum
1169 1119 1493 1185 Christum
1535 1117 1661 1182 hu·
1771 1116 2038 1182 evadere
2073 1107 2244 1196 vult,
2286 1135 2459 1181 nunc
2505 1121 2679 1197 petat
2718 1117 3016 1182 mundari
3055 1134 3095 1180 a
3133 1115 3309 1198 lepra

158 1224 363 1288 militer
386 1225 724 1303 credentis,
764 1244 917 1290 cum
945 1226 1302 1291 reverentia
1340 1223 1668 1289 humiliter
1770 1229 2196 1307 peccatorum.
2220 1225 2556 1290 Mundatur
2573 1230 2786 1291 autem
2814 1226 3007 1291 homo
3035 1226 3309 1309 quadru-
3338 1226 3550 1345 5⁸33·-

156 1333 460 1399 adorantis.
495 1336 515 1369 ¹
572 1357 606 1396 α
637 1333 737 1398 Tu
787 1334 992 1399 credis
1043 1333 1112 1398 in
1164 1333 1397 1399 Filium
1447 1333 1554 1397 Dei
1571 1339 1600 1396 τ
1632 1355 1664 1392 n
1772 1331 2016 1415 pliciter
2061 1354 2077 1396 z
2122 1331 2417 1398 videlicet
2452 1334 2934 1415 regeneratione
2984 1333 3306 1415 baptismi,
3337 1350 3455 1404 ριοκ.

156 1439 426 1523 Sequitur
468 1463 486 1505 ε
519 1465 551 1503 α
584 1441 815 1520 Crede,
873 1441 1161 1507 Domine.
1218 1441 1299 1506 Et
1338 1440 1669 1524 procidens
1774 1439 2147 1505 contritione
2202 1440 2611 1524 poenitentiali
2628 1489 2650 1520 ,
2692 1440 2976 1506 oratione
3028 1438 3307 1515 virtuali,

157 1550 412 1614 adoravit
431 1569 609 1614 eum.
629 1572 662 1610 n
1773 1545 2180 1612 tribulatione
2206 1548 2564 1631 temporali.

222 1656 415 1722 Tertio
440 1658 855 1723 crediderunt
881 1655 1174 1740 discipuli
1189 1704 1208 1735 ,
1236 1674 1351 1738 per
1374 1657 1517 1738 ejus
1541 1655 1666 1721 cle·
1858 1652 1941 1718 De
1958 1655 2166 1735 primo
2194 1660 2217 1694 ⁹
2251 1676 2267 1718 ε
2304 1678 2335 1715 α
2360 1655 2701 1720 Effundam
2727 1673 2919 1739 super
2944 1672 3062 1721 vos
3078 1672 3312 1738 aquam

159 1767 432 1829 mentiam
466 1764 809 1848 antiquum
852 1764 963 1828 Dei
1008 1768 1071 1828 et
1109 1763 1389 1828 hominis
1428 1763 1670 1827 bellum
1775 1763 2109 1828 mundam.
2130 1787 2161 1824 ι)
2179 1764 2227 1830 Ο
2253 1765 2461 1845 gratia
2487 1764 2869 1829 Salvatoris!
2905 1763 3114 1846 puella
3143 1780 3316 1845 quae-

159 1873 514 1937 reconciliari
535 1874 560 1908 ²
590 1894 607 1936 ε
647 1894 681 1933 α
719 1871 903 1935 Dedit
945 1871 1036 1934 eis
1087 1873 1460 1952 potestatem
1505 1869 1670 1936 filios
1776 1870 1924 1934 dam
1963 1871 2214 1955 leprosa
2255 1890 2498 1955 pauper
2544 1876 2700 1950 erat,
2746 1889 2895 1953 quae
2935 1871 3143 1936 curari
3185 1889 3313 1933 nou

163 1977 251 2042 Dei
273 1979 426 2058 fleri,
455 1980 575 2057 his,
608 1979 726 2063 qni
748 1978 1020 2042 credunt
1045 1979 1117 2040 in
1140 1978 1401 2041 nomine
1436 1979 1598 2059 ejus,
1630 1998 1661 2036 n
1775 1983 2043 2060 poterat,
2061 1980 2184 2042 nisi
2214 1979 2618 2043 balnearetur
2635 1980 2705 2042 in
2726 1980 3044 2061 sanguine
3071 1977 3310 2058 regali:

164 2086 444 2152 Odonnm
471 2087 830 2153 ineffabile!
859 2105 900 2152 o
926 2086 1136 2150 virtus
1170 2086 1460 2151 amabilis
1483 2130 1505 2162 ‚
1543 2103 1673 2168 qua
1776 2104 1974 2168 quam
2017 2104 2135 2150 rex
2191 2087 2456 2169 quidam
2514 2091 2771 2150 tantum
2828 2086 3092 2164 dilexit,
3146 2085 3315 2168 quod

166 2200 377 2261 caeterae
410 2198 686 2260 virtutes
720 2196 1147 2260 evanescuntl
1185 2192 1347 2257 Nam
1385 2192 1500 2256 etsi
1527 2210 1668 2256 om·
1778 2194 2166 2274 sanguinem
2202 2213 2393 2258 suum
2422 2212 2628 2276 usque
2660 2194 2740 2258 ad
2770 2199 3039 2258 mortem
3067 2193 3313 2270 effudit,

167 2303 318 2367 nium
361 2304 677 2368 virtutum
725 2303 1155 2383 gratuitarum
1202 2301 1671 2365 incrementum
1777 2305 1852 2364 ut
1895 2299 2003 2364 illa
2052 2302 2491 2366 mundaretur.
2536 2301 2673 2366 Rex
2712 2302 2829 2366 iste
2874 2301 3159 2366 Christus
3198 2306 3315 2379 est,

169 2411 521 2490 procedatex
550 2410 915 2488 dilectione,
933 2408 1331 2473 tamenafide
1343 2408 1535 2472 habet
1547 2408 1675 2492 pri·
1780 2409 1891 2491 qui
1919 2408 2294 2488 Ecclesiam,
2321 2411 2452 2475 imo
2478 2410 2760 2473 animam
2796 2414 2977 2473 tuam
3002 2408 3316 2492 leprosam

173 2536 320 2582 mum
333 2516 1157 2598 fundamentum,qu0niam
1179 2538 1211 2576 α
1228 2515 1364 2579 sine
1383 2514 1506 2579 fide
1521 2514 1674 2578 ⁸im·
1779 2516 2023 2596 dilexit,
2052 2521 2116 2581 et
2136 2516 2438 2581 balneum
2465 2516 2764 2599 baptismi
2792 2516 2904 2579 tibi
2933 2517 3011 2582 de
3046 2519 3314 2599 sangui-

175 2625 423 2706 possibile
449 2630 546 2690 est
589 2625 722 2689 Deo
759 2623 1029 2705 placere.
1059 2644 1090 2681 ι
1125 2621 1278 2687 Haec
1303 2628 1395 2686 est
1420 2623 1530 2686 illa
1551 2623 1675 2686 vir-
1779 2643 1863 2689 ne
1904 2642 2021 2688 suo
2058 2624 2221 2688 fecit.
2255 2623 2374 2688 Per
2400 2624 2783 2705 sanguinem
2821 2623 3317 2708 Christibaptis·

175 2736 277 2808 tus,
294 2732 509 2797 scilicet
531 2731 698 2796 fides
720 2730 800 2795 de
820 2729 1158 2810 Cruciflxo,
1185 2748 1333 2813 quae
1359 2730 1675 2795 discordes
1781 2749 1932 2795 mus
1978 2731 2170 2795 habet
2215 2732 2518 2795 virtutem
2564 2730 2809 2793 animas
2852 2730 3201 2795 mundandi
3220 2733 3266 2774 ¹⁰
3298 2754 3313 2796 :

176 2840 415 2919 toederat,
443 2840 710 2922 antiqua
732 2837 900 2902 bella
921 2837 1029 2902 Dei
1059 2842 1122 2902 et
1147 2837 1427 2902 hominis
1453 2839 1676 2920 pacifl-
1791 2861 1823 2898 α
1849 2837 2132 2904 Christus
2173 2838 2392 2902 dilexit
2423 2836 2786 2916 Ecclesiam,
2816 2839 3320 2922 etsemetipsum

178 2947 340 3013 mndo
361 2946 744 3024 reconciliat,
776 2949 841 3009 et
868 2944 947 3009 de
971 2944 1231 3008 inimico
1265 2962 1394 3009 non
1423 2949 1673 3009 tantum
1782 2946 2029 3011 tradidit
2062 2964 2181 3029 pro
2206 2964 2280 3009 ea
2298 2994 2315 3025 ,
2347 2952 2420 3008 ut
2451 2944 2627 3008 illam
2656 2945 3094 3023 sanctificaret,
3126 2965 3316 3010 mun-

177 3054 299 3119 sacit
319 3055 605 3133 amicum,
650 3052 765 3116 sed
793 3068 1019 3116 verum
1060 3054 1250 3133 atque
1276 3051 1576 3116 dilectum
1602 3053 1678 3115 fl·
1781 3055 1942 3118 dans
1965 3053 2221 3118 lavacro
2245 3071 2429 3134 aquae
2454 3057 2518 3116 et
2543 3052 2741 3117 verbo
2772 3052 2945 3116 vitae.
2975 3074 3006 3112 ι)

176 3159 311 3225 lium
350 3160 738 3243 adoptivum.
785 3157 936 3222 Haec
989 3163 1083 3222 est
1131 3176 1280 3240 quae
1333 3164 1549 3224 nostra
1585 3159 1669 3242 (a)
1864 3162 1950 3226 De
1975 3161 2274 3237 secund0,
2307 3159 2639 3225 Psalmista
2666 3161 2708 3196 ¹¹
2746 3183 2762 3224 :
2793 3184 2824 3221 ι
2860 3161 3151 3244 Amplius
3179 3163 3323 3227 lava

177 3268 353 3349 placat
379 3269 661 3348 rigorem
685 3266 960 3347 justitiae
1004 3265 1357 3347 mitigando
1392 3273 1456 3331 et
1483 3267 1674 3331 etiam
1784 3288 1912 3346 me,
1942 3291 1971 3329 n
2007 3272 2124 3333 etc.
2160 3268 2555 3333 Attendenda
2580 3271 2796 3332 autem
2824 3269 2930 3332 hic
2956 3274 3049 3333 est
3076 3271 3323 3333 confes-

175 3376 518 3440 evacuando.
549 3373 704 3439 Haec
716 3377 816 3438 est
828 3391 978 3456 quae
1001 3373 1200 3438 vincit
1216 3374 1672 3454 invincibilem,
1785 3378 1902 3457 sio,
1926 3381 1995 3440 ut
2026 3375 2356 3440 munderis
2387 3377 2465 3438 ¹²:
2498 3398 2529 3435 α
2547 3374 2613 3439 Si
2632 3376 3049 3440 confiteamur
3072 3383 3324 3459 peccata

174 3483 364 3547 omnia
383 3500 678 3566 prospera
719 3500 838 3564 pro
865 3486 1016 3547 voto
1047 3482 1465 3565 impetrando.
1499 3482 1677 3547 Unde
1786 3491 2024 3564 nostra,
2057 3485 2260 3549 fidelis
2288 3489 2351 3548 et
2370 3487 2584 3567 justus
2609 3487 2704 3548 est
2732 3488 2805 3548 ut
2834 3485 3116 3549 remittat
3139 3485 3324 3548 nobis

175 3589 232 3653 iu
249 3591 558 3674 Joanmtb)
582 3596 606 3632 ¹·
639 3612 656 3653 :
696 3613 728 3649 a
761 3588 1072 3671 Quidquid
1101 3589 1404 3682 petieritis
1425 3591 1677 3656 Patrem
1786 3599 2041 3677 peccata
2066 3598 2305 3669 nostra,
2334 3597 2398 3657 et
2423 3593 2725 3657 emundet
2752 3612 2872 3658 nos
2897 3594 2977 3658 ab
3003 3594 3181 3658 omni
3208 3593 3325 3657 ini-

175 3697 232 3760 in
253 3700 490 3763 nomine
516 3716 685 3775 me0,
717 3697 897 3761 dabit
925 3696 1132 3760 vobis,
1157 3696 1235 3760 Et
1268 3716 1395 3780 ego
1435 3699 1680 3779 rogabo
1788 3703 2051 3785 quitate.
2072 3723 2104 3761 ι)
2134 3700 2438 3782 Iniquitas
2456 3707 2672 3764 autem
2698 3705 2793 3764 est
2816 3701 2991 3784 lepra
3017 3701 3271 3774 animae,
3288 3719 3328 3764 a

177 3802 400 3870 Patrem
439 3804 657 3870 menni
703 3821 824 3885 pro
853 3803 1031 3867 vobis
1060 3825 1075 3866 :
1119 3804 1254 3886 ipse
1288 3806 1463 3869 enim
1493 3806 1681 3871 Pater
1788 3828 1919 3893 qua
1935 3809 2310 3892 poenitentia
2322 3806 2611 3870 mundat.
2630 3807 3033 3887 Augustinus
3046 3808 3120 3869 ¹⁸:
3153 3805 3328 3872 «1³oe-

175 3919 322 3978 amat
343 3932 491 3993 vos,
518 3913 674 3996 quia
700 3930 821 3976 vos
850 3928 954 3974 me
978 3912 1257 3993 amasim,
1289 3917 1353 3979 et
1379 3914 1678 3979 credidis-
1789 3917 2056 3981 nitentia
2109 3915 2455 3996 languores
2510 3918 2726 3991 sanat,
2777 3915 3056 3997 leprosos
3113 3919 3324 3993 curat,

175 4019 454 4103 tisquiaa
477 4020 603 4086 Deo
627 4019 829 4099 exivi,
859 4039 891 4077 n
925 4022 1044 4083 etc.
1792 4027 2079 4089 mortuos
2105 4022 2387 4100 suscitat,
2417 4021 2747 4086 sanitatem
2777 4027 3005 4105 auget,
3037 4024 3327 4089 eamdem

1793 4133 2147 4198 conservat.
2181 4151 2213 4189 n
2250 4127 2298 4193 Ο
2323 4129 2531 4210 gratia
2554 4129 2943 4211 poenitentiae
2964 4178 2981 4207 ,
3010 4149 3159 4213 quae
3194 4149 3330 4195 ser-

283 4251 642 4329 DOMINIGA
687 4252 772 4327 ΙΠ
813 4249 1003 4326 POST
1044 4249 1544 4328 EPIPHANIAM
1793 4243 2050 4322 pentem
2077 4235 2346 4301 mundat
2372 4234 2536 4298 sicut
2561 4236 2937 4317 anguillam,
2979 4237 3210 4322 lupum
3242 4240 3327 4303 si-

1796 4350 1906 4411 cut
1930 4362 2119 4409 ovem
2143 4349 2157 4406 1
2191 4342 2368 4407 Unde
2390 4341 2470 4406 de
2491 4343 2837 4407 immundis
2860 4343 3238 4410 animalibus
3262 4347 3329 4409 iu

491 4420 778 4492 SERMO
823 4420 1150 4490 PRIMUS
1192 4421 1266 4513 (⁶)
1296 4421 1343 4492 ⁸·
1793 4453 1990 4517 linteo
2035 4450 2306 4517 ostensis
2352 4450 2594 4514 dictum
2633 4454 2728 4514 est
2777 4450 2965 4516 Petro
2991 4454 3080 4515 ²⁸:
3120 4476 3151 4513 α
3176 4452 3330 4531 Quae

239 4559 514 4634 Domine,
542 4559 607 4623 si
632 4558 740 4623 vis
752 4603 774 4635 ,
801 4564 982 4638 potes
1014 4572 1112 4621 me
1148 4555 1483 4623 mundare.
1515 4558 1538 4594 ⁸
1563 4558 1686 4624 Le-
1798 4561 1964 4625 Deus
2005 4558 2376 4637 mundavit,
2407 4562 2481 4621 tu
2506 4577 2589 4623 ne
2617 4560 2980 4624 communia
3006 4561 3261 4626 dixeriS.
3292 4585 3323 4621 ι)

183 4680 376 4743 prosus
419 4666 537 4729 iste
577 4666 975 4747 peccatorem
1013 4663 1334 4744 significat
1357 4712 1373 4744 ,
1421 4665 1532 4746 qui
1577 4684 1684 4731 co·
1799 4667 1871 4732 ln
1907 4668 2126 4746 linteo,
2175 4665 2349 4749 quod
2383 4665 2463 4729 de
2505 4664 2636 4729 lino
2672 4665 2876 4729 multo
2901 4667 3115 4731 labore
3143 4686 3331 4751 para-

183 4787 298 4834 ram
322 4771 448 4836 Deo
473 4778 536 4835 et
560 4771 826 4852 angelis,
862 4775 928 4834 et
954 4771 1248 4835 omnibus
1283 4773 1536 4852 sanctis,
1567 4774 1684 4839 foe-
1798 4782 1928 4856 tur,
1951 4774 2325 4858 poenitentia
2343 4771 2748 4854 significatur
2766 4772 2987 4854 digna,
3011 4792 3155 4855 quae
3175 4776 3335 4838 mul-

184 4877 344 4944 tidior
382 4886 448 4944 et
486 4876 973 4943 abominabilior
1007 4884 1104 4943 est
1129 4878 1308 4943 omni
1325 4879 1597 4962 leprose,
1627 4888 1691 4948 et
1798 4885 1880 4948 tis
1942 4881 2390 4947 afflictionibus
2441 4885 2504 4944 et
2552 4879 2882 4943 laboribus
2927 4880 3144 4961 agitur
3201 4902 3216 4940 ε
3274 4889 3336 4946 et

185 4984 303 5050 ideo
330 4993 632 5070 tanquam
665 4985 959 5069 leprosus
983 4987 1061 5051 de
1089 4988 1405 5052 consortio
1438 4994 1690 5056 sancto·
1799 4994 1960 5058 sicut
1985 4988 2286 5054 animalia
2312 4987 2617 5052 mundata
2640 4988 2711 5051 in
2736 4987 2930 5052 linteo
2949 4988 3337 5071 recipiuntur

242 5149 258 5180 ι
280 5149 432 5210 1002,
463 5161 539 5211 Π,
565 5151 646 5211 35,
679 5150 761 5199 33,
786 5175 849 5187 ...
883 5147 902 5178 ι
933 5147 1083 5212 mid„
1114 5161 1151 5212 Ι,
1184 5153 1259 5202 ¹2.
1282 5177 1342 5188 -,
1367 5151 1391 5187 ⁸
1412 5149 1584 5209 Πρω..)
1614 5165 1688 5215 ¹1,
1800 5135 1842 5170 ¹³
1869 5135 1977 5183 lmo
2005 5136 2186 5183 auctor
2217 5130 2305 5182 lib.
2351 5129 2412 5180 de
2442 5144 2546 5180 ver.
2579 5133 2628 5180 el
2662 5127 2783 5193 tals.
2814 5130 3016 5190 Poenit„
3041 5144 3095 5180 n.
3132 5136 3178 5194 l,
3205 5131 3338 5183 inter

190 5217 230 5263 5.
253 5243 307 5255 ..
325 5221 524 5280 noan„
549 5231 657 5283 χῃ,
683 5221 766 5282 23,
790 5221 874 5282 26,
895 5221 976 5268 27,
1006 5246 1061 5256 ...
1093 5221 1115 5257 ι
1140 5222 1286 5272 Hunc
1309 5221 1465 5272 habet
1487 5237 1689 5289 quoque
1799 5206 1953 5270 Oper.
1978 5207 2213 5268 August„
2240 5203 2471 5267 Append.
2502 5205 2628 5253 tom.
2665 5202 2750 5252 Vl.
2778 5229 2841 5239 —
2869 5202 2906 5237 ¹⁸
2932 5203 3062 5263 Act„
3091 5216 3163 5266 11,
3197 5206 3246 5254 9.

192 5288 290 5339 edit.
315 5292 462 5342 Paris.
497 5305 581 5343 an.
619 5294 765 5341 152¹.
797 5317 860 5328 —
889 5292 908 5321 ⁰
933 5292 1137 5355 Mutila,
1163 5304 1277 5357 vm,
1303 5298 1351 5343 2.
1379 5321 1442 5332 —
1470 5296 1486 5326 ⁷
1515 5294 1692 5358 Num„
1866 5296 1928 5359 (α)
1955 5294 2105 5343 Forte
2132 5293 2228 5358 leq.
2255 5295 2501 5342 monstra.
2520 5317 2582 5329 —-
2615 5290 2679 5354 (b)
2716 5290 2837 5342 Coet.
2867 5290 2988 5340 edit.
3013 5293 3158 5343 Unde
3183 5293 3338 5344 Joan-

193 5369 235 5418 v,
255 5364 295 5409 2.
322 5388 380 5401 —
403 5365 424 5394 ⁸
454 5362 658 5424 Bauli„
685 5374 812 5418 xut,
848 5364 1005 5413 ⁴9.-
1036 5364 1058 5394 ⁸
1082 5363 1278 5427 Erech„
1307 5376 1498 5428 xxxvl,
1525 5369 1604 5418 25.
1627 5394 1690 5404 —
1800 5381 1911 5418 nes.
1952 5392 2014 5403 —
2062 5364 2127 5430 (c)
2169 5366 2290 5415 Goet.
2327 5364 2449 5414 edit.
2491 5361 2697 5413 Domin.
2740 5362 2950 5413 secund.
2996 5367 3114 5428 post
3153 5364 3334 5429 Epiph.

194 5433 426 5499 ἘρὴεεἾ
457 5447 506 5498 v,
529 5437 606 5486 26.
630 5461 690 5472 -
719 5436 757 5470 ¹¹
782 5435 921 5485 Psal.
950 5447 1000 5498 L,
1027 5437 1074 5485 4.
1097 5461 1163 5473 —
1193 5436 1231 5471 ¹²
1259 5439 1469 5500 ι.1οαη.,
1495 5450 1533 5502 1,
1558 5442 1605 5491 9.
1628 5467 1692 5478 -
1801 5451 1971 5490 sermo
2001 5449 2060 5488 n.
