4059 6317
684 471 804 533 184

760 601 849 668 De
889 600 1076 667 tertio
1102 607 1123 645 ¹
1173 619 1192 666 z
1239 622 1270 661 ι
1309 597 1532 666 Valida
1582 602 1798 664 autem
1842 598 2220 680 tempestate

681 709 866 776 nobis
908 709 1161 791 ,iactatis
1198 756 1218 787 ,
1274 706 1563 790 sequenti
1617 706 1720 770 die
1762 707 2008 788 jactum
2062 701 2212 768 feci·

684 834 863 897 mus,
892 837 924 878 ι
957 819 1079 881 etc.
1112 813 1506 897 Quicumque
1531 830 1693 893 ergo
1730 810 2063 891 submergi
2087 827 2221 874 non

683 923 829 989 vult
845 970 863 1003 ‚
889 922 1085 1005 jaciat
1109 921 1295 987 navis
1318 938 1547 999 onera,
1576 919 1810 983 scilicet
1826 918 2222 1001 temporalia.

680 1032 715 1100 J
716 1032 879 1099 aciat
896 1035 1064 1098 certe
1078 1031 1323 1115 injusta
1340 1030 1510 1095 bona
1527 1027 1926 1094 restituendo
1944 1049 1962 1106 ;
1985 1025 2227 1109 alioqui

685 1140 1161 1222 submergetur.
1187 1137 1222 1205 J
1224 1139 1390 1203 aciat
1413 1139 1606 1203 etiam
1632 1137 2072 1217 eleemosynas
2092 1150 2229 1198 ero-

684 1247 920 1330 gando.
963 1246 1052 1311 De
1095 1250 1370 1328 utroque
1411 1244 1641 1310 dicitur
1659 1250 1682 1285 ¹
1712 1262 1727 1305 ε
1770 1266 1803 1304 α
1826 1240 1984 1307 Ecce
2033 1240 2223 1305 dimi·

685 1355 864 1420 dium
894 1354 1214 1420 honorum
1238 1401 1255 1431 ‚
1285 1374 1316 1412 ι
1353 1355 1472 1418 etc.
1502 1351 1535 1417 J
1536 1351 1701 1416 aciat
1723 1366 1980 1434 quoque
2004 1346 2225 1412 omnia

686 1460 1106 1547 relinquendo
1139 1460 1162 1497 ³
1207 1482 1222 1523 z
1264 1482 1297 1520 α
1321 1458 1481 1524 Ecce
1517 1476 1637 1523 nos
1673 1456 2054 1539 reliquimus
2088 1472 2224 1519 om-

688 1568 830 1647 nia,
853 1590 884 1628 n
921 1570 1041 1633 etc.
1082 1568 1106 1605 ⁸
1142 1590 1175 1628 α
1199 1564 1508 1631 Miserunt
1545 1583 1731 1645 vasa,
1761 1580 1908 1648 quae
1944 1567 2127 1627 erant
2160 1561 2230 1624 in

687 1674 872 1755 navi,
899 1674 969 1739 in
992 1692 1199 1754 mare,
1219 1694 1251 1733 n
1278 1677 1395 1737 etc.
1426 1671 1835 1754 Augustinus
1851 1674 1915 1733 ⁸:
1948 1691 1981 1731 α
2005 1667 2228 1750 Abjice

689 1799 732 1847 a
763 1784 827 1846 te
874 1781 1235 1846 divitiarum
1264 1779 1524 1845 vincula
1566 1778 1968 1856 voluntaria3
2020 1774 2226 1859 abjice

692 1888 1039 1953 anxietates
1064 1891 1127 1953 et
1161 1887 1351 1953 taedia
1365 1934 1387 1967 ‚
1439 1905 1586 1970 quae
1610 1889 1676 1951 te
1710 1884 2006 1968 pluribus
2046 1881 2232 1946 annis

694 1994 1074 2079 inquietant.
1095 2016 1126 2056 n

776 2100 862 2165 De
878 2103 1109 2184 quarto
1119 2099 1490 2165 diciturhic:
1512 2099 1816 2167 Tulertmt
1826 2097 2227 2182 lapide8,etc.

693 2207 962 2292 Lapides
1006 2212 1157 2273 sunt
1207 2206 1501 2271 scandala
1516 2260 1538 2286 ,
1591 2205 1826 2270 scilicet
1875 2205 2076 2272 verba
2126 2203 2232 2268 vel

695 2317 892 2396 facta,
922 2316 1158 2399 quibus
1179 2315 1337 2381 dum
1364 2314 1470 2379 alii
1492 2362 1512 2393 ,
1539 2313 1646 2378 vel
1677 2313 1760 2378 ad
1786 2312 1987 2392 iram,
2019 2312 2124 2376 vel
2149 2312 2232 2377 ad

696 2424 1050 2501 luxuriam,
1073 2423 1177 2490 vel
1194 2423 1272 2488 ad
1297 2421 1655 2500 avaritiam,
1679 2420 1784 2486 vel
1811 2420 1894 2485 ad
1913 2420 2233 2503 judicium

698 2533 1145 2615 provocantur,
1175 2530 1358 2613 quasi
1381 2527 1660 2611 jactibus
1684 2526 1972 2610 lapidum
1993 2527 2236 2592 laedun-

700 2642 828 2703 tur.
879 2640 956 2702 Et
993 2637 1149 2720 quia
1188 2636 1406 2701 fideles
1444 2642 1595 2700 sunt
1633 2635 1923 2699 membra
1972 2634 2232 2712 Christi,

698 2746 938 2831 lapides
967 2745 1035 2809 in
1063 2745 1382 2810 Christum
1401 2745 1756 2828 jaciuntur,
1800 2744 1912 2826 qui
1948 2743 2240 2808 membra

700 2855 841 2936 ejus
879 2851 1190 2917 scandalis
1230 2851 1618 2934 percutiunt.
1668 2850 1792 2915 Sed
1828 2854 1980 2914 nota
2000 2899 2018 2930 ,
2070 2849 2241 2934 quod

702 2962 980 3043 quatuor
998 2958 1202 3023 modis
1221 2957 1504 3040 perversi
1523 2960 1930 3023 tentaverunt
1953 2957 2241 3022 occidere

705 3064 1049 3130 Christum.
1080 3061 1368 3129 Primum
1395 3064 1608 3145 gladio
1628 3064 1652 3100 ⁶
1681 3082 1699 3128 z
1728 3086 1759 3125 α
1776 3063 2095 3129 Futurum
2123 3069 2240 3145 est,

708 3176 785 3239 ut
822 3171 1134 3251 Herodes,
1164 3191 1196 3230 n
1234 3174 1355 3235 etc.
1392 3169 1551 3237 Item
1598 3171 2097 3255 praecipitatione
2146 3172 2169 3206 ⁷

715 3304 749 3344 α
766 3280 1098 3347 Duxerunt
1118 3279 1297 3343 illum
1319 3297 1522 3361 usque
1536 3278 1617 3342 ad
1636 3279 2050 3361 supercilium
2069 3297 2247 3345 mon-

706 3388 822 3469 tis,
853 3404 1049 3470 super
1084 3404 1279 3469 quem
1313 3385 1536 3451 civitas
1570 3385 1826 3451 illorum
1868 3391 2003 3450 erat
2041 3386 2247 3451 aedifl-

710 3500 849 3559 cata
878 3542 900 3575 ,
955 3497 1030 3560 ut
1087 3493 1555 3579 praecipitarent
1605 3511 1787 3559 eum.
1840 3493 1979 3576 Ipse
2029 3499 2248 3559 autem

710 3603 1054 3680 transiens,
1084 3620 1198 3686 per
1238 3600 1523 3665 medium
1554 3598 1812 3665 illorum
1837 3600 1990 3664 ibat.
2018 3622 2051 3661 ι)
2089 3600 2249 3665 Item

711 3708 1093 3792 lapidatione
1108 3755 1130 3787 ,
1157 3711 1231 3771 ut
1255 3706 1384 3771 hic.
1426 3704 1585 3770 Item
1615 3706 2048 3770 crucifixione.
2082 3706 2205 3772 Sed
2226 3755 2244 3787 ,

713 3816 843 3881 heu
867 3818 883 3879 l
914 3812 1124 3880 adbuc
1149 3814 1334 3879 hodie
1361 3813 1680 3880 Christum
1708 3814 1778 3876 in
1808 3813 2113 3878 membris
2138 3833 2247 3899 pe-

713 3924 948 3991 rimere
993 3927 1239 3990 tentant
1269 3923 1521 4006 judices
1565 3923 1780 4005 gladio
1808 3971 1826 4002 ,
1873 3925 1985 4007 qui
2039 3925 2251 4005 gladio

716 4032 1045 4098 mundano
1071 4080 1089 4113 ,
1130 4030 1231 4098 vel
1265 4026 1680 4095 ecclesiastico
1704 4076 1722 4107 ‚
1765 4030 1933 4095 male
1977 4035 2251 4097 utuntur

717 4143 937 4205 eontra
956 4139 1135 4203 alios.
1167 4136 1325 4202 Item
1352 4137 1728 4220 hypocritae,
1759 4139 1864 4204 vel
1891 4139 2248 4218 traditores,

717 4245 1064 4330 praecipitio
1086 4294 1105 4322 ,
1132 4245 1246 4328 qui
1272 4243 1529 4325 aliquod
1563 4245 1806 4309 bonum
1850 4245 2209 4311 simulando
2224 4294 2248 4327 ,

718 4353 905 4437 quasi
929 4353 996 4417 in
1027 4357 1308 4416 montem
1335 4352 1582 4417 ducunt
1589 4369 1611 4433 3
1642 4352 1753 4417 sed
1778 4353 1930 4435 quia
1955 4354 2122 4418 male
2145 4355 2253 4419 in-

719 4461 1010 4541 tendunt,
1039 4459 1434 4543 praecipitare
1460 4463 1782 4542 quaerunt.
1812 4459 1969 4524 ltem
1999 4462 2256 4526 scanda-

719 4567 1040 4646 lizatores,
1070 4566 1175 4631 vel
1218 4565 1574 4649 blasphemi
1587 4615 1609 4646 ,
1654 4566 2056 4649 lapidatione.
2091 4569 2256 4647 Quot

722 4673 894 4738 enim
914 4673 1228 4752 scandala,
1254 4678 1408 4756 quot
1430 4673 1852 4756 blasphemias
1876 4675 2138 4756 faciunt,
2165 4680 2258 4741 tot

722 4780 962 4863 lapides
987 4779 1054 4844 in
1077 4779 1272 4845 Deum
1291 4781 1573 4845 mittunt.
1599 4780 1757 4846 Item
1785 4782 1874 4846 im
1879 4784 2258 4865 poenitentes

722 4885 790 4950 in
830 4886 1241 4952 crucifixione
1261 4934 1280 4964 ‚
1321 4888 1474 4972 quia
1509 4888 1793 4953 fructum
1833 4892 2040 4956 crucis
2083 4892 2155 4956 in
2190 4911 2259 4958 se

724 4999 1033 5059 evacuant
1067 4998 1091 5034 ⁸
1131 5017 1148 5059 ι
1195 5017 1228 5057 α
1251 4994 1532 5061 Rursum
1575 4998 2044 5080 crucifigentes,
2070 5023 2100 5061 a
2136 5006 2256 5080 etc,

725 5100 945 5166 Glossa
991 5118 1009 5166 ε
1045 5125 1078 5163 α
1114 5101 1187 5166 In
1209 5120 1279 5166 se
1303 5100 1538 5166 Filium
1567 5101 1675 5167 Dei
1703 5105 2109 5188 crucifigunt,
2143 5112 2259 5191 qui

787 5228 806 5263 ¹
835 5229 970 5291 Act„
1000 5240 1172 5292 xxvn,
1213 5231 1288 5280 18.
1323 5252 1385 5265 -
1417 5230 1439 5263 ¹
1471 5228 1603 5292 Luc„
1640 5240 1760 5294 xix,
1789 5233 1867 5282 28.
1902 5260 1957 5270 -
1997 5234 2019 5268 ⁸
2055 5234 2263 5291 Ma‘tk„

726 5308 839 5359 xix,
867 5300 944 5350 27.
975 5324 1036 5339 -
1062 5299 1081 5331 ⁴
1105 5301 1240 5360 Jon„
1267 5313 1307 5364 1,
1335 5304 1385 5350 5.
1414 5325 1476 5338 -
1503 5301 1521 5329 ⁸
1548 5301 1678 5365 Aug.
1711 5328 1764 5338 -
1795 5303 1816 5337 ⁶
1845 5305 2046 5367 Matth„
2084 5318 2150 5369 ιι,
2184 5312 2259 5357 13.

727 5392 791 5406 —·
813 5368 837 5403 '¹
868 5369 1003 5434 Luc„
1034 5382 1108 5434 ιν,
1146 5374 1318 5422 29-30.
1360 5397 1423 5409 —
1450 5371 1469 5401 ⁸
1497 5370 1668 5427 Hebr..
1699 5384 1778 5437 v1,
1805 5376 1852 5423 6.
1876 5399 1939 5412 —
1967 5378 1988 5408 ⁰
2018 5378 2168 5426 Bern.
2200 5404 2262 5416 —

729 5437 775 5479 ⁸0
804 5440 952 5498 Hunc
975 5455 1084 5498 non
1108 5442 1264 5498 habet
1288 5442 1407 5498 edit.
1438 5441 1595 5498 Paris.
1625 5456 1711 5497 an.
1754 5447 1893 5503 ¹521.
1921 5472 1982 5483 -
2024 5448 2061 5487 ¹¹
2096 5448 2263 5514 Cant„

1779 459 2192 529 SERMONES
2232 457 2334 525 DE
2375 458 2773 528 TEMPORE.

2334 595 2610 677 gratiam
2657 598 2798 680 ejus
2834 597 3296 680 vilipendente's
3345 597 3417 663 in
3459 599 3729 681 peccatis
3762 601 3859 681 ja·

2332 706 2497 767 cent.
2538 724 2570 763 n
2604 703 2965 770 Bernardus
3000 705 3024 740 ⁹
3069 724 3087 768 ε
3124 728 3155 765 α
3185 705 3408 770 Nonne
3446 706 3601 769 satis
3653 722 3768 789 pro
3802 710 3866 771 te

2335 829 2481 876 sum
2517 811 2887 877 vulneratus
2902 813 2934 875 ’1
2961 830 3174 877 nonne
3201 813 3354 876 satis
3380 812 3690 877 afflictus?
3730 811 3866 878 Noli

2336 937 2440 984 me
2468 920 2609 1003 plus
2626 920 2913 1002 affligere
2935 941 2950 984 z
2973 937 3075 984 me
3084 920 3259 985 enim
3279 918 3423 1003 plus
3447 919 3676 1001 affligit
3698 938 3868 985 com·

2336 1027 2543 1110 passio
2566 1028 2849 1093 vulneris
2873 1028 3004 1107 tui,
3035 1045 3229 1110 quam
3254 1026 3469 1091 lateris
3495 1026 3641 1090 mei.
3666 1048 3698 1087 ι

2466 1259 2836 1335 DOMINIGA
2879 1257 2957 1333 IN
3000 1256 3243 1333 RAMIS
3284 1257 3744 1334 PALMARUM.

2719 1429 3007 1501 SERMO
3049 1430 3373 1501 PRIMUS
3412 1431 3481 1500 ¹⁰.

2422 1564 2842 1650 Emedimini
2856 1613 2876 1645 ‚
2899 1572 2961 1634 et
2983 1567 3191 1635 videte
3208 1614 3225 1644 ‚
3254 1567 3413 1648 filice
3432 1566 3612 1643 Sion,
3649 1567 3881 1651 Reum

2342 1672 2748 1742 Salomonem
2773 1676 2849 1741 in
2873 1673 3253 1754 diademate,
3281 1690 3405 1758 quo
3430 1676 3771 1743 coronavit
3793 1676 3877 1742 il-

2343 1779 2477 1846 lum
2499 1788 2707 1850 mater
2732 1797 2852 1849 sua
2875 1784 2942 1846 ¹¹.
2973 1781 3307 1862 Quoniam,
3338 1781 3695 1847 secundum
3729 1783 3881 1848 bea·

2345 1890 2485 1951 tum
2508 1887 2946 1969 Augustinum
2975 1888 3041 1966 ¹¹,
3078 1911 3109 1950 ι
3131 1905 3277 1971 quae
3306 1887 3386 1952 de
3413 1886 3759 1953 Salomone
3784 1888 3883 1954 di·

2343 1997 2582 2059 cuntur
2608 2013 2648 2058 a
2676 1993 2799 2060 Deo
2819 2043 2837 2076 ‚
2883 1995 3271 2061 conveniunt
3309 1994 3427 2059 soli
3470 1995 3722 2060 Christo
3738 2043 3760 2075 ‚
3813 1999 3887 2060 ut

2343 2102 2414 2166 in
2469 2102 2582 2168 illo
2624 2103 2709 2167 sit
2766 2105 2981 2186 figura
3027 2104 3412 2169 obumbrata
3442 2151 3464 2183 ,
3514 2102 3585 2167 in
3628 2102 3885 2170 Christo

2346 2210 2579 2277 veritas
2604 2213 3053 2293 repraesentata
3072 2211 3193 2293 (a);
3219 2233 3252 2271 n
3281 2210 3424 2275 ideo
3450 2228 3603 2276 vere
3640 2213 3707 2275 et
3736 2229 3887 2294 pro-

2345 2319 2481 2403 prie
2499 2369 2517 2401 ,
2549 2323 2808 2403 propter
2832 2319 3319 2404 completionem
3346 2319 3595 2385 umbrae
3620 2320 3881 2402 figura-

2345 2427 2457 2506 lis,
2487 2429 2550 2491 et
2574 2426 3033 2493 exhibitionem
3059 2426 3346 2492 veritatis
3366 2473 3386 2503 ‚
3413 2425 3690 2491 verbnm
3729 2445 3882 2509 pro-

2346 2535 2625 2617 positum
2653 2537 2858 2616 potest
2882 2532 3124 2598 assumi
3150 2533 3233 2598 ad
3257 2532 3885 2599 commendationem

2347 2641 2674 2705 hodiernae
2699 2640 3076 2706 festivitatis,
3117 2638 3438 2705 Hodierna
3470 2657 3767 2723 namque
3795 2641 3893 2705 dte

2346 2747 2608 2815 Judaica
2632 2764 2998 2832 synagoga,
3029 2751 3234 2812 mater
3260 2747 3492 2813 Christi
3528 2748 3893 2813 secundum

2349 2873 2604 2920 carnem
2621 2903 2639 2935 ,
2671 2854 3008 2936 egrediens
3049 2854 3306 2919 obviam
3346 2853 3590 2920 Christo
3604 2902 3625 2931 ‚
3672 2855 3893 2920 verbis

2349 2968 2414 3028 et
2438 2962 2616 3028 factis
2629 3010 2651 3042 ,
2697 2962 2906 3044 gloria
2948 2961 3263 3045 imperiali
3304 2966 3369 3027 et
3408 2961 3592 3043 regio
3645 2963 3894 3028 honore

2350 3070 2709 3150 coronavit,
2741 3068 2917 3133 hunc
2957 3068 3266 3134 honorem
3294 3066 3541 3133 Christo
3568 3068 3895 3134 exhiben-

2222 3193 2239 3238 :
2350 3176 2432 3241 do
2463 3198 2479 3239 z
2509 3175 2652 3240 ideo
2678 3180 2881 3240 mater
2922 3174 3225 3254 Ecclesia,
3269 3175 3490 3239 exiens
3516 3178 3703 3240 extra
3729 3176 3894 3240 civi·

2350 3285 2546 3347 tatem
2576 3281 3134 3365 processionaIIter,
3183 3282 3305 3346 hoc
3330 3286 3748 3364 repraesentat
3766 3331 3786 3362 ,
3819 3286 3895 3348 ut

2351 3389 2592 3454 discant
2610 3389 2750 3471 ejus
2764 3386 2901 3466 filii,
2926 3386 3156 3468 primo,
3177 3405 3218 3451 a
3232 3387 3471 3469 peceati
3491 3386 3896 3453 deformitate

2353 3496 2561 3574 exire;
2589 3494 2815 3560 deinde
2841 3493 2913 3558 in
2940 3493 3197 3577 propria
3215 3493 3603 3558 conscientia
3630 3493 3744 3558 Dei
3773 3495 3899 3560 cla-

2353 3602 2607 3667 ritatem
2634 3617 3017 3682 cognoscere
3043 3603 3108 3664 et
3133 3598 3386 3678 videre;
3432 3603 3497 3664 et
3537 3605 3760 3683 postea
3787 3602 3897 3666 de·

2354 3710 2564 3775 bitum
2591 3709 2903 3773 honorem
2922 3707 3233 3787 majestati
3254 3708 3578 3773 exhibere.
3602 3706 3785 3774 Unde
3818 3709 3900 3774 ad

2355 3821 2639 3881 nostram
2665 3813 3146 3880 instructionem
3164 3815 3443 3879 haectria
3459 3833 3573 3898 per
3596 3815 3894 3881 ordinem

2356 3924 2424 3988 in
2449 3924 2648 3990 verbo
2667 3922 2991 4006 proposito
3013 3924 3357 3987 notantur:
3388 3922 3597 4006 primo
3621 3923 3900 3989 desertio

2358 4032 2772 4097 deformitatis
2795 4031 3111 4113 proprian
3142 4030 3418 4095 secundo
3444 4031 3901 4114 contemplatio

2318 4218 2323 4225 ,
2358 4138 2774 4222 speciositatis
2794 4137 3068 4216 divinae;
3092 4137 3281 4201 tertio
3305 4137 3614 4202 exhibitio
3632 4137 3903 4204 honoris

2359 4249 2424 4310 et
2452 4243 2950 4326 magnificentiae
2977 4246 3078 4308 :et
3101 4244 3244 4324 hoc,
3264 4243 3416 4327 quia
3442 4262 3649 4309 unum
3668 4251 3771 4311 est
3786 4247 3904 4311 dis-

2359 4355 2589 4439 positio
2610 4352 2894 4419 aIterius.
2920 4349 3083 4417 Nam
3096 4352 3341 4434 puritas
3358 4352 3763 4419 conscientias
3783 4354 3905 4420 dis-

2360 4462 2539 4545 ponit
2561 4460 2641 4525 ad
2662 4459 3131 4541 cognitionem,
3158 4457 3297 4522 sive
3323 4457 3637 4523 visionem
3664 4462 3905 4543 specio-

2362 4569 2562 4634 sitatis
2588 4567 2827 4632 divinae
2854 4565 3216 4649 sapientiae3
3241 4570 3302 4629 et
3329 4566 3781 4648 contemplatio
3805 4568 3905 4634 lu·

2362 4676 2452 4741 cis
2477 4679 2737 4740 aeternae
2765 4673 3043 4755 disponit
3071 4673 3153 4737 ad
3175 4672 3733 4739 honorificentiam
3764 4694 3900 4740 ma·

2356 4782 2604 4866 jestatis
2615 4781 2876 4846 divinae.
2902 4779 3118 4844 Primo
3135 4797 3414 4862 namque
3432 4779 3707 4864 Spiritus
3725 4801 3906 4849 sanc-

2365 4896 2470 4954 tus
2487 4889 2557 4952 in
2569 4888 2770 4952 verbo
2786 4885 3106 4970 proposito
3130 4884 3482 4966 quamlibet
3491 4885 3909 4953 christianam

2365 4997 2648 5062 animam
2671 4996 2902 5059 excitat
2923 4992 3006 5057 ad
3028 4990 3449 5056 desertionem
3476 4992 3900 5061 deformitatis

2369 5102 2665 5188 propriae,
2697 5107 2769 5165 ut
2794 5100 3189 5182 disponatur,
3222 5116 3372 5164 cum
3398 5098 3593 5165 dicit:
3626 5102 3909 5185 Eqredi·

2370 5279 2564 5398 111,211.
2590 5299 2653 5312 —
2689 5274 2731 5308 ¹¹
2758 5273 2908 5336 Aug,
2944 5269 3004 5320 de
3041 5270 3194 5322 Civit-
3227 5270 3348 5334 Dei,
3381 5270 3471 5321 lib.
3501 5271 3671 5336 xvn,
3697 5286 3748 5324 c.
3781 5286 3896 5338 vui,

2369 5361 2424 5399 n.
2495 5385 2505 5397 .

2434 5444 2508 5514 (a)
2536 5444 2688 5512 Apud
2712 5444 2841 5510 Auq.
2868 5441 2992 5494 aaa.
3024 5440 3214 5497 eamne
3232 5442 3566 5505 praesentata.
