4059 6317
719 512 841 577 566

714 646 845 706 auri
885 650 942 707 et
975 647 1219 722 argenti.
1260 667 1292 702 ι
1331 651 1398 706 Et
1425 644 1654 706 ibidem
1692 645 1905 705 dicitnr
1932 648 1951 684 ¹
1997 664 2011 704 ε
2060 663 2091 700 α
2122 646 2261 703 Pos-

713 736 842 800 side
881 740 1252 817 sapientiam,
1301 743 1443 818 quia
1485 758 1633 802 auro
1665 740 1877 801 melior
1904 744 2023 799 est:
2073 743 2133 798 et
2159 754 2260 797 ac-

714 834 884 910 quire
917 835 1318 909 prudentiam,
1365 835 1508 912 quia
1537 836 1751 894 melior
1785 838 1872 893 est
1897 838 2161 908 argento.
2194 836 2261 892 Et

716 930 792 988 de
826 928 943 987 hoc
974 929 1225 988 habetur
1261 929 1399 988 satis
1439 930 1501 987 in
1545 930 1836 1001 Sapientia
1877 926 1922 987 ².
1954 927 2091 999 Sed,
2127 927 2260 1002 quis

713 1021 895 1081 hodie
907 1022 1062 1081 hanc
1083 1022 1434 1098 sapientiam
1448 1023 1676 1098 quaerit,
1697 1025 1754 1081 et
1769 1037 1892 1080 non
1907 1022 2107 1096 potius
2129 1036 2261 1079 eam

714 1117 937 1191 abjicit,
968 1122 1025 1177 et
1038 1120 1162 1177 toto
1186 1134 1363 1193 posse
1392 1118 1625 1177 divitias
1651 1116 1897 1192 quaerit?
1923 1115 2087 1173 Unde
2116 1115 2261 1174 dici-

715 1213 809 1269 tur
832 1209 858 1246 ⁸
883 1231 901 1267 ε
935 1228 967 1266 α
991 1211 1119 1269 Filii
1151 1216 1307 1285 Agar
1347 1211 1748 1286 exquisierunt
1785 1209 2135 1284 sapientiam
2185 1208 2259 1284 (a)

716 1321 851 1380 quas
874 1306 950 1364 de
976 1308 1134 1364 terra
1158 1309 1265 1377 est,
1291 1303 1684 1378 negotiatores
1720 1304 1956 1364 Merrhoe
1981 1303 2079 1379 (b).
2109 1323 2138 1359 ιι
2172 1303 2264 1361 Fi-

715 1401 782 1459 lii
800 1406 955 1475 Agar
979 1406 1116 1459 sunt
1141 1417 1349 1459 omnes
1374 1401 1517 1459 mali
1545 1399 1873 1471 Christiani,
1902 1400 2006 1474 qui
2034 1415 2073 1458 a
2098 1398 2259 1458 Chri·

716 1499 830 1567 sto,
854 1512 998 1554 vero
1025 1499 1212 1571 patre,
1245 1499 1303 1553 et
1328 1496 1406 1554 ab
1433 1495 1708 1567 Ecclesia,
1741 1510 1880 1553 vera
1894 1497 2103 1563 matre,
2123 1493 2263 1552 facti

715 1592 853 1646 sunt
892 1588 1113 1647 alieni:
1147 1593 1225 1657 et,
1257 1590 1476 1648 omissa
1518 1588 1806 1665 sapientia
1844 1588 2051 1647 Christi
2070 1631 2089 1660 ,
2136 1590 2260 1647 toto

715 1698 892 1756 posse
940 1687 1210 1757 quoerunt
1249 1682 1484 1741 divitias
1524 1680 1756 1740 mundi.
1801 1681 1940 1752 Quis
1965 1680 2146 1740 hodie
2178 1685 2265 1740 est

717 1779 950 1835 sanctus
989 1781 1301 1849 mercator,
1338 1777 1444 1852 qui
1485 1777 1565 1835 ad
1608 1776 1967 1835 lucrandum
2009 1790 2264 1849 regnum

718 1870 1005 1929 coelorum
1045 1886 1107 1929 se
1155 1874 1279 1929 toto
1324 1870 1507 1929 corde
1553 1869 1870 1944 disponat?
1913 1869 2028 1928 Sed
2066 1870 2264 1942 potius

720 1964 850 2023 auri
878 1968 935 2022 et
968 1962 1196 2037 argenti
1219 1967 1573 2022 mercatores
1614 1967 1750 2021 sunt
1782 1962 1984 2033 hodie,
2018 1977 2144 2020 non
2169 1977 2264 2019 so·

718 2056 870 2129 lum,
896 2060 963 2115 ut
985 2057 1151 2129 olim,
1179 2073 1447 2131 personoe
1475 2056 1641 2130 viles,
1673 2056 1779 2115 sed
1808 2056 2045 2128 milites,
2082 2055 2261 2114 baro-

720 2167 847 2223 nes,
887 2155 945 2209 et
965 2150 1296 2227 principes:
1336 2150 1482 2209 tales
1524 2164 1767 2223 omnes,
1806 2154 2014 2209 contra
2041 2166 2265 2208 merca·

720 2244 944 2304 tionem
967 2244 1398 2319 apostolorum,
1425 2260 1537 2318 pro
1565 2243 1786 2302 vilibus
1813 2244 1957 2302 dant
1983 2244 2263 2320 pretiosa,

718 2355 832 2413 pro
855 2339 1097 2396 terrenis
1126 2339 1407 2411 coelestia,
1449 2353 1561 2412 pro
1587 2338 2024 2396 transeuntibus
2049 2342 2267 2396 oeterna

721 2437 777 2491 et
805 2447 1039 2490 summa
1057 2432 1242 2491 bona.
1269 2436 1335 2490 Et
1365 2433 1513 2509 quid
1539 2433 1654 2491 hoc
1680 2437 1767 2490 est
1790 2431 2020 2490 stultius
2036 2430 2268 2511 {Nobi-

719 2525 928 2584 lissimi
960 2526 1231 2599 Romani,
1261 2530 1327 2585 ut
1351 2527 1677 2586 humanam
1709 2531 1949 2602 possent
1982 2525 2264 2600 consequi

722 2620 998 2693 gloriam,
1037 2620 1100 2678 in
1136 2620 1416 2680 omnibus
1454 2619 1911 2680 contemnebant
1939 2621 2267 2679 humanam

719 2714 1055 2788 pecuniam.
1094 2716 1241 2772 Nam
1281 2717 1305 2753 ὅ
1330 2731 1468 2772 cum
1483 2756 1503 2786 ,
1543 2713 1766 2789 Pyrrho
1805 2730 1946 2787 rege
1994 2714 2263 2786 deviem,

721 2808 943 2868 Manius
963 2807 1190 2880 Curius,
1210 2808 1399 2866 victor
1417 2808 1704 2882 ejusdem,
1730 2808 2120 2867 Macedonum
2139 2808 2267 2884 opi-

721 2902 836 2959 bus
850 2903 1259 2977 paupertatem
1277 2904 1609 2960 Romanam
1633 2901 1917 2975 satiasset,
1948 2906 2005 2960 et
2034 2902 2267 2960 divitias

720 3012 966 3069 magnas
988 2995 1268 3053 Romanis
1292 2995 1657 3069 praebuisset,
1696 2995 1862 3054 nullo
1899 2995 2084 3055 modo
2126 3013 2268 3055 suos

719 3094 991 3163 parentes
1030 3089 1167 3147 fecit
1200 3088 1635 3164 locupletiores,
1675 3090 1896 3164 optime
1934 3106 2131 3147 secum
2168 3107 2268 3148 ac-

720 3185 849 3240 tum
872 3182 1116 3240 credens
1146 3197 1294 3253 esse,
1335 3183 1384 3239 si
1424 3182 1523 3239 alii
1553 3198 1628 3240 ex
1656 3184 1903 3241 victoria
1936 3201 2044 3242 sua
2083 3200 2268 3258 pecu-

722 3276 906 3345 niam,
927 3276 1054 3350 ipse
1074 3275 1329 3349 gloriam
1356 3284 1716 3350 occupasset.
1748 3278 1923 3350 Ergo,
1949 3278 1998 3335 si
2025 3282 2268 3352 propter

724 3365 979 3440 gloriam
1012 3382 1230 3427 vanarn
1272 3366 1546 3424 citissime
1581 3367 1903 3441 perituram
1943 3369 2025 3427 sic
2063 3372 2270 3442 potue-

721 3464 861 3518 runt
886 3460 995 3517 viri
1019 3460 1242 3534 pagani
1271 3464 1648 3520 contemnere
1670 3461 1880 3519 mundi
1908 3462 2088 3535 bona,
2120 3465 2267 3538 quid

722 3553 1058 3612 Christianis
1106 3554 1444 3613 faciendum
1498 3560 1647 3614 esset
1700 3560 1941 3631 propter
1990 3561 2269 3617 aeternam

726 3646 980 3720 gloriam
1032 3649 1311 3706 omnibus
1358 3647 1536 3708 bonis
1577 3649 1864 3726 plenam?
1903 3651 2040 3725 plus
2084 3668 2269 3726 quam
2322 3730 2329 3739 ,

726 3741 977 3815 exprimi
1003 3742 1196 3800 valeat
1221 3742 1346 3801 ulla
1372 3744 1596 3817 lingua.

795 3835 1009 3904 Quinto
1069 3835 1278 3894 beatus
1329 3838 1615 3896 Antonius
1662 3839 1873 3897 habuit
1921 3839 2269 3914 sapientiam

725 3934 1056 4003 martyrum
1073 3971 1094 3999 ‚
1123 3945 1258 4004 quae
1296 3935 1380 3987 est
1407 3931 1554 3989 sicut
1580 3932 1820 3991 scientia
1841 3940 2264 4009 pugnatorum.

725 4024 871 4081 Nam
896 4021 996 4080 ille
1019 4023 1253 4098 sapiens
1272 4030 1569 4097 pugnator
1589 4025 1723 4098 fuit,
1745 4028 1847 4100 qui
1871 4029 2037 4085 novit
2062 4029 2271 4086 adver-

726 4116 1021 4174 sariorum
1041 4116 1287 4174 insidias
1316 4117 1644 4192 declinare3
1674 4120 1773 4178 ille
1800 4122 2121 4195 sapientior
2149 4140 2271 4181 cre·

728 4209 902 4277 ditur.
933 4210 1038 4284 qui
1057 4211 1225 4269 novit
1247 4211 1614 4271 adversarios
1637 4230 2010 4289 expugnare3
2042 4216 2148 4274 sed
2169 4216 2270 4276 ille

727 4303 1190 4378 sapientissimus
1212 4303 1466 4363 habetur
1487 4306 1579 4380 (c),
1595 4308 1696 4381 qui
1711 4324 1818 4382 per
1833 4308 1991 4383 ipsas
2009 4309 2270 4369 hostium

725 4412 938 4455 manus
960 4400 1160 4455 nosset
1185 4397 1261 4455 de
1287 4398 1554 4458 hostibus
1579 4400 1963 4476 triumphare.
1993 4404 2144 4462 Talis
2175 4421 2270 4463 re·

724 4506 869 4548 vera
892 4490 1002 4549 fuit
1027 4492 1313 4566 sapientia
1335 4497 1662 4568 marty-rum
1690 4502 2107 4572 pugnatorum,
2140 4501 2267 4576 qui,

726 4584 1115 4643 servientibus
1143 4585 1255 4643 sibi
1291 4588 1570 4646 manibus
1612 4589 1893 4663 hostium,
1933 4602 2272 4656 meruerunt

723 4680 1055 4754 pertingere
1083 4679 1162 4738 ad
1193 4681 1576 4756 triumphum.
1609 4685 1748 4753 Quis
1777 4687 1935 4744 enim
1962 4688 2270 4750 fabricavit

728 4788 1015 4832 coronam
1052 4775 1368 4850 Stephan0,
1419 4777 1533 4834 nisi
1576 4794 1788 4837 manus
1833 4780 2269 4855 lapidantium?

727 4867 867 4938 Quis
885 4869 1216 4942 Laurentio,
1242 4870 1353 4927 nisi
1373 4887 1584 4937 manus
1603 4874 1924 4932 assantium
1936 4876 1967 4932 Τ
1995 4877 2134 4945 Quis
2153 4882 2268 4937 An·

726 4961 884 5019 dreae
913 4964 971 5019 et
996 4964 1186 5036 Petr0,
1213 4962 1324 5021 nisi
1351 4980 1565 5023 manus
1597 4966 2102 5042 crucifigentium?
2130 4972 2270 5042 Quis

792 5160 1001 5222 'Pr-ov„
1039 5172 1111 5224 lv,
1140 5172 1190 5211 v.
1220 5188 1279 5199 -
1306 5162 1498 5227 ².,Sc1p
1529 5175 1602 5215 vn
1634 5169 1686 5216 ct
1720 5178 1832 5218 vm.
1869 5194 1923 5204 -
1969 5168 1990 5202 ³
2020 5168 2159 5233 Bar„
2187 5183 2267 5238 111,

730 5234 806 5281 23.
835 5232 1144 5284 —bvmen
1173 5235 1331 5297 Max„
1357 5234 1446 5285 lib.
1477 5236 1563 5300 lv,
1592 5251 1640 5287 c.
1671 5249 1749 5301 ιιι,
1779 5252 1833 5288 n.
1863 5242 1911 5289 5.
1939 5268 2001 5278 —
2029 5243 2267 5308 ‘Ec-cle..

730 5314 805 5365 tx,
828 5305 904 5352 18.
928 5304 1198 5370 -⁸Sur.‚
1223 5306 1310 5357 ubi
1336 5321 1450 5371 sup
1479 5274 1778 5374 —''.,‘¹Greg
1808 5311 2037 5378 ΠιαΙο9.,
2062 5314 2151 5368 lib.
2178 5318 2268 5382 ΙΙΙ,

728 5386 779 5421 e.
810 5385 988 5436 xxvn,
1022 5376 1119 5426 col.
1150 5343 1259 5429 3:⁹st
1289 5379 1392 5416 —⁸
1420 5380 1561 5443 Sap
1590 5392 1657 5443 x,
1697 5383 1769 5433 12.
1797 5409 1854 5420 —
1881 5386 2065 5437 ⁹1bid.
2073 5401 2189 5451 μη,
2220 5394 2264 5440 Ι.

735 5468 790 5481 --
835 5443 1061 5512 ⁰Greg.‚
1087 5450 1140 5499 in
1172 5450 1390 5517 Ευαη9.,
1421 5450 1562 5504 hom.
1590 5464 1749 5519 xxxv,
1777 5468 1833 5506 n.
1862 5459 1910 5510 6.
1937 5459 2063 5495 ..n
2099 5460 2268 5518 valer.

1728 505 2145 574 SERMONES
2186 506 2289 572 DE
2330 504 2682 574 SANCTIS.
2720 504 2904 573 m.

2365 644 2811 719 Bartholomoeo,
2839 646 2952 704 nisi
2977 661 3191 705 manus
3216 647 3694 721 excoriandum?
3732 650 3802 708 Et
3832 649 3905 708 sic

2367 738 2443 798 de
2472 738 2603 797 aliis
2631 742 2719 798 est
2746 740 3216 814 intelligendum.
3236 740 3409 800 Unde
3438 742 3691 801 dicitur⁸
3717 762 3733 801 ε
3767 746 3909 803 «lle-

2364 832 2482 892 lior
2510 838 2597 893 est
2619 834 2922 910 sapientia,
2953 852 3137 911 quam
3171 852 3340 894 arma
3381 836 3748 896 bellatorum
3768 838 3862 912 (d).
3881 862 3907 893 ι

2368 929 2524 985 Hanc
2553 927 2903 1002 sapientiam
2927 929 3019 986 vir
3046 929 3146 987 Dei
3183 929 3476 988 Antonius
3514 930 3748 1002 habuit,
3789 947 3911 990 cum

2366 1022 2719 1096 martyrium
2736 1021 2819 1079 sic
2839 1020 3216 1094 desideravit,
3234 1022 3320 1081 sic
3339 1023 3614 1082 animose
3634 1025 3910 1099 quaesivit,

2369 1116 2427 1173 et
2464 1114 2549 1173 sic
2588 1114 2668 1172 ad
2712 1115 3059 1190 patiendum
3097 1132 3275 1175 omne
3316 1116 3492 1192 quod
3528 1118 3730 1192 potuit
3750 1117 3911 1177 tecit:

2369 1223 2551 1282 quem
2572 1210 2724 1265 Deus
2750 1213 2949 1267 tamen
2976 1208 3055 1267 ad
3084 1208 3251 1268 aliud
3272 1209 3604 1280 ordinavit,
3633 1211 3913 1287 sicutipse

2367 1302 2645 1376 Legenda
2687 1303 2946 1362 ostendit
2981 1305 3027 1363 θ.
3076 1303 3187 1374 Qui
3227 1304 3387 1363 enim
3425 1305 3682 1379 optabat
3710 1306 3912 1365 bellare

2369 1412 2507 1455 cum
2530 1396 2744 1472 poeniS,
2774 1396 2982 1455 datum
3010 1403 3095 1455 est
3121 1397 3278 1470 sibi,
3306 1402 3373 1456 ut
3393 1398 3658 1457 bellaret
3683 1415 3821 1457 cnm
3841 1400 3915 1457 vi-

2368 1490 2461 1548 tiis
2492 1509 2507 1548 :
2540 1489 2738 1564 quod,
2766 1491 3095 1549 secundum
3131 1491 3481 1565 Gregorium
3520 1490 3567 1562 ⁷,
3622 1493 3914 1567 quoddam

2368 1583 2634 1659 martyrii
2672 1600 2858 1657 genus
2892 1585 3102 1643 existit.
3144 1586 3306 1644 Unde
3351 1585 3427 1643 de
3470 1602 3547 1645 eo
3584 1590 3787 1662 potest
3814 1587 3911 1646 dici

2367 1676 2519 1736 illud
2543 1675 2606 1735 ⁸:
2643 1697 2673 1732 α
2698 1681 3005 1737 Certamen
3029 1677 3177 1737 forte
3205 1679 3370 1738 dedit
3395 1679 3510 1750 illi,
3535 1685 3606 1738 ut
3648 1681 3910 1751 vinceret,

2370 1773 2428 1829 et
2453 1771 2626 1830 sciret
2652 1772 2938 1847 quoniam
2965 1772 3234 1833 omnium
3251 1760 3553 1848 potentior
3581 1777 3676 1831 est
3702 1775 3913 1849 sapien·

2369 1866 2470 1924 tia.
2514 1887 2542 1919 ιι
2591 1868 2658 1923 Et
2679 1867 2821 1924 item
2865 1866 3089 1925 dicitur
3120 1868 3182 1924 ἐ
3224 1886 3257 1921 α
3286 1868 3495 1927 Melior
3534 1869 3910 1943 estsapientia

2370 1977 2553 2036 quam
2580 1960 2735 2020 vires
2761 1981 2776 2016 ε
2808 1965 2865 2020 et
2888 1961 2982 2019 vir
3007 1964 3271 2020 sensatus
3307 1961 3549 2035 melior,
3590 1979 3782 2037 quam
3811 1964 3912 2021 for·

2370 2056 2464 2114 tis.
2498 2078 2524 2107 ιι
2554 2054 2597 2091 ¹·
2627 2074 2658 2110 α
2684 2054 2892 2113 Nobile
2931 2070 3120 2128 genus
3144 2054 3423 2114 vincendi
3450 2060 3562 2129 est,
3580 2057 3912 2132 pel-patien-

2369 2148 2513 2207 tiam
2541 2149 2799 2207 vincere.
2821 2168 2851 2203 n
2884 2148 3020 2221 Sed,
3051 2149 3184 2223 quis
3209 2148 3390 2207 hodie
3415 2152 3659 2225 patiens
3685 2151 3768 2210 ad
3794 2167 3916 2225 por-

2371 2242 2643 2312 tandum,
2683 2258 2806 2300 non
2848 2242 2982 2301 dico
3029 2243 3407 2318 martyrium,
3451 2243 3560 2301 sed
3620 2244 3914 2303 modicum

2370 2339 2626 2397 verbum
2637 2339 2666 2396 ‘l
2685 2336 3070 2397 confundunt
3086 2338 3519 2413 impatientiam
3537 2345 3813 2398 nostram
3830 2357 3919 2414 pa-

2373 2448 2665 2505 ganorum
2690 2432 2979 2507 exempla.
3000 2436 3146 2492 Nam
3174 2435 3214 2470 ¹¹
3236 2432 3488 2507 quidam
3500 2432 3616 2491 fuit
3634 2436 3915 2492 Romano-

2370 2542 2508 2584 rum
2535 2527 2939 2585 nobilissimus
2963 2526 3170 2585 consul
3188 2526 3351 2601 apud
3374 2543 3503 2600 eos,
3524 2531 3582 2585 et
3608 2528 3915 2598 maximus,

2371 2620 2480 2678 sed
2519 2621 2844 2695 aliquando
2891 2621 2969 2679 ab
3009 2619 3236 2679 aemulis
3276 2624 3613 2694 accusatus,
3645 2625 3705 2680 et
3730 2623 3809 2680 ab
3844 2621 3916 2680 eis

2370 2712 2482 2772 fuit
2520 2715 2818 2790 expulsus.
2864 2716 2996 2786 Qui,
3049 2716 3302 2791 patriam
3344 2716 3690 2790 egredienS‚
3738 2721 3797 2776 et
3846 2716 3916 2775 ad

2374 2811 2715 2868 extraneam
2760 2814 2994 2883 gentem
3032 2811 3381 2885 perveniens
3398 2852 3417 2883 ,
3456 2810 3591 2884 regi
3622 2811 3825 2885 patrias
3859 2827 3914 2869 se

2373 2908 2723 2977 proesentare
2742 2905 2971 2977 volenS,
3012 2904 3093 2963 ad
3121 2906 3247 2978 ejus
3270 2904 3568 2981 palatium
3596 2904 3729 2964 ivit.
3757 2908 3915 2964 Cum-

2375 3014 2492 3073 que
2520 2999 2737 3057 intrare
2763 2999 2841 3057 ad
2874 3014 3013 3057 eum
3032 3014 3157 3057 non
3177 3003 3408 3073 posset,
3436 2998 3504 3055 in
3525 2998 3701 3057 nullo
3729 2998 3913 3057 turba-

2374 3098 2488 3164 tus,
2520 3093 2773 3151 verbum
2799 3092 3101 3150 memoriae
3129 3092 3402 3165 dignum,
3433 3096 3492 3149 et
3516 3093 3799 3151 maximae
3823 3110 3915 3170 pa·

2374 3188 2588 3247 tientiae
2614 3188 2972 3245 ostensivum
3001 3185 3149 3244 dixit
3182 3185 3262 3244 ad
3297 3186 3533 3244 socium
3552 3206 3571 3243 ε
3602 3208 3634 3243 ι
3667 3189 3913 3263 oportet,

2374 3281 2586 3358 inquit,
2618 3298 2728 3340 nos
2748 3281 3038 3356 patienter
3071 3280 3187 3338 hoc
3215 3279 3394 3338 ferre:
3424 3281 3575 3355 quia
3608 3297 3745 3353 nos,
3783 3282 3914 3340 dum

2375 3376 2439 3433 in
2468 3377 2749 3450 dignitate
2771 3378 2974 3434 nostra
2999 3390 3281 3446 essemuS,
3323 3390 3479 3450 saepe
3508 3374 3657 3434 talia
3684 3374 3814 3434 aliis
3835 3375 3913 3433 fe-

2377 3474 2583 3532 cimus.
2609 3491 2639 3529 »
2660 3475 2814 3544 Ergo
2831 3484 2954 3527 non
2973 3468 3151 3527 debet
3167 3467 3360 3527 facere
3374 3467 3742 3528 Christianus
3760 3468 3913 3545 quod

2375 3566 2509 3626 fecit
2529 3581 2799 3641 paganus
2811 3565 2842 3620 ¹?

2448 3663 2618 3719 Sexto
2644 3660 2852 3718 beatus
2873 3657 3158 3716 Antonius
3181 3655 3392 3715 habuit
3414 3657 3774 3731 sapiendam
3788 3674 3916 3716 con·

2375 3753 2684 3825 fessorum,
2703 3754 2826 3811 sive
2844 3753 3039 3827 potius
3061 3754 3399 3810 sanctorum
3420 3749 3767 3823 doctorum,
3795 3768 3916 3827 qum

2379 3852 2464 3907 est
2490 3847 2778 3922 sapientia
2793 3847 3228 3920 magistrorum.
3258 3845 3502 3919 Sapiens
3529 3846 3696 3903 enim
3722 3844 3917 3903 doctor

2376 3943 2479 4001 ille
2509 3942 2741 4013 dicitur,
2772 3941 2875 4015 qui
2903 3938 3225 4015 prudenter
3241 3938 3415 3996 docet
3432 3954 3576 3996 suos
3595 3939 3890 3998 scholares
3898 3956 3915 4012 ;

2378 4036 2697 4112 sapientior
2725 4035 2856 4106 ille,
2894 4033 2998 4108 qui
3039 4033 3213 4091 docet
3246 4048 3432 4089 unam
3454 4036 3649 4091 totam
3684 4034 3915 4108 provin·

2379 4131 2531 4190 ciam
2546 4149 2564 4202 ;
2594 4129 2700 4187 sed
2727 4126 3189 4202 sapientissimus
3205 4126 3328 4198 ille,
3357 4126 3461 4200 qui
3487 4125 3671 4185 docet
3694 4142 3920 4185 omnem

2377 4230 2613 4283 terram.
2655 4222 2798 4281 Item
2837 4221 3070 4295 sapiens
3106 4219 3317 4278 doctor
3358 4221 3466 4290 est,
3504 4220 3615 4295 qui
3654 4221 3828 4279 docet
3864 4225 3921 4281 in

2378 4319 2581 4395 aliquo
2593 4322 2878 4392 tempore,
2899 4314 3046 4372 sicut
3060 4315 3121 4372 in
3132 4316 3348 4389 hyeme
3359 4318 3484 4374 tota
3502 4335 3521 4390 3
3561 4317 3675 4375 sed
3692 4319 3921 4393 sapien·

2380 4415 2513 4482 tior,
2551 4412 2653 4487 qui
2682 4411 2854 4468 docet
2881 4409 2943 4467 in
2970 4412 3091 4466 tota
3115 4408 3239 4466 vita
3252 4428 3271 4481 ;
3301 4407 3407 4466 sed
3427 4408 3917 4483 sapientissimtss,

2381 4507 2484 4581 qui
2512 4507 2594 4563 sic
2619 4504 2858 4562 doceret
2880 4502 2942 4560 in
2960 4502 3089 4573 ista,
3111 4505 3177 4559 ut
3204 4504 3351 4559 esset
3369 4502 3502 4574 sibi,
3526 4506 3586 4560 et
3615 4504 3751 4562 aliis
3769 4505 3920 4562 utilis

2380 4600 2441 4658 in
2468 4599 2687 4657 futur0.
2716 4597 2869 4655 Talis
2892 4612 3100 4655 revera
3122 4594 3232 4653 fuit
3254 4595 3563 4666 AntoniuS,
3598 4598 3704 4673 qui
3733 4599 3918 4673 primo

2382 4694 2584 4752 docuit
2611 4707 2696 4763 se,
2720 4690 3047 4764 vigiland0‚
3068 4688 3319 4760 orande,
3338 4689 3696 4762 jejunando,
3726 4682 3787 4750 et
3806 4708 3919 4751 car-

2379 4804 2519 4847 nem
2545 4786 2762 4845 servire
2789 4784 3016 4861 spiritui
3056 4783 3348 4856 cogendo.
3380 4783 3676 4857 Secundo,
3728 4785 3918 4844 docuit

2377 4883 2734 4957 proximum,
2761 4894 2886 4937 non
2918 4880 3146 4936 tantum
3180 4878 3243 4934 in
3270 4891 3393 4935 uno
3420 4878 3579 4947 loco,
3610 4879 3722 4938 sed
3747 4879 3914 4938 undi-

2380 4993 2497 5053 que
2524 4991 2630 5051 per
2664 4972 3009 5032 circuitum:
3053 4985 3175 5029 non
3210 4970 3283 5028 ea
3318 4974 3565 5044 tantum,
3599 4989 3739 5048 quae
3764 4972 3914 5032 vale·

2379 5154 2533 5213 Max„
2562 5151 2649 5202 lib.
2681 5150 2768 5213 Ν,
2801 5162 2848 5200 c.
2878 5159 2913 5209 t,
2944 5160 2998 5198 n.
3028 5148 3075 5211 3,
3104 5150 3279 5198 narrat
3302 5147 3599 5212 hujusmodi
3626 5150 3907 5215 exemplum

2379 5226 2443 5276 de
2485 5224 2643 5275 Dione
2678 5224 3025 5287 Syracusano,
3066 5231 3169 5269 non
3209 5218 3273 5269 de
3309 5220 3667 5272 Romanorum
3705 5221 3907 5273 nobilis-

2379 5296 2510 5347 simo
2540 5294 2772 5346 consule.

2446 5386 2512 5450 (a)
2557 5385 2625 5435 Vr
2630 5384 2702 5449 19
2739 5382 3076 5448 prudentiam.
3114 5406 3175 5418 -
3214 5377 3288 5444 (b)
3322 5380 3450 5430 (Σοί.
3482 5380 3607 5433 edet.
3646 5387 3810 5436 terra.
3852 5408 3903 5420 -

2377 5457 2443 5524 (c)
2473 5459 2588 5524 Leq.
2616 5456 2906 5509 haberetur.
2930 5479 2995 5493 —
3019 5451 3086 5517 (d)
3130 5450 3276 5517 Vuzq.
3305 5448 3506 5505 bellica.
