4059 6317
1321 462 1425 530 DE
1468 462 1537 529 S.
1581 460 2056 530 LAURENTIO.
2102 462 2365 529 SERMO
2409 464 2491 529 ΙΙ.

165 636 184 651 .
287 596 566 656 omnium
606 596 859 670 faciunt,
900 599 960 657 et
997 596 1078 655 ad
1122 597 1373 656 modum
1416 614 1589 673 aquae
1631 598 1836 671 ignem

283 691 628 750 devotionis
652 692 1032 764 extinguunt,
1061 694 1120 750 et
1158 708 1263 750 cor
1300 692 1543 768 insuper
1578 692 1840 766 cogitan-

289 785 366 850 tis
391 784 678 857 affligunt.
709 788 857 843 Nam
888 790 945 843 et
973 785 1219 860 quidem
1246 786 1355 844 fuit
1380 789 1615 845 sanctus
1646 786 1837 859 pater,

293 876 400 951 qui
423 878 713 952 quamdiu
735 880 949 937 sanctis
975 879 1423 953 cogitationibus
1450 896 1512 938 se
1549 878 1837 950 exercuit,

294 977 354 1032 et
377 990 487 1048 per
513 991 782 1033 amorem
827 976 891 1034 in
934 976 1247 1034 Dominum
1296 976 1545 1047 exarsit,
1590 975 1838 1033 alimen-

292 1072 424 1126 tum
452 1084 490 1126 a
515 1070 632 1126 Deo
656 1069 732 1126 de
759 1068 921 1126 coelis
947 1071 1192 1144 accepit.
1219 1070 1392 1128 Omni
1419 1070 1579 1127 enim
1609 1068 1708 1126 die
1727 1068 1841 1126 sibi

291 1162 468 1235 panis
494 1162 919 1221 mundissimus
949 1163 1024 1221 de
1050 1163 1200 1222 coelo
1220 1164 1579 1221 mittebatur.
1603 1165 1672 1220 At
1686 1165 1844 1238 post-

294 1271 483 1330 quam
511 1255 706 1330 coepit,
732 1255 981 1315 diabolo
1006 1256 1314 1331 pulsante,
1344 1256 1658 1314 immunda
1685 1254 1844 1328 cogi-

291 1352 455 1420 tare,
498 1349 675 1423 panis
718 1350 931 1408 missus
974 1351 1153 1424 coepit
1196 1350 1476 1409 sordidus
1530 1365 1839 1423 apparere.

293 1444 564 1518 Cumque
583 1442 883 1501 subversis
901 1444 1180 1502 omnibus
1201 1443 1660 1518 cogitationibus
1677 1438 1847 1501 inun-

295 1536 423 1609 dis,
447 1536 579 1595 sola
604 1536 885 1610 cogitaret
910 1538 1253 1609 immunda,
1274 1538 1448 1612 panis
1481 1541 1637 1597 totus
1676 1536 1845 1610 niger

294 1632 356 1687 et
380 1629 660 1687 sordidus
685 1631 977 1705 apparuit,
1007 1635 1065 1690 et
1088 1631 1246 1689 ultra
1272 1648 1309 1690 a
1337 1634 1455 1691 Deo
1476 1631 1688 1689 missus
1719 1646 1845 1688 non

293 1722 432 1780 fuit.
459 1722 669 1798 Sisque
694 1723 915 1782 factum
939 1727 1052 1797 est,
1071 1728 1137 1782 ut
1164 1725 1265 1799 qui
1277 1768 1295 1797 ,
1326 1727 1531 1783 sancta
1555 1724 1842 1798 cogitanS,

297 1817 509 1876 divino
537 1818 676 1892 igne
702 1820 861 1877 totus
898 1819 1178 1892 ardebat,
1218 1819 1365 1878 dum
1403 1820 1719 1878 immunda
1752 1835 1846 1877 re-

295 1912 544 1970 volvere
567 1912 748 1971 corde
773 1912 951 1988 coepit
967 1956 988 1985 ,
1011 1913 1213 1986 ignem
1227 1955 1248 1985 ,
1276 1928 1457 1988 quem
1487 1914 1592 1971 diu
1632 1912 1848 1971 nutrie-

296 2008 427 2075 rat,
472 2022 617 2065 mox
678 2007 1005 2065 extinxerit.
1054 2008 1141 2066 Ob
1188 2008 1340 2067 hanc
1380 2023 1620 2067 causam
1676 2006 1848 2065 multi

296 2098 538 2159 fuerunt
563 2100 938 2177 philosophi,
967 2104 1072 2176 qui
1114 2102 1229 2161 sibi
1275 2102 1485 2161 oculos
1530 2104 1844 2172 eruerunt,

297 2196 368 2252 ut
393 2194 692 2254 subtracta
718 2194 834 2253 sibi
860 2195 1106 2254 videndi
1127 2196 1397 2265 materia,
1417 2195 1584 2254 nulla
1601 2194 1847 2253 omnino

297 2287 653 2360 immunda,
699 2288 807 2346 sed
847 2289 977 2348 sola
1016 2289 1340 2362 cogitarent
1366 2289 1504 2363 illa,
1534 2306 1668 2365 quoe
1686 2304 1853 2363 sape-

295 2375 436 2441 rent
459 2384 776 2457 puritatem
802 2383 844 2441 ¹.

374 2477 741 2549 Secundum,
787 2476 953 2550 quod
995 2482 1081 2535 est
1123 2477 1519 2536 necessarium
1556 2477 1636 2535 ad
1681 2475 1850 2552 spiri-

298 2569 483 2629 tualis
504 2571 659 2644 ignis
689 2572 1145 2646 nutrimentum,
1172 2575 1261 2630 est
1294 2574 1497 2630 sancta
1530 2569 1848 2630 collocutio

302 2667 450 2737 oris,
477 2666 601 2724 sive
629 2667 905 2724 sanctitas
941 2667 1248 2725 sermonis.
1293 2670 1451 2725 Patet
1488 2666 1648 2724 enim
1678 2682 1852 2739 expe-

299 2760 540 2831 rientia,
565 2760 733 2834 quod
774 2765 976 2819 sancta
1014 2761 1199 2818 verba
1240 2760 1475 2832 audita,
1508 2759 1606 2817 vel
1642 2759 1854 2834 praedi-

304 2857 457 2926 cata,
487 2854 640 2911 miro
680 2853 867 2912 modo
907 2854 1233 2912 incendunt
1265 2854 1469 2911 corda.
1519 2856 1744 2922 Nonne,
1788 2857 1854 2910 ut

301 2948 697 3022 Hieronymus
722 2950 745 2983 ²
778 2946 937 3018 dicit,
974 2967 1003 3001 α
1039 2947 1300 3005 exultant
1345 2946 1484 3021 equi
1520 2945 1582 3004 in
1608 2945 1849 3022 proeIiiS,

306 3040 457 3099 dum
502 3057 715 3100 vocem
760 3042 1039 3100 clamoris
1083 3041 1464 3114 intelligunt?
1514 3044 1718 3099 Nonne
1773 3040 1854 3099 ad

304 3135 536 3194 bellum
571 3135 805 3210 pugiles
842 3135 1317 3205 inflammantur,
1354 3135 1500 3193 dum
1540 3134 1855 3192 hominum

308 3229 675 3288 clamoribus
717 3230 1080 3287 excitantur?
1106 3231 1312 3287 Nonne
1340 3228 1420 3287 ad
1446 3244 1715 3303 pugnam
1742 3227 1856 3285 mi-

305 3325 441 3382 lites
460 3324 753 3393 fortiores,
778 3328 834 3382 et
860 3323 1068 3381 fortius
1086 3323 1309 3395 agitant
1326 3322 1583 3394 lanceas,
1605 3322 1856 3380 strictos-

310 3434 431 3492 que
459 3433 805 3490 mucrones,
847 3417 992 3475 dum
1030 3432 1180 3474 voce
1224 3416 1552 3501 clamantis·
1574 3414 1857 3490 principis

311 3512 677 3570 excitantur?
715 3514 917 3570 Nonne
958 3515 1014 3569 et
1046 3510 1235 3569 boves
1278 3514 1337 3568 et
1374 3509 1531 3568 cervi
1583 3509 1858 3567 dulcibus

309 3605 564 3663 vocibus
601 3608 883 3663 cantuum
922 3604 1295 3663 animantur?
1333 3624 1364 3661 ιο
1395 3606 1572 3676 Ergo,
1602 3603 1650 3661 si
1695 3605 1859 3662 tanta

312 3704 403 3758 est
427 3699 613 3758 virtus
651 3699 730 3757 ad
757 3699 940 3759 corda
968 3698 1359 3759 confortanda
1402 3713 1622 3755 vocum
1662 3695 1856 3754 homi-

309 3809 484 3865 num,
507 3795 731 3868 quanta
762 3793 842 3851 ad
877 3794 1062 3851 corda
1095 3791 1524 3851 inflammanda
1563 3795 1649 3848 est
1674 3788 1860 3848 virtus

310 3886 637 3946 verborum
673 3885 1102 3960 spiritualium?
1129 3885 1292 3945 Unde
1330 3885 1543 3944 dicitur
1571 3886 1593 3920 ³
1624 3902 1637 3942 :
1669 3902 1698 3939 α
1724 3886 1859 3943 Sur-

311 3980 468 4039 rexit
494 3979 686 4040 Helias
712 3979 1005 4055 propheta
1030 3979 1200 4054 quasi
1227 3978 1382 4053 ignis
1408 3998 1423 4037 ε
1453 3978 1706 4037 verbum
1734 3978 1860 4049 ejus

312 4073 479 4132 velut
519 4073 717 4132 facula
763 4073 1033 4133 ardebat.
1097 4094 1126 4129 >2
1176 4072 1337 4131 Talia
1388 4071 1624 4130 fuerunt
1673 4071 1862 4129 verba

314 4167 476 4226 beati
501 4167 815 4239 Laurentii,
860 4167 1008 4224 alios
1047 4166 1496 4237 inflammantia,
1526 4166 1678 4223 sicut
1701 4167 1863 4240 patet

314 4262 381 4320 in
406 4261 750 4336 Hippolyto,
779 4264 837 4318 et
868 4261 1022 4333 aliis,
1054 4277 1208 4336 quos
1237 4260 1539 4319 convertit.
1572 4258 1722 4317 Bene
1746 4274 1862 4334 po-

317 4360 469 4416 terat
491 4357 686 4415 dicere
715 4361 948 4415 sanctus
973 4354 1324 4430 Hippolytus
1343 4353 1494 4412 illud
1513 4353 1536 4389 *
1568 4372 1634 4411 z«
1654 4355 1862 4412 Factus

318 4453 408 4508 est
453 4466 649 4509 sermo
682 4449 935 4523 Domini,
974 4470 1005 4506 ω
1049 4448 1281 4523 supple,
1324 4447 1470 4506 mihi
1508 4448 1862 4523 praedicatus

315 4561 429 4621 per
467 4549 736 4603 sanctum
783 4543 1188 4613 Laurentium,
1234 4560 1262 4595 α
1302 4541 1365 4598 in
1400 4557 1650 4616 corpore
1693 4558 1863 4614 meo,

318 4639 493 4715 quasi
536 4638 691 4711 ignis
736 4640 1093 4709 exastuans,
1130 4636 1485 4709 claususque
1527 4635 1591 4692 in
1631 4634 1863 4692 ossibus

318 4732 470 4790 meis
503 4749 519 4790 ε
549 4736 606 4791 et
637 4730 847 4803 defeci,
873 4730 1027 4789 serre
1045 4746 1171 4789 non
1206 4728 1516 4787 sustinens.
1540 4749 1569 4783 u
1603 4729 1863 4787 Verbum

317 4826 482 4884 enim
510 4824 740 4884 Domini
768 4824 920 4897 ignis
947 4828 1052 4895 est,
1082 4828 1140 4881 et
1173 4823 1237 4880 in
1264 4839 1367 4880 cor
1392 4823 1535 4895 agit,
1568 4822 1861 4894 immutat,

316 4923 556 4994 purgat,
600 4918 777 4977 etiam
815 4918 1102 4976 innovat⁸
1133 4935 1150 4975 ε
1186 4935 1216 4971 α
1260 4916 1512 4990 Ignitum
1556 4914 1865 4990 eloquium

315 5017 490 5072 tuum
531 5013 933 5072 vehementer.
981 5032 1011 5070 π
1033 5012 1057 5047 ⁶
1089 5015 1142 5066 α·
1163 5010 1480 5086 Eloquium
1510 5010 1742 5069 Domini
1776 5009 1866 5067 in-

388 5186 400 5216 ¹
450 5184 682 5242 Hieron..
726 5183 795 5234 ad
835 5184 1016 5249 Abiya.
1035 5222 1048 5247 ‚
1086 5183 1238 5247 epist.
1288 5195 1463 5246 xxxix,
1511 5197 1689 5233 versus
1723 5183 1862 5233 med.

318 5255 632 5320 Exemplum
669 5256 733 5306 de
763 5257 1057 5306 Democrito
1098 5255 1234 5319 apud
1275 5252 1608 5318 Ciceronem,
1649 5253 1863 5316 Tuscae„

317 5329 410 5379 lib.
439 5328 508 5388 V,
534 5342 590 5377 n.
615 5329 727 5391 114,
751 5329 804 5377 et
828 5326 1071 5391 Plutarc„
1093 5326 1153 5377 de
1177 5326 1419 5378 omem.
1445 5326 1540 5378 Hic
1565 5330 1740 5377 autem
1765 5325 1867 5376 fac-

316 5402 430 5451 tum
457 5401 632 5464 negat,
659 5397 741 5448 ille
768 5411 894 5449 vero
920 5395 1140 5449 affirmat
1165 5397 1393 5450 omnino.
1426 5398 1566 5451 Idem
1593 5397 1778 5451 dicitur
1802 5397 1866 5449 de

3379 472 3498 533 589

1947 597 2278 658 flammavit
2303 615 2460 658 eum.
2503 618 2534 657 »
2566 597 2730 658 Unde
2767 597 3014 674 Spiritus
3041 602 3278 660 sanctus
3312 617 3498 677 appa-

1947 694 2067 752 ruit
2090 693 2154 751 in
2178 694 2399 767 linguis
2433 693 2659 766 igneis,
2700 695 2768 751 ut
2801 693 2986 752 corda
3026 695 3181 753 intus
3222 694 3503 754 redderet

1947 786 2334 845 inflammata.
2367 774 2483 845 Sed
2511 786 2644 862 quis
2664 786 2845 844 hodie
2873 786 3138 862 loquitur
3164 788 3265 847 Dei
3286 789 3497 861 verba,

1950 880 2030 938 ad
2044 880 2274 939 bonum
2293 881 2492 953 ignem
2519 881 2901 954 augendum?
2920 882 3231 956 quoniam,
3260 881 3495 955 fratres,

1949 974 2148 1047 potius
2163 978 2363 1031 nostra
2380 974 2566 1033 verba
2586 977 2724 1032 sunt
2748 975 3079 1048 mundana,
3094 981 3230 1035 sunt
3253 976 3497 1048 lasciva,

1951 1069 2089 1124 sunt
2111 1066 2191 1124 ad
2208 1066 2436 1125 malum
2461 1067 2872 1141 provocantia,
2899 1071 3036 1127 sunt
3062 1069 3143 1127 ad
3172 1069 3501 1128 discordias

1953 1160 2337 1232 concitantia,
2369 1165 2506 1219 sunt
2535 1161 2807 1220 divinum
2847 1162 3047 1235 ignem
3079 1163 3499 1237 extinguentia.

1952 1256 2069 1312 Sed
2092 1272 2122 1308 α
2147 1255 2238 1313 vir
2251 1254 2560 1328 linguosus
2580 1271 2704 1314 non
2721 1255 3271 1329 dirigeturinterra,
3301 1277 3330 1312 n
3355 1260 3505 1315 sicut

1955 1349 2097 1406 dicit
2135 1339 2427 1423 Propheta
2465 1350 2507 1407 ⁷.
2552 1351 2597 1407 Ο
2629 1352 2853 1425 quanta
2892 1350 3051 1409 mala
3081 1350 3303 1409 faciunt
3343 1351 3505 1410 mala

1952 1443 2169 1501 verba!
2219 1443 2375 1513 Quid
2417 1443 2578 1501 enim
2615 1443 2679 1500 in
2712 1444 2826 1501 hac
2870 1442 2991 1501 vita
3021 1443 3197 1503 bonis
3234 1445 3503 1504 moribus

1954 1536 2213 1595 melius?
2238 1540 2442 1595 Nonne
2478 1537 2559 1596 ad
2584 1537 3034 1610 componendos
3069 1554 3266 1597 mores
3308 1540 3504 1597 omnis

1954 1632 2131 1690 nobis
2177 1631 2491 1706 Scriptura·
2514 1635 2602 1689 est
2644 1631 2889 1703 tradita,
2931 1634 2989 1690 et
3032 1632 3227 1690 omnis
3260 1633 3505 1693 moralis

1955 1724 2375 1801 philosophia?
2420 1728 2569 1797 Ergo
2618 1724 2768 1783 nihil
2819 1725 3090 1785 moribus
3146 1730 3233 1785 est
3271 1727 3335 1785 in
3383 1728 3505 1786 vita

1956 1820 2170 1877 melius
2196 1837 2210 1876 ε
2243 1834 2385 1891 ergo
2413 1817 2561 1875 nihil
2596 1817 2769 1876 malis
2804 1818 3003 1876 verbis
3028 1819 3219 1894 pejus,
3249 1821 3412 1895 quia,
3439 1824 3507 1880 ut

1958 1912 2100 1971 dicit
2144 1912 2457 1987 Apostolus
2489 1913 2533 1982 ⁸,
2583 1931 2612 1966 α
2652 1917 3041 1987 corrumpunt
3073 1912 3269 1972 bonos
3310 1931 3505 1974 mores

1958 2006 2261 2081 colloquia
2284 2006 2463 2064 mala.
2492 2026 2522 2061 π
2562 2007 2894 2064 Bernardus
2920 2008 2943 2042 ⁹
2976 2024 2991 2064 :
3020 2026 3049 2061 ι(
3077 2009 3245 2067 Levis
3276 2014 3361 2067 est
3385 2025 3506 2068 ser-

1955 2116 2082 2173 m0,
2110 2100 2217 2157 sed
2244 2099 2499 2172 graviter
2527 2100 2818 2158 vulnerat.
2860 2103 2956 2159 Est
3000 2101 3185 2172 enim,
3222 2121 3252 2159 a
3283 2102 3503 2177 inquit,

1963 2213 1992 2248 α
2020 2193 2390 2269 aptissimum
2437 2193 2796 2252 evacuandis
2835 2194 3115 2253 cordibus
3151 2195 3505 2254 instrumen-

1956 2292 2107 2347 tum.
2138 2308 2170 2344 »
2204 2288 2365 2347 Idem
2393 2288 2475 2346 ait
2503 2307 2518 2343 ε
2554 2307 2583 2342 α
2604 2292 2648 2348 Ο
2672 2304 2855 2363 quam
2872 2288 3155 2348 velociter
3182 2291 3364 2348 currit
3379 2305 3506 2348 ver-

1958 2383 2138 2441 bum!
2171 2384 2328 2440 Unus
2354 2385 2441 2440 est
2482 2383 2584 2456 qui
2616 2378 2902 2456 loquitur,
2933 2385 2994 2441 et
3037 2399 3227 2441 unum
3252 2384 3506 2442 verbum

1959 2477 2157 2536 solum
2182 2476 2445 2551 loquitur
2453 2494 2472 2548 3
2504 2481 2562 2534 et
2595 2479 2794 2534 tamen
2820 2476 3001 2534 vincit
3041 2476 3195 2545 illud
3232 2477 3505 2550 verbum,

1959 2570 2104 2628 dum
2145 2585 2268 2628 uno
2324 2571 2630 2627 momento
2677 2568 3076 2628 multitudinis
3134 2570 3505 2628 audientium

1959 2680 2134 2724 aures
2159 2666 2369 2738 tangit,
2412 2666 2596 2726 corda
2636 2666 2842 2738 inficit,
2888 2670 2948 2724 et
2990 2666 3219 2724 animas
3264 2665 3507 2724 illorum

1960 2758 2252 2818 interficit.
2277 2778 2309 2815 »
2330 2759 2492 2817 Unde
2520 2758 2767 2834 quidam
2785 2762 3021 2818 sanctus
3045 2764 3213 2833 pater
3241 2758 3506 2818 animad-

1958 2853 2151 2926 vertit,
2182 2853 2349 2928 quod
2377 2854 2523 2911 dum
2542 2853 2788 2928 quidam
2813 2852 3020 2911 fratres
3048 2853 3123 2912 de
3153 2856 3271 2912 Deo
3300 2854 3504 2928 loque-

1959 2953 2196 3020 rentur,
2241 2948 2440 3006 bonus
2485 2946 2730 3019 angelus
2769 2946 3297 3022 appropinquabat
3336 2947 3454 3006 illis
3482 2969 3502 3022 3

1963 3057 2220 3116 cumque
2249 3041 2325 3098 de
2345 3040 2600 3111 mundo,
2631 3040 2879 3113 angelus
2899 3040 3186 3114 fugiebat,
3209 3045 3267 3099 et
3294 3040 3507 3101 diabo-

1961 3135 2057 3193 lus
2074 3135 2191 3193 illis
2220 3134 2764 3210 appropinquabat.
2794 3135 2958 3192 Unde
2984 3151 3146 3207 vere,
3182 3136 3354 3208 juxta
3379 3152 3509 3195 sen·

1962 3229 2205 3287 tentiam
2227 3229 2435 3287 «iacobi
2465 3230 2532 3302 ¹⁰,
2566 3247 2595 3282 α
2618 3230 2670 3286 si
2706 3230 2840 3304 quis
2873 3228 3062 3289 verbo
3083 3244 3209 3288 non
3237 3229 3507 3302 offendit,

1961 3322 2058 3381 hic
2086 3323 2378 3398 perfectus
2402 3326 2490 3380 est
2510 3322 2621 3381 vir.
2662 3342 2693 3378 n
2724 3325 2792 3381 Et
2820 3321 2916 3380 hic
2946 3324 3115 3398 potes
3141 3323 3332 3382 multa
3355 3339 3508 3407 prae-

1964 3416 2164 3474 dicare
2191 3416 2267 3474 de
2292 3415 2517 3489 lingua.

2034 3511 2307 3582 Tertium,
2348 3510 2515 3585 quod
2541 3510 2701 3568 valet
2722 3509 2802 3567 ad
2826 3514 3212 3584 augmentum
3241 3511 3511 3587 spiritua-

1963 3602 2039 3661 lis
2065 3603 2239 3677 igniS,
2264 3606 2352 3662 est
2368 3590 2728 3661 continuatio
2756 3603 2904 3661 boni
2932 3604 3147 3679 operiS.
3177 3605 3333 3663 Sicut
3350 3606 3510 3663 enim

1964 3698 2284 3756 materialis
2319 3698 2474 3770 ignis
2507 3696 2761 3755 nutritur
2795 3696 2991 3770 ligniS,
3024 3699 3082 3755 et
3111 3702 3359 3772 augetur
3392 3699 3508 3757 illis

1965 3792 2392 3864 augmentatis,
2421 3795 2479 3849 et
2502 3790 2861 3864 extinguitur
2896 3790 3014 3849 illis
3040 3791 3118 3849 ab
3146 3808 3219 3849 eo
3249 3792 3509 3852 abstrac-

1967 3885 2058 3957 tis,
2088 3884 2172 3943 sic
2194 3901 2304 3942 suo
2342 3884 2528 3943 modo
2556 3884 2874 3958 spiritualis
2907 3883 3062 3957 ignis
3086 3886 3339 3944 nutritur
3365 3903 3511 3961 ope·

1964 3979 2133 4037 ribus
2158 3977 2390 4050 sanctis,
2422 3980 2481 4035 et
2504 3977 2710 4035 crescit
2736 3976 2853 4035 illis
2880 3978 3304 4052 multiplicatiS,
3324 3983 3382 4037 et
3409 3979 3511 4039 de-

1967 4071 2300 4130 ficientibus
2346 4070 2561 4130 deficit.
2600 4072 2764 4129 Unde
2810 4072 2872 4128 in
2914 4071 3109 4144 figura
3145 4072 3320 4145 hujus
3362 4090 3510 4146 prae-

1968 4168 2205 4241 ceptum
2238 4165 2349 4223 fuit
2377 4163 2416 4198 ¹¹
2450 4184 2465 4222 ε
2508 4164 2721 4238 «Ignis
2767 4164 2831 4222 in
2882 4163 3052 4222 altari
3094 4181 3231 4223 meo
3276 4182 3512 4241 semper

1968 4259 2221 4331 ardebit,
2260 4274 2440 4333 quem
2474 4258 2703 4316 nutriet
2741 4257 3038 4330 sacerdOS,
3077 4258 3394 4331 subjiciens
3424 4260 3510 4319 illi

1967 4353 2135 4427 ligna
2160 4370 2268 4429 per
2288 4352 2555 4426 singulos
2580 4352 2726 4410 dies.
2756 4372 2787 4408 π
2820 4351 3011 4410 Altare
3041 4352 3139 4411 Dei
3160 4357 3245 4411 est
3278 4370 3382 4411 cor
3408 4354 3513 4413 ho-

1967 4448 2167 4520 minis,
2221 4447 2286 4504 in
2325 4462 2448 4522 quo
2497 4461 2730 4520 semper
2777 4445 2985 4503 ardere
3036 4445 3213 4503 debet
3275 4447 3514 4507 divinus

1968 4541 2147 4616 igniS,
2186 4540 2433 4599 nutritus
2467 4556 2701 4614 semper
2729 4539 2904 4612 lignis
2929 4539 3104 4597 bonoe
3132 4540 3510 4613 operationis.

1969 4640 2066 4694 Est
2090 4640 2288 4693 tamen
2312 4634 2597 4703 notabile,
2624 4633 2767 4707 quia
2798 4633 3081 4691 Dominus
3117 4632 3321 4693 docuit
3354 4633 3514 4693 hunc

1970 4746 2205 4789 sacrum
2238 4730 2439 4802 ignem
2475 4728 2681 4785 nutriri
2715 4726 2891 4800 lignis
2922 4744 2937 4785 ε
2985 4743 3111 4786 non
3149 4728 3359 4803 paleis,
3406 4730 3516 4788 sed

1969 4823 2165 4897 ligniS,
2197 4823 2262 4881 id
2301 4824 2419 4895 est,
2464 4821 2750 4896 operibus
2788 4820 2994 4880 solidis
3002 4864 3023 4894 ,
3066 4826 3124 4880 et
3160 4837 3283 4879 non
3322 4823 3511 4881 vanis.

1971 4920 2113 4976 Item
2156 4918 2323 4991 ligna
2366 4919 2569 4990 ignem
2610 4915 2930 4975 nutrientia
2966 4932 3090 4975 non
3130 4915 3352 4975 debent
3388 4933 3514 5001 esse

1972 5112 2270 5164 Metrodoro
2313 5113 2425 5176 ejus
2459 5111 2723 5176 discipulo.
2759 5138 2822 5150 -
2862 5113 2881 5144 ²
2923 5112 3135 5165 Hieron.
3172 5140 3234 5152 -
3280 5115 3304 5151 ⁸
3336 5115 3519 5180 Eocli„

1972 5195 2156 5247 xnvm,
2187 5188 2234 5234 1.
2265 5208 2328 5220 —
2355 5185 2376 5218 ⁸
2402 5186 2610 5247 Jerem„
2648 5196 2747 5248 xx,
2788 5186 2836 5236 9.
2865 5210 2926 5222 —
2966 5186 2987 5219 ⁸
3014 5185 3151 5235 Psal.
3184 5197 3366 5249 cxviii,
3405 5192 3516 5240 140.

1971 5282 2036 5293 -
2064 5256 2085 5286 ⁸
2109 5254 2255 5306 Paul.
2285 5266 2391 5317 etv,
2422 5257 2499 5306 19.
2527 5281 2591 5293 —-
2619 5256 2641 5292 '¹
2671 5254 2806 5305 Psal.
2837 5267 3053 5319 cxxxix,
3084 5261 3245 5307 12.-
3271 5258 3294 5294 ⁸
3331 5260 3345 5308 Ι
3381 5260 3521 5324 Cor„

1972 5338 2062 5391 xv,
2090 5329 2170 5378 33.
2198 5351 2260 5364 -
2286 5328 2306 5359 ⁹
2335 5327 2605 5390 Bernard.,
2637 5327 2699 5377 de
2728 5326 2933 5392 Triplici
2964 5327 3175 5388 custod..
3202 5342 3359 5381 serm.
3389 5344 3523 5399 xvu,

1972 5412 2025 5451 n.
2058 5401 2107 5450 5.
2131 5425 2195 5437 —
2226 5398 2271 5435 ¹⁸
2293 5400 2421 5459 lac„
2452 5409 2511 5461 11,
2544 5399 2622 5449 ¹⁰.
2653 5423 2715 5437 -·
2747 5399 2781 5434 ¹¹
2810 5398 2990 5463 Levit„
3020 5403 3199 5465 v1,t2.
