<?xml version="1.0" encoding="UTF-8"?>
<!DOCTYPE html PUBLIC "-//W3C//DTD XHTML 1.0 Transitional//EN"
    "http://www.w3.org/TR/xhtml1/DTD/xhtml1-transitional.dtd">
<html xmlns="http://www.w3.org/1999/xhtml" xml:lang="en" lang="en">
 <head>
  <title>
</title>
<meta http-equiv="Content-Type" content="text/html;charset=utf-8" />
  <meta name='ocr-system' content='tesseract 3.04.00' />
  <meta name='ocr-capabilities' content='ocr_page ocr_carea ocr_par ocr_line ocrx_word'/>
</head>
<body>
  <div class='ocr_page' id='page_1' title='image "./srecardinalissb02peltgoog_0194.png"; bbox 0 0 4059 6317; ppageno 0'>
   <div class='ocr_carea' id='block_1_1' title="bbox 784 492 2322 2857">
    <p class='ocr_par' dir='ltr' id='par_1_1' title="bbox 784 492 2320 2430">
     <span class='ocr_line' id='line_1_1' title="bbox 788 492 908 553; baseline 0.017 -2"><span class='ocrx_word' id='word_1_1' title='bbox 788 492 908 553; x_wconf 72' lang='lat'><strong>164</strong></span> 
     </span>
     <span class='ocr_line' id='line_1_2' title="bbox 788 619 2312 705; baseline -0.005 -17"><span class='ocrx_word' id='word_1_2' title='bbox 788 622 1147 705; x_wconf 78' lang='lat' dir='ltr'><strong>EjicIuntnr</strong></span> <span class='ocrx_word' id='word_1_3' title='bbox 1183 624 1397 685; x_wconf 87' lang='lat' dir='ltr'><strong>autem</strong></span> <span class='ocrx_word' id='word_1_4' title='bbox 1432 637 1544 703; x_wconf 91' lang='lat' dir='ltr'><strong>per</strong></span> <span class='ocrx_word' id='word_1_5' title='bbox 1587 619 1728 683; x_wconf 87' lang='lat' dir='ltr'><strong>illos</strong></span> <span class='ocrx_word' id='word_1_6' title='bbox 1765 622 2005 702; x_wconf 81' lang='lat' dir='ltr'><strong>septem</strong></span> <span class='ocrx_word' id='word_1_7' title='bbox 2031 619 2312 701; x_wconf 81' lang='lat' dir='ltr'><strong>spiritus,</strong></span> 
     </span>
     <span class='ocr_line' id='line_1_3' title="bbox 785 726 2313 813; baseline -0.005 -19"><span class='ocrx_word' id='word_1_8' title='bbox 785 730 866 794; x_wconf 90' lang='lat' dir='ltr'><strong>de</strong></span> <span class='ocrx_word' id='word_1_9' title='bbox 903 730 1136 813; x_wconf 83' lang='lat' dir='ltr'><strong>quibus</strong></span> <span class='ocrx_word' id='word_1_10' title='bbox 1163 730 1182 765; x_wconf 85' lang='lat'>¹</span> <span class='ocrx_word' id='word_1_11' title='bbox 1215 749 1231 793; x_wconf 92' lang='lat'><strong>:</strong></span> <span class='ocrx_word' id='word_1_12' title='bbox 1272 750 1304 789; x_wconf 78' lang='grc' dir='ltr'>α</span> <span class='ocrx_word' id='word_1_13' title='bbox 1341 726 1484 792; x_wconf 87' lang='lat' dir='ltr'><strong>Vidi</strong></span> <span class='ocrx_word' id='word_1_14' title='bbox 1526 743 1768 808; x_wconf 89' lang='lat' dir='ltr'><strong>agnum</strong></span> <span class='ocrx_word' id='word_1_15' title='bbox 1820 728 2091 791; x_wconf 88' lang='lat' dir='ltr'><strong>stantem</strong></span> <span class='ocrx_word' id='word_1_16' title='bbox 2145 728 2313 789; x_wconf 88' lang='lat' dir='ltr'><strong>tam-</strong></span> 
     </span>
     <span class='ocr_line' id='line_1_4' title="bbox 786 834 2309 921; baseline -0.005 -19"><span class='ocrx_word' id='word_1_17' title='bbox 786 855 982 921; x_wconf 89' lang='lat' dir='ltr'><strong>quam</strong></span> <span class='ocrx_word' id='word_1_18' title='bbox 1027 836 1302 901; x_wconf 89' lang='lat' dir='ltr'><strong>occisum</strong></span> <span class='ocrx_word' id='word_1_19' title='bbox 1319 883 1341 913; x_wconf 90' lang='lat'><strong>,</strong></span> <span class='ocrx_word' id='word_1_20' title='bbox 1371 834 1714 898; x_wconf 80' lang='lat' dir='ltr'><strong>habentem</strong></span> <span class='ocrx_word' id='word_1_21' title='bbox 1754 851 1995 898; x_wconf 92' lang='lat' dir='ltr'><strong>cornua</strong></span> <span class='ocrx_word' id='word_1_22' title='bbox 2031 836 2268 915; x_wconf 85' lang='lat' dir='ltr'><strong>septem</strong></span> <span class='ocrx_word' id='word_1_23' title='bbox 2291 881 2309 913; x_wconf 91' lang='lat'>‚</span> 
     </span>
     <span class='ocr_line' id='line_1_5' title="bbox 785 940 2317 1026; baseline -0.005 -16"><span class='ocrx_word' id='word_1_24' title='bbox 785 949 851 1010; x_wconf 85' lang='lat' dir='ltr'><strong>et</strong></span> <span class='ocrx_word' id='word_1_25' title='bbox 873 944 1087 1009; x_wconf 91' lang='lat' dir='ltr'><strong>oculos</strong></span> <span class='ocrx_word' id='word_1_26' title='bbox 1130 948 1395 1026; x_wconf 80' lang='lat' dir='ltr'><strong>septem,</strong></span> <span class='ocrx_word' id='word_1_27' title='bbox 1439 940 1551 1025; x_wconf 86' lang='lat' dir='ltr'><strong>qui</strong></span> <span class='ocrx_word' id='word_1_28' title='bbox 1591 945 1744 1006; x_wconf 88' lang='lat' dir='ltr'><strong>sunt</strong></span> <span class='ocrx_word' id='word_1_29' title='bbox 1777 944 2015 1024; x_wconf 82' lang='lat' dir='ltr'><strong>septem</strong></span> <span class='ocrx_word' id='word_1_30' title='bbox 2056 940 2317 1022; x_wconf 87' lang='lat' dir='ltr'><strong>spiritus</strong></span> 
     </span>
     <span class='ocr_line' id='line_1_6' title="bbox 786 1048 2317 1132; baseline -0.005 -14"><span class='ocrx_word' id='word_1_31' title='bbox 786 1052 917 1118; x_wconf 91' lang='lat' dir='ltr'><strong>Dei.</strong></span> <span class='ocrx_word' id='word_1_32' title='bbox 947 1074 979 1113; x_wconf 71' lang='lat' dir='ltr'><strong>n</strong></span> <span class='ocrx_word' id='word_1_33' title='bbox 1012 1052 1124 1117; x_wconf 90' lang='lat' dir='ltr'><strong>His</strong></span> <span class='ocrx_word' id='word_1_34' title='bbox 1154 1052 1448 1117; x_wconf 86' lang='lat' dir='ltr'><strong>cornibus</strong></span> <span class='ocrx_word' id='word_1_35' title='bbox 1491 1051 1648 1132; x_wconf 87' lang='lat' dir='ltr'><strong>agni</strong></span> <span class='ocrx_word' id='word_1_36' title='bbox 1691 1049 2034 1132; x_wconf 84' lang='lat' dir='ltr'><strong>ejiciuntur</strong></span> <span class='ocrx_word' id='word_1_37' title='bbox 2071 1048 2141 1112; x_wconf 91' lang='lat' dir='ltr'><strong>in</strong></span> <span class='ocrx_word' id='word_1_38' title='bbox 2169 1065 2317 1112; x_wconf 89' lang='lat' dir='ltr'><strong>con-</strong></span> 
     </span>
     <span class='ocr_line' id='line_1_7' title="bbox 784 1153 2314 1243; baseline -0.005 -18"><span class='ocrx_word' id='word_1_39' title='bbox 784 1160 1041 1225; x_wconf 88' lang='lat' dir='ltr'><strong>tritione</strong></span> <span class='ocrx_word' id='word_1_40' title='bbox 1095 1163 1337 1243; x_wconf 83' lang='lat' dir='ltr'><strong>septem</strong></span> <span class='ocrx_word' id='word_1_41' title='bbox 1381 1157 1650 1238; x_wconf 90' lang='lat' dir='ltr'><strong>maligni</strong></span> <span class='ocrx_word' id='word_1_42' title='bbox 1693 1156 1973 1240; x_wconf 71' lang='lat' dir='ltr'><strong>spiritus».</strong></span> <span class='ocrx_word' id='word_1_43' title='bbox 2034 1153 2314 1219; x_wconf 91' lang='lat' dir='ltr'><strong>Bernar-</strong></span> 
     </span>
     <span class='ocr_line' id='line_1_8' title="bbox 786 1260 2314 1346; baseline -0.007 -12"><span class='ocrx_word' id='word_1_44' title='bbox 786 1269 906 1333; x_wconf 86' lang='lat' dir='ltr'><strong>dus</strong></span> <span class='ocrx_word' id='word_1_45' title='bbox 929 1270 1000 1306; x_wconf 81' lang='lat'><strong>²·</strong></span> <span class='ocrx_word' id='word_1_46' title='bbox 986 1291 1071 1333; x_wconf 75' lang='grc' dir='ltr'><strong>,α</strong></span> <span class='ocrx_word' id='word_1_47' title='bbox 1097 1265 1315 1331; x_wconf 88' lang='lat' dir='ltr'><strong>Gordis</strong></span> <span class='ocrx_word' id='word_1_48' title='bbox 1340 1262 1739 1346; x_wconf 78' lang='lat' dir='ltr'><strong>compunctio</strong></span> <span class='ocrx_word' id='word_1_49' title='bbox 1763 1265 1878 1341; x_wconf 90' lang='lat' dir='ltr'><strong>est,</strong></span> <span class='ocrx_word' id='word_1_50' title='bbox 1910 1280 2038 1343; x_wconf 88' lang='lat' dir='ltr'><strong>qua</strong></span> <span class='ocrx_word' id='word_1_51' title='bbox 2055 1260 2314 1342; x_wconf 87' lang='lat' dir='ltr'><strong>ejiciun-</strong></span> 
     </span>
     <span class='ocr_line' id='line_1_9' title="bbox 786 1369 2316 1451; baseline -0.008 -9"><span class='ocrx_word' id='word_1_52' title='bbox 786 1382 892 1442; x_wconf 85' lang='lat' dir='ltr'><strong>tur</strong></span> <span class='ocrx_word' id='word_1_53' title='bbox 917 1375 1254 1451; x_wconf 84' lang='lat' dir='ltr'><strong>daemonia‚</strong></span> <span class='ocrx_word' id='word_1_54' title='bbox 1281 1391 1430 1438; x_wconf 89' lang='lat' dir='ltr'><strong>cum</strong></span> <span class='ocrx_word' id='word_1_55' title='bbox 1450 1373 1678 1437; x_wconf 81' lang='lat' dir='ltr'><strong>affectu</strong></span> <span class='ocrx_word' id='word_1_56' title='bbox 1691 1370 1897 1434; x_wconf 86' lang='lat' dir='ltr'><strong>cordis</strong></span> <span class='ocrx_word' id='word_1_57' title='bbox 1916 1369 2316 1434; x_wconf 75' lang='lat' dir='ltr'><strong>eradicantur</strong></span> 
     </span>
     <span class='ocr_line' id='line_1_10' title="bbox 788 1477 2317 1569; baseline -0.007 -19"><span class='ocrx_word' id='word_1_58' title='bbox 788 1489 1059 1569; x_wconf 89' lang='lat' dir='ltr'><strong>peccata.</strong></span> <span class='ocrx_word' id='word_1_59' title='bbox 1102 1504 1134 1543; x_wconf 70' lang='grc' dir='ltr'><strong>ι)</strong></span> <span class='ocrx_word' id='word_1_60' title='bbox 1184 1481 1364 1561; x_wconf 82' lang='lat' dir='ltr'><strong>Quod</strong></span> <span class='ocrx_word' id='word_1_61' title='bbox 1411 1482 1627 1544; x_wconf 87' lang='lat' dir='ltr'><strong>autem</strong></span> <span class='ocrx_word' id='word_1_62' title='bbox 1685 1477 1911 1542; x_wconf 90' lang='lat' dir='ltr'><strong>dicitur</strong></span> <span class='ocrx_word' id='word_1_63' title='bbox 1954 1477 2034 1541; x_wconf 91' lang='lat' dir='ltr'><strong>de</strong></span> <span class='ocrx_word' id='word_1_64' title='bbox 2075 1478 2317 1559; x_wconf 85' lang='lat' dir='ltr'><strong>septem</strong></span> 
     </span>
     <span class='ocr_line' id='line_1_11' title="bbox 787 1582 2315 1677; baseline -0.009 -19"><span class='ocrx_word' id='word_1_65' title='bbox 787 1592 1113 1677; x_wconf 86' lang='lat' dir='ltr'><strong>spiritibus</strong></span> <span class='ocrx_word' id='word_1_66' title='bbox 1146 1587 1587 1672; x_wconf 82' lang='lat' dir='ltr'><strong>nequioribus,</strong></span> <span class='ocrx_word' id='word_1_67' title='bbox 1629 1583 1798 1668; x_wconf 87' lang='lat' dir='ltr'><strong>quod</strong></span> <span class='ocrx_word' id='word_1_68' title='bbox 1829 1583 2105 1664; x_wconf 89' lang='lat' dir='ltr'><strong>ingressi</strong></span> <span class='ocrx_word' id='word_1_69' title='bbox 2133 1582 2315 1646; x_wconf 89' lang='lat' dir='ltr'><strong>habi-</strong></span> 
     </span>
     <span class='ocr_line' id='line_1_12' title="bbox 785 1689 2314 1779; baseline -0.009 -14"><span class='ocrx_word' id='word_1_70' title='bbox 785 1704 923 1765; x_wconf 90' lang='lat' dir='ltr'><strong>tant</strong></span> <span class='ocrx_word' id='word_1_71' title='bbox 959 1699 1081 1779; x_wconf 92' lang='lat' dir='ltr'><strong>ihi,</strong></span> <span class='ocrx_word' id='word_1_72' title='bbox 1110 1716 1241 1762; x_wconf 89' lang='lat' dir='ltr'><strong>non</strong></span> <span class='ocrx_word' id='word_1_73' title='bbox 1278 1699 1374 1761; x_wconf 91' lang='lat' dir='ltr'><strong>est</strong></span> <span class='ocrx_word' id='word_1_74' title='bbox 1405 1692 1897 1774; x_wconf 88' lang='lat' dir='ltr'><strong>intelligendum</strong></span> <span class='ocrx_word' id='word_1_75' title='bbox 1939 1690 2113 1773; x_wconf 87' lang='lat' dir='ltr'><strong>quod</strong></span> <span class='ocrx_word' id='word_1_76' title='bbox 2161 1689 2314 1753; x_wconf 89' lang='lat' dir='ltr'><strong>snb-</strong></span> 
     </span>
     <span class='ocr_line' id='line_1_13' title="bbox 785 1795 2320 1881; baseline -0.008 -9"><span class='ocrx_word' id='word_1_77' title='bbox 785 1806 1161 1872; x_wconf 88' lang='lat' dir='ltr'><strong>stantialiter</strong></span> <span class='ocrx_word' id='word_1_78' title='bbox 1210 1804 1554 1868; x_wconf 77' lang='lat' dir='ltr'><strong>illabantur</strong></span> <span class='ocrx_word' id='word_1_79' title='bbox 1613 1798 1858 1878; x_wconf 89' lang='lat' dir='ltr'><strong>menti,</strong></span> <span class='ocrx_word' id='word_1_80' title='bbox 1914 1799 2068 1881; x_wconf 90' lang='lat' dir='ltr'><strong>quia</strong></span> <span class='ocrx_word' id='word_1_81' title='bbox 2122 1795 2320 1860; x_wconf 90' lang='lat' dir='ltr'><strong>solius</strong></span> 
     </span>
     <span class='ocr_line' id='line_1_14' title="bbox 786 1902 2320 1990; baseline -0.009 -10"><span class='ocrx_word' id='word_1_82' title='bbox 786 1913 1106 1980; x_wconf 78' lang='lat' dir='ltr'><strong>Trinitatis</strong></span> <span class='ocrx_word' id='word_1_83' title='bbox 1130 1915 1259 1989; x_wconf 74' lang='lat' dir='ltr'><strong>est3</strong></span> <span class='ocrx_word' id='word_1_84' title='bbox 1281 1909 1389 1974; x_wconf 88' lang='lat' dir='ltr'><strong>sed</strong></span> <span class='ocrx_word' id='word_1_85' title='bbox 1420 1906 1833 1990; x_wconf 80' lang='lat' dir='ltr'><strong>suggestione</strong></span> <span class='ocrx_word' id='word_1_86' title='bbox 1850 1906 1909 1969; x_wconf 80' lang='lat'><strong>⁸:</strong></span> <span class='ocrx_word' id='word_1_87' title='bbox 1945 1926 1977 1965; x_wconf 73' lang='grc' dir='ltr'><em>α</em></span> <span class='ocrx_word' id='word_1_88' title='bbox 1999 1902 2146 1968; x_wconf 87' lang='lat' dir='ltr'><strong>Post</strong></span> <span class='ocrx_word' id='word_1_89' title='bbox 2171 1904 2320 1968; x_wconf 88' lang='lat' dir='ltr'><strong>buc-</strong></span> 
     </span>
     <span class='ocr_line' id='line_1_15' title="bbox 787 2012 2312 2091; baseline -0.009 -3"><span class='ocrx_word' id='word_1_90' title='bbox 787 2019 1282 2088; x_wconf 85' lang='lat' dir='ltr'><strong>cellamintravit</strong></span> <span class='ocrx_word' id='word_1_91' title='bbox 1307 2018 1374 2081; x_wconf 92' lang='lat' dir='ltr'><strong>in</strong></span> <span class='ocrx_word' id='word_1_92' title='bbox 1393 2035 1544 2083; x_wconf 90' lang='lat' dir='ltr'><strong>eum</strong></span> <span class='ocrx_word' id='word_1_93' title='bbox 1569 2013 1859 2080; x_wconf 87' lang='lat' dir='ltr'><strong>Satanas.</strong></span> <span class='ocrx_word' id='word_1_94' title='bbox 1875 2034 1906 2073; x_wconf 68' lang='grc' dir='ltr'><strong><em>υ</em></strong></span> <span class='ocrx_word' id='word_1_95' title='bbox 1935 2012 2169 2076; x_wconf 87' lang='lat' dir='ltr'><strong>Mirum</strong></span> <span class='ocrx_word' id='word_1_96' title='bbox 2195 2014 2312 2091; x_wconf 86' lang='lat' dir='ltr'><strong>est,</strong></span> 
     </span>
     <span class='ocr_line' id='line_1_16' title="bbox 787 2119 2319 2216; baseline -0.009 -19"><span class='ocrx_word' id='word_1_97' title='bbox 787 2131 957 2216; x_wconf 85' lang='lat' dir='ltr'><strong>quod</strong></span> <span class='ocrx_word' id='word_1_98' title='bbox 988 2147 1120 2194; x_wconf 90' lang='lat' dir='ltr'><strong>non</strong></span> <span class='ocrx_word' id='word_1_99' title='bbox 1157 2128 1383 2191; x_wconf 90' lang='lat' dir='ltr'><strong>timent</strong></span> <span class='ocrx_word' id='word_1_100' title='bbox 1409 2125 1701 2189; x_wconf 89' lang='lat' dir='ltr'><strong>homines</strong></span> <span class='ocrx_word' id='word_1_101' title='bbox 1719 2121 1889 2204; x_wconf 86' lang='lat' dir='ltr'><strong>quod</strong></span> <span class='ocrx_word' id='word_1_102' title='bbox 1911 2124 2053 2201; x_wconf 87' lang='lat' dir='ltr'><strong>post</strong></span> <span class='ocrx_word' id='word_1_103' title='bbox 2079 2119 2319 2185; x_wconf 90' lang='lat' dir='ltr'><strong>buccel-</strong></span> 
     </span>
     <span class='ocr_line' id='line_1_17' title="bbox 788 2225 2318 2319; baseline -0.008 -17"><span class='ocrx_word' id='word_1_104' title='bbox 788 2239 939 2317; x_wconf 90' lang='lat' dir='ltr'><strong>lam,</strong></span> <span class='ocrx_word' id='word_1_105' title='bbox 969 2253 1165 2319; x_wconf 86' lang='lat' dir='ltr'><strong>quam</strong></span> <span class='ocrx_word' id='word_1_106' title='bbox 1190 2234 1268 2299; x_wconf 92' lang='lat' dir='ltr'><strong>de</strong></span> <span class='ocrx_word' id='word_1_107' title='bbox 1295 2232 1516 2316; x_wconf 81' lang='lat' dir='ltr'><strong>rapina</strong></span> <span class='ocrx_word' id='word_1_108' title='bbox 1538 2279 1556 2309; x_wconf 89' lang='lat'>‚</span> <span class='ocrx_word' id='word_1_109' title='bbox 1585 2229 1689 2296; x_wconf 84' lang='lat' dir='ltr'><strong>vel</strong></span> <span class='ocrx_word' id='word_1_110' title='bbox 1723 2229 1802 2294; x_wconf 91' lang='lat' dir='ltr'><strong>de</strong></span> <span class='ocrx_word' id='word_1_111' title='bbox 1837 2245 2038 2292; x_wconf 90' lang='lat' dir='ltr'><strong>usura</strong></span> <span class='ocrx_word' id='word_1_112' title='bbox 2064 2275 2081 2306; x_wconf 88' lang='lat'>‚</span> <span class='ocrx_word' id='word_1_113' title='bbox 2113 2225 2216 2291; x_wconf 86' lang='lat' dir='ltr'><strong>vel</strong></span> <span class='ocrx_word' id='word_1_114' title='bbox 2241 2226 2318 2291; x_wconf 89' lang='lat' dir='ltr'><strong>de</strong></span> 
     </span>
     <span class='ocr_line' id='line_1_18' title="bbox 789 2333 2198 2430; baseline -0.009 -19"><span class='ocrx_word' id='word_1_115' title='bbox 789 2348 1027 2430; x_wconf 78' lang='lat' dir='ltr'><strong>injusto</strong></span> <span class='ocrx_word' id='word_1_116' title='bbox 1053 2342 1408 2426; x_wconf 89' lang='lat' dir='ltr'><strong>acquirunt,</strong></span> <span class='ocrx_word' id='word_1_117' title='bbox 1440 2340 1631 2403; x_wconf 86' lang='lat' dir='ltr'><strong>intret</strong></span> <span class='ocrx_word' id='word_1_118' title='bbox 1658 2337 1730 2400; x_wconf 91' lang='lat' dir='ltr'><strong>in</strong></span> <span class='ocrx_word' id='word_1_119' title='bbox 1755 2353 1863 2400; x_wconf 91' lang='lat' dir='ltr'><strong>eos</strong></span> <span class='ocrx_word' id='word_1_120' title='bbox 1887 2333 2198 2400; x_wconf 65' lang='lat' dir='ltr'><strong>diabolus</strong></span> 
     </span>
    </p>

    <p class='ocr_par' dir='ltr' id='par_1_2' title="bbox 786 2440 2322 2857">
     <span class='ocr_line' id='line_1_19' title="bbox 869 2440 2318 2528; baseline -0.01 -9"><span class='ocrx_word' id='word_1_121' title='bbox 869 2454 957 2519; x_wconf 87' lang='lat' dir='ltr'><strong>De</strong></span> <span class='ocrx_word' id='word_1_122' title='bbox 996 2451 1182 2516; x_wconf 86' lang='lat' dir='ltr'><strong>tertia</strong></span> <span class='ocrx_word' id='word_1_123' title='bbox 1209 2454 1232 2491; x_wconf 73' lang='lat'><strong>&#39;0</strong></span> <span class='ocrx_word' id='word_1_124' title='bbox 1263 2470 1279 2513; x_wconf 73' lang='grc' dir='ltr'><strong>ε</strong></span> <span class='ocrx_word' id='word_1_125' title='bbox 1318 2471 1349 2509; x_wconf 75' lang='grc' dir='ltr'><strong>α</strong></span> <span class='ocrx_word' id='word_1_126' title='bbox 1370 2446 1441 2511; x_wconf 86' lang='lat' dir='ltr'><strong>Si</strong></span> <span class='ocrx_word' id='word_1_127' title='bbox 1473 2444 1648 2528; x_wconf 86' lang='lat' dir='ltr'><strong>ejicis</strong></span> <span class='ocrx_word' id='word_1_128' title='bbox 1684 2460 1835 2522; x_wconf 89' lang='lat' dir='ltr'><strong>nos,</strong></span> <span class='ocrx_word' id='word_1_129' title='bbox 1874 2443 2055 2506; x_wconf 89' lang='lat' dir='ltr'><strong>mitte</strong></span> <span class='ocrx_word' id='word_1_130' title='bbox 2093 2457 2211 2505; x_wconf 87' lang='lat' dir='ltr'><strong>nos</strong></span> <span class='ocrx_word' id='word_1_131' title='bbox 2249 2440 2318 2504; x_wconf 90' lang='lat' dir='ltr'><strong>in</strong></span> 
     </span>
     <span class='ocr_line' id='line_1_20' title="bbox 792 2548 2320 2645; baseline -0.01 -18"><span class='ocrx_word' id='word_1_132' title='bbox 792 2578 1059 2645; x_wconf 80' lang='lat' dir='ltr'><strong>gregem</strong></span> <span class='ocrx_word' id='word_1_133' title='bbox 1102 2572 1464 2641; x_wconf 89' lang='lat' dir='ltr'><strong>porcorum,</strong></span> <span class='ocrx_word' id='word_1_134' title='bbox 1494 2573 1525 2612; x_wconf 72' lang='lat' dir='ltr'><strong>n</strong></span> <span class='ocrx_word' id='word_1_135' title='bbox 1563 2555 1682 2617; x_wconf 89' lang='lat' dir='ltr'><strong>etc.</strong></span> <span class='ocrx_word' id='word_1_136' title='bbox 1719 2549 1903 2614; x_wconf 88' lang='lat' dir='ltr'><strong>Porci</strong></span> <span class='ocrx_word' id='word_1_137' title='bbox 1942 2552 2091 2612; x_wconf 87' lang='lat' dir='ltr'><strong>sunt</strong></span> <span class='ocrx_word' id='word_1_138' title='bbox 2130 2548 2320 2612; x_wconf 82' lang='lat' dir='ltr'><strong>luxu-</strong></span> 
     </span>
     <span class='ocr_line' id='line_1_21' title="bbox 788 2655 2315 2747; baseline -0.01 -14"><span class='ocrx_word' id='word_1_139' title='bbox 788 2668 938 2734; x_wconf 90' lang='lat' dir='ltr'><strong>riosi</strong></span> <span class='ocrx_word' id='word_1_140' title='bbox 958 2690 975 2747; x_wconf 91' lang='lat'>;</span> <span class='ocrx_word' id='word_1_141' title='bbox 996 2664 1029 2731; x_wconf 83' lang='lat' dir='ltr'>J</span> <span class='ocrx_word' id='word_1_142' title='bbox 1032 2682 1267 2732; x_wconf 88' lang='lat' dir='ltr'><strong>oannes</strong></span> <span class='ocrx_word' id='word_1_143' title='bbox 1294 2660 1779 2744; x_wconf 83' lang='lat' dir='ltr'><strong>Chrysostomus</strong></span> <span class='ocrx_word' id='word_1_144' title='bbox 1792 2656 1816 2692; x_wconf 85' lang='lat'>⁸</span> <span class='ocrx_word' id='word_1_145' title='bbox 1838 2678 1855 2720; x_wconf 72' lang='grc' dir='ltr'>ε</span> <span class='ocrx_word' id='word_1_146' title='bbox 1886 2679 1917 2717; x_wconf 81' lang='grc' dir='ltr'>α</span> <span class='ocrx_word' id='word_1_147' title='bbox 1937 2655 2117 2720; x_wconf 91' lang='lat' dir='ltr'><strong>Porci</strong></span> <span class='ocrx_word' id='word_1_148' title='bbox 2144 2658 2315 2734; x_wconf 90' lang='lat' dir='ltr'><strong>sunt,</strong></span> 
     </span>
     <span class='ocr_line' id='line_1_22' title="bbox 786 2761 2322 2857; baseline -0.008 -19"><span class='ocrx_word' id='word_1_149' title='bbox 786 2774 900 2857; x_wconf 87' lang='lat' dir='ltr'><strong>qui</strong></span> <span class='ocrx_word' id='word_1_150' title='bbox 933 2772 1134 2837; x_wconf 86' lang='lat' dir='ltr'><strong>vitam</strong></span> <span class='ocrx_word' id='word_1_151' title='bbox 1176 2785 1355 2833; x_wconf 90' lang='lat' dir='ltr'><strong>suam</strong></span> <span class='ocrx_word' id='word_1_152' title='bbox 1401 2782 1678 2830; x_wconf 82' lang='lat' dir='ltr'><strong>coenosae</strong></span> <span class='ocrx_word' id='word_1_153' title='bbox 1715 2762 2001 2841; x_wconf 92' lang='lat' dir='ltr'><strong>libidini,</strong></span> <span class='ocrx_word' id='word_1_154' title='bbox 2047 2765 2110 2825; x_wconf 88' lang='lat' dir='ltr'><strong>et</strong></span> <span class='ocrx_word' id='word_1_155' title='bbox 2143 2761 2322 2828; x_wconf 85' lang='lat' dir='ltr'><strong>volu·</strong></span> 
     </span>
    </p>
   </div>
   <div class='ocr_carea' id='block_1_2' title="bbox 787 2866 2444 2964">
    <p class='ocr_par' dir='ltr' id='par_1_3' title="bbox 787 2866 2444 2964">
     <span class='ocr_line' id='line_1_23' title="bbox 787 2866 2444 2964; baseline -0.011 -18"><span class='ocrx_word' id='word_1_156' title='bbox 787 2880 1065 2964; x_wconf 89' lang='lat' dir='ltr'><strong>ptatibus</strong></span> <span class='ocrx_word' id='word_1_157' title='bbox 1107 2875 1324 2941; x_wconf 81' lang='lat' dir='ltr'><strong>saeculi</strong></span> <span class='ocrx_word' id='word_1_158' title='bbox 1373 2872 1835 2954; x_wconf 89' lang='lat' dir='ltr'><strong>manciparunt.</strong></span> <span class='ocrx_word' id='word_1_159' title='bbox 1865 2890 1897 2927; x_wconf 70' lang='grc' dir='ltr'><strong>ι)</strong></span> <span class='ocrx_word' id='word_1_160' title='bbox 1932 2866 2008 2931; x_wconf 89' lang='grc' dir='ltr'><strong>Ιιι</strong></span> <span class='ocrx_word' id='word_1_161' title='bbox 2044 2867 2147 2931; x_wconf 89' lang='lat' dir='ltr'><strong>his</strong></span> <span class='ocrx_word' id='word_1_162' title='bbox 2192 2867 2322 2932; x_wconf 91' lang='lat' dir='ltr'><strong>dia·</strong></span> <span class='ocrx_word' id='word_1_163' title='bbox 2419 2888 2444 2896; x_wconf 49' lang='lat'><strong>⁸</strong></span> 
     </span>
    </p>
   </div>
   <div class='ocr_carea' id='block_1_3' title="bbox 688 2974 2321 5188">
    <p class='ocr_par' dir='ltr' id='par_1_4' title="bbox 783 2974 2321 4664">
     <span class='ocr_line' id='line_1_24' title="bbox 787 2974 2321 3068; baseline -0.01 -16"><span class='ocrx_word' id='word_1_164' title='bbox 787 2987 971 3053; x_wconf 89' lang='lat' dir='ltr'><strong>bolus</strong></span> <span class='ocrx_word' id='word_1_165' title='bbox 996 2985 1371 3068; x_wconf 87' lang='lat' dir='ltr'><strong>potestatem</strong></span> <span class='ocrx_word' id='word_1_166' title='bbox 1398 2977 1623 3060; x_wconf 91' lang='lat' dir='ltr'><strong>accipit</strong></span> <span class='ocrx_word' id='word_1_167' title='bbox 1640 2982 1687 3056; x_wconf 81' lang='lat'><strong>⁶,</strong></span> <span class='ocrx_word' id='word_1_168' title='bbox 1717 2998 1748 3037; x_wconf 77' lang='grc' dir='ltr'>α</span> <span class='ocrx_word' id='word_1_169' title='bbox 1765 2975 1877 3058; x_wconf 87' lang='lat' dir='ltr'><strong>qui</strong></span> <span class='ocrx_word' id='word_1_170' title='bbox 1902 2977 2044 3057; x_wconf 87' lang='lat' dir='ltr'><strong>conj</strong></span> <span class='ocrx_word' id='word_1_171' title='bbox 2055 2974 2207 3056; x_wconf 89' lang='lat' dir='ltr'><strong>ugia</strong></span> <span class='ocrx_word' id='word_1_172' title='bbox 2232 2974 2321 3038; x_wconf 89' lang='lat' dir='ltr'><strong>ita</strong></span> 
     </span>
     <span class='ocr_line' id='line_1_25' title="bbox 788 3084 2320 3176; baseline -0.009 -17"><span class='ocrx_word' id='word_1_173' title='bbox 788 3093 1170 3176; x_wconf 87' lang='lat' dir='ltr'><strong>suscipiunt,</strong></span> <span class='ocrx_word' id='word_1_174' title='bbox 1215 3091 1289 3153; x_wconf 89' lang='lat' dir='ltr'><strong>ut</strong></span> <span class='ocrx_word' id='word_1_175' title='bbox 1322 3086 1521 3152; x_wconf 90' lang='lat' dir='ltr'><strong>Deum</strong></span> <span class='ocrx_word' id='word_1_176' title='bbox 1565 3102 1604 3148; x_wconf 89' lang='lat' dir='ltr'><strong>a</strong></span> <span class='ocrx_word' id='word_1_177' title='bbox 1649 3100 1716 3147; x_wconf 99' lang='lat' dir='ltr'><strong>se</strong></span> <span class='ocrx_word' id='word_1_178' title='bbox 1750 3085 1812 3146; x_wconf 94' lang='lat' dir='ltr'><strong>et</strong></span> <span class='ocrx_word' id='word_1_179' title='bbox 1853 3100 1894 3147; x_wconf 90' lang='lat' dir='ltr'><strong>a</strong></span> <span class='ocrx_word' id='word_1_180' title='bbox 1937 3100 2056 3146; x_wconf 89' lang='lat' dir='ltr'><strong>sua</strong></span> <span class='ocrx_word' id='word_1_181' title='bbox 2108 3084 2320 3145; x_wconf 90' lang='lat' dir='ltr'><strong>mente</strong></span> 
     </span>
     <span class='ocr_line' id='line_1_26' title="bbox 788 3188 2321 3277; baseline -0.009 -11"><span class='ocrx_word' id='word_1_182' title='bbox 788 3200 1150 3277; x_wconf 80' lang='lat' dir='ltr'><strong>excludant,</strong></span> <span class='ocrx_word' id='word_1_183' title='bbox 1178 3199 1241 3260; x_wconf 89' lang='lat' dir='ltr'><strong>et</strong></span> <span class='ocrx_word' id='word_1_184' title='bbox 1268 3211 1403 3258; x_wconf 83' lang='lat' dir='ltr'><strong>suae</strong></span> <span class='ocrx_word' id='word_1_185' title='bbox 1431 3189 1685 3255; x_wconf 85' lang='lat' dir='ltr'><strong>libidini</strong></span> <span class='ocrx_word' id='word_1_186' title='bbox 1712 3190 1802 3253; x_wconf 87' lang='lat' dir='ltr'><strong>ita</strong></span> <span class='ocrx_word' id='word_1_187' title='bbox 1837 3191 2085 3266; x_wconf 82' lang='lat' dir='ltr'><strong>vacent,</strong></span> <span class='ocrx_word' id='word_1_188' title='bbox 2107 3188 2129 3223; x_wconf 78' lang='lat'>⁷</span> <span class='ocrx_word' id='word_1_189' title='bbox 2157 3189 2321 3252; x_wconf 83' lang='lat' dir='ltr'><strong>sicut</strong></span> 
     </span>
     <span class='ocr_line' id='line_1_27' title="bbox 788 3295 2315 3389; baseline -0.008 -16"><span class='ocrx_word' id='word_1_190' title='bbox 788 3324 992 3389; x_wconf 90' lang='lat' dir='ltr'><strong>equus</strong></span> <span class='ocrx_word' id='word_1_191' title='bbox 1017 3308 1082 3370; x_wconf 92' lang='lat' dir='ltr'><strong>et</strong></span> <span class='ocrx_word' id='word_1_192' title='bbox 1107 3302 1344 3380; x_wconf 83' lang='lat' dir='ltr'><strong>mulus,</strong></span> <span class='ocrx_word' id='word_1_193' title='bbox 1371 3298 1609 3382; x_wconf 87' lang='lat' dir='ltr'><strong>quibus</strong></span> <span class='ocrx_word' id='word_1_194' title='bbox 1635 3314 1765 3361; x_wconf 89' lang='lat' dir='ltr'><strong>non</strong></span> <span class='ocrx_word' id='word_1_195' title='bbox 1792 3299 1887 3361; x_wconf 88' lang='lat' dir='ltr'><strong>est</strong></span> <span class='ocrx_word' id='word_1_196' title='bbox 1913 3295 2266 3359; x_wconf 86' lang='lat' dir='ltr'><strong>intellectus</strong></span> <span class='ocrx_word' id='word_1_197' title='bbox 2296 3315 2315 3361; x_wconf 75' lang='grc' dir='ltr'><em>τ</em></span> 
     </span>
     <span class='ocr_line' id='line_1_28' title="bbox 788 3403 2313 3495; baseline -0.01 -16"><span class='ocrx_word' id='word_1_198' title='bbox 788 3414 981 3479; x_wconf 91' lang='lat' dir='ltr'><strong>habet</strong></span> <span class='ocrx_word' id='word_1_199' title='bbox 1016 3429 1208 3495; x_wconf 88' lang='lat' dir='ltr'><strong>super</strong></span> <span class='ocrx_word' id='word_1_200' title='bbox 1248 3426 1357 3473; x_wconf 89' lang='lat' dir='ltr'><strong>eos</strong></span> <span class='ocrx_word' id='word_1_201' title='bbox 1406 3408 1778 3489; x_wconf 88' lang='lat' dir='ltr'><strong>potestatem</strong></span> <span class='ocrx_word' id='word_1_202' title='bbox 1827 3403 2238 3469; x_wconf 64' lang='lat' dir='ltr'><strong>daemonium.</strong></span> <span class='ocrx_word' id='word_1_203' title='bbox 2283 3428 2313 3464; x_wconf 82' lang='grc'>»</span> 
     </span>
     <span class='ocr_line' id='line_1_29' title="bbox 787 3509 2314 3594; baseline -0.009 -8"><span class='ocrx_word' id='word_1_204' title='bbox 787 3517 1100 3586; x_wconf 87' lang='lat' dir='ltr'><strong>Horribile</strong></span> <span class='ocrx_word' id='word_1_205' title='bbox 1114 3516 1390 3591; x_wconf 84' lang='lat' dir='ltr'><strong>videtur,</strong></span> <span class='ocrx_word' id='word_1_206' title='bbox 1412 3516 1569 3594; x_wconf 87' lang='lat' dir='ltr'><strong>quot</strong></span> <span class='ocrx_word' id='word_1_207' title='bbox 1589 3514 1684 3574; x_wconf 89' lang='lat' dir='ltr'><strong>tot</strong></span> <span class='ocrx_word' id='word_1_208' title='bbox 1704 3509 1908 3574; x_wconf 89' lang='lat' dir='ltr'><strong>millia</strong></span> <span class='ocrx_word' id='word_1_209' title='bbox 1924 3510 2314 3589; x_wconf 83' lang='lat' dir='ltr'><strong>daemonum,</strong></span> 
     </span>
     <span class='ocr_line' id='line_1_30' title="bbox 787 3615 2311 3705; baseline -0.007 -13"><span class='ocrx_word' id='word_1_210' title='bbox 787 3626 1022 3692; x_wconf 89' lang='lat' dir='ltr'><strong>scilicet</strong></span> <span class='ocrx_word' id='word_1_211' title='bbox 1061 3621 1234 3705; x_wconf 88' lang='lat' dir='ltr'><strong>legio</strong></span> <span class='ocrx_word' id='word_1_212' title='bbox 1251 3667 1269 3699; x_wconf 89' lang='lat'>‚</span> <span class='ocrx_word' id='word_1_213' title='bbox 1307 3635 1514 3684; x_wconf 90' lang='lat' dir='ltr'><strong>unum</strong></span> <span class='ocrx_word' id='word_1_214' title='bbox 1554 3616 1938 3681; x_wconf 88' lang='lat' dir='ltr'><strong>obsederunt</strong></span> <span class='ocrx_word' id='word_1_215' title='bbox 1961 3615 2311 3681; x_wconf 86' lang='lat' dir='ltr'><strong>hominem.</strong></span> 
     </span>
     <span class='ocr_line' id='line_1_31' title="bbox 784 3724 2318 3805; baseline -0.006 -6"><span class='ocrx_word' id='word_1_216' title='bbox 784 3732 910 3798; x_wconf 87' lang='lat' dir='ltr'><strong>Sed</strong></span> <span class='ocrx_word' id='word_1_217' title='bbox 935 3735 1102 3797; x_wconf 90' lang='lat' dir='ltr'><strong>certe</strong></span> <span class='ocrx_word' id='word_1_218' title='bbox 1143 3725 1511 3793; x_wconf 86' lang='lat' dir='ltr'><strong>horribilius</strong></span> <span class='ocrx_word' id='word_1_219' title='bbox 1549 3728 1643 3788; x_wconf 88' lang='lat' dir='ltr'><strong>est</strong></span> <span class='ocrx_word' id='word_1_220' title='bbox 1682 3724 1916 3788; x_wconf 82' lang='lat' dir='ltr'><strong>habere</strong></span> <span class='ocrx_word' id='word_1_221' title='bbox 1950 3727 2044 3788; x_wconf 88' lang='lat' dir='ltr'><strong>tot</strong></span> <span class='ocrx_word' id='word_1_222' title='bbox 2067 3729 2318 3805; x_wconf 87' lang='lat' dir='ltr'><strong>peccata</strong></span> 
     </span>
     <span class='ocr_line' id='line_1_32' title="bbox 788 3827 2317 3917; baseline -0.003 -13"><span class='ocrx_word' id='word_1_223' title='bbox 788 3827 1104 3917; x_wconf 82' lang='lat' dir='ltr'><strong>mortalia,</strong></span> <span class='ocrx_word' id='word_1_224' title='bbox 1133 3838 1265 3900; x_wconf 89' lang='lat' dir='ltr'><strong>imo</strong></span> <span class='ocrx_word' id='word_1_225' title='bbox 1282 3851 1487 3898; x_wconf 91' lang='lat' dir='ltr'><strong>unum</strong></span> <span class='ocrx_word' id='word_1_226' title='bbox 1500 3832 1788 3896; x_wconf 85' lang='lat' dir='ltr'><strong>mortale.</strong></span> <span class='ocrx_word' id='word_1_227' title='bbox 1819 3830 1943 3897; x_wconf 89' lang='lat' dir='ltr'><strong>Sed</strong></span> <span class='ocrx_word' id='word_1_228' title='bbox 1967 3835 2122 3896; x_wconf 87' lang='lat' dir='ltr'><strong>nota</strong></span> <span class='ocrx_word' id='word_1_229' title='bbox 2146 3833 2317 3915; x_wconf 86' lang='lat' dir='ltr'><strong>quod</strong></span> 
     </span>
     <span class='ocr_line' id='line_1_33' title="bbox 787 3939 2319 4030; baseline -0.002 -18"><span class='ocrx_word' id='word_1_230' title='bbox 787 3946 1169 4030; x_wconf 83' lang='lat' dir='ltr'><strong>quandoque</strong></span> <span class='ocrx_word' id='word_1_231' title='bbox 1219 3961 1410 4021; x_wconf 89' lang='lat' dir='ltr'><strong>unus,</strong></span> <span class='ocrx_word' id='word_1_232' title='bbox 1457 3941 1620 4005; x_wconf 89' lang='lat' dir='ltr'><strong>sicut</strong></span> <span class='ocrx_word' id='word_1_233' title='bbox 1670 3940 1900 4005; x_wconf 90' lang='lat' dir='ltr'><strong>dicitur</strong></span> <span class='ocrx_word' id='word_1_234' title='bbox 1947 3939 2053 4003; x_wconf 90' lang='lat' dir='ltr'><strong>hic</strong></span> <span class='ocrx_word' id='word_1_235' title='bbox 2094 3958 2112 4003; x_wconf 71' lang='grc' dir='ltr'><em>τ</em></span> <span class='ocrx_word' id='word_1_236' title='bbox 2157 3941 2319 4009; x_wconf 83' lang='lat' dir='ltr'><strong>Erat</strong></span> 
     </span>
     <span class='ocr_line' id='line_1_34' title="bbox 787 4047 2317 4135; baseline -0.005 -15"><span class='ocrx_word' id='word_1_237' title='bbox 787 4054 968 4120; x_wconf 75' lang='lat' dir='ltr'><strong>Iesus</strong></span> <span class='ocrx_word' id='word_1_238' title='bbox 994 4052 1255 4135; x_wconf 72' lang='lat' dir='ltr'><strong>ejiciens</strong></span> <span class='ocrx_word' id='word_1_239' title='bbox 1287 4048 1708 4127; x_wconf 62' lang='lat' dir='ltr'><strong>daemonium,</strong></span> <span class='ocrx_word' id='word_1_240' title='bbox 1735 4053 1900 4112; x_wconf 87' lang='lat' dir='ltr'><strong>etc.·</strong></span> <span class='ocrx_word' id='word_1_241' title='bbox 1886 4047 2317 4130; x_wconf 86' lang='lat' dir='ltr'><strong>,quandoque</strong></span> 
     </span>
     <span class='ocr_line' id='line_1_35' title="bbox 787 4153 2311 4242; baseline -0.004 -19"><span class='ocrx_word' id='word_1_242' title='bbox 787 4163 1065 4242; x_wconf 83' lang='lat' dir='ltr'><strong>septem,</strong></span> <span class='ocrx_word' id='word_1_243' title='bbox 1112 4155 1493 4239; x_wconf 87' lang='lat' dir='ltr'><strong>quandoque</strong></span> <span class='ocrx_word' id='word_1_244' title='bbox 1530 4153 1707 4236; x_wconf 89' lang='lat' dir='ltr'><strong>legio</strong></span> <span class='ocrx_word' id='word_1_245' title='bbox 1744 4157 1931 4220; x_wconf 84' lang='lat' dir='ltr'><strong>vexat</strong></span> <span class='ocrx_word' id='word_1_246' title='bbox 1960 4153 2311 4218; x_wconf 88' lang='lat' dir='ltr'><strong>hominem.</strong></span> 
     </span>
     <span class='ocr_line' id='line_1_36' title="bbox 787 4260 2314 4346; baseline -0.003 -16"><span class='ocrx_word' id='word_1_247' title='bbox 787 4264 986 4345; x_wconf 78' lang='lat' dir='ltr'><strong>UnuS,</strong></span> <span class='ocrx_word' id='word_1_248' title='bbox 1004 4260 1303 4346; x_wconf 87' lang='lat' dir='ltr'><strong>quando</strong></span> <span class='ocrx_word' id='word_1_249' title='bbox 1286 4280 1354 4325; x_wconf 89' lang='grc' dir='ltr'><strong>ιιι</strong></span> <span class='ocrx_word' id='word_1_250' title='bbox 1378 4278 1509 4325; x_wconf 90' lang='lat' dir='ltr'><strong>uno</strong></span> <span class='ocrx_word' id='word_1_251' title='bbox 1524 4264 1779 4342; x_wconf 89' lang='lat' dir='ltr'><strong>peccato</strong></span> <span class='ocrx_word' id='word_1_252' title='bbox 1801 4260 2053 4325; x_wconf 86' lang='lat' dir='ltr'><strong>mortali</strong></span> <span class='ocrx_word' id='word_1_253' title='bbox 2071 4260 2314 4326; x_wconf 90' lang='lat' dir='ltr'><strong>laborat</strong></span> 
     </span>
     <span class='ocr_line' id='line_1_37' title="bbox 783 4368 2315 4452; baseline -0.003 -15"><span class='ocrx_word' id='word_1_254' title='bbox 783 4373 1002 4438; x_wconf 90' lang='lat' dir='ltr'><strong>homo.</strong></span> <span class='ocrx_word' id='word_1_255' title='bbox 1055 4371 1343 4452; x_wconf 88' lang='lat' dir='ltr'><strong>Septem,</strong></span> <span class='ocrx_word' id='word_1_256' title='bbox 1373 4368 1670 4450; x_wconf 75' lang='lat' dir='ltr'><strong>quando·</strong></span> <span class='ocrx_word' id='word_1_257' title='bbox 1652 4385 1723 4430; x_wconf 87' lang='grc' dir='ltr'><strong>ιιι</strong></span> <span class='ocrx_word' id='word_1_258' title='bbox 1760 4371 1999 4450; x_wconf 89' lang='lat' dir='ltr'><strong>septem</strong></span> <span class='ocrx_word' id='word_1_259' title='bbox 2045 4369 2315 4451; x_wconf 84' lang='lat' dir='ltr'><strong>peccatis</strong></span> 
     </span>
     <span class='ocr_line' id='line_1_38' title="bbox 786 4474 2314 4556; baseline -0.004 -12"><span class='ocrx_word' id='word_1_260' title='bbox 786 4479 1178 4545; x_wconf 77' lang='lat' dir='ltr'><strong>mortalibus,</strong></span> <span class='ocrx_word' id='word_1_261' title='bbox 1241 4475 1437 4556; x_wconf 84' lang='lat' dir='ltr'><strong>Legio</strong></span> <span class='ocrx_word' id='word_1_262' title='bbox 1475 4523 1492 4555; x_wconf 90' lang='lat'><strong>,</strong></span> <span class='ocrx_word' id='word_1_263' title='bbox 1554 4474 1803 4556; x_wconf 89' lang='lat' dir='ltr'><strong>quando</strong></span> <span class='ocrx_word' id='word_1_264' title='bbox 1865 4474 2088 4539; x_wconf 89' lang='lat' dir='ltr'><strong>eadem</strong></span> <span class='ocrx_word' id='word_1_265' title='bbox 2157 4474 2314 4539; x_wconf 88' lang='lat' dir='ltr'><strong>vitia</strong></span> 
     </span>
     <span class='ocr_line' id='line_1_39' title="bbox 783 4582 1714 4664; baseline -0.009 -12"><span class='ocrx_word' id='word_1_266' title='bbox 783 4586 1152 4652; x_wconf 89' lang='lat' dir='ltr'><strong>multimode</strong></span> <span class='ocrx_word' id='word_1_267' title='bbox 1188 4582 1714 4664; x_wconf 88' lang='lat' dir='ltr'><strong>multiplicantur.</strong></span> 
     </span>
    </p>

    <p class='ocr_par' dir='ltr' id='par_1_5' title="bbox 688 4687 2311 5188">
     <span class='ocr_line' id='line_1_40' title="bbox 862 4687 2311 4776; baseline -0.005 -17"><span class='ocrx_word' id='word_1_268' title='bbox 862 4694 949 4759; x_wconf 93' lang='lat' dir='ltr'><strong>De</strong></span> <span class='ocrx_word' id='word_1_269' title='bbox 985 4694 1215 4776; x_wconf 87' lang='lat' dir='ltr'><strong>quarta</strong></span> <span class='ocrx_word' id='word_1_270' title='bbox 1245 4690 1325 4773; x_wconf 86' lang='grc' dir='ltr'><strong>(α)</strong></span> <span class='ocrx_word' id='word_1_271' title='bbox 1354 4694 1377 4729; x_wconf 83' lang='lat'><strong>⁸</strong></span> <span class='ocrx_word' id='word_1_272' title='bbox 1406 4710 1421 4752; x_wconf 71' lang='grc' dir='ltr'><strong>ι</strong></span> <span class='ocrx_word' id='word_1_273' title='bbox 1464 4711 1495 4750; x_wconf 75' lang='grc' dir='ltr'>α</span> <span class='ocrx_word' id='word_1_274' title='bbox 1523 4687 1824 4771; x_wconf 88' lang='lat' dir='ltr'><strong>Princeps</strong></span> <span class='ocrx_word' id='word_1_275' title='bbox 1854 4689 2078 4754; x_wconf 89' lang='lat' dir='ltr'><strong>mundi</strong></span> <span class='ocrx_word' id='word_1_276' title='bbox 2113 4689 2311 4770; x_wconf 84' lang='lat' dir='ltr'><strong>hujus</strong></span> 
     </span>
     <span class='ocr_line' id='line_1_41' title="bbox 688 4793 2310 4884; baseline -0.005 -17"><span class='ocrx_word' id='word_1_277' title='bbox 688 4847 692 4853; x_wconf 84' lang='lat'><em>·</em></span> <span class='ocrx_word' id='word_1_278' title='bbox 778 4802 1065 4884; x_wconf 89' lang='lat' dir='ltr'><strong>ejicietur</strong></span> <span class='ocrx_word' id='word_1_279' title='bbox 1107 4798 1293 4862; x_wconf 81' lang='lat' dir='ltr'><strong>foras.</strong></span> <span class='ocrx_word' id='word_1_280' title='bbox 1328 4816 1359 4855; x_wconf 73' lang='grc' dir='ltr'><strong>ι»</strong></span> <span class='ocrx_word' id='word_1_281' title='bbox 1388 4793 1522 4859; x_wconf 89' lang='lat' dir='ltr'><strong>Hoc</strong></span> <span class='ocrx_word' id='word_1_282' title='bbox 1563 4795 1801 4859; x_wconf 82' lang='lat' dir='ltr'><strong>factum</strong></span> <span class='ocrx_word' id='word_1_283' title='bbox 1828 4799 1922 4859; x_wconf 88' lang='lat' dir='ltr'><strong>est</strong></span> <span class='ocrx_word' id='word_1_284' title='bbox 1945 4812 2057 4876; x_wconf 89' lang='lat' dir='ltr'><strong>per</strong></span> <span class='ocrx_word' id='word_1_285' title='bbox 2084 4793 2310 4859; x_wconf 86' lang='lat' dir='ltr'><strong>Christi</strong></span> 
     </span>
     <span class='ocr_line' id='line_1_42' title="bbox 776 4901 2306 4991; baseline -0.005 -18"><span class='ocrx_word' id='word_1_286' title='bbox 776 4908 1154 4991; x_wconf 84' lang='lat' dir='ltr'><strong>passionem,</strong></span> <span class='ocrx_word' id='word_1_287' title='bbox 1185 4909 1249 4967; x_wconf 89' lang='lat' dir='ltr'><strong>et</strong></span> <span class='ocrx_word' id='word_1_288' title='bbox 1273 4920 1389 4985; x_wconf 87' lang='lat' dir='ltr'><strong>per</strong></span> <span class='ocrx_word' id='word_1_289' title='bbox 1416 4901 1641 4966; x_wconf 90' lang='lat' dir='ltr'><strong>mundi</strong></span> <span class='ocrx_word' id='word_1_290' title='bbox 1669 4902 2169 4967; x_wconf 82' lang='lat' dir='ltr'><strong>conversionem.</strong></span> <span class='ocrx_word' id='word_1_291' title='bbox 2192 4901 2306 4966; x_wconf 86' lang='lat' dir='ltr'><strong>Hic</strong></span> 
     </span>
     <span class='ocr_line' id='line_1_43' title="bbox 775 5008 2302 5099; baseline -0.004 -19"><span class='ocrx_word' id='word_1_292' title='bbox 775 5021 870 5080; x_wconf 89' lang='lat' dir='ltr'><strong>est</strong></span> <span class='ocrx_word' id='word_1_293' title='bbox 882 5015 1193 5099; x_wconf 83' lang='lat' dir='ltr'><strong>princeps,</strong></span> <span class='ocrx_word' id='word_1_294' title='bbox 1214 5011 1292 5075; x_wconf 90' lang='lat' dir='ltr'><strong>de</strong></span> <span class='ocrx_word' id='word_1_295' title='bbox 1316 5027 1447 5092; x_wconf 88' lang='lat' dir='ltr'><strong>quo</strong></span> <span class='ocrx_word' id='word_1_296' title='bbox 1472 5008 1703 5073; x_wconf 88' lang='lat' dir='ltr'><strong>dicitur</strong></span> <span class='ocrx_word' id='word_1_297' title='bbox 1722 5008 1769 5086; x_wconf 77' lang='lat'><strong>⁹,</strong></span> <span class='ocrx_word' id='word_1_298' title='bbox 1784 5009 1954 5092; x_wconf 84' lang='lat' dir='ltr'><strong>quod</strong></span> <span class='ocrx_word' id='word_1_299' title='bbox 1968 5008 2191 5075; x_wconf 86' lang='lat' dir='ltr'><strong>Finees</strong></span> <span class='ocrx_word' id='word_1_300' title='bbox 2224 5011 2302 5092; x_wconf 84' lang='lat' dir='ltr'><strong>(b)</strong></span> 
     </span>
     <span class='ocr_line' id='line_1_44' title="bbox 776 5116 2302 5188; baseline -0.004 -1"><span class='ocrx_word' id='word_1_301' title='bbox 776 5123 1122 5188; x_wconf 77' lang='lat' dir='ltr'><strong>israelitam</strong></span> <span class='ocrx_word' id='word_1_302' title='bbox 1149 5118 1565 5184; x_wconf 82' lang='lat' dir='ltr'><strong>fornicantem</strong></span> <span class='ocrx_word' id='word_1_303' title='bbox 1592 5135 1742 5181; x_wconf 92' lang='lat' dir='ltr'><strong>cum</strong></span> <span class='ocrx_word' id='word_1_304' title='bbox 1768 5116 1901 5181; x_wconf 88' lang='lat' dir='ltr'><strong>fllia</strong></span> <span class='ocrx_word' id='word_1_305' title='bbox 1926 5118 2302 5182; x_wconf 87' lang='lat' dir='ltr'><strong>nobilissimi</strong></span> 
     </span>
    </p>
   </div>
   <div class='ocr_carea' id='block_1_4' title="bbox 765 5311 2304 5531">
    <p class='ocr_par' dir='ltr' id='par_1_6' title="bbox 765 5311 2304 5531">
     <span class='ocr_line' id='line_1_45' title="bbox 835 5311 2304 5387; baseline -0.006 -14.759"><span class='ocrx_word' id='word_1_306' title='bbox 835 5321 1049 5387; x_wconf 71' lang='lat' dir='ltr'><strong>¹Apoe„</strong></span> <span class='ocrx_word' id='word_1_307' title='bbox 1091 5329 1142 5382; x_wconf 87' lang='lat' dir='ltr'><strong>v,</strong></span> <span class='ocrx_word' id='word_1_308' title='bbox 1183 5319 1229 5368; x_wconf 98' lang='lat'><strong>6.</strong></span> <span class='ocrx_word' id='word_1_309' title='bbox 1269 5340 1331 5352; x_wconf 94' lang='lat'>—</span> <span class='ocrx_word' id='word_1_310' title='bbox 1369 5313 1573 5365; x_wconf 72' lang='lat' dir='ltr'><strong>’Bel-n.</strong></span> <span class='ocrx_word' id='word_1_311' title='bbox 1607 5339 1669 5351; x_wconf 91' lang='lat'>—</span> <span class='ocrx_word' id='word_1_312' title='bbox 1706 5311 1926 5377; x_wconf 68' lang='lat' dir='ltr'><strong>⁸Joan„</strong></span> <span class='ocrx_word' id='word_1_313' title='bbox 1963 5325 2094 5379; x_wconf 82' lang='lat' dir='ltr'><strong>xm,</strong></span> <span class='ocrx_word' id='word_1_314' title='bbox 2137 5317 2216 5365; x_wconf 78' lang='lat'><strong>27.</strong></span> <span class='ocrx_word' id='word_1_315' title='bbox 2243 5341 2304 5353; x_wconf 90' lang='lat'><strong>--</strong></span> 
     </span>
     <span class='ocr_line' id='line_1_46' title="bbox 768 5384 2301 5456; baseline -0.008 -10.57"><span class='ocrx_word' id='word_1_316' title='bbox 768 5392 1029 5456; x_wconf 69' lang='lat' dir='ltr'><strong>*Mattk.,</strong></span> <span class='ocrx_word' id='word_1_317' title='bbox 1058 5401 1175 5452; x_wconf 76' lang='lat' dir='ltr'><strong>viu,</strong></span> <span class='ocrx_word' id='word_1_318' title='bbox 1199 5391 1278 5439; x_wconf 87' lang='grc'><strong>31.</strong></span> <span class='ocrx_word' id='word_1_319' title='bbox 1300 5386 1695 5450; x_wconf 80' lang='lat' dir='ltr'><strong>—⁸Chrysost.</strong></span> <span class='ocrx_word' id='word_1_320' title='bbox 1724 5409 1787 5422; x_wconf 90' lang='lat'><em>-</em></span> <span class='ocrx_word' id='word_1_321' title='bbox 1817 5384 1996 5446; x_wconf 48' lang='grc' dir='ltr'><strong>’Τοόη</strong></span> <span class='ocrx_word' id='word_1_322' title='bbox 2028 5397 2098 5446; x_wconf 78' lang='lat' dir='ltr'><strong>vi,</strong></span> <span class='ocrx_word' id='word_1_323' title='bbox 2132 5388 2206 5437; x_wconf 83' lang='grc'><strong>17.</strong></span> <span class='ocrx_word' id='word_1_324' title='bbox 2238 5412 2301 5425; x_wconf 89' lang='lat'>-</span> 
     </span>
     <span class='ocr_line' id='line_1_47' title="bbox 765 5457 2274 5531; baseline -0.006 -15"><span class='ocrx_word' id='word_1_325' title='bbox 765 5466 941 5531; x_wconf 48' lang='lat' dir='ltr'><strong>&#39;Fran</strong></span> <span class='ocrx_word' id='word_1_326' title='bbox 966 5475 1112 5524; x_wconf 82' lang='lat' dir='ltr'><strong>xxx-,¹</strong></span> <span class='ocrx_word' id='word_1_327' title='bbox 1135 5466 1185 5513; x_wconf 75' lang='lat'><strong>9.</strong></span> <span class='ocrx_word' id='word_1_328' title='bbox 1207 5485 1262 5499; x_wconf 92' lang='lat'><strong>--</strong></span> <span class='ocrx_word' id='word_1_329' title='bbox 1292 5458 1500 5521; x_wconf 62' lang='lat' dir='ltr'><strong>Unam,</strong></span> <span class='ocrx_word' id='word_1_330' title='bbox 1525 5468 1623 5521; x_wconf 83' lang='lat'><strong>111,</strong></span> <span class='ocrx_word' id='word_1_331' title='bbox 1641 5459 1719 5508; x_wconf 82' lang='grc'><strong>31.</strong></span> <span class='ocrx_word' id='word_1_332' title='bbox 1738 5482 1802 5493; x_wconf 96' lang='grc'>-</span> <span class='ocrx_word' id='word_1_333' title='bbox 1827 5457 2049 5521; x_wconf 62' lang='lat' dir='ltr'><strong>⁹Num„</strong></span> <span class='ocrx_word' id='word_1_334' title='bbox 2075 5469 2194 5520; x_wconf 80' lang='lat' dir='ltr'><strong>.xv,</strong></span> <span class='ocrx_word' id='word_1_335' title='bbox 2218 5462 2274 5509; x_wconf 84' lang='grc'><strong>15</strong></span> 
     </span>
    </p>
   </div>
   <div class='ocr_carea' id='block_1_5' title="bbox 1878 482 2872 554">
    <p class='ocr_par' dir='ltr' id='par_1_7' title="bbox 1878 482 2872 554">
     <span class='ocr_line' id='line_1_48' title="bbox 1878 482 2872 554; baseline 0 -5"><span class='ocrx_word' id='word_1_336' title='bbox 1878 482 2295 550; x_wconf 85' lang='lat' dir='ltr'><strong>SERMONES</strong></span> <span class='ocrx_word' id='word_1_337' title='bbox 2333 482 2435 550; x_wconf 89' lang='lat' dir='ltr'><strong>DE</strong></span> <span class='ocrx_word' id='word_1_338' title='bbox 2477 484 2872 554; x_wconf 82' lang='lat' dir='ltr'><strong>TEMPORE.</strong></span> 
     </span>
    </p>
   </div>
   <div class='ocr_carea' id='block_1_6' title="bbox 2421 618 3950 2827">
    <p class='ocr_par' dir='ltr' id='par_1_8' title="bbox 2421 618 3950 2827">
     <span class='ocr_line' id='line_1_49' title="bbox 2421 618 3913 708; baseline 0.006 -26"><span class='ocrx_word' id='word_1_339' title='bbox 2421 619 2721 703; x_wconf 87' lang='lat' dir='ltr'><strong>principis</strong></span> <span class='ocrx_word' id='word_1_340' title='bbox 2757 618 3249 687; x_wconf 85' lang='lat' dir='ltr'><strong>Madianitarum</strong></span> <span class='ocrx_word' id='word_1_341' title='bbox 3288 621 3481 686; x_wconf 90' lang='lat' dir='ltr'><strong>simul</strong></span> <span class='ocrx_word' id='word_1_342' title='bbox 3517 640 3664 687; x_wconf 90' lang='lat' dir='ltr'><strong>cum</strong></span> <span class='ocrx_word' id='word_1_343' title='bbox 3693 623 3816 707; x_wconf 87' lang='lat' dir='ltr'><strong>ipsa</strong></span> <span class='ocrx_word' id='word_1_344' title='bbox 3855 626 3913 708; x_wconf 84' lang='lat' dir='ltr'><strong>(c)</strong></span> 
     </span>
     <span class='ocr_line' id='line_1_50' title="bbox 2424 726 3919 813; baseline 0.004 -24"><span class='ocrx_word' id='word_1_345' title='bbox 2424 726 2753 792; x_wconf 83' lang='lat' dir='ltr'><strong>interfecit.</strong></span> <span class='ocrx_word' id='word_1_346' title='bbox 2811 727 3109 812; x_wconf 75' lang='lat' dir='ltr'><strong>Princeps</strong></span> <span class='ocrx_word' id='word_1_347' title='bbox 3164 728 3450 794; x_wconf 91' lang='lat' dir='ltr'><strong>diabolus</strong></span> <span class='ocrx_word' id='word_1_348' title='bbox 3491 734 3725 813; x_wconf 86' lang='lat' dir='ltr'><strong>septem</strong></span> <span class='ocrx_word' id='word_1_349' title='bbox 3761 732 3919 795; x_wconf 86' lang='lat' dir='ltr'><strong>habet</strong></span> 
     </span>
     <span class='ocr_line' id='line_1_51' title="bbox 2422 833 3922 919; baseline 0.005 -23"><span class='ocrx_word' id='word_1_350' title='bbox 2422 833 2588 897; x_wconf 86' lang='lat' dir='ltr'><strong>filias</strong></span> <span class='ocrx_word' id='word_1_351' title='bbox 2609 883 2626 912; x_wconf 93' lang='lat'><strong>,</strong></span> <span class='ocrx_word' id='word_1_352' title='bbox 2658 839 2898 918; x_wconf 89' lang='lat' dir='ltr'><strong>septem</strong></span> <span class='ocrx_word' id='word_1_353' title='bbox 2941 836 3102 903; x_wconf 85' lang='lat' dir='ltr'><strong>vitia</strong></span> <span class='ocrx_word' id='word_1_354' title='bbox 3147 836 3469 918; x_wconf 90' lang='lat' dir='ltr'><strong>capitalia,</strong></span> <span class='ocrx_word' id='word_1_355' title='bbox 3514 855 3674 919; x_wconf 85' lang='lat' dir='ltr'><strong>quas</strong></span> <span class='ocrx_word' id='word_1_356' title='bbox 3710 839 3922 904; x_wconf 85' lang='lat' dir='ltr'><strong>tradidit</strong></span> 
     </span>
     <span class='ocr_line' id='line_1_52' title="bbox 2422 939 3920 1025; baseline 0.005 -22"><span class='ocrx_word' id='word_1_357' title='bbox 2422 939 2789 1007; x_wconf 89' lang='lat' dir='ltr'><strong>hominibus</strong></span> <span class='ocrx_word' id='word_1_358' title='bbox 2821 962 2838 1005; x_wconf 75' lang='grc' dir='ltr'><strong><em>ε</em></strong></span> <span class='ocrx_word' id='word_1_359' title='bbox 2880 943 3107 1025; x_wconf 85' lang='lat' dir='ltr'><strong>aliquis</strong></span> <span class='ocrx_word' id='word_1_360' title='bbox 3133 942 3326 1008; x_wconf 91' lang='lat' dir='ltr'><strong>habet</strong></span> <span class='ocrx_word' id='word_1_361' title='bbox 3362 963 3597 1023; x_wconf 89' lang='lat' dir='ltr'><strong>unam,</strong></span> <span class='ocrx_word' id='word_1_362' title='bbox 3643 946 3795 1010; x_wconf 87' lang='lat' dir='ltr'><strong>alius</strong></span> <span class='ocrx_word' id='word_1_363' title='bbox 3826 946 3920 1010; x_wconf 79' lang='lat' dir='ltr'><strong>ha-</strong></span> 
     </span>
     <span class='ocr_line' id='line_1_53' title="bbox 2423 1049 3925 1135; baseline 0.004 -23"><span class='ocrx_word' id='word_1_364' title='bbox 2423 1049 2529 1113; x_wconf 88' lang='lat' dir='ltr'><strong>bet</strong></span> <span class='ocrx_word' id='word_1_365' title='bbox 2565 1050 2799 1133; x_wconf 81' lang='lat' dir='ltr'><strong>plures,</strong></span> <span class='ocrx_word' id='word_1_366' title='bbox 2842 1052 3005 1115; x_wconf 89' lang='lat' dir='ltr'><strong>alius</strong></span> <span class='ocrx_word' id='word_1_367' title='bbox 3033 1052 3227 1116; x_wconf 85' lang='lat' dir='ltr'><strong>hahet</strong></span> <span class='ocrx_word' id='word_1_368' title='bbox 3250 1070 3495 1117; x_wconf 76' lang='lat' dir='ltr'><strong>omneS.</strong></span> <span class='ocrx_word' id='word_1_369' title='bbox 3542 1052 3778 1131; x_wconf 85' lang='lat' dir='ltr'><strong>Quanto</strong></span> <span class='ocrx_word' id='word_1_370' title='bbox 3814 1053 3925 1135; x_wconf 90' lang='lat' dir='ltr'><strong>plu·</strong></span> 
     </span>
     <span class='ocr_line' id='line_1_54' title="bbox 2421 1157 3928 1242; baseline 0.003 -22"><span class='ocrx_word' id='word_1_371' title='bbox 2421 1174 2526 1220; x_wconf 85' lang='lat' dir='ltr'><strong>res</strong></span> <span class='ocrx_word' id='word_1_372' title='bbox 2550 1157 2642 1239; x_wconf 80' lang='lat' dir='ltr'><strong>(d)</strong></span> <span class='ocrx_word' id='word_1_373' title='bbox 2668 1162 2882 1222; x_wconf 88' lang='lat' dir='ltr'><strong>autem</strong></span> <span class='ocrx_word' id='word_1_374' title='bbox 2905 1158 3104 1222; x_wconf 90' lang='lat' dir='ltr'><strong>habes</strong></span> <span class='ocrx_word' id='word_1_375' title='bbox 3135 1159 3300 1222; x_wconf 85' lang='lat' dir='ltr'><strong>filias</strong></span> <span class='ocrx_word' id='word_1_376' title='bbox 3341 1159 3595 1238; x_wconf 89' lang='lat' dir='ltr'><strong>diaboli,</strong></span> <span class='ocrx_word' id='word_1_377' title='bbox 3628 1164 3791 1224; x_wconf 83' lang='lat' dir='ltr'><strong>tanto</strong></span> <span class='ocrx_word' id='word_1_378' title='bbox 3808 1160 3928 1242; x_wconf 89' lang='lat' dir='ltr'><strong>plus</strong></span> 
     </span>
     <span class='ocr_line' id='line_1_55' title="bbox 2421 1262 3929 1348; baseline 0.001 -21"><span class='ocrx_word' id='word_1_379' title='bbox 2421 1262 2685 1328; x_wconf 89' lang='lat' dir='ltr'><strong>habebis</strong></span> <span class='ocrx_word' id='word_1_380' title='bbox 2713 1265 2791 1330; x_wconf 91' lang='lat' dir='ltr'><strong>de</strong></span> <span class='ocrx_word' id='word_1_381' title='bbox 2826 1265 3191 1330; x_wconf 72' lang='lat' dir='ltr'><strong>haereditate</strong></span> <span class='ocrx_word' id='word_1_382' title='bbox 3223 1267 3364 1348; x_wconf 87' lang='lat' dir='ltr'><strong>ejus</strong></span> <span class='ocrx_word' id='word_1_383' title='bbox 3384 1314 3401 1346; x_wconf 91' lang='lat'><strong>,</strong></span> <span class='ocrx_word' id='word_1_384' title='bbox 3446 1266 3511 1330; x_wconf 92' lang='lat' dir='ltr'><strong>id</strong></span> <span class='ocrx_word' id='word_1_385' title='bbox 3545 1272 3677 1345; x_wconf 86' lang='lat' dir='ltr'><strong>est,</strong></span> <span class='ocrx_word' id='word_1_386' title='bbox 3711 1267 3782 1331; x_wconf 87' lang='lat' dir='ltr'><strong>de</strong></span> <span class='ocrx_word' id='word_1_387' title='bbox 3803 1268 3929 1347; x_wconf 89' lang='lat' dir='ltr'><strong>igne</strong></span> 
     </span>
     <span class='ocr_line' id='line_1_56' title="bbox 2423 1368 3933 1452; baseline 0.001 -19"><span class='ocrx_word' id='word_1_388' title='bbox 2423 1373 2666 1433; x_wconf 83' lang='lat' dir='ltr'><strong>aeterno</strong></span> <span class='ocrx_word' id='word_1_389' title='bbox 2680 1417 2699 1446; x_wconf 81' lang='lat'>‚</span> <span class='ocrx_word' id='word_1_390' title='bbox 2748 1368 3002 1452; x_wconf 88' lang='lat' dir='ltr'><strong>quando</strong></span> <span class='ocrx_word' id='word_1_391' title='bbox 3047 1387 3194 1433; x_wconf 92' lang='lat' dir='ltr'><strong>cum</strong></span> <span class='ocrx_word' id='word_1_392' title='bbox 3235 1369 3493 1433; x_wconf 85' lang='lat' dir='ltr'><strong>filiabus</strong></span> <span class='ocrx_word' id='word_1_393' title='bbox 3534 1371 3679 1452; x_wconf 88' lang='lat' dir='ltr'><strong>ejus</strong></span> <span class='ocrx_word' id='word_1_394' title='bbox 3718 1371 3933 1434; x_wconf 85' lang='lat' dir='ltr'><strong>veneris</strong></span> 
     </span>
     <span class='ocr_line' id='line_1_57' title="bbox 2422 1475 3929 1554; baseline 0 -15"><span class='ocrx_word' id='word_1_395' title='bbox 2422 1477 2503 1539; x_wconf 90' lang='lat' dir='ltr'><strong>ad</strong></span> <span class='ocrx_word' id='word_1_396' title='bbox 2531 1476 2876 1542; x_wconf 83' lang='lat' dir='ltr'><strong>infernum.</strong></span> <span class='ocrx_word' id='word_1_397' title='bbox 2917 1475 3059 1541; x_wconf 84' lang='lat' dir='ltr'><strong>Istae</strong></span> <span class='ocrx_word' id='word_1_398' title='bbox 3099 1475 3250 1540; x_wconf 79' lang='lat' dir='ltr'><strong>flliae</strong></span> <span class='ocrx_word' id='word_1_399' title='bbox 3297 1476 3538 1541; x_wconf 90' lang='lat' dir='ltr'><strong>habent</strong></span> <span class='ocrx_word' id='word_1_400' title='bbox 3577 1494 3729 1541; x_wconf 87' lang='lat' dir='ltr'><strong>suas</strong></span> <span class='ocrx_word' id='word_1_401' title='bbox 3770 1477 3929 1554; x_wconf 76' lang='lat' dir='ltr'><strong>filias,</strong></span> 
     </span>
     <span class='ocr_line' id='line_1_58' title="bbox 2421 1582 3932 1666; baseline -0.001 -19"><span class='ocrx_word' id='word_1_402' title='bbox 2421 1583 2487 1648; x_wconf 90' lang='lat' dir='ltr'><strong>id</strong></span> <span class='ocrx_word' id='word_1_403' title='bbox 2529 1587 2657 1661; x_wconf 85' lang='lat' dir='ltr'><strong>est,</strong></span> <span class='ocrx_word' id='word_1_404' title='bbox 2712 1583 2867 1649; x_wconf 90' lang='lat' dir='ltr'><strong>vitia</strong></span> <span class='ocrx_word' id='word_1_405' title='bbox 2915 1583 2994 1648; x_wconf 88' lang='lat' dir='ltr'><strong>de</strong></span> <span class='ocrx_word' id='word_1_406' title='bbox 3054 1582 3205 1666; x_wconf 90' lang='lat' dir='ltr'><strong>ipsis</strong></span> <span class='ocrx_word' id='word_1_407' title='bbox 3256 1585 3600 1649; x_wconf 89' lang='lat' dir='ltr'><strong>nascentia.</strong></span> <span class='ocrx_word' id='word_1_408' title='bbox 3642 1583 3752 1650; x_wconf 81' lang='lat' dir='ltr'><strong>Vae</strong></span> <span class='ocrx_word' id='word_1_409' title='bbox 3799 1583 3932 1662; x_wconf 89' lang='lat' dir='ltr'><strong>tibi,</strong></span> 
     </span>
     <span class='ocr_line' id='line_1_59' title="bbox 2422 1690 3935 1775; baseline -0.001 -20"><span class='ocrx_word' id='word_1_410' title='bbox 2422 1692 2473 1754; x_wconf 88' lang='lat' dir='ltr'><strong>si</strong></span> <span class='ocrx_word' id='word_1_411' title='bbox 2503 1695 2772 1756; x_wconf 89' lang='lat' dir='ltr'><strong>matrem</strong></span> <span class='ocrx_word' id='word_1_412' title='bbox 2799 1710 2948 1755; x_wconf 90' lang='lat' dir='ltr'><strong>cum</strong></span> <span class='ocrx_word' id='word_1_413' title='bbox 2977 1690 3115 1756; x_wconf 84' lang='lat' dir='ltr'><strong>fllia</strong></span> <span class='ocrx_word' id='word_1_414' title='bbox 3138 1691 3462 1757; x_wconf 88' lang='lat' dir='ltr'><strong>habueris.</strong></span> <span class='ocrx_word' id='word_1_415' title='bbox 3506 1691 3746 1757; x_wconf 87' lang='lat' dir='ltr'><strong>Nobilis</strong></span> <span class='ocrx_word' id='word_1_416' title='bbox 3780 1691 3935 1775; x_wconf 89' lang='lat' dir='ltr'><strong>prin-</strong></span> 
     </span>
     <span class='ocr_line' id='line_1_60' title="bbox 2423 1798 3939 1882; baseline -0.001 -19"><span class='ocrx_word' id='word_1_417' title='bbox 2423 1799 2577 1882; x_wconf 89' lang='lat' dir='ltr'><strong>cipis</strong></span> <span class='ocrx_word' id='word_1_418' title='bbox 2638 1799 2772 1862; x_wconf 85' lang='lat' dir='ltr'><strong>fllia</strong></span> <span class='ocrx_word' id='word_1_419' title='bbox 2824 1804 2919 1863; x_wconf 88' lang='lat' dir='ltr'><strong>est</strong></span> <span class='ocrx_word' id='word_1_420' title='bbox 2971 1798 3276 1880; x_wconf 86' lang='lat' dir='ltr'><strong>iniquitas</strong></span> <span class='ocrx_word' id='word_1_421' title='bbox 3322 1799 3575 1881; x_wconf 87' lang='lat' dir='ltr'><strong>operis;</strong></span> <span class='ocrx_word' id='word_1_422' title='bbox 3644 1798 3939 1863; x_wconf 87' lang='lat' dir='ltr'><strong>nobilioris</strong></span> 
     </span>
     <span class='ocr_line' id='line_1_61' title="bbox 2422 1904 3937 1988; baseline -0.002 -18"><span class='ocrx_word' id='word_1_423' title='bbox 2422 1909 2638 1970; x_wconf 88' lang='lat' dir='ltr'><strong>autem</strong></span> <span class='ocrx_word' id='word_1_424' title='bbox 2663 1952 2683 1984; x_wconf 89' lang='lat'><strong>,</strong></span> <span class='ocrx_word' id='word_1_425' title='bbox 2740 1905 3026 1988; x_wconf 86' lang='lat' dir='ltr'><strong>nequitia</strong></span> <span class='ocrx_word' id='word_1_426' title='bbox 3066 1904 3590 1983; x_wconf 83' lang='lat' dir='ltr'><strong>consuetudinis3</strong></span> <span class='ocrx_word' id='word_1_427' title='bbox 3650 1904 3937 1970; x_wconf 83' lang='lat' dir='ltr'><strong>nobilissi-</strong></span> 
     </span>
     <span class='ocr_line' id='line_1_62' title="bbox 2426 2013 3942 2096; baseline -0.001 -20"><span class='ocrx_word' id='word_1_428' title='bbox 2426 2013 2514 2076; x_wconf 91' lang='lat' dir='ltr'><strong>mi</strong></span> <span class='ocrx_word' id='word_1_429' title='bbox 2542 2031 2726 2092; x_wconf 85' lang='lat' dir='ltr'><strong>vero‚</strong></span> <span class='ocrx_word' id='word_1_430' title='bbox 2756 2013 3090 2077; x_wconf 86' lang='lat' dir='ltr'><strong>obduratio</strong></span> <span class='ocrx_word' id='word_1_431' title='bbox 3128 2013 3603 2096; x_wconf 78' lang='lat' dir='ltr'><strong>impoenitentiS.</strong></span> <span class='ocrx_word' id='word_1_432' title='bbox 3653 2014 3772 2092; x_wconf 87' lang='lat' dir='ltr'><strong>Qui</strong></span> <span class='ocrx_word' id='word_1_433' title='bbox 3799 2014 3942 2077; x_wconf 84' lang='lat' dir='ltr'><strong>hanc</strong></span> 
     </span>
     <span class='ocr_line' id='line_1_63' title="bbox 2424 2118 3945 2199; baseline 0.001 -17"><span class='ocrx_word' id='word_1_434' title='bbox 2424 2118 2746 2198; x_wconf 86' lang='lat' dir='ltr'><strong>habuerit,</strong></span> <span class='ocrx_word' id='word_1_435' title='bbox 2783 2118 2999 2199; x_wconf 92' lang='lat' dir='ltr'><strong>gladio</strong></span> <span class='ocrx_word' id='word_1_436' title='bbox 3032 2118 3259 2183; x_wconf 86' lang='lat' dir='ltr'><strong>Finees</strong></span> <span class='ocrx_word' id='word_1_437' title='bbox 3284 2119 3388 2199; x_wconf 83' lang='lat' dir='ltr'><strong>(b),</strong></span> <span class='ocrx_word' id='word_1_438' title='bbox 3422 2119 3484 2184; x_wconf 93' lang='lat' dir='ltr'><strong>id</strong></span> <span class='ocrx_word' id='word_1_439' title='bbox 3511 2124 3628 2199; x_wconf 90' lang='lat' dir='ltr'><strong>est,</strong></span> <span class='ocrx_word' id='word_1_440' title='bbox 3660 2118 3945 2185; x_wconf 84' lang='lat' dir='ltr'><strong>sententia</strong></span> 
     </span>
     <span class='ocr_line' id='line_1_64' title="bbox 2424 2225 3943 2308; baseline -0.002 -16"><span class='ocrx_word' id='word_1_441' title='bbox 2424 2226 2651 2292; x_wconf 86' lang='lat' dir='ltr'><strong>Christi</strong></span> <span class='ocrx_word' id='word_1_442' title='bbox 2677 2225 3081 2290; x_wconf 88' lang='lat' dir='ltr'><strong>damnabitur</strong></span> <span class='ocrx_word' id='word_1_443' title='bbox 3112 2226 3158 2262; x_wconf 87' lang='lat'><strong>¹⁰</strong></span> <span class='ocrx_word' id='word_1_444' title='bbox 3190 2244 3207 2289; x_wconf 76' lang='grc' dir='ltr'><strong><em>ε</em></strong></span> <span class='ocrx_word' id='word_1_445' title='bbox 3243 2248 3275 2286; x_wconf 86' lang='lat'>«</span> <span class='ocrx_word' id='word_1_446' title='bbox 3314 2225 3381 2290; x_wconf 91' lang='lat' dir='ltr'><strong>Si</strong></span> <span class='ocrx_word' id='word_1_447' title='bbox 3421 2244 3692 2308; x_wconf 84' lang='lat' dir='ltr'><strong>acuero,</strong></span> <span class='ocrx_word' id='word_1_448' title='bbox 3725 2230 3799 2292; x_wconf 88' lang='lat' dir='ltr'><strong>ut</strong></span> <span class='ocrx_word' id='word_1_449' title='bbox 3838 2225 3943 2289; x_wconf 84' lang='lat' dir='ltr'><strong>ful-</strong></span> 
     </span>
     <span class='ocr_line' id='line_1_65' title="bbox 2425 2333 3946 2418; baseline -0.001 -19"><span class='ocrx_word' id='word_1_450' title='bbox 2425 2353 2576 2416; x_wconf 79' lang='lat' dir='ltr'><strong>gur,</strong></span> <span class='ocrx_word' id='word_1_451' title='bbox 2620 2333 2911 2414; x_wconf 88' lang='lat' dir='ltr'><strong>gladium</strong></span> <span class='ocrx_word' id='word_1_452' title='bbox 2971 2351 3186 2397; x_wconf 90' lang='lat' dir='ltr'><strong>meum</strong></span> <span class='ocrx_word' id='word_1_453' title='bbox 3208 2380 3228 2412; x_wconf 94' lang='lat'><strong>,</strong></span> <span class='ocrx_word' id='word_1_454' title='bbox 3284 2337 3347 2396; x_wconf 89' lang='lat' dir='ltr'><strong>et</strong></span> <span class='ocrx_word' id='word_1_455' title='bbox 3399 2334 3745 2417; x_wconf 87' lang='lat' dir='ltr'><strong>arripuerit</strong></span> <span class='ocrx_word' id='word_1_456' title='bbox 3792 2333 3946 2418; x_wconf 83' lang='lat' dir='ltr'><strong>judi-</strong></span> 
     </span>
     <span class='ocr_line' id='line_1_66' title="bbox 2423 2438 3947 2514; baseline 0.001 -9"><span class='ocrx_word' id='word_1_457' title='bbox 2423 2441 2593 2506; x_wconf 88' lang='lat' dir='ltr'><strong>cium</strong></span> <span class='ocrx_word' id='word_1_458' title='bbox 2639 2458 2870 2504; x_wconf 88' lang='lat' dir='ltr'><strong>manus</strong></span> <span class='ocrx_word' id='word_1_459' title='bbox 2915 2456 3059 2503; x_wconf 88' lang='lat' dir='ltr'><strong>mea</strong></span> <span class='ocrx_word' id='word_1_460' title='bbox 3080 2487 3096 2514; x_wconf 82' lang='lat'><strong>‚</strong></span> <span class='ocrx_word' id='word_1_461' title='bbox 3128 2438 3387 2505; x_wconf 90' lang='lat' dir='ltr'><strong>reddam</strong></span> <span class='ocrx_word' id='word_1_462' title='bbox 3422 2439 3737 2507; x_wconf 92' lang='lat' dir='ltr'><strong>ultionem</strong></span> <span class='ocrx_word' id='word_1_463' title='bbox 3774 2441 3947 2506; x_wconf 81' lang='lat' dir='ltr'><strong>hosti·</strong></span> 
     </span>
     <span class='ocr_line' id='line_1_67' title="bbox 2422 2545 3950 2626; baseline 0.003 -17"><span class='ocrx_word' id='word_1_464' title='bbox 2422 2547 2544 2611; x_wconf 90' lang='lat' dir='ltr'><strong>hus</strong></span> <span class='ocrx_word' id='word_1_465' title='bbox 2584 2545 2776 2622; x_wconf 79' lang='lat' dir='ltr'><strong>meiS,</strong></span> <span class='ocrx_word' id='word_1_466' title='bbox 2805 2567 2835 2604; x_wconf 69' lang='lat' dir='ltr'>n</span> <span class='ocrx_word' id='word_1_467' title='bbox 2871 2549 2991 2610; x_wconf 87' lang='lat' dir='ltr'><strong>etc.</strong></span> <span class='ocrx_word' id='word_1_468' title='bbox 3036 2546 3443 2626; x_wconf 83' lang='lat' dir='ltr'><strong>Augustinus</strong></span> <span class='ocrx_word' id='word_1_469' title='bbox 3480 2547 3523 2583; x_wconf 85' lang='lat'><strong>¹¹</strong></span> <span class='ocrx_word' id='word_1_470' title='bbox 3562 2570 3578 2611; x_wconf 73' lang='grc' dir='ltr'><strong><em>ε</em></strong></span> <span class='ocrx_word' id='word_1_471' title='bbox 3617 2571 3650 2609; x_wconf 71' lang='lat' dir='ltr'><strong>e</strong></span> <span class='ocrx_word' id='word_1_472' title='bbox 3675 2546 3950 2613; x_wconf 79' lang='lat' dir='ltr'><strong>Nolentes</strong></span> 
     </span>
     <span class='ocr_line' id='line_1_68' title="bbox 2424 2654 3949 2739; baseline 0.001 -21"><span class='ocrx_word' id='word_1_473' title='bbox 2424 2654 2683 2736; x_wconf 87' lang='lat' dir='ltr'><strong>corrigi,</strong></span> <span class='ocrx_word' id='word_1_474' title='bbox 2717 2655 2772 2718; x_wconf 88' lang='lat' dir='ltr'><strong>si</strong></span> <span class='ocrx_word' id='word_1_475' title='bbox 2799 2655 3218 2737; x_wconf 85' lang='lat' dir='ltr'><strong>peccaverint,</strong></span> <span class='ocrx_word' id='word_1_476' title='bbox 3249 2655 3409 2719; x_wconf 89' lang='lat' dir='ltr'><strong>nihil</strong></span> <span class='ocrx_word' id='word_1_477' title='bbox 3437 2656 3609 2722; x_wconf 82' lang='lat' dir='ltr'><strong>aliud</strong></span> <span class='ocrx_word' id='word_1_478' title='bbox 3637 2657 3949 2739; x_wconf 87' lang='lat' dir='ltr'><strong>elegerunt</strong></span> 
     </span>
     <span class='ocr_line' id='line_1_69' title="bbox 2425 2761 3407 2827; baseline -0.002 -3"><span class='ocrx_word' id='word_1_479' title='bbox 2425 2761 2546 2825; x_wconf 88' lang='lat' dir='ltr'><strong>nisi</strong></span> <span class='ocrx_word' id='word_1_480' title='bbox 2575 2780 2722 2825; x_wconf 91' lang='lat' dir='ltr'><strong>cum</strong></span> <span class='ocrx_word' id='word_1_481' title='bbox 2755 2761 2997 2826; x_wconf 90' lang='lat' dir='ltr'><strong>mundo</strong></span> <span class='ocrx_word' id='word_1_482' title='bbox 3026 2761 3341 2827; x_wconf 86' lang='lat' dir='ltr'><strong>damnari.</strong></span> <span class='ocrx_word' id='word_1_483' title='bbox 3376 2785 3407 2822; x_wconf 85' lang='lat'>»</span> 
     </span>
    </p>
   </div>
   <div class='ocr_carea' id='block_1_7' title="bbox 2424 2938 3955 3381">
    <p class='ocr_par' dir='ltr' id='par_1_9' title="bbox 2424 2938 3955 3381">
     <span class='ocr_line' id='line_1_70' title="bbox 2950 2938 3453 3009; baseline 0.002 -1"><span class='ocrx_word' id='word_1_484' title='bbox 2950 2938 3240 3009; x_wconf 85' lang='lat' dir='ltr'><strong>SERMO</strong></span> <span class='ocrx_word' id='word_1_485' title='bbox 3291 2941 3353 3009; x_wconf 90' lang='lat' dir='ltr'><strong>II</strong></span> <span class='ocrx_word' id='word_1_486' title='bbox 3384 2950 3453 3009; x_wconf 80' lang='lat'><strong>¹².</strong></span> 
     </span>
     <span class='ocr_line' id='line_1_71' title="bbox 2508 3080 3952 3164; baseline 0.004 -19"><span class='ocrx_word' id='word_1_487' title='bbox 2508 3080 2699 3147; x_wconf 83' lang='lat' dir='ltr'><strong>Porro</strong></span> <span class='ocrx_word' id='word_1_488' title='bbox 2743 3082 2806 3147; x_wconf 81' lang='lat' dir='ltr'><strong>si</strong></span> <span class='ocrx_word' id='word_1_489' title='bbox 2849 3081 2925 3146; x_wconf 78' lang='lat' dir='ltr'><strong>in</strong></span> <span class='ocrx_word' id='word_1_490' title='bbox 2973 3080 3180 3164; x_wconf 63' lang='lat' dir='ltr'><strong>digito</strong></span> <span class='ocrx_word' id='word_1_491' title='bbox 3227 3082 3339 3149; x_wconf 75' lang='lat' dir='ltr'><strong>Dei</strong></span> <span class='ocrx_word' id='word_1_492' title='bbox 3390 3082 3581 3164; x_wconf 71' lang='lat' dir='ltr'><strong>ejicio</strong></span> <span class='ocrx_word' id='word_1_493' title='bbox 3621 3082 3952 3164; x_wconf 66' lang='lat' dir='ltr'><strong>monia,</strong></span> 
     </span>
     <span class='ocr_line' id='line_1_72' title="bbox 2424 3189 3955 3274; baseline 0.001 -20"><span class='ocrx_word' id='word_1_494' title='bbox 2424 3189 2702 3269; x_wconf 71' lang='lat' dir='ltr'><strong>profecto</strong></span> <span class='ocrx_word' id='word_1_495' title='bbox 2752 3190 2926 3256; x_wconf 81' lang='lat' dir='ltr'><strong>venit</strong></span> <span class='ocrx_word' id='word_1_496' title='bbox 2964 3192 3038 3257; x_wconf 81' lang='lat' dir='ltr'><strong>in</strong></span> <span class='ocrx_word' id='word_1_497' title='bbox 3092 3204 3198 3256; x_wconf 81' lang='lat' dir='ltr'><strong>vos</strong></span> <span class='ocrx_word' id='word_1_498' title='bbox 3248 3206 3514 3274; x_wconf 71' lang='lat' dir='ltr'><strong>requam</strong></span> <span class='ocrx_word' id='word_1_499' title='bbox 3552 3193 3671 3257; x_wconf 77' lang='lat' dir='ltr'><strong>Dei</strong></span> <span class='ocrx_word' id='word_1_500' title='bbox 3697 3193 3769 3256; x_wconf 80' lang='lat'><strong>¹⁸.</strong></span> <span class='ocrx_word' id='word_1_501' title='bbox 3808 3190 3955 3269; x_wconf 80' lang='lat' dir='ltr'><strong>Quia</strong></span> 
     </span>
     <span class='ocr_line' id='line_1_73' title="bbox 2425 3295 3953 3381; baseline 0.003 -22"><span class='ocrx_word' id='word_1_502' title='bbox 2425 3295 2679 3360; x_wconf 84' lang='lat' dir='ltr'><strong>virtutis</strong></span> <span class='ocrx_word' id='word_1_503' title='bbox 2717 3301 2811 3360; x_wconf 87' lang='lat' dir='ltr'><strong>est</strong></span> <span class='ocrx_word' id='word_1_504' title='bbox 2850 3297 3221 3361; x_wconf 88' lang='lat' dir='ltr'><strong>naturaliter</strong></span> <span class='ocrx_word' id='word_1_505' title='bbox 3266 3298 3333 3362; x_wconf 91' lang='lat' dir='ltr'><strong>in</strong></span> <span class='ocrx_word' id='word_1_506' title='bbox 3373 3298 3619 3363; x_wconf 87' lang='lat' dir='ltr'><strong>bonum</strong></span> <span class='ocrx_word' id='word_1_507' title='bbox 3660 3300 3953 3381; x_wconf 87' lang='lat' dir='ltr'><strong>dirigere,</strong></span> 
     </span>
    </p>
   </div>
   <div class='ocr_carea' id='block_1_8' title="bbox 2421 3400 3959 3594">
    <p class='ocr_par' dir='ltr' id='par_1_10' title="bbox 2421 3400 3959 3594">
     <span class='ocr_line' id='line_1_74' title="bbox 2424 3400 3956 3486; baseline 0.003 -22"><span class='ocrx_word' id='word_1_508' title='bbox 2424 3400 2565 3466; x_wconf 89' lang='lat' dir='ltr'><strong>ideo</strong></span> <span class='ocrx_word' id='word_1_509' title='bbox 2602 3402 2910 3467; x_wconf 87' lang='lat' dir='ltr'><strong>Dominus</strong></span> <span class='ocrx_word' id='word_1_510' title='bbox 2940 3406 3155 3468; x_wconf 87' lang='lat' dir='ltr'><strong>noster</strong></span> <span class='ocrx_word' id='word_1_511' title='bbox 3191 3402 3374 3469; x_wconf 82' lang='lat' dir='ltr'><strong>Jesus</strong></span> <span class='ocrx_word' id='word_1_512' title='bbox 3406 3404 3717 3486; x_wconf 85' lang='lat' dir='ltr'><strong>Christus,</strong></span> <span class='ocrx_word' id='word_1_513' title='bbox 3747 3406 3956 3469; x_wconf 82' lang='lat' dir='ltr'><strong>videns</strong></span> 
     </span>
     <span class='ocr_line' id='line_1_75' title="bbox 2421 3510 3959 3594; baseline 0.001 -20"><span class='ocrx_word' id='word_1_514' title='bbox 2421 3510 2605 3574; x_wconf 92' lang='lat' dir='ltr'><strong>oculo</strong></span> <span class='ocrx_word' id='word_1_515' title='bbox 2634 3528 2770 3575; x_wconf 84' lang='lat' dir='ltr'><strong>suae</strong></span> <span class='ocrx_word' id='word_1_516' title='bbox 2795 3510 3126 3593; x_wconf 85' lang='lat' dir='ltr'><strong>sapientiae</strong></span> <span class='ocrx_word' id='word_1_517' title='bbox 3157 3512 3525 3576; x_wconf 84' lang='lat' dir='ltr'><strong>temerarias</strong></span> <span class='ocrx_word' id='word_1_518' title='bbox 3551 3513 3959 3594; x_wconf 81' lang='lat' dir='ltr'><strong>cogitationes</strong></span> 
     </span>
    </p>
   </div>
   <div class='ocr_carea' id='block_1_9' title="bbox 2417 3619 3973 5093">
    <p class='ocr_par' dir='ltr' id='par_1_11' title="bbox 2417 3619 3973 5093">
     <span class='ocr_line' id='line_1_76' title="bbox 2420 3619 3959 3704; baseline 0.002 -20"><span class='ocrx_word' id='word_1_519' title='bbox 2420 3619 2788 3686; x_wconf 70' lang='lat' dir='ltr'><strong>ludaeorum</strong></span> <span class='ocrx_word' id='word_1_520' title='bbox 2831 3622 3178 3686; x_wconf 87' lang='lat' dir='ltr'><strong>dicentium</strong></span> <span class='ocrx_word' id='word_1_521' title='bbox 3236 3623 3446 3704; x_wconf 90' lang='lat' dir='ltr'><strong>ipsum</strong></span> <span class='ocrx_word' id='word_1_522' title='bbox 3492 3622 3560 3686; x_wconf 92' lang='lat' dir='ltr'><strong>in</strong></span> <span class='ocrx_word' id='word_1_523' title='bbox 3614 3622 3959 3688; x_wconf 83' lang='lat' dir='ltr'><strong>Beelzebub</strong></span> 
     </span>
     <span class='ocr_line' id='line_1_77' title="bbox 2422 3728 3961 3813; baseline 0.003 -22"><span class='ocrx_word' id='word_1_524' title='bbox 2422 3729 2649 3810; x_wconf 89' lang='lat' dir='ltr'><strong>ejicere</strong></span> <span class='ocrx_word' id='word_1_525' title='bbox 2675 3728 3014 3806; x_wconf 81' lang='lat' dir='ltr'><strong>daemonia,</strong></span> <span class='ocrx_word' id='word_1_526' title='bbox 3041 3730 3343 3811; x_wconf 84' lang='lat' dir='ltr'><strong>respectis</strong></span> <span class='ocrx_word' id='word_1_527' title='bbox 3367 3747 3590 3794; x_wconf 91' lang='lat' dir='ltr'><strong>eorum</strong></span> <span class='ocrx_word' id='word_1_528' title='bbox 3632 3731 3961 3813; x_wconf 88' lang='lat' dir='ltr'><strong>cogitatio-</strong></span> 
     </span>
     <span class='ocr_line' id='line_1_78' title="bbox 2421 3835 3962 3915; baseline 0.001 -16"><span class='ocrx_word' id='word_1_529' title='bbox 2421 3836 2633 3915; x_wconf 81' lang='lat' dir='ltr'><strong>nibus,</strong></span> <span class='ocrx_word' id='word_1_530' title='bbox 2662 3841 2726 3901; x_wconf 88' lang='lat' dir='ltr'><strong>et</strong></span> <span class='ocrx_word' id='word_1_531' title='bbox 2749 3836 3033 3901; x_wconf 88' lang='lat' dir='ltr'><strong>refutatis</strong></span> <span class='ocrx_word' id='word_1_532' title='bbox 3055 3835 3388 3900; x_wconf 83' lang='lat' dir='ltr'><strong>efficaciter</strong></span> <span class='ocrx_word' id='word_1_533' title='bbox 3416 3835 3962 3902; x_wconf 87' lang='lat' dir='ltr'><strong>indissolubilibus</strong></span> 
     </span>
     <span class='ocr_line' id='line_1_79' title="bbox 2420 3943 3965 4026; baseline -0.001 -19"><span class='ocrx_word' id='word_1_534' title='bbox 2420 3944 2772 4010; x_wconf 88' lang='lat' dir='ltr'><strong>rationibus</strong></span> <span class='ocrx_word' id='word_1_535' title='bbox 2793 3994 2811 4025; x_wconf 86' lang='lat'><strong>,</strong></span> <span class='ocrx_word' id='word_1_536' title='bbox 2869 3945 2949 4009; x_wconf 91' lang='lat' dir='ltr'><strong>ad</strong></span> <span class='ocrx_word' id='word_1_537' title='bbox 3002 3943 3409 4026; x_wconf 88' lang='lat' dir='ltr'><strong>dirigendum</strong></span> <span class='ocrx_word' id='word_1_538' title='bbox 3462 3962 3595 4024; x_wconf 89' lang='lat' dir='ltr'><strong>eos,</strong></span> <span class='ocrx_word' id='word_1_539' title='bbox 3652 3944 3965 4010; x_wconf 87' lang='lat' dir='ltr'><strong>concludit</strong></span> 
     </span>
     <span class='ocr_line' id='line_1_80' title="bbox 2421 4051 3958 4134; baseline 0 -19"><span class='ocrx_word' id='word_1_540' title='bbox 2421 4069 2538 4134; x_wconf 91' lang='lat' dir='ltr'><strong>pro</strong></span> <span class='ocrx_word' id='word_1_541' title='bbox 2589 4051 2856 4116; x_wconf 87' lang='lat' dir='ltr'><strong>veritate</strong></span> <span class='ocrx_word' id='word_1_542' title='bbox 2904 4051 3302 4133; x_wconf 87' lang='lat' dir='ltr'><strong>propositum</strong></span> <span class='ocrx_word' id='word_1_543' title='bbox 3365 4053 3638 4117; x_wconf 81' lang='lat' dir='ltr'><strong>verbum</strong></span> <span class='ocrx_word' id='word_1_544' title='bbox 3707 4053 3958 4117; x_wconf 86' lang='lat' dir='ltr'><strong>dicens:</strong></span> 
     </span>
     <span class='ocr_line' id='line_1_81' title="bbox 2421 4154 3963 4243; baseline 0.001 -23"><span class='ocrx_word' id='word_1_545' title='bbox 2421 4156 2613 4223; x_wconf 81' lang='lat' dir='ltr'><strong>Porro</strong></span> <span class='ocrx_word' id='word_1_546' title='bbox 2654 4158 2717 4222; x_wconf 64' lang='grc' dir='ltr'><strong>ω’</strong></span> <span class='ocrx_word' id='word_1_547' title='bbox 2751 4158 2827 4222; x_wconf 78' lang='lat' dir='ltr'><strong>in</strong></span> <span class='ocrx_word' id='word_1_548' title='bbox 2866 4154 3074 4240; x_wconf 60' lang='lat' dir='ltr'><strong>dioilo</strong></span> <span class='ocrx_word' id='word_1_549' title='bbox 3106 4157 3240 4237; x_wconf 79' lang='lat' dir='ltr'><strong>Dei,</strong></span> <span class='ocrx_word' id='word_1_550' title='bbox 3276 4163 3395 4223; x_wconf 89' lang='lat' dir='ltr'><strong>etc.</strong></span> <span class='ocrx_word' id='word_1_551' title='bbox 3440 4158 3514 4223; x_wconf 94' lang='lat' dir='ltr'><strong>In</strong></span> <span class='ocrx_word' id='word_1_552' title='bbox 3547 4177 3680 4242; x_wconf 84' lang='lat' dir='ltr'><strong>quo</strong></span> <span class='ocrx_word' id='word_1_553' title='bbox 3713 4158 3963 4243; x_wconf 85' lang='lat' dir='ltr'><strong>quidem</strong></span> 
     </span>
     <span class='ocr_line' id='line_1_82' title="bbox 2420 4263 3965 4348; baseline 0.003 -23"><span class='ocrx_word' id='word_1_554' title='bbox 2420 4264 2616 4327; x_wconf 87' lang='lat' dir='ltr'><strong>verbo</strong></span> <span class='ocrx_word' id='word_1_555' title='bbox 2673 4263 2803 4327; x_wconf 89' lang='lat' dir='ltr'><strong>tria</strong></span> <span class='ocrx_word' id='word_1_556' title='bbox 2855 4267 3157 4330; x_wconf 87' lang='lat' dir='ltr'><strong>notantur</strong></span> <span class='ocrx_word' id='word_1_557' title='bbox 3176 4311 3195 4342; x_wconf 89' lang='lat'>‚</span> <span class='ocrx_word' id='word_1_558' title='bbox 3251 4263 3543 4329; x_wconf 83' lang='lat' dir='ltr'><strong>videlicet</strong></span> <span class='ocrx_word' id='word_1_559' title='bbox 3592 4266 3965 4348; x_wconf 84' lang='lat' dir='ltr'><strong>malignitas</strong></span> 
     </span>
     <span class='ocr_line' id='line_1_83' title="bbox 2419 4369 3965 4456; baseline 0.003 -23"><span class='ocrx_word' id='word_1_560' title='bbox 2419 4369 2740 4435; x_wconf 83' lang='lat' dir='ltr'><strong>diabolicae</strong></span> <span class='ocrx_word' id='word_1_561' title='bbox 2784 4371 3116 4454; x_wconf 65' lang='lat' dir='ltr'><strong>nequitiae,</strong></span> <span class='ocrx_word' id='word_1_562' title='bbox 3146 4372 3542 4438; x_wconf 87' lang='lat' dir='ltr'><strong>immensitas</strong></span> <span class='ocrx_word' id='word_1_563' title='bbox 3579 4373 3828 4437; x_wconf 83' lang='lat' dir='ltr'><strong>divinae</strong></span> <span class='ocrx_word' id='word_1_564' title='bbox 3863 4389 3965 4456; x_wconf 89' lang='lat' dir='ltr'><strong>po-</strong></span> 
     </span>
     <span class='ocr_line' id='line_1_84' title="bbox 2419 4476 3824 4552; baseline 0.004 -12"><span class='ocrx_word' id='word_1_565' title='bbox 2419 4477 2656 4552; x_wconf 75' lang='lat' dir='ltr'><strong>tentiae,</strong></span> <span class='ocrx_word' id='word_1_566' title='bbox 2690 4476 2929 4541; x_wconf 84' lang='lat' dir='ltr'><strong>utilitas</strong></span> <span class='ocrx_word' id='word_1_567' title='bbox 2955 4481 3309 4542; x_wconf 65' lang='lat' dir='ltr'><strong>consecutae</strong></span> <span class='ocrx_word' id='word_1_568' title='bbox 3338 4478 3824 4545; x_wconf 59' lang='lat' dir='ltr'><strong>misericordiae.</strong></span> 
     </span>
     <span class='ocr_line' id='line_1_85' title="bbox 2500 4581 3967 4664; baseline 0.003 -17"><span class='ocrx_word' id='word_1_569' title='bbox 2500 4581 2717 4647; x_wconf 91' lang='lat' dir='ltr'><strong>Primo</strong></span> <span class='ocrx_word' id='word_1_570' title='bbox 2766 4586 3025 4647; x_wconf 87' lang='lat' dir='ltr'><strong>notatur</strong></span> <span class='ocrx_word' id='word_1_571' title='bbox 3071 4581 3438 4664; x_wconf 87' lang='lat' dir='ltr'><strong>malignitas</strong></span> <span class='ocrx_word' id='word_1_572' title='bbox 3487 4584 3824 4651; x_wconf 62' lang='lat' dir='ltr'><strong>diabolicae</strong></span> <span class='ocrx_word' id='word_1_573' title='bbox 3868 4604 3967 4651; x_wconf 90' lang='lat' dir='ltr'><strong>ne·</strong></span> 
     </span>
     <span class='ocr_line' id='line_1_86' title="bbox 2418 4689 3968 4771; baseline 0.004 -18"><span class='ocrx_word' id='word_1_574' title='bbox 2418 4689 2661 4771; x_wconf 68' lang='lat' dir='ltr'><strong>quitiae,</strong></span> <span class='ocrx_word' id='word_1_575' title='bbox 2701 4709 2849 4755; x_wconf 89' lang='lat' dir='ltr'><strong>cum</strong></span> <span class='ocrx_word' id='word_1_576' title='bbox 2881 4691 3030 4755; x_wconf 88' lang='lat' dir='ltr'><strong>dicit</strong></span> <span class='ocrx_word' id='word_1_577' title='bbox 3062 4712 3078 4754; x_wconf 73' lang='grc' dir='ltr'><strong>ι</strong></span> <span class='ocrx_word' id='word_1_578' title='bbox 3121 4691 3321 4758; x_wconf 85' lang='lat' dir='ltr'><strong>Porro</strong></span> <span class='ocrx_word' id='word_1_579' title='bbox 3368 4694 3454 4760; x_wconf 75' lang='lat' dir='ltr'><strong>si.</strong></span> <span class='ocrx_word' id='word_1_580' title='bbox 3504 4692 3810 4760; x_wconf 85' lang='lat' dir='ltr'><strong>Secundo</strong></span> <span class='ocrx_word' id='word_1_581' title='bbox 3849 4696 3968 4759; x_wconf 91' lang='lat' dir='ltr'><strong>im·</strong></span> 
     </span>
     <span class='ocr_line' id='line_1_87' title="bbox 2417 4797 3973 4881; baseline 0.006 -21"><span class='ocrx_word' id='word_1_582' title='bbox 2417 4798 2722 4861; x_wconf 87' lang='lat' dir='ltr'><strong>mensitas</strong></span> <span class='ocrx_word' id='word_1_583' title='bbox 2769 4797 3004 4862; x_wconf 83' lang='lat' dir='ltr'><strong>divinae</strong></span> <span class='ocrx_word' id='word_1_584' title='bbox 3045 4799 3340 4881; x_wconf 82' lang='lat' dir='ltr'><strong>potentiae</strong></span> <span class='ocrx_word' id='word_1_585' title='bbox 3359 4845 3377 4876; x_wconf 87' lang='lat'>‚</span> <span class='ocrx_word' id='word_1_586' title='bbox 3407 4818 3556 4864; x_wconf 89' lang='lat' dir='ltr'><strong>cnm</strong></span> <span class='ocrx_word' id='word_1_587' title='bbox 3596 4802 3869 4869; x_wconf 85' lang='lat' dir='ltr'><strong>subdit:</strong></span> <span class='ocrx_word' id='word_1_588' title='bbox 3898 4803 3973 4868; x_wconf 78' lang='lat' dir='ltr'><strong>ln</strong></span> 
     </span>
     <span class='ocr_line' id='line_1_88' title="bbox 2418 4901 3971 4986; baseline 0.005 -17"><span class='ocrx_word' id='word_1_589' title='bbox 2418 4901 2626 4986; x_wconf 76' lang='lat' dir='ltr'><strong>diqito</strong></span> <span class='ocrx_word' id='word_1_590' title='bbox 2680 4904 2796 4973; x_wconf 83' lang='lat' dir='ltr'><strong>Dei</strong></span> <span class='ocrx_word' id='word_1_591' title='bbox 2848 4905 3037 4986; x_wconf 72' lang='lat' dir='ltr'><strong>ejicio</strong></span> <span class='ocrx_word' id='word_1_592' title='bbox 3078 4904 3420 4972; x_wconf 77' lang='lat' dir='ltr'><strong>doemonia.</strong></span> <span class='ocrx_word' id='word_1_593' title='bbox 3463 4906 3681 4974; x_wconf 87' lang='lat' dir='ltr'><strong>Tertio</strong></span> <span class='ocrx_word' id='word_1_594' title='bbox 3727 4911 3971 4976; x_wconf 85' lang='lat' dir='ltr'><strong>utilitas</strong></span> 
     </span>
     <span class='ocr_line' id='line_1_89' title="bbox 2418 5012 3966 5093; baseline 0.004 -18"><span class='ocrx_word' id='word_1_595' title='bbox 2418 5015 2769 5077; x_wconf 85' lang='lat' dir='ltr'><strong>consecutae</strong></span> <span class='ocrx_word' id='word_1_596' title='bbox 2824 5012 3270 5080; x_wconf 61' lang='lat' dir='ltr'><strong>misericordiae</strong></span> <span class='ocrx_word' id='word_1_597' title='bbox 3295 5062 3318 5093; x_wconf 93' lang='lat'><strong>,</strong></span> <span class='ocrx_word' id='word_1_598' title='bbox 3378 5032 3530 5079; x_wconf 91' lang='lat' dir='ltr'><strong>cum</strong></span> <span class='ocrx_word' id='word_1_599' title='bbox 3584 5017 3912 5084; x_wconf 80' lang='lat' dir='ltr'><strong>subinfert</strong></span> <span class='ocrx_word' id='word_1_600' title='bbox 3951 5041 3966 5081; x_wconf 74' lang='grc' dir='ltr'>ε</span> 
     </span>
    </p>
   </div>
   <div class='ocr_carea' id='block_1_10' title="bbox 2429 5119 3317 5203">
    <p class='ocr_par' dir='ltr' id='par_1_12' title="bbox 2429 5119 3317 5203">
     <span class='ocr_line' id='line_1_90' title="bbox 2429 5119 3317 5203; baseline -0.001 -18"><span class='ocrx_word' id='word_1_601' title='bbox 2429 5119 2620 5186; x_wconf 76' lang='lat' dir='ltr'><strong>Venit</strong></span> <span class='ocrx_word' id='word_1_602' title='bbox 2645 5120 2721 5186; x_wconf 82' lang='lat' dir='ltr'><strong>in</strong></span> <span class='ocrx_word' id='word_1_603' title='bbox 2747 5133 2858 5187; x_wconf 79' lang='lat' dir='ltr'><strong>vos</strong></span> <span class='ocrx_word' id='word_1_604' title='bbox 2884 5136 3150 5203; x_wconf 67' lang='lat' dir='ltr'><strong>reanum</strong></span> <span class='ocrx_word' id='word_1_605' title='bbox 3176 5120 3317 5186; x_wconf 83' lang='lat' dir='ltr'><strong>Dei.</strong></span> 
     </span>
    </p>
   </div>
   <div class='ocr_carea' id='block_1_11' title="bbox 2417 5236 3974 5374">
    <p class='ocr_par' dir='ltr' id='par_1_13' title="bbox 2417 5236 3974 5374">
     <span class='ocr_line' id='line_1_91' title="bbox 2417 5236 3974 5302; baseline 0.005 -18"><span class='ocrx_word' id='word_1_606' title='bbox 2417 5261 2481 5273; x_wconf 93' lang='lat'><strong>—</strong></span> <span class='ocrx_word' id='word_1_607' title='bbox 2519 5236 2563 5273; x_wconf 87' lang='lat'><strong>¹⁰</strong></span> <span class='ocrx_word' id='word_1_608' title='bbox 2588 5236 2815 5297; x_wconf 71' lang='lat' dir='ltr'><strong>Denter„</strong></span> <span class='ocrx_word' id='word_1_609' title='bbox 2852 5248 3031 5301; x_wconf 80' lang='lat' dir='ltr'><strong>xxm,</strong></span> <span class='ocrx_word' id='word_1_610' title='bbox 3058 5239 3136 5287; x_wconf 80' lang='lat'><strong>41.</strong></span> <span class='ocrx_word' id='word_1_611' title='bbox 3171 5261 3233 5273; x_wconf 94' lang='lat'>—</span> <span class='ocrx_word' id='word_1_612' title='bbox 3278 5237 3316 5271; x_wconf 79' lang='lat'><strong>¹¹</strong></span> <span class='ocrx_word' id='word_1_613' title='bbox 3346 5237 3475 5302; x_wconf 77' lang='lat' dir='ltr'><strong>Aug.</strong></span> <span class='ocrx_word' id='word_1_614' title='bbox 3504 5264 3563 5276; x_wconf 89' lang='lat'><strong>-—</strong></span> <span class='ocrx_word' id='word_1_615' title='bbox 3606 5240 3642 5275; x_wconf 76' lang='lat'><strong>&#39;¹</strong></span> <span class='ocrx_word' id='word_1_616' title='bbox 3683 5242 3843 5292; x_wconf 82' lang='lat' dir='ltr'><strong>Hunc</strong></span> <span class='ocrx_word' id='word_1_617' title='bbox 3871 5255 3974 5294; x_wconf 89' lang='lat' dir='ltr'><strong>non</strong></span> 
     </span>
     <span class='ocr_line' id='line_1_92' title="bbox 2418 5306 3745 5374; baseline 0.005 -18"><span class='ocrx_word' id='word_1_618' title='bbox 2418 5306 2575 5358; x_wconf 86' lang='lat' dir='ltr'><strong>habet</strong></span> <span class='ocrx_word' id='word_1_619' title='bbox 2597 5307 2719 5359; x_wconf 84' lang='lat' dir='ltr'><strong>edit.</strong></span> <span class='ocrx_word' id='word_1_620' title='bbox 2750 5307 2907 5358; x_wconf 85' lang='lat' dir='ltr'><strong>Paris.</strong></span> <span class='ocrx_word' id='word_1_621' title='bbox 2941 5321 3027 5358; x_wconf 85' lang='lat' dir='ltr'><strong>an.</strong></span> <span class='ocrx_word' id='word_1_622' title='bbox 3054 5312 3193 5359; x_wconf 76' lang='lat'><strong>1521.</strong></span> <span class='ocrx_word' id='word_1_623' title='bbox 3224 5336 3279 5344; x_wconf 91' lang='lat'><em>-</em></span> <span class='ocrx_word' id='word_1_624' title='bbox 3317 5308 3358 5343; x_wconf 85' lang='lat'><strong>¹⁸</strong></span> <span class='ocrx_word' id='word_1_625' title='bbox 3386 5309 3524 5370; x_wconf 73' lang='lat' dir='ltr'><strong>Luc„</strong></span> <span class='ocrx_word' id='word_1_626' title='bbox 3552 5321 3625 5374; x_wconf 75' lang='lat' dir='ltr'><strong>xl,</strong></span> <span class='ocrx_word' id='word_1_627' title='bbox 3655 5315 3745 5363; x_wconf 76' lang='lat'><strong>29.</strong></span> 
     </span>
    </p>
   </div>
   <div class='ocr_carea' id='block_1_12' title="bbox 2421 5387 3977 5524">
    <p class='ocr_par' dir='ltr' id='par_1_14' title="bbox 2421 5387 3977 5524">
     <span class='ocr_line' id='line_1_93' title="bbox 2483 5387 3977 5455; baseline 0.006 -17"><span class='ocrx_word' id='word_1_628' title='bbox 2483 5387 2546 5451; x_wconf 86' lang='grc' dir='ltr'><strong>(α)</strong></span> <span class='ocrx_word' id='word_1_629' title='bbox 2603 5389 2726 5440; x_wconf 76' lang='lat' dir='ltr'><strong>Gaet.</strong></span> <span class='ocrx_word' id='word_1_630' title='bbox 2777 5387 2898 5440; x_wconf 77' lang='lat' dir='ltr'><strong>edit.</strong></span> <span class='ocrx_word' id='word_1_631' title='bbox 2946 5391 3148 5454; x_wconf 83' lang='lat' dir='ltr'><strong>quarto.</strong></span> <span class='ocrx_word' id='word_1_632' title='bbox 3192 5414 3251 5424; x_wconf 91' lang='lat'>-</span> <span class='ocrx_word' id='word_1_633' title='bbox 3299 5388 3366 5452; x_wconf 79' lang='lat' dir='ltr'><strong>(b)</strong></span> <span class='ocrx_word' id='word_1_634' title='bbox 3425 5388 3573 5455; x_wconf 66' lang='grc' dir='ltr'><strong>ναις.</strong></span> <span class='ocrx_word' id='word_1_635' title='bbox 3624 5392 3874 5446; x_wconf 71' lang='lat' dir='ltr'><strong>Phineas.</strong></span> <span class='ocrx_word' id='word_1_636' title='bbox 3917 5421 3977 5433; x_wconf 91' lang='lat'><strong>·—</strong></span> 
     </span>
     <span class='ocr_line' id='line_1_94' title="bbox 2421 5458 3467 5524; baseline 0.001 -15"><span class='ocrx_word' id='word_1_637' title='bbox 2421 5459 2482 5524; x_wconf 86' lang='lat' dir='ltr'><strong>(c)</strong></span> <span class='ocrx_word' id='word_1_638' title='bbox 2514 5460 2637 5510; x_wconf 77' lang='lat' dir='ltr'><strong>Coet.</strong></span> <span class='ocrx_word' id='word_1_639' title='bbox 2669 5458 2793 5509; x_wconf 75' lang='lat' dir='ltr'><strong>edit.</strong></span> <span class='ocrx_word' id='word_1_640' title='bbox 2831 5460 2965 5524; x_wconf 89' lang='lat' dir='ltr'><strong>ipso.</strong></span> <span class='ocrx_word' id='word_1_641' title='bbox 2993 5486 3056 5498; x_wconf 91' lang='lat'>-</span> <span class='ocrx_word' id='word_1_642' title='bbox 3083 5458 3158 5523; x_wconf 83' lang='lat' dir='ltr'><strong>(d)</strong></span> <span class='ocrx_word' id='word_1_643' title='bbox 3189 5459 3309 5509; x_wconf 75' lang='lat' dir='ltr'><strong>Item</strong></span> <span class='ocrx_word' id='word_1_644' title='bbox 3334 5458 3467 5524; x_wconf 87' lang='lat' dir='ltr'><strong>plus.</strong></span> 
     </span>
    </p>
   </div>
  </div>
 </body>
</html>
