4059 6317
918 423 1297 492 DOMINICA
1336 426 1421 499 IN
1463 425 2141 507 QUINQUAGESIMA.
2185 432 2447 498 SERMO
2487 432 2540 498 I.

186 558 442 626 hadendo
453 559 824 642 Dominum,
853 565 1109 644 propter
1132 561 1534 630 exellentiam
1563 564 1665 630 di·

185 668 408 751 gnitatis
450 670 829 753 apostolicae.
867 669 1062 736 Judas
1099 671 1272 737 enim
1305 690 1438 738 non
1465 671 1672 738 solum

185 778 247 841 ad
265 778 518 860 gratiam
555 782 621 844 et
657 779 739 844 ad
780 779 1128 844 doctrinam
1163 780 1314 844 fidei
1354 784 1448 844 est
1481 798 1671 844 voca·-

183 887 295 962 tus;
334 886 434 949 sed
459 886 650 950 etiam
677 886 756 950 ad
785 887 1125 968 dignitates
1161 887 1545 970 apostolatus
1579 889 1675 951 est

182 995 501 1075 assumptus
519 1040 538 1072 ,
569 993 728 1058 dum
755 1010 906 1057 eum
943 993 1225 1058 Christus
1260 994 1424 1058 inter
1445 994 1677 1059 duode-

180 1098 282 1161 cim
306 1098 594 1180 dignatus
621 1103 717 1164 est
740 1100 1184 1165 adnumerare.
1215 1100 1393 1166 Unde
1430 1101 1511 1166 de
1538 1102 1676 1188 ipso

181 1203 304 1268 dicit
323 1203 610 1270 Dominus
642 1208 664 1243 ¹
708 1229 724 1270 ι
781 1231 812 1269 «ι
838 1206 1017 1273 Unus
1039 1227 1122 1274 ex
1151 1208 1354 1288 vobis,
1373 1230 1406 1268 n
1439 1207 1678 1272 scilicet

180 1312 491 1391 duodecim,
526 1335 557 1373 α
577 1332 684 1378 me
709 1315 937 1379 tradet.
967 1337 999 1375 ι
1031 1314 1332 1380 Similiter
1355 1317 1378 1350 ³
1400 1338 1463 1379 :a
1502 1314 1679 1380 Unus

184 1417 249 1500 (a)
297 1418 370 1484 de
428 1419 757 1487 duodecim
779 1467 798 1500 ,
861 1422 978 1505 qui
1041 1422 1366 1487 dicebatur
1424 1421 1499 1502 (b)
1555 1421 1589 1487 J
1595 1441 1678 1486 u-

180 1525 291 1603 daS,
315 1549 345 1586 n
375 1532 491 1591 etc.

243 1631 436 1699 Tertio
475 1653 714 1717 magna
755 1636 877 1700 ruit
916 1636 1283 1719 malignitas
1316 1636 1500 1702 Judae
1525 1654 1673 1719 pro-

179 1747 296 1820 pter
315 1743 871 1819 concupiscentiam
900 1743 1259 1826 cupiditatis
1273 1748 1338 1808 et
1360 1744 1671 1809 avaritiae.

180 1843 329 1912 Unde
365 1848 509 1912 dicit
539 1848 572 1913 J
575 1850 736 1914 udas
762 1850 1158 1933 principibus
1183 1851 1577 1916 sacerdotum
1605 1852 1673 1914 ’z

187 1974 213 2010 ι
237 1952 380 2029 Quid
419 1955 605 2020 vultis
638 1956 799 2020 mihi
836 1956 1012 2036 dare,
1058 1962 1123 2022 et
1166 1975 1290 2039 ego
1316 1976 1469 2022 eum
1496 1957 1679 2022 vobis

180 2061 442 2125 tradam?
485 2063 568 2127 At
617 2062 714 2126 illi
779 2065 1245 2131 constituerunt
1291 2065 1351 2130 ei
1412 2066 1681 2147 triginta

182 2175 503 2248 argenteos..
530 2191 562 2229 ι
595 2169 835 2251 Magna
858 2172 1172 2253 siquidem
1204 2172 1323 2237 fuit
1348 2172 1528 2235 istius
1550 2171 1673 2235 ini-

181 2275 359 2357 quitas
368 2277 724 2359 proditorie,
744 2279 801 2341 si
818 2278 1286 2344 consideremus
1305 2296 1420 2364 pro
1434 2284 1678 2362 quanto

181 2383 430 2448 vendidit
455 2383 792 2449 Dominum
810 2405 825 2448 z
845 2385 997 2466 quia
1013 2403 1145 2448 non
1158 2401 1424 2466 magno,
1440 2384 1549 2449 sed
1565 2384 1680 2449 vili

181 2490 370 2570 pretio,
394 2491 626 2557 scilicet
650 2492 920 2574 triginta
945 2494 1287 2575 argenteis.
1336 2492 1537 2576 Major
1566 2511 1677 2559 ve·

181 2614 261 2677 ro,
286 2597 333 2662 si
359 2599 823 2665 consideremus
864 2599 1100 2682 quibus
1139 2600 1396 2665 tradidit
1437 2605 1499 2664 et
1529 2618 1682 2666 ven-

184 2702 330 2784 didit,
355 2705 501 2788 quia
527 2724 656 2771 non
681 2706 927 2785 amicis,
957 2707 1068 2771 sed
1094 2706 1367 2771 inimicis
1382 2710 1446 2771 et
1463 2711 1677 2772 extra-

185 2813 295 2876 neis
331 2815 760 2897 quaerentibus
794 2815 1080 2880 animam
1105 2819 1269 2898 ejus,
1295 2814 1596 2895 Maxima,
1628 2817 1683 2879 si

188 2919 614 2986 consideremus
645 2921 730 2986 ad
765 2921 921 3005 quid
955 2939 1106 2986 eum
1141 2922 1398 2987 tradidit
1426 2926 1491 2987 et
1523 2941 1681 2987 ven·

187 3023 353 3090 didit:
381 3029 533 3112 quia
553 3047 685 3094 non
712 3029 793 3094 ad
819 3029 1253 3108 serviendum,
1279 3029 1391 3094 sed
1417 3029 1685 3095 illuden-

185 3129 332 3212 dum,
355 3135 834 3217 flagellandum,
865 3136 1368 3219 conspuendum,
1402 3141 1465 3202 et
1490 3139 1688 3203 cruci-

184 3238 506 3319 figendum.
551 3242 677 3308 Sed
722 3247 890 3310 certe
934 3243 989 3307 si
1028 3243 1500 3309 consideremus
1540 3246 1686 3327 quis

183 3347 449 3413 venditur
489 3354 553 3414 et
581 3349 892 3431 traditur,
928 3350 1177 3415 infinita
1217 3354 1311 3414 est
1345 3351 1518 3414 enim
1543 3354 1685 3434 ejus

181 3450 450 3536 iniquitas
479 3478 496 3522 ε
529 3457 683 3539 quia
709 3458 732 3492 ⁴
772 3479 804 3518 α
833 3456 968 3521 Rex
992 3475 1248 3539 regum,
1283 3461 1347 3521 et
1380 3456 1686 3522 Dominus

179 3558 633 3629 dominantium.
686 3584 719 3625 n
774 3562 852 3627 Et
905 3566 1162 3646 propter
1211 3563 1334 3627 hoc
1379 3562 1686 3628 Dominus

180 3665 308 3731 dicit
331 3668 524 3734 Pilato
552 3675 575 3708 ⁸
608 3692 625 3733 ι
665 3693 698 3732 α
723 3668 929 3753 Majus
953 3674 1285 3754 peccatum
1313 3671 1544 3750 habet,
1574 3673 1686 3755 qui

178 3791 269 3844 me
292 3776 399 3842 tibi
426 3778 709 3843 tradidit.
736 3799 770 3837 n
805 3775 885 3841 Et
909 3778 1061 3861 quia
1087 3778 1453 3860 malignitas
1480 3779 1687 3862 prodi-

179 3882 334 3962 toris,
360 3887 599 3951 ratione
631 3903 769 3951 suae
808 3886 1181 3968 iniquitatiS,
1217 3886 1411 3950 estin
1437 3886 1685 3952 Domini

179 3989 366 4056 verbis
402 3976 749 4076 explicata3
796 3992 942 4058 ideo
979 3992 1130 4057 nolo
1155 3992 1433 4076 amplius
1458 3993 1528 4057 in
1567 3993 1689 4058 hoc

181 4098 409 4179 morari,
438 4100 548 4164 sed
567 4100 770 4163 finem
802 4099 955 4164 dare
987 4098 1287 4164 sermoni.

247 4201 520 4271 Secundo
569 4209 831 4271 notatur
873 4206 1427 4290 contemptibilitas
1479 4205 1688 4270 ultimi

180 4311 476 4393 opprobrii
512 4313 585 4376 in
625 4311 1050 4395 flagellatione
1079 4316 1144 4377 et
1178 4312 1356 4376 faciei
1394 4313 1691 4396 conspui-

181 4415 327 4482 tione
343 4466 365 4498 ,
392 4437 542 4484 cum
572 4419 726 4484 dicit
756 4440 772 4483 ε
804 4417 1121 4487 Illudetur
1148 4427 1210 4489 et
1236 4418 1686 4502 maenubam,

183 4531 234 4589 et
260 4533 653 4610 cort-spuatur.
683 4524 825 4591 Non
850 4526 1024 4590 enim
1049 4528 1188 4592 sine
1212 4546 1451 4610 magna
1476 4546 1687 4609 causa,

183 4629 293 4696 imo
338 4634 553 4700 divina
604 4634 1071 4716 dispensatione
1123 4635 1362 4699 factum
1424 4638 1561 4716 est,
1616 4642 1691 4702 ut

185 4733 352 4804 Filius
376 4740 487 4806 Dei
509 4741 909 4821 illuderetur,
943 4740 1397 4823 flagellaretur,
1418 4748 1481 4807 et
1505 4761 1686 4808 cons-

183 4852 478 4925 pueretur.
519 4845 666 4913 Non
706 4846 883 4911 enim
926 4847 1062 4912 sine
1100 4866 1292 4916 causa
1307 4897 1330 4930 ,
1386 4852 1690 4932 quoniam

181 4966 279 5030 per
308 4953 423 5018 ista
460 4955 587 5020 tria
618 4953 789 5018 miro
820 4952 1011 5018 modo
1037 4954 1174 5037 ipse
1200 4954 1311 5020 Dei
1337 4954 1558 5037 Filius,
1587 4975 1689 5023 re-

181 5065 409 5138 parator
453 5061 731 5126 humani
787 5060 1044 5141 generis
1061 5108 1084 5142 ,
1140 5062 1408 5130 destruit
1464 5082 1693 5149 corpus

17 5147 163 5258 ,ᾞῆ
183 5167 418 5243 peoeafi.
461 5165 628 5233 Nam
662 5167 737 5231 in
775 5170 1030 5250 peccato
1064 5170 1161 5232 est
1185 5168 1410 5236 tronus
1434 5172 1690 5238 invere-

3192 440 3303 501 131

1782 566 2031 647 cundia,
2088 568 2431 638 excludens
2482 568 2825 654 pudorem3
2884 568 3312 637 delectationis

1780 673 2231 755 complacentia
2249 724 2267 756 ,
2297 677 2638 742 excludens
2661 676 2977 756 dolorem3
3009 680 3072 741 et
3093 676 3312 742 elatio-

1782 779 1881 843 nis
1921 783 2222 866 superbia
2235 833 2256 863 ,
2299 785 2640 851 excludens
2667 785 2963 849 timorem
2997 806 3013 847 ι
3043 787 3108 847 et
3151 801 3311 865 quo-

1781 888 1954 952 niam
2000 891 2315 956 contraria
2350 891 2681 957 contrariis
2721 901 3026 956 curantur
3043 936 3064 968 ,
3106 889 3314 972 primo

1781 993 2093 1060 destruxit
2129 997 2353 1061 frontis
2395 998 2950 1075 inverecundiam,
3010 996 3082 1059 in
3124 995 3316 1077 susti-

1780 1101 1990 1166 nendo
2027 1103 2334 1185 pudorem
2359 1105 2427 1169 in
2461 1105 2794 1184 illusione3
2826 1103 3104 1170 secundo
3119 1151 3140 1182 ,
3182 1101 3312 1167 ela-
3436 1119 3440 1123 ·

1782 1207 1971 1272 tionis
2016 1210 2534 1293 complacentiam
2550 1259 2572 1292 ,
2615 1211 2983 1277 sustinendo
3029 1209 3315 1274 dolorem

1782 1313 1852 1377 in
1872 1314 2295 1397 flagellatione
2318 1341 2334 1397 ;
2360 1320 2545 1384 tertio
2564 1368 2582 1399 ,
2614 1318 2901 1385 elationis
2925 1317 3311 1400 superbiam,

1784 1417 2150 1484 sustinendo
2185 1420 2656 1500 vilificationem
2683 1423 2752 1486 in
2779 1421 3235 1503 conspuitione.

1866 1524 2079 1589 Primo
2131 1509 2440 1593 destruxit
2528 1529 2752 1594 frontis
2802 1528 3318 1595 inverecundiam

1785 1632 2151 1698 sustinendo
2187 1637 2499 1718 pudorem
2534 1636 2606 1699 in
2640 1635 2973 1714 illusione3
3004 1639 3069 1700 et
3094 1635 3172 1700 de
3198 1635 3320 1699 ista

1784 1737 2080 1804 illusione
2105 1741 2333 1807 dicitur
2357 1748 2381 1785 ³
2414 1764 2429 1806 2
2461 1765 2493 1804 α
2519 1742 2929 1826 Cblamydem
2965 1745 3320 1807 coccineam

1786 1846 2334 1913 circumdederunt
2359 1851 2441 1929 ei,
2469 1853 2535 1915 et
2556 1850 2897 1932 plectentes
2914 1867 3214 1914 coronam
3240 1849 3320 1914 de

1784 1952 2005 2036 spinis,
2037 1961 2387 2038 posuerunt
2415 1976 2606 2042 super
2630 1962 2820 2040 caput
2840 1959 3001 2037 eiuS,
3026 1960 3092 2021 et
3118 1973 3318 2038 genu-

1785 2058 1954 2124 flexo
1989 2068 2137 2127 ante
2185 2081 2369 2144 eum,
2407 2064 2757 2129 illudebant
2794 2082 2969 2128 eum.
3002 2086 3033 2124 n
3070 2063 3319 2128 Fletum

1786 2166 2099 2232 deducant
2127 2169 2293 2235 oculi
2321 2172 2471 2248 mei,
2493 2176 2556 2236 et
2578 2171 2883 2255 liquescat
2899 2172 2967 2234 in
2989 2190 3089 2236 me
3107 2172 3323 2235 anima

1788 2291 1931 2338 mea
1943 2275 2172 2346 ,dolore
2198 2279 2648 2361 compassionis
2673 2297 2865 2362 super
2879 2278 3323 2343 contritionem

1786 2380 1913 2445 viri
1929 2381 2160 2466 hujus:
2179 2385 2331 2466 quia
2349 2383 2548 2451 Filius
2561 2386 2672 2450 Dei
2690 2385 3022 2470 chlamyde
3039 2385 3327 2450 coccinea

1787 2489 2098 2569 induitur,
2127 2509 2259 2557 non
2283 2496 2358 2557 ut
2388 2492 2740 2558 honoretur
2759 2542 2779 2572 ,
2819 2492 2930 2557 sed
2967 2494 3040 2557 ut
3073 2492 3324 2574 vitupe-

1788 2602 1998 2677 retur3
2044 2616 2278 2663 corona
2322 2600 2402 2665 de
2440 2600 2638 2683 spinis
2691 2617 2885 2682 super
2935 2600 3126 2682 caput
3187 2598 3328 2680 ejus

1787 2705 2046 2784 ponitur
2063 2752 2079 2783 ,
2119 2712 2197 2770 ut
2245 2707 2486 2790 pudore
2544 2705 2925 2772 contusionis
2965 2705 3323 2789 repleatur3

1788 2812 2037 2876 arundo
2058 2814 2127 2877 in
2156 2813 2416 2879 dextera
2442 2816 2583 2896 eJ'us
2603 2815 2888 2897 ponitur,
2916 2817 2981 2879 et
3006 2817 3153 2878 ante
3175 2830 3326 2876 eum

1791 2919 2267 3002 genuflectitur,
2300 2924 2639 3005 tit-regius
2671 2923 2873 2987 honor
2911 2939 3143 3005 parum
3180 2925 3330 2985 ante

1789 3029 1850 3092 ei
1876 3028 2198 3094 exhibitus
2217 3031 2467 3113 plenius
2480 3031 2891 3097 derideretur.
2910 3028 3089 3094 Unde
3101 3028 3331 3093 frontis

1790 3138 2138 3202 meretricis
2175 3138 2693 3204 inverecundiam
2742 3140 2813 3203 in
2861 3141 3115 3222 peccate
3129 3186 3150 3217 ,
3182 3154 3330 3201 cum

1791 3241 2035 3309 Christo
2088 3245 2170 3310 ad
2215 3263 2359 3309 eam
2412 3244 2858 3311 destruendam
2914 3245 2983 3307 in
3034 3243 3329 3308 illusione

1790 3352 1891 3416 sui
1943 3351 1966 3386 ⁷
2012 3354 2250 3434 peccati
2302 3353 2615 3436 pudorem
2650 3369 2781 3416 non
2817 3368 3141 3417 assumere
3155 3399 3175 3432 ,
3234 3355 3332 3416 est

1793 3475 2053 3540 magnae
2080 3459 2454 3541 iniquitatis..

1871 3563 2164 3632 Secundo
2213 3564 2527 3630 destruxit
2573 3565 3004 3631 delectationis
3046 3563 3332 3648 compla-

1791 3671 2063 3736 centiam
2080 3719 2099 3749 ,
2157 3671 2523 3737 sustinendo
2585 3671 2868 3737 dolorem
2923 3673 2992 3737 in
3043 3673 3332 3755 flagella-
3453 3741 3459 3746 ,

1788 3778 2193 3858 tione3unde
2216 3784 2240 3819 ⁸
2273 3802 2289 3844 ε
2328 3802 2359 3841 α
2385 3778 2666 3844 Tradidit
2704 3778 2944 3846 Pilatus
2981 3778 3074 3844 eis
3109 3779 3331 3845 Jesum

1790 3886 2060 3969 flagellis
2101 3905 2359 3953 caesum.
2406 3909 2438 3947 ι)
2484 3886 2770 3952 Christus
2821 3887 2903 3952 ad
2952 3888 3076 3952 hoc
3128 3887 3335 3954 voluit

1791 3993 2282 4058 amaritudinem
2332 3993 2567 4059 doloris
2600 3994 2912 4059 sustinere
2938 3994 3011 4059 in
3044 3993 3331 4077 flagella·-

1790 4101 1984 4177 tione,
2017 4103 2091 4165 ut
2118 4100 2470 4164 destrueret
2500 4099 2903 4165 dulcedinem
2927 4101 3198 4167 carnalis
3219 4102 3332 4167 de-

1788 4206 2160 4271 lectationis.
2209 4205 2263 4270 N
2264 4225 2350 4290 on
2391 4224 2550 4288 ergo
2566 4253 2586 4285 ,
2620 4206 2969 4271 charissimi
2987 4255 3010 4286 ,
3054 4225 3328 4273 evacue-

1791 4331 1942 4378 mus
1965 4313 2036 4376 in
2062 4312 2250 4377 nobis
2283 4312 2543 4377 effectus
2588 4312 2826 4378 divinae
2855 4312 3326 4396 flagellationis,

1792 4439 1991 4505 quam
2026 4420 2331 4487 sustinuit
2368 4438 2487 4503 pro
2514 4419 2982 4504 nobismetipsis
3017 4444 3032 4485 ε
3061 4439 3192 4486 non
3224 4420 3271 4486 F
3273 4422 3326 4485 i·-

1790 4526 1952 4593 lium
1997 4526 2109 4591 Dei
2139 4545 2366 4592 rursus
2393 4526 2794 4608 flagellemus
2824 4545 2937 4611 per
2969 4526 3327 4593 delectatio-

1790 4652 1941 4699 nem
1971 4634 2232 4719 peccati‚
2261 4633 2416 4717 quia
2441 4633 2834 4716 mitigandus
2848 4637 2943 4697 est
2959 4636 3102 4717 ejus
3127 4635 3327 4716 dolor,

1793 4761 1928 4807 non
1954 4740 2227 4825 amplius
2247 4740 2670 4804 innovandus.
2695 4738 2871 4805 Unde
2896 4738 3327 4808 Bernardus⁹2

1803 4872 1835 4911 α
1861 4848 2003 4913 Heu
2042 4864 2146 4910 me
2181 4846 2522 4911 miserum!
2553 4844 2720 4910 Deus
2765 4864 2949 4911 meus
3001 4847 3332 4930 adaptatur

1793 4958 1876 5022 ad
1919 4955 2189 5023 verbera
2221 4977 2239 5016 ε
2275 4972 2418 5019 ecce
2454 4954 2598 5035 jam
2641 4954 2904 5019 caeditur
2925 5001 2948 5035 ,
3007 4957 3333 5039 rumpitur

1795 5067 2012 5130 sancta
2036 5081 2183 5128 caro
2200 5061 2508 5128 violentia
2524 5061 2946 5145 flagellorum,
2975 5066 3038 5127 et
3053 5063 3333 5133 crudelia

1799 5236 1823 5270 ⁸
1857 5233 2066 5297 natta„
2102 5243 2280 5295 xxvn,
2323 5232 2496 5282 28-29.
2542 5256 2603 5268 —
2652 5233 2670 5264 ²
2714 5232 2883 5283 Locus
2927 5237 3220 5298 corruptus.
3272 5259 3326 5270 -

1796 5306 1819 5340 ⁸
1842 5308 2024 5365 Marc„
2053 5315 2142 5366 nr,
2175 5307 2252 5354 ¹5.
2281 5329 2343 5341 —
2370 5305 2390 5335 ²
2420 5303 2573 5355 Bern.

1859 5406 1925 5469 (a)
1960 5402 2086 5454 Goet.
2112 5400 2234 5453 edit.
2264 5412 2348 5452 cx.
2371 5424 2432 5439 -—
2461 5398 2526 5464 (ὁ)
2554 5403 2679 5451 Item
2697 5401 2899 5453 dicitur.
