4059 6317
671 438 789 513 168

670 568 1073 651 extinguere.
1119 591 1152 630 n
1196 570 1484 656 Nequam
1548 578 1700 640 sunt
1763 575 1871 640 isti
1932 574 2201 659 spiritus

670 677 740 740 in
764 678 1169 760 peccantibus
1207 685 1353 746 ante
1390 682 1894 749 conversionem.
1925 681 2201 765 Nequio·

1763 436 2183 507 SERMONES
2225 437 2324 505 DE
2366 436 2760 505 TEMPORE.

2311 576 2416 638 tur
2439 573 2462 610 ⁸
2491 595 2506 638 ε
2540 597 2572 636 α
2598 573 2733 640 Hoc
2758 591 2966 655 genus
2987 591 3119 639 non
3143 574 3398 658 ejicitur
3424 574 3553 639 nisi
3577 592 3692 658 per
3709 592 3841 640 ora·

2310 681 2549 746 tionem
2573 684 2638 746 et
2655 680 3001 764 jejunium.
3031 679 3189 747 Item
3220 682 3398 747 fumo
3427 699 3674 748 amarae
3698 700 3841 749 con·

670 803 773 851 res
806 789 1024 852 autem
1051 791 1299 854 suntin
1343 790 1840 857 recidivantibus
1878 795 2023 875 post
2068 809 2209 856 con·
2312 788 2584 853 tritionis
2603 789 2665 852 ἐ
2706 811 2736 849 α
2762 788 2977 853 Cordis
3001 790 3141 872 ejus
3167 788 3547 871 particulam
3575 789 3633 853 si
3660 809 3846 874 super

671 893 1056 959 versionem.
1087 894 1410 962 Isidorus:
1438 921 1470 960 α
1502 897 1773 964 Gravius
1798 898 1941 965 illos
1968 918 2208 964 concu-

674 1001 979 1086 piscentIa
1004 1003 1219 1068 saeculi
1244 1005 1410 1083 ferit,
1439 1024 1601 1089 quos
1621 1011 1767 1090 post
1792 1006 2211 1071 renuntiatio-

676 1127 824 1175 nem
844 1109 923 1174 ad
942 1110 1168 1175 mundi
1184 1128 1471 1177 amorem
1491 1114 1756 1179 reducit.
1778 1134 1809 1174 o
1834 1113 2215 1197 Nequissimi

677 1235 833 1282 vero
858 1217 1104 1282 suntin
1132 1219 1687 1301 perseverantibus
1713 1238 1920 1303 usque
1938 1219 2022 1284 ad
2047 1220 2216 1284 dam-

679 1324 1026 1388 nationem.
1059 1323 1166 1389 Isti
1191 1329 1433 1408 septem
1465 1327 1726 1408 spiritus
1763 1344 2044 1410 nequam
2071 1329 2218 1390 sunt

685 1430 975 1514 eJiciendi
1001 1448 1111 1495 sex
1137 1432 1367 1512 modis,
1397 1432 1689 1498 videlicet
1716 1455 1732 1498 :
1764 1433 1962 1499 verbo
1987 1434 2219 1496 sanctae

686 1536 1149 1621 praedicationis
1177 1555 1196 1602 ε
1227 1539 1424 1605 verbo
1451 1538 1745 1623 ejiciebat
1773 1539 2053 1622 spiritus.
2081 1536 2222 1602 Pri·

687 1663 869 1710 mum
886 1645 1127 1712 honum
1143 1646 1322 1712 verbi
1337 1646 1448 1712 Dei
1465 1651 1581 1728 est,
1600 1647 1772 1731 quod
1790 1665 1905 1730 per
1925 1647 2223 1712 timorem

686 1752 984 1819 humiliat
1008 1771 1142 1833 cor,
1164 1753 1526 1835 superbiam
1546 1755 1903 1837 reprimens
1923 1757 1940 1792 ¹
1976 1774 1994 1820 z
2020 1755 2225 1820 «Cum

688 1859 970 1924 audisset
1006 1859 1249 1939 Achab,
1285 1881 1317 1921 n
1352 1864 1506 1942 etc.,
1546 1878 1749 1944 usque
1779 1883 1795 1927 ε
1838 1885 1868 1922 α
1892 1861 2114 1927 Nonne
2141 1865 2223 1943 (a)

688 1965 901 2033 vidisti
926 1964 1145 2029 Achab
1180 1964 1591 2031 humiliatum
1621 1984 1833 2032 coram
1864 1970 2006 2032 me?
2033 1990 2064 2029 υ
2105 1972 2224 2032 etc.

692 2074 850 2139 Item
875 2070 1178 2137 beneficio
1205 2073 1540 2140 dominicae
1566 2076 1897 2159 passioniS.
1923 2075 2103 2141 Unde
2132 2075 2226 2141 di-

694 2182 861 2246 citur
903 2180 925 2216 ¹
973 2180 1144 2263 quod
1203 2199 1319 2263 per
1359 2182 1671 2248 citharam
1723 2182 1920 2248 David
1972 2184 2232 2267 spiritus

695 2291 905 2357 malus
949 2289 1277 2355 recedebat
1312 2310 1352 2355 a
1400 2291 1612 2357 Saule.
1662 2292 1918 2358 Cithara
1956 2311 2112 2358 vero
2138 2297 2233 2359 est

699 2398 986 2465 Christus
1013 2398 1083 2461 in
1105 2415 1315 2464 cruce.
1348 2400 1522 2465 Sicut
1547 2401 1813 2466 enimin
1840 2400 2082 2466 cithara
2101 2405 2234 2465 ten-

697 2507 939 2572 duntur
966 2504 1222 2571 chordae
1259 2524 1454 2590 super
1477 2507 1773 2589 lignum,
1815 2507 1905 2573 ita
1947 2509 2236 2573 membra

700 2613 928 2679 Christi
948 2632 1142 2697 super
1158 2613 1419 2695 lignum
1438 2616 1645 2680 crucis
1662 2616 2104 2681 tendebantur.
2118 2615 2237 2681 Per

700 2719 1079 2786 memoriam
1115 2723 1332 2786 autem
1371 2721 1682 2804 passionis
1709 2720 1940 2787 Christi
1966 2723 2238 2786 charitas

701 2828 1090 2906 accenditur,
1118 2827 1363 2893 invidia
1389 2828 1816 2894 confunditur.
1842 2829 2004 2915 Item
2029 2848 2241 2895 exem-

704 2936 808 3019 plo
834 2936 1021 3001 bonae
1055 2935 1585 3014 conversationis3
1617 2936 1786 3001 unde
1815 2937 2042 3003 dicitur
2070 2939 2239 3021 quod

706 3061 822 3127 per
846 3043 1101 3109 sudaria
1125 3047 1189 3107 et
1223 3043 1614 3108 semicinctia
1640 3042 1819 3108 Pauli
1845 3044 2244 3125 fugabantur

707 3150 969 3234 spiritus
1012 3168 1314 3233 nequam.
1367 3148 1744 3230 sudarium,
1787 3168 1916 3233 quo
1956 3150 2247 3215 laboran-

699 3258 872 3351 tium
898 3256 1093 3321 sudor
1126 3257 1558 3339 extinguitur,
1596 3262 1690 3322 est
1728 3256 2097 3339 exemplum
2138 3275 2251 3340 pa-

711 3363 950 3429 tientiae
985 3365 1053 3428 in
1095 3363 1550 3430 laborantibus,
1616 3364 2097 3430 Semicinctium
2141 3383 2250 3430 au-

712 3477 866 3551 tem,
906 3472 1078 3555 quod
1122 3475 1219 3537 est
1254 3472 1446 3537 vestis
1482 3491 1564 3537 ex
1609 3491 1741 3538 uno
1777 3471 1972 3537 latere
2018 3472 2251 3555 depen-

714 3578 871 3643 dens
891 3627 908 3659 ,
960 3579 1278 3661 significat
1328 3579 1695 3663 exemplum
1747 3579 2101 3663 patientiae,
2148 3580 2253 3646 vel

703 3689 1223 3777 ⁴mansuetudinis
1246 3690 1315 3753 in
1344 3688 1884 3754 tribulationibus
1943 3688 2255 3755 Patientia

716 3795 894 3861 enim
929 3795 1293 3877 indigemus
1331 3796 1402 3860 in
1441 3796 1637 3861 latere
1678 3796 1938 3862 sinistro
1976 3798 2252 3862 adversi-

719 3903 864 3967 tatis
882 3949 900 3981 ,
957 3920 1085 3967 non
1131 3901 1199 3966 in
1252 3901 1447 3967 latere
1504 3903 1730 3967 dextro
1797 3904 2251 3988 prosperitatis

722 4013 881 4079 Item
943 4012 1145 4094 digito
1200 4011 1460 4077 occultae
1508 4010 1941 4094 inspirationis
1991 4035 2008 4092 ;
2084 4011 2257 4077 unde

721 4119 790 4183 in
832 4118 955 4183 hoc
997 4117 1345 4200 Evangelio
1382 4121 1457 4183 ⁸:
1515 4140 1546 4178 c<
1585 4117 1656 4182 Si
1695 4118 1765 4182 in
1809 4118 2014 4200 digito
2056 4118 2192 4199 Dei,
2218 4139 2249 4178 ι»

722 4232 843 4294 etc.
885 4227 1129 4293 Avaros
1161 4245 1281 4292 nec
1325 4226 1687 4310 praedicatio
1711 4275 1728 4305 ,
1778 4244 1987 4309 neque
2031 4225 2260 4291 Christi

725 4336 935 4419 passio
962 4383 980 4414 ,
1042 4352 1248 4418 neque
1304 4334 1672 4417 exemplum
1738 4351 1999 4398 movere
2060 4336 2264 4415 potest

727 4443 807 4507 ad
850 4441 1312 4507 restitutionem
1336 4489 1355 4522 ,
1417 4440 1541 4504 nisi
1586 4440 1832 4522 digitus
1867 4440 1978 4505 Dei
2020 4439 2259 4523 specia-

727 4550 870 4614 liter
909 4550 1135 4630 tangat
1174 4566 1304 4613 eos.
1351 4547 1515 4613 Sunt
1559 4548 1733 4613 enim
1777 4547 1942 4614 sicut
1993 4548 2264 4614 malefici

730 4656 1077 4722 Pharaonis
1088 4704 1110 4736 ,
1159 4655 1223 4720 id
1266 4660 1361 4720 est
1403 4655 1674 4736 diaboli,
1724 4656 1839 4740 qui
1877 4674 2011 4721 non
2062 4656 2264 4740 repri-

731 4766 997 4828 muntur
1055 4761 1166 4827 Dei
1223 4761 1429 4843 digito
1445 4808 1462 4838 ,
1506 4761 1673 4826 sicut
1728 4761 1958 4827 dicitur
1997 4764 2043 4827 ⁴.
2110 4763 2266 4828 Item

731 4871 938 4938 studio
980 4869 1302 4935 continuae
1332 4867 1665 4948 orationiS,
1717 4887 1864 4953 quae
1917 4871 2270 4954 specialiter

734 4979 1013 5044 maxime
1057 4975 1225 5041 valet
1267 4977 1489 5040 contra
1551 4975 1856 5041 acediam.
1912 4976 2071 5043 Item
2136 4965 2271 5044 ine-

734 5087 840 5151 dia
879 5084 1128 5150 devotae
1186 5081 1598 5166 jejunationis
1618 5133 1637 5166 ,
1704 5100 1849 5165 quae
1920 5084 2272 5167 specialiter

735 5193 905 5259 valet
935 5195 1156 5257 contra
1202 5189 1448 5272 gulam.
1508 5188 1596 5255 De
1645 5189 1750 5254 his
1804 5190 2054 5257 duobus
2113 5193 2273 5259 dici-

799 5357 816 5392 ¹
850 5355 913 5405 ΙΙΙ
935 5355 1069 5419 neq„
1099 5364 1211 5418 xxi,
1241 5357 1320 5405 29.
1349 5380 1410 5390 —
1440 5353 1460 5387 ²
1487 5355 1503 5403 1
1532 5354 1664 5418 Κεφ,
1692 5366 1801 5421 xvi,
1824 5356 1980 5405 23.—
2001 5355 2023 5391 ⁸
2043 5355 2271 5423 Luc.,11,

741 5431 891 5484 20.-
922 5427 944 5465 δ
970 5426 1154 5491 Exod„
1177 5425 1382 5497 v111,¹9.
1399 5451 1460 5465 —
1477 5426 1500 5463 ⁸
1521 5426 1729 5493 Manli„
1755 5438 1885 5490 xvu,
1909 5428 1991 5481 3⁰.
2007 5427 2105 5467 -⁸
2136 5427 2270 5490 Tob„

2315 896 2642 975 carbones,
2678 919 2707 954 »
2752 895 2988 959 scilicet
3020 895 3377 974 infernales,
3412 914 3528 978 per
3554 897 3846 963 recorda·

2317 1002 2556 1067 tionem
2620 1025 2652 1064 c
2680 1001 2968 1086 posueris
2987 1049 3006 1082 ,
3052 1002 3269 1065 fumus
3318 1003 3489 1085 ejus,
3536 1024 3572 1063 n
3627 1003 3694 1067 id
3728 1008 3848 1084 est,

2319 1109 2629 1189 contritio,
2663 1132 2695 1170 α
2725 1109 2999 1192 extirpet
3023 1126 3215 1174 omne
3241 1126 3455 1190 genus
3497 1109 3852 1176 daemonio-

2321 1234 2490 1281 rum.
2531 1238 2563 1276 1>
2605 1216 2906 1282 Contritio
2945 1216 3115 1281 valet
3150 1220 3373 1280 contra
3407 1216 3632 1282 omnia
3676 1216 3854 1296 vitia;

2325 1323 2672 1406 specialiter
2698 1326 2911 1387 tamen
2939 1323 3157 1388 fumus
3184 1323 3302 1388 iste
3336 1324 3597 1405 fugavit
3633 1322 3861 1388 daemo-

2324 1429 2532 1509 nium,
2561 1430 2730 1513 quod
2766 1447 2960 1514 super
2998 1430 3360 1496 luxuriosos
3388 1430 3627 1497 hahuit
3664 1434 3864 1515 potes-

2326 1537 2544 1601 tatem.

2872 1699 3159 1771 SERMO
3202 1701 3320 1773 IV.

2410 1862 2648 1926 Beatus
2686 1862 2902 1925 venter
2924 1860 3041 1941 qui
3064 1863 3125 1925 te
3148 1860 3432 1942 portavit
3456 1858 3504 1938 ⁷,
3536 1796 3678 1924 etc..
3696 1857 3869 1924 Sicut

2333 1967 2530 2033 Maria
2556 1967 2627 2030 in
2651 1971 2896 2047 ventre,
2925 1967 3017 2031 sic
3041 1984 3159 2032 nos
3193 1967 3266 2030 in
3290 1972 3502 2032 mente
3542 1966 3870 2032 Christum

2332 2078 2682 2159 portemus.
2723 2073 3005 2153 Quatuor
3048 2078 3266 2139 autem
3305 2079 3484 2155 sunt,
3528 2092 3686 2158 quae
3727 2091 3870 2157 por-
3907 2100 4050 2152 Qum.

2334 2183 2529 2247 tanda
2562 2182 2745 2247 nobis
2784 2185 2935 2246 sunt
2976 2200 2994 2246 ε
3046 2185 3298 2264 portare
3341 2182 3514 2247 enim
3565 2182 3874 2246 dehemus
3894 2159 4050 2217 μω·

2339 2291 2655 2357 Christum
2690 2292 2758 2355 in
2785 2291 2973 2356 corde
2995 2308 3109 2374 per
3135 2290 3531 2355 dilectionem
3550 2338 3571 2371 ,
3615 2307 3873 2354 crucem

2339 2399 2569 2465 Christi
2594 2401 2664 2464 in
2691 2417 2954 2483 corpore
2971 2418 3085 2484 per
3105 2398 3616 2481 castigationem,
3638 2414 3874 2464 nomen

2341 2506 2572 2572 Christi
2602 2507 2671 2569 in
2704 2524 2814 2571 ore
2842 2525 2956 2590 per
2981 2506 3492 2589 praedIcationem
3506 2553 3528 2586 ,
3571 2522 3877 2572 coronam

2345 2615 2570 2681 Christi
2592 2616 2662 2678 in
2686 2615 2889 2697 capite
2910 2633 3025 2698 per
3052 2614 3609 2699 glorificationem.

2423 2724 2509 2788 De
2548 2723 2757 2807 primo
2782 2722 2888 2788 hic
2927 2744 2942 2787 :
2975 2724 3211 2792 Beatus
3253 2728 3492 2803 venter,
3529 2727 3659 2788 etc.
3708 2720 3881 2787 Sicut

2345 2850 2459 2915 per
2481 2834 2773 2911 matrem,
2812 2834 2995 2914 cujus
3021 2835 3115 2896 est
3152 2831 3443 2914 diligere,
3496 2834 3792 2913 portatur
3817 2828 3879 2893 in

2348 2937 2699 3003 castissimo
2723 2942 2968 3019 ventre,
2995 2938 3085 3003 ita
3109 2956 3240 3003 non
3266 2937 3389 3002 nisi
3422 2955 3534 3020 per
3559 2940 3880 3003 amantem

2350 3048 2639 3128 portatur
2683 3046 2923 3110 mundo
2951 3045 3138 3110 corde
3170 3044 3270 3127 (b).
3300 3043 3481 3109 Certe
3518 3044 3754 3109 melius
3792 3044 3883 3106 oet

2353 3155 2604 3235 portare
2626 3170 2860 3235 panem
2887 3153 2956 3215 in
2981 3156 3226 3230 ventre,
3264 3169 3461 3234 quam
3487 3150 3768 3234 lapidem
3785 3146 3883 3215 vel

2355 3265 2731 3343 serpentem.
2762 3260 3096 3326 Peccatum
3127 3265 3346 3326 autem
3380 3264 3474 3325 est
3509 3260 3722 3344 lapide
3747 3275 3885 3342 gra·

2358 3369 2522 3448 viuS,
2552 3372 2617 3433 et
2645 3373 2935 3451 serpente
2951 3368 3154 3433 multo
3169 3367 3560 3434 horribilius.
3591 3374 3617 3411 ⁸
3650 3392 3681 3428 «
3705 3364 3884 3432 Panis

2358 3482 2498 3563 ejus
2522 3480 2593 3543 in
2616 3482 2798 3545 utero
2825 3483 2964 3563 ejus
2988 3482 3276 3547 vertetur
3299 3480 3371 3544 in
3397 3480 3480 3544 fel
3505 3478 3824 3562 aspidum.
3846 3494 3875 3532 n

2361 3586 2409 3653 Ο
2447 3605 2645 3670 quam
2689 3586 2978 3652 horreret
3011 3588 3207 3653 homo
3254 3590 3613 3670 serpentem
3657 3583 3884 3649 habere

2361 3694 2430 3757 in
2463 3696 2715 3759 ventrel
2761 3693 2841 3759 Et
2880 3698 3047 3759 certe
3086 3692 3499 3778 periculosius
3542 3699 3640 3759 est
3686 3704 3884 3757 unum

2363 3806 2689 3886 peccatum
2716 3802 2789 3866 in
2810 3803 3016 3884 corde,
3049 3821 3244 3886 quam
3274 3802 3449 3868 mille
3477 3803 3801 3885 serpentes
3823 3796 3886 3859 in

2364 3927 2649 3992 corpore.
2698 3908 2954 3975 Dilectio
3003 3914 3216 3976 autem
3272 3929 3404 3977 non
3450 3912 3666 3977 solum
3716 3907 3889 3975 dehet

2366 4034 2504 4082 esse
2531 4018 2599 4082 in
2627 4018 2836 4098 corde,
2866 4017 2975 4082 sed
3002 4018 3072 4082 in
3107 4035 3318 4100 opere.
3360 4018 3505 4083 Ideo
3529 4035 3665 4083 non
3691 4016 3886 4082 solum

2369 4131 2573 4191 mater
2617 4127 2685 4190 in
2716 4131 2895 4191 utero
2913 4174 2935 4206 ,
2974 4126 3085 4191 sed
3116 4127 3309 4193 etiam
3349 4124 3608 4193 Simeon
3651 4127 3724 4191 in
3764 4126 3891 4190 bra·

2368 4234 2513 4300 chio
2559 4234 2878 4300 Christum
2929 4234 3226 4317 portavit.
3278 4233 3606 4315 Libenter,
3675 4231 3892 4300 charis-

2370 4343 2552 4423 simi,
2590 4344 2660 4407 in
2699 4347 2881 4408 utero
2929 4342 3133 4407 cordis
3158 4345 3506 4425 portemus,
3537 4343 3653 4426 qui
3695 4358 3808 4406 nos
3831 4338 3891 4401 in

2371 4457 2555 4517 utero
2580 4468 2718 4515 suae
2744 4455 2978 4516 sanctae
3004 4449 3452 4516 misericordia».
3488 4467 3742 4534 semper
3764 4461 3893 4532 por·

2373 4566 2495 4643 tat,
2542 4542 2875 4645 quousque
2921 4561 2991 4624 in
3039 4560 3246 4625 lucem
3294 4559 3448 4627 vitae
3491 4563 3750 4625 aeterna?
3786 4571 3893 4620 nos

2375 4670 2678 4755 pariat⁹z
2736 4695 2765 4731 «
2803 4668 2924 4747 Qui
2967 4669 3312 4752 portamini
3355 4685 3396 4732 a
3440 4686 3585 4733 meo
3622 4674 3830 4744 utero,
3858 4681 3886 4719 ν

2377 4782 2523 4856 etc„
2555 4777 2619 4842 id
2645 4779 2775 4856 est,
2808 4775 3259 4840 misericordia.
3291 4773 3485 4840 Debet
3510 4791 3672 4856 ergo
3699 4768 3887 4851 diligi.

2457 4882 2545 4949 De
2573 4881 2850 4947 secundo
2876 4880 2963 4944 ¹⁰:
2997 4879 3180 4963 «Ego
3197 4880 3499 4963 stigmata
3514 4879 3661 4945 Jesu
3689 4880 3760 4944 in
3775 4895 3892 4942 cor·

2379 4978 2531 5075 pore
2558 5007 2702 5054 meo
2727 4992 2930 5073 porto.
2968 5010 2998 5048 u
3036 4987 3210 5054 Crux
3233 4987 3385 5054 «lesu
3413 5006 3546 5054 non
3570 4990 3774 5055 solum
3795 5001 3893 5070 per

2380 5099 2648 5165 vulnera
2666 5101 2730 5162 et
2751 5098 3056 5179 stigmata
3080 5097 3454 5181 passionum
3474 5101 3780 5181 portatur,
3798 5090 3893 5159 sed

2378 5277 2463 5331 vr,
2505 5268 2554 5318 8.
2578 5288 2639 5303 -
2665 5267 2683 5297 ‘¹
2712 5263 2855 5325 Luc„
2888 5275 2975 5329 ιι,
3002 5266 3082 5316 27.
3113 5290 3172 5302 -
3198 5261 3221 5298 ⁸
3246 5262 3354 5329 Iob,
3391 5276 3495 5331 xx,
3537 5266 3614 5318 ss.
3643 5290 3706 5305 -
3729 5262 3886 5321 ¹1m.,

2384 5349 2525 5402 xcvi,
2554 5339 2600 5389 3.
2627 5362 2691 5374 -
2721 5337 2761 5368 ¹⁰
2793 5334 2931 5400 Gal„
2960 5349 3031 5401 v1,
3065 5336 3141 5387 Π.

2449 5426 2518 5493 (α)
2543 5427 2668 5479 Coet.
2684 5426 2808 5479 edit.
2831 5440 2953 5482 non.
2977 5455 3032 5466 —
3063 5427 3133 5494 (b)
3155 5440 3390 5494 corpore.
