4059 6317
709 482 823 548 192

700 616 1136 700 perspexerint
1154 618 1214 699 a)
1225 667 1241 696 ‚
1261 618 1353 682 illi
1374 618 1642 702 justitiae
1662 618 1941 702 palmam
1955 616 2201 682 dabunt
2216 636 2233 693 ;

700 741 892 806 quem
920 723 1193 806 impium
1214 773 1233 804 ‚
1263 724 1778 791 condemnabunt
1804 722 2169 807 impietatis,
2198 741 2229 779 ι

698 828 947 894 ludices
983 834 1175 908 sunt,
1224 831 1302 895 de
1338 833 1570 914 quibus
1593 834 1612 869 ¹
1656 854 1671 895 z
1712 855 1743 894 α
1777 830 2084 896 Sedebitis
2122 846 2239 893 vos

699 952 895 1018 super
935 937 1113 1001 sedes
1151 937 1483 1001 duodecim
1508 986 1525 1018 ,
1554 961 1585 999 n
1611 943 1729 1003 etc.
1777 938 1884 1003 Isti
1916 939 2090 1002 enim
2126 940 2234 1019 ju-

699 1041 849 1106 dicii
894 1043 1140 1108 dabunt
1183 1046 1728 1127 approbationem.
1774 1046 1897 1112 Sed
1944 1063 2239 1110 summus

693 1149 899 1231 judex
943 1150 1315 1217 auctoritate
1355 1152 1530 1217 dabit
1571 1155 1830 1236 quidem
1868 1156 2062 1237 justis
2094 1153 2236 1236 pal-

700 1274 876 1320 mam
898 1257 1199 1340 justitias,
1232 1258 1297 1322 id
1326 1262 1421 1323 est
1440 1308 1457 1340 ,
1490 1278 1606 1343 pro
1629 1263 1875 1342 justitia
1898 1261 2235 1340 honorem,

701 1365 806 1430 vel
839 1384 1138 1430 coronam
1160 1367 1422 1449 justitias
1449 1369 1472 1403 ²
1503 1389 1521 1431 ι
1549 1391 1578 1429 α
1605 1367 1900 1450 Reposita
1939 1372 2037 1434 est
2077 1369 2236 1433 mihi

702 1491 938 1537 corona
956 1473 1258 1556 justitiae,
1283 1494 1314 1532 ι
1342 1479 1460 1539 etc.
1489 1474 1612 1539 Sed
1629 1476 1782 1558 quia
1801 1475 1823 1512 ⁸
1844 1497 1876 1536 α
1909 1494 2040 1540 non
2065 1494 2238 1540 coro-

701 1578 984 1658 nabitur,
1015 1580 1138 1642 nisi
1187 1579 1293 1659 qui
1323 1579 1610 1661 legitime
1648 1582 2004 1662 certaverit,
2038 1604 2068 1642 a
2097 1582 2238 1647 ideo

703 1689 756 1751 si
786 1689 884 1752 vis
910 1688 1147 1753 habere
1172 1688 1449 1772 palmam
1481 1688 1550 1751 in
1570 1688 1841 1770 Judicio,
1872 1689 2057 1754 vince
2084 1690 2240 1754 vitia

702 1796 771 1860 in
799 1796 1061 1861 mundo.
1091 1795 1435 1878 Gregorius
1460 1795 1482 1831 ⁴
1512 1818 1527 1859 z
1552 1819 1583 1858 α
1609 1796 1758 1861 Sine
1783 1795 2019 1862 laboris
2046 1801 2240 1861 certa-

704 1903 873 1968 mine
899 1922 1031 1969 non
1057 1910 1154 1969 est
1182 1904 1392 1987 palma
1416 1903 1716 1969 victoriae.
1748 1927 1779 1964 ι)

782 2010 868 2075 De
885 2016 1112 2094 quarto
1131 2018 1152 2053 ⁸
1171 2011 1380 2078 :avidi
1401 2013 1658 2076 turbam
1684 2030 2011 2095 magnam,
2029 2035 2060 2073 n
2087 2017 2236 2092 etc„

705 2139 951 2204 usque:
988 2144 1020 2182 α
1044 2121 1111 2184 in
1137 2124 1540 2204 conspectum
1579 2120 1771 2201 agni,
1817 2120 2029 2185 amicti
2062 2121 2239 2187 stolis

702 2227 896 2307 albis,
926 2233 989 2293 et
1013 2228 1244 2312 palmae
1271 2227 1341 2291 in
1366 2227 1665 2291 manibus
1700 2245 1949 2292 eorum.
1982 2250 2014 2288 x·
2046 2227 2238 2294 Stolae

702 2336 865 2401 albae
923 2341 1073 2401 sunt
1109 2353 1281 2399 verae
1326 2339 1389 2399 et
1435 2333 1876 2399 mundissimae
1919 2334 2238 2400 bonorum

702 2444 1035 2508 claritates,
1091 2441 1327 2507 Palmae
1366 2443 1436 2505 in
1464 2441 1761 2506 manibus
1789 2445 1939 2506 sunt
1964 2445 2240 2509 retribu-

702 2550 907 2615 tiones
927 2597 944 2630 ‚
978 2569 1140 2634 quas
1164 2550 1401 2614 habent
1427 2568 1511 2613 ex
1537 2550 2005 2632 perseverantia
2035 2551 2103 2613 in
2132 2551 2241 2614 bo-

702 2661 823 2740 nis,
850 2664 915 2725 et
930 2660 1282 2727 victoriosis
1300 2660 1622 2743 operibus.
1643 2658 1906 2743 Propter
1929 2660 2050 2724 hoc
2078 2662 2239 2726 bene

703 2767 943 2850 legitur
958 2772 982 2808 ⁶
999 2766 1168 2849 quod
1204 2790 1233 2826 a
1250 2765 1395 2830 Salo
1403 2784 1553 2831 mon
1568 2784 1788 2830 omnes
1801 2768 2071 2850 parietes
2089 2772 2239 2832 tem-

704 2874 793 2958 pli
820 2874 978 2937 texit
1003 2890 1159 2936 auro
1184 2878 1246 2936 et
1271 2872 1413 2936 fecit
1438 2872 1506 2936 in
1531 2872 1622 2936 eis
1644 2872 1998 2953 cherubim,
2021 2879 2083 2938 et
2110 2878 2239 2957 pal-

705 2999 864 3059 maS,
888 2985 950 3043 et
968 2980 1179 3044 varias
1198 2979 1494 3062 picturas.
1525 3000 1557 3039 n
1582 2978 1788 3045 Homo
1811 2988 1905 3045 est
1923 2982 2236 3064 templum

704 3087 987 3165 caeleste,
1018 3087 1085 3150 in
1119 3105 1248 3168 quo
1284 3085 1515 3150 animae
1545 3105 1713 3165 ,auro
1744 3087 2237 3154 immortalitatis

704 3200 768 3259 et
807 3194 979 3258 chari
989 3192 1129 3256 tatis
1168 3196 1496 3272 teguntur.
1548 3192 1890 3258 Cherubim
1931 3198 2086 3259 sunt
2127 3215 2240 3260 an-

704 3301 868 3383 geli;
917 3298 1181 3382 palmae,
1226 3299 1494 3364 victores
1519 3301 1715 3363 sancti
1736 3347 1757 3380 ,
1811 3299 1915 3366 vel
1943 3319 2235 3383 perseve-

703 3411 916 3470 rantes
932 3405 1088 3488 justi
1111 3428 1129 3484 ;
1154 3404 1353 3472 variae
1384 3405 1647 3487 picturae
1666 3454 1684 3485 ,
1716 3409 1868 3470 sunt
1885 3407 2063 3471 varia
2085 3427 2242 3491 prae-

705 3515 986 3579 mierum
1027 3517 1421 3577 ornamenta.
1458 3512 1825 3578 Perseveret
1864 3532 2026 3595 ergo
2066 3534 2240 3581 nunc

704 3622 772 3685 in
798 3622 965 3685 bono
980 3669 996 3700 ‚
1028 3621 1141 3704 qui
1168 3620 1335 3685 inter
1363 3620 1626 3702 angelos
1649 3621 1932 3709 ‘palmam
1956 3622 2100 3686 vult
2122 3623 2237 3687 ha-

704 3729 851 3791 bere
882 3728 951 3790 in
968 3728 1151 3793 coe10.
1184 3726 1548 3792 Bernartius
1566 3732 1589 3768 ⁷
1613 3744 1630 3790 ε
1654 3748 1686 3787 α
1706 3726 1971 3791 Prorsus
1998 3728 2239 3812 absque

704 3835 1193 3917 perseverantia,
1225 3852 1433 3918 neque
1459 3834 1567 3916 qui
1588 3839 1859 3916 pugnat,
1876 3835 2233 3915 victoriam,

701 3957 908 4022 neque
933 3940 1212 4022 palmam
1240 3941 1444 4005 victor
1465 3940 1870 4022 consequitur
1889 3945 1933 4004 ⁸.
1958 3962 1990 4000 ι)

1127 4171 1205 4246 ΙΝ
1249 4169 1475 4246 GOENA
1516 4170 1808 4246 DOMINI.

1029 4338 1395 4411 SERMO
1466 4338 1909 4408 PRIMUS.
2019 4418 2022 4421 Α

785 4476 939 4542 Cum
970 4474 1316 4542 dileoeisset
1356 4489 1504 4540 suos
1546 4475 1662 4555 qui
1702 4479 1888 4540 erant
1935 4475 2010 4540 in
2044 4489 2234 4539 mun·

700 4584 786 4650 do
804 4590 849 4660 ⁹,
889 4590 1007 4646 etc.
1052 4582 1101 4647 Ο
1130 4586 1367 4665 quanta
1394 4583 1495 4645 est
1529 4578 1782 4644 dilectio
1807 4598 1999 4663 quam
2028 4581 2238 4647 charis

702 4692 837 4756 suis
863 4689 1148 4755 Christus
1190 4688 1449 4753 exhibet
1476 4688 1541 4750 in
1576 4685 1734 4751 coelo
1756 4735 1773 4765 ‚
1807 4707 1891 4752 ex
1936 4706 2066 4770 quo
2094 4694 2234 4752 tan-

702 4806 833 4862 tam
862 4797 955 4862 eis
983 4795 1243 4860 exhibet
1271 4796 1336 4858 in
1357 4793 1596 4858 mundo
1619 4793 1880 4858 1Electis
1905 4797 2081 4859 enim
2103 4797 2237 4861 suis

700 4905 1101 4969 dilectionem
1127 4901 1389 4966 exhibet
1411 4900 1479 4963 in
1522 4900 1763 4966 mundo
1799 4903 2232 4985 quadruplici-

700 5019 820 5092 ter,
850 5010 1139 5076 videlieet
1162 5007 1532 5073 mundando
1563 5026 1673 5091 per
1705 5011 1990 5089 veniam,
2021 5028 2238 5076 recon-

700 5120 968 5185 ciliando
1006 5135 1122 5201 per
1157 5115 1431 5180 hostiam
1443 5161 1465 5195 ‚
1505 5114 1926 5181 illuminando
1966 5135 2080 5200 per
2124 5137 2235 5182 sa-

760 5250 778 5283 ¹
810 5245 1012 5307 Manli„
1037 5256 1159 5305 xix,
1187 5245 1264 5293 28.
1291 5267 1355 5280 -·
1380 5241 1401 5276 ⁸
1428 5242 1471 5291 ΙΙ
1503 5241 1649 5307 Tim„
1679 5252 1749 5303 iv,
1775 5244 1827 5292 8.
1856 5267 1919 5279 -
1947 5242 1969 5278 ³
1995 5242 2144 5306 ibid„
2175 5255 2231 5307 ιι,

701 5320 747 5369 5.
776 5344 841 5356 -
877 5318 895 5349 ⁴
926 5319 1100 5382 Greg„
1138 5316 1193 5365 in
1228 5313 1427 5374 Eneca,
1460 5311 1604 5363 hom.
1642 5324 1689 5375 v,
1715 5326 1769 5363 n.
1799 5315 1879 5363 22.
1918 5338 1980 5350 -
2009 5314 2033 5351 ⁸
2059 5317 2234 5379 Apoe.,

698 5402 796 5455 vu,
824 5390 980 5443 9.--⁸
1008 5391 1073 5439 ill
1103 5388 1240 5450 neq„
1270 5397 1341 5449 vi,
1369 5386 1509 5434 23.—
1531 5386 1548 5416 2
1578 5385 1804 5436 Bern.-
1823 5385 1842 5415 ⁸
1869 5385 1985 5436 Vid.
2014 5384 2070 5436 in
2095 5385 2233 5436 idem

699 5463 891 5527 Evang.
943 5472 1100 5512 serm.
1133 5469 1184 5508 vt
1222 5461 1276 5507 et
1319 5468 1420 5519 vn,
1452 5456 1518 5506 de
1559 5456 1827 5507 Dominica
1862 5457 2143 5507 Adventus.
2173 5481 2229 5494 -

1793 476 2214 549 SERMONES
2255 476 2356 544 DE
2395 476 2793 546 TEMPORE.

2354 613 2655 697 pientiam
2677 663 2694 696 ‚
2744 615 3129 681 consolando
3166 636 3281 700 per
3325 618 3628 701 gratiam.
3670 614 3875 683 Prima

2348 720 2701 787 dilectionis
2736 722 3048 788 exhibitio
3072 724 3147 787 flt
3173 742 3290 808 per
3314 724 3629 810 lacrymas
3669 727 3732 788 et
3764 724 3872 788 fle-

2348 833 2521 909 tum;
2549 831 2861 910 secunda,
2891 848 3007 914 per
3043 832 3467 913 sacrificium3
3512 832 3730 911 tertia,
3771 850 3877 914 per

2349 936 2655 1017 verbum3
2685 941 2942 1022 quarta,
2977 957 3092 1022 per
3118 940 3438 1023 spiritum.

2430 1043 2516 1109 De
2544 1046 2753 1130 primo
2781 1046 2826 1082 ¹⁰
2857 1067 2873 1109 ε
2913 1067 2944 1106 ι
2963 1044 3250 1112 Christus
3276 1047 3501 1114 dilexit
3522 1047 3873 1127 Ecclesiam,

2347 1154 2845 1236 etsemetipsum
2874 1152 3133 1217 tradidit
3152 1172 3269 1237 pro
3295 1173 3373 1219 ea
3389 1203 3409 1234 ‚
3438 1160 3512 1221 ut
3537 1173 3680 1219 eam
3707 1174 3876 1219 sanc·

2347 1257 2635 1338 titicaret,
2670 1259 2987 1323 mundans
3014 1259 3290 1340 lavacro,
3308 1283 3340 1321 n
3365 1266 3484 1326 etc.
3505 1260 3647 1326 Non
3673 1260 3878 1325 solum

2347 1363 2601 1429 lavacro
2637 1365 2966 1448 baptismi,
3001 1367 3113 1431 sed
3139 1372 3201 1432 et
3226 1367 3661 1450 lacrymarum
3690 1384 3878 1431 mua-

2347 1470 2456 1536 dat
2489 1489 2632 1537 eam
2673 1472 2870 1552 Deus,
2917 1474 3156 1539 scilicet
3196 1474 3505 1540 animam.
3550 1474 3675 1539 Sed
3722 1478 3884 1538 certe

2347 1577 2702 1644 timendum
2722 1579 3006 1663 estquod
3025 1581 3114 1645 ait
3132 1580 3437 1646 Dominus
3461 1581 3647 1646 Petro
3664 1580 3708 1616 ¹¹
3730 1601 3749 1645 z
3780 1577 3886 1644 «Si

2347 1702 2483 1748 non
2504 1684 2796 1750 laverote
2811 1733 2828 1758 ,
2846 1703 2978 1750 non
2992 1687 3255 1752 habebis
3279 1691 3521 1771 partem
3546 1705 3830 1752 mecum.
3855 1706 3886 1745 ι

2348 1789 2585 1872 Magna
2600 1792 2870 1873 dilectio,
2898 1795 3072 1877 quod
3098 1794 3388 1860 Christus
3415 1794 3740 1860 sordidam
3764 1793 3891 1858 ani-

2349 1914 2526 1961 mam
2551 1898 2745 1963 semel
2763 1899 3033 1965 mundat
3053 1901 3308 1966 lavacro
3333 1901 3653 1981 fluminis3
3683 1902 3893 1983 major

2348 2007 2592 2084 autem,
2607 2006 2778 2088 quod
2795 2007 2979 2071 toties
2999 2008 3268 2072 mundat
3292 2008 3547 2073 lavacro
3567 2007 3857 2071 flaminis
3875 2028 3892 2084 3

2350 2111 2635 2175 maxima
2657 2130 2846 2192 vero,
2887 2114 3060 2196 quod
3091 2115 3426 2180 mundavit
3461 2115 3723 2180 lavacro
3750 2130 3895 2178 san-

2352 2217 2571 2299 guinis
2590 2218 2676 2283 ¹’:
2712 2242 2745 2280 α
2777 2219 3005 2285 Dilexit
3034 2238 3175 2301 nos,
3220 2224 3286 2286 et
3315 2221 3475 2287 lavit
3499 2239 3618 2286 nos
3658 2240 3703 2285 a
3748 2239 3895 2305 pec-

2348 2324 2503 2388 catis
2541 2326 2772 2390 nostris
2817 2326 2887 2391 in
2928 2329 3244 2409 sanguine
3287 2347 3430 2393 suo.
3471 2349 3502 2388 ι
3538 2328 3729 2393 Certe
3770 2327 3893 2392 nisi

2350 2422 2551 2497 mater
2566 2433 2866 2516 diligeret
2880 2435 3114 2515 filium,
3136 2437 3403 2502 taedium
3422 2436 3696 2501 haberet
3710 2434 3897 2501 toties

2348 2557 2498 2603 eum
2530 2541 2865 2622 mundare,
2895 2545 2959 2605 et
2984 2556 3230 2625 pannos
3257 2545 3400 2626 ejus
3427 2542 3718 2622 abluere,
3742 2560 3899 2626 quo-

2348 2646 2464 2711 ties
2502 2647 3008 2714 immundantur.
3048 2648 3316 2715 Attende
3361 2668 3559 2734 quam
3599 2654 3897 2714 materne

2353 2753 2635 2820 Christus
2680 2774 2797 2821 nos
2838 2757 3091 2837 dilexit,
3123 2757 3236 2841 qui
3266 2761 3359 2822 tot
3396 2756 3597 2821 millia
3642 2758 3895 2835 anima-

2351 2881 2497 2926 rum
2529 2865 2926 2930 sordidarum
2940 2862 3135 2930 ‘toties
3162 2865 3335 2930 mille
3362 2864 3612 2930 vicibus
3639 2884 3684 2929 a
3710 2865 3899 2930 toties

2347 2970 2521 3035 mille
2553 2972 3008 3038 sordidissimis
3042 2974 3310 3056 peccatis
3337 2973 3527 3038 lavat.
3559 2971 3735 3039 Vere
3764 2976 3899 3057 ipse

2348 3078 2555 3144 dicere
2596 3084 2798 3162 potest
2834 3080 3094 3145 cuilibet
3125 3085 3416 3146 nostrum
3440 3130 3458 3160 ,
3488 3081 3666 3164 quod
3694 3081 3900 3147 David

2345 3185 2424 3250 de
2467 3185 2740 3251 Ionatha
2762 3186 2914 3251 dicit
2960 3189 3051 3250 ¹⁸:
3091 3211 3121 3249 α
3150 3186 3330 3252 Sicut
3372 3192 3576 3252 mater
3624 3188 3897 3254 unicum

2345 3296 2519 3356 amat
2544 3293 2781 3374 filium,
2813 3294 2901 3358 ita
2928 3313 3055 3377 ego
3082 3299 3144 3359 te
3170 3294 3540 3377 diligebam.
3565 3316 3597 3355 s

2426 3399 2512 3464 De
2553 3401 2826 3467 secundo
2848 3402 2892 3439 ¹⁸
2921 3421 2939 3466 ε
2981 3426 3013 3465 «1
3034 3402 3371 3467 Ambulate
3411 3402 3482 3466 in
3508 3403 3856 3471 dilectione
3875 3451 3897 3483 ,

2347 3506 2512 3572 sicut
2539 3513 2603 3572 et
2638 3508 2922 3575 Christus
2956 3509 3176 3573 dilexit
3204 3527 3362 3590 nos,
3397 3515 3461 3573 et
3497 3512 3768 3577 tradidit
3798 3533 3898 3579 se-

2347 3616 2690 3698 metipsum
2725 3634 2844 3699 pro
2874 3616 3060 3681 nobis
3096 3617 3477 3682 oblationem
3504 3623 3569 3683 et
3608 3619 3902 3686 hostiam

2345 3721 2492 3804 Deo,
2510 3744 2543 3783 n
2565 3726 2683 3787 etc.
2703 3745 2718 3787 z
2737 3724 3045 3805 pronubis
3066 3743 3184 3789 suo
3192 3723 3364 3788 Patri
3377 3726 3897 3794 reconciliandis.

2347 3827 2514 3894 Bene
2541 3828 2691 3894 dicit
2716 3831 3123 3914 semetipsum
3138 3878 3156 3910 ,
3187 3849 3321 3895 non
3355 3848 3545 3895 ovem
3567 3879 3588 3911 ‚
3630 3833 3744 3899 vel
3783 3835 3899 3900 bo-

2347 3952 2524 4015 vem,
2556 3935 2720 4000 sicut
2762 3937 2831 4000 in
2870 3936 3057 4019 lege;
3087 3954 3222 4000 non
3248 3954 3484 4002 aurum
3510 3937 3619 4003 vel
3646 3957 3896 4022 argen-

2344 4045 2486 4106 tum
2515 4042 2559 4079 ¹⁸
2610 4062 2627 4108 ι
2656 4068 2687 4105 «
2718 4042 2859 4110 Non
2898 4044 3416 4128 corruptibilibus
3456 4064 3621 4112 auro
3650 4050 3765 4116 vel
3791 4069 3899 4116 ar-

2345 4158 2575 4236 gento;
2596 4175 2628 4215 n
2654 4173 2786 4219 non
2809 4154 3118 4221 Ioannem
3146 4155 3489 4241 Baptistam
3504 4207 3525 4239 ‚
3553 4160 3664 4225 vel
3686 4163 3899 4229 alium

2344 4263 2624 4327 amicum
2646 4310 2665 4341 ,
2703 4261 2806 4327 vel
2842 4261 3211 4328 Michaelem
3230 4310 3251 4343 ‚
3283 4264 3388 4329 vel
3417 4266 3738 4348 angelum
3776 4269 3903 4334 ali-

2343 4386 2538 4451 quem
2562 4417 2581 4445 ,
2611 4387 2743 4433 non
2777 4374 3048 4434 matrem
3077 4388 3260 4434 suam
3288 4372 3489 4454 (quod
3516 4375 3902 4442 maximum

2343 4475 2591 4559 fuisset)
2625 4499 2640 4542 z
2673 4479 2805 4541 imo
2831 4476 3114 4560 seipsum
3131 4525 3154 4557 ,
3184 4480 3575 4562 stupendum
3598 4484 3788 4565 quod
3808 4485 3906 4550 di-

2344 4583 2428 4647 cit
2454 4601 2570 4667 pro
2596 4583 2803 4663 nobis„
2824 4583 3359 4650 immensissimas
3387 4605 3506 4669 pro
3532 4588 3903 4657 vilissimis.

2344 4689 2693 4772 Gregorius
2704 4691 2778 4753 ¹⁸:
2803 4712 2835 4751 α
2849 4689 2898 4767 Q
2908 4709 3054 4755 uam
3065 4692 3377 4774 stupenda
3386 4692 3679 4775 dulcedo,
3695 4715 3906 4781 quam

2343 4797 2583 4863 invicta
2608 4795 3033 4862 mansuetudo
3051 4845 3070 4878 ,
3101 4815 3329 4879 regem
3359 4797 3588 4879 gloriae
3620 4819 3753 4884 pro
3790 4804 3910 4870 de-

2341 4907 2730 4990 spectissimo
2740 4905 3091 4973 vermiculo
3099 4908 3393 4988 crucifigi
3411 4913 3426 4972 l
3442 4906 3784 4977 »Tradidit
3796 4933 3913 4979 au·

2341 5018 2472 5079 tem
2498 5013 2930 5097 semetipsum,
2946 5014 3110 5079 sicut
3118 5013 3310 5079 Jonas
3337 5014 3407 5079 in
3431 5017 3588 5082 navi
3608 5017 3658 5056 ¹¹¹
3680 5021 3773 5086 ad
3793 5024 3854 5105 ej
3865 5022 3911 5086 i-

2341 5160 2362 5188 ⁹
2387 5158 2550 5219 Joan„
2586 5168 2720 5219 1111,
2754 5160 2800 5207 l.
2831 5184 2895 5195 —
2932 5158 2972 5192 ¹·
3013 5157 3219 5222 ὤνιοι,
3261 5170 3312 5223 v,
3352 5161 3517 5210 2526.
3551 5185 3613 5197 —
3657 5163 3702 5197 ⁸¹
3728 5165 3909 5231 Joan„

2341 5240 2467 5292 1111,
2515 5230 2564 5279 8.
2596 5254 2659 5266 —
2699 5229 2738 5262 ¹²
2776 5229 2950 5291 Apoc„
2996 5237 3041 5291 1,
3082 5230 3129 5278 5.
3168 5252 3232 5265 -—
3275 5228 3316 5263 ¹³
3351 5229 3395 5279 ΙΙ
3438 5229 3575 5293 Βερ..
3619 5242 3669 5292 ι,
3717 5237 3806 5288 26,
3846 5263 3912 5275 .-

2341 5299 2386 5405 ἒξ
2403 5297 2776 5435 fixio-{fivia
2804 5321 2867 5336 —
2907 5298 2952 5334 ¹⁸
2987 5297 3017 5348 1·
3038 5297 3199 5360 Patr..
3231 5309 3276 5361 1,
3317 5302 3367 5350 s.
3399 5325 3456 5337 -
3498 5302 3543 5337 ¹⁸
3572 5302 3813 5370 δωρον.
3846 5335 3911 5349 .-

2407 5461 2475 5524 (α)
2504 5458 2629 5511 oet.
2655 5457 2777 5510 edit.
2805 5459 3177 5524 prospexerint.
