4059 6317
905 533 1287 607 DOMINICA
1323 533 1379 605 V
1417 531 1619 605 POST
1659 533 2247 613 PENTECOSTEN.
2293 543 2556 618 SERMO
2597 549 2683 620 IL·

190 678 459 746 natione
480 696 602 764 pro
646 676 837 743 modo
882 675 1120 760 peccati
1164 673 1583 757 singulariter
1623 693 1736 740 ex-

189 789 594 872 primuntur,
619 785 971 850 secundum
997 783 1171 867 quod
1196 782 1346 848 dicit
1374 781 1589 847 Glossa
1622 800 1739 847 su-

189 913 314 980 per
350 894 513 960 illud
563 894 835 960 verbum
882 890 1174 956 hodierni
1221 890 1586 972 evangelii,
1615 890 1739 954 sci·

189 1004 343 1068 licet
397 1026 415 1070 t
468 1003 635 1069 Reus
681 1002 808 1069 erit
846 999 1149 1084 aehennae
1186 999 1384 1082 ionis.
1414 997 1741 1080 Rogemus

190 1127 394 1191 ergo,
426 1113 547 1174 etc.

728 1277 1020 1350 SERMO
1067 1278 1130 1347 Π
1157 1283 1204 1346 ¹.

271 1435 364 1502 Si
389 1449 534 1517 erqo
560 1434 750 1518 offers
773 1448 1010 1500 munus
1038 1437 1219 1499 tuum
1244 1436 1269 1473 ¹
1284 1476 1307 1505 ‚
1350 1434 1470 1496 etc.
1517 1429 1738 1496 Consi-

187 1542 549 1607 derandum
567 1545 662 1606 est
678 1541 857 1625 quid,
876 1542 1003 1619 cui,
1024 1544 1361 1624 quantum,
1390 1539 1732 1623 quomod0‚

192 1650 330 1730 ubi,
360 1650 640 1733 quando,
669 1649 900 1714 offerre
925 1648 1253 1714 debemus.

270 1756 484 1835 Quid?
536 1757 690 1841 quia
735 1760 924 1821 tuum
942 1803 967 1835 ,
1012 1773 1148 1821 non
1193 1754 1511 1832 alienum3
1564 1753 1737 1818 unde

186 1865 295 1930 hic
328 1887 345 1930 ε
381 1865 456 1932 Si
478 1863 667 1948 offers
703 1877 940 1928 munus
979 1867 1183 1930 tuum.
1237 1861 1538 1945 Alioquin
1580 1860 1736 1925 time

184 1975 347 2036 tunc
375 1973 545 2056 quod
571 1972 803 2037 dicitur
827 1972 851 2009 ⁸
883 1993 900 2035 :
941 1993 973 2031 (1
999 1970 1122 2048 Qui
1147 1968 1334 2034 ofiert
1355 1966 1735 2032 sacrificium

184 2078 269 2144 de
297 2079 655 2144 substantia
687 2096 1046 2162 pauperum
1062 2125 1086 2156 ,
1117 2075 1305 2159 quasi
1345 2075 1459 2158 qui
1501 2076 1735 2138 mactat

185 2183 403 2248 fllium
428 2185 500 2248 in
527 2188 865 2268 conspectu
880 2184 1089 2267 patris
1107 2182 1234 2247 sui.
1250 2203 1282 2242 s
1306 2180 1689 2262 Gregorius*
1712 2203 1731 2243 ι

194 2316 227 2353 α
255 2293 581 2377 Quidquid
606 2293 681 2358 in
706 2293 817 2358 Dei
841 2292 1148 2357 sacrificio
1175 2308 1260 2355 ex
1285 2288 1521 2354 scelere
1549 2288 1735 2353 offer·

187 2404 337 2481 tur,
368 2400 829 2484 Omnipotentis
872 2417 1007 2465 non
1051 2399 1255 2482 placat
1295 2397 1690 2462 iracundiam
1704 2445 1726 2477 ,

186 2508 298 2573 sed
324 2508 558 2574 irritat.
588 2529 620 2568 n
655 2506 798 2573 Non
841 2511 1059 2572 autem
1096 2509 1210 2570 tua
1242 2504 1555 2570 deteriora
1570 2552 1593 2584 ,
1622 2503 1732 2569 sed

188 2618 436 2702 optima
461 2618 691 2684 offerre
725 2619 952 2696 debes,
1002 2616 1166 2681 sicut
1213 2615 1402 2686 Abel:
1447 2613 1732 2698 alioquin

188 2726 341 2792 Cain
369 2726 660 2791 imitaris.
693 2725 870 2791 Unde
907 2724 1260 2790 secundum
1289 2723 1481 2787 aliam
1519 2725 1730 2787 t1·ans-

184 2834 492 2899 lationem
517 2833 749 2898 dicitur
793 2834 815 2869 ⁸
868 2851 886 2896 τ
943 2855 976 2894 α
1020 2830 1246 2897 Nonne
1287 2832 1341 2896 si
1385 2834 1556 2896 recte
1596 2847 1729 2895 non

185 2941 443 3020 offeras,
470 2940 709 3005 sirecte
722 2958 851 3005 non
863 2938 1131 3019 dividas,
1160 2939 1512 3022 peccastm
1541 2936 1729 3003 Recte

185 3068 319 3114 non
344 3047 582 3114 obtulit
605 3050 736 3114 Deo
758 3064 897 3124 sua,
929 3046 1083 3129 quia
1111 3049 1278 3111 recte
1304 3064 1436 3111 non
1469 3025 1724 3124 divisit,

185 3155 337 3239 quia
348 3155 635 3238 seipsum
653 3154 925 3234 diabolo,
944 3152 1047 3218 vel
1074 3155 1227 3237 quia
1249 3153 1507 3217 viliores
1522 3154 1727 3236 spicas

184 3259 579 3327 Deoobtulit.
605 3261 752 3339 Sed,
772 3261 938 3326 heu!
959 3261 1026 3325 id
1051 3260 1238 3325 hodie
1253 3259 1722 3324 faciuntmulti:

186 3369 576 3434 vilissimum
645 3368 984 3435 denarium
1060 3367 1370 3434 secerdoti
1386 3413 1408 3446 ,
1487 3366 1724 3460 vilissi7

184 3494 392 3555 mum,
425 3475 600 3559 quod
622 3476 809 3541 estin
837 3474 1135 3555 scutella,
1176 3474 1463 3558 pauperi,
1494 3474 1729 3539 vilissi-

185 3600 358 3647 mam
385 3582 633 3666 prolem
659 3582 959 3665 religioni
986 3583 1285 3649 offerunt.
1309 3581 1537 3647 Contra
1554 3581 1727 3666 quod

184 3690 419 3756 dicitur
443 3694 467 3729 ¹
498 3711 517 3757 z
554 3714 587 3753 α
611 3690 678 3757 Si
705 3692 936 3757 offeras
975 3691 1275 3756 claudum
1313 3691 1419 3757 vel
1464 3691 1720 3773 langui-

183 3797 364 3880 dum,
393 3817 611 3863 nonne
644 3799 889 3864 malum
918 3800 1055 3864 est?
1079 3820 1112 3859 ι»

259 3905 424 3972 Item
450 3906 591 3971 cuii
614 3905 748 3970 ⁴Deo
771 3911 795 3949 '¹
824 3927 840 3969 ε
883 3928 914 3967 ι
940 3903 1148 3970 Erunt
1174 3905 1440 3970 Domino
1453 3905 1725 3971 offeren-

181 4016 273 4077 ten
300 4013 689 4079 sacrificium
716 4014 784 4078 in
801 4012 1074 4096 justitia.
1104 4032 1136 4072 ⁸
1187 4012 1505 4096 Quidquid
1548 4015 1723 4080 enim

182 4119 332 4186 boni
359 4139 584 4186 amore
608 4119 721 4186 Dei
756 4119 941 4202 facis»,
971 4120 1162 4187 offers
1201 4120 1352 4186 Deo.
1396 4121 1420 4158 ⁸
1471 4144 1504 4184 α
1551 4123 1723 4192 Βο110

180 4228 276 4293 fac
300 4233 557 4310 tecum,
587 4232 654 4294 et
678 4228 946 4294 Domino
992 4229 1152 4295 offer
1176 4229 1409 4311 dignas
1450 4230 1719 4299 oblatio·

177 4349 313 4401 1108.
343 4358 377 4397 n
416 4335 564 4415 Sed,
608 4336 777 4401 heul
823 4335 1009 4401 multi
1048 4337 1196 4420 plus
1220 4339 1469 4418 ventri,
1522 4359 1720 4422 quam

180 4441 328 4522 De0‚
355 4442 508 4527 plus
533 4442 916 4523 simoniacis,
946 4444 1422 4525 meretricibus,
1458 4446 1716 4514 histrio-

176 4549 369 4615 nibus
390 4599 411 4631 ‚
456 4549 849 4632 cauponibus
869 4598 888 4628 ,
937 4553 1001 4614 et
1042 4550 1359 4617 similibus
1397 4553 1716 4637 offerunt,

177 4674 374 4740 quam
421 4655 589 4738 Deo;
618 4658 750 4721 imo
775 4660 943 4722 certe
987 4657 1239 4723 diabolo
1284 4660 1562 4726 offerunt
1604 4681 1719 4746 per

179 4781 411 4829 manus
436 4762 664 4829 talium
680 4811 699 4841 ‚
742 4781 969 4829 eorum
1009 4764 1359 4831 oblationes
1405 4769 1716 4853 recipien-

178 4872 366 4938 tium.
396 4870 577 4936 Unde
602 4871 890 4936 offerenti
917 4870 1039 4936 diis
1065 4870 1318 4954 alienia,
1347 4874 1414 4939 id
1450 4880 1546 4940 est
1582 4876 1720 4943 1181-

180 4983 505 5063 monibus,
535 4981 768 5047 dicitur
790 4981 814 5018 ⁹
845 5001 865 5046 ε
904 5004 935 5043 ι
960 4979 1254 5046 Effudisti
1275 4982 1576 5067 lihamen,
1601 4987 1719 5052 ob-

180 5089 383 5155 tulisti
406 5087 733 5154 sacriflcia.
762 5086 1095 5171 Numquid·
1113 5106 1303 5171 super
1325 5089 1429 5155 his
1452 5109 1584 5157 non
1612 5093 1716 5160 in-

184 5252 261 5375 ..ἰ
285 5256 432 5378 ἓξὲξ
457 5256 511 5306 0²
531 5252 893 5376 now
910 5250 1519 5380 sma‘scz’zzbtssssssz·
1552 5258 1714 5380 {²:³¹³-

188 5397 209 5433 1»
237 5399 389 5464 cmg,
422 5423 485 5437 -
516 5398 542 5433 ⁸
569 5396 714 5460 Gen„
746 5405 818 5459 iv,
845 5396 895 5457 7,
912 5393 1064 5458 juxta
1092 5396 1244 5456 Lxx,
1270 5396 1362 5447 sed
1389 5398 1538 5450 aliter
1563 5415 1578 5450 τ
1609 5404 1718 5454 Οὔκ

186 5467 267 5518 ἐὰν
297 5470 448 5536 ὀρθῶς
471 5467 824 5536 προσινίγιης,
855 5465 1007 5532 ὀρθῶς
1032 5467 1087 5518 δὲ
1115 5467 1181 5530 μὴ
1207 5468 1381 5530 adine,
1408 5470 1636 5540 ἥμαρτες
1663 5474 1717 5524 id

187 5543 264 5594 eat
290 5555 305 5590 ε
328 5540 503 5592 Nonne
537 5539 581 5589 si
604 5543 736 5590 recte
760 5536 964 5602 offeras,
999 5551 1099 5588 non
1133 5543 1300 5590 autem
1336 5543 1466 5591 reete
1500 5542 1718 5611 dividas,

3265 568 3385 635 355

1848 676 2211 760 dignabor?
2254 705 2286 745 ι
2316 683 2478 766 Sed,
2511 687 2673 754 heul
2704 707 2832 756 non
2864 694 3075 761 solum
3101 716 3246 783 res,
3274 704 3387 769 sed

1848 784 2013 850 filios
2038 788 2231 854 etiam
2257 792 2510 859 diabolo
2537 797 2814 865 offerunt
2832 849 2852 882 ‚
2881 803 3055 886 ipsos
3095 807 3165 873 in
3211 811 3387 879 vitiis

1847 893 2196 978 educando,
2236 902 2339 966 vel
2366 902 2673 987 injustam
2702 908 2794 973 eis
2820 911 3254 983 haereditatem
3280 939 3387 985 re-

1846 1000 2197 1085 linquendo
2221 1026 2338 1090 per
2361 1028 2557 1092 quam
2599 1032 2851 1098 semper
2891 1020 3127 1087 diaboli
3167 1032 3381 1094 erunt.

1847 1104 2184 1177 Psalmista
2199 1114 2244 1156 ¹⁰
2266 1136 2281 1178 :
2297 1137 2327 1176 α
2341 1118 2839 1188 immolaverunt
2849 1126 3017 1193 filios
3025 1148 3195 1214 suos,
3208 1155 3239 1194 n
3260 1139 3382 1200 etc.

1926 1214 2083 1281 item
2110 1226 2462 1301 quantum?
2505 1224 2778 1302 Quilibet
2811 1233 2986 1298 enim
3030 1242 3385 1307 secundum

1842 1338 2035 1386 suam
2061 1324 2425 1394 facultatem
2454 1332 2497 1368 ¹¹
2544 1351 2562 1395 ε
2595 1357 2626 1394 κ
2659 1333 2893 1404 Offeret
2939 1348 3384 1432 unusquisque

1844 1432 2195 1496 secundum
2215 1436 2385 1517 quod
2403 1437 2649 1520 hebuit,
2668 1444 2860 1525 juxta
2884 1447 3383 1522 benedictionem

1841 1533 2095 1601 Domini
2122 1539 2233 1604 Dei
2262 1543 2391 1607 sui.
2433 1566 2465 1605 ι
2502 1546 2618 1610 Cui
2662 1550 2837 1615 enim
2886 1554 3197 1625 Dominus
3239 1564 3384 1646 plus

1842 1641 2166 1716 benedixit
2190 1647 2257 1711 in
2284 1651 2722 1736 naturalibus,
2764 1659 2884 1724 vel·
2908 1664 3343 1745 spiritualibus
3358 1722 3375 1754 ‚

1841 1751 1947 1815 vel
1974 1757 2432 1837 temporalibus
2455 1762 2659 1842 1101118,
2687 1767 2834 1850 plus
2860 1774 3088 1839 merito
3106 1776 3228 1859 ipsi
3255 1797 3383 1845 ser-

1842 1859 1982 1924 vire
2009 1861 2216 1928 debet.
2250 1867 2299 1904 ¹¹
2336 1889 2368 1926 «ι
2394 1865 2463 1932 Si
2489 1873 2764 1937 multum
2791 1877 2906 1942 tibi
2930 1879 3157 1965 fuerit,
3191 1907 3223 1947 n
3257 1892 3375 1955 etc.

1845 1965 2027 2042 Quod
2051 1971 2149 2034 est
2174 1977 2393 2038 contra
2419 1994 2648 2043 avaros
2673 1981 2930 2066 divites,
2962 1991 3075 2072 qui
3106 2011 3277 2078 saepe
3310 1998 3379 2061 in

1840 2072 2261 2160 eleemosynis
2273 2082 2487 2148 minus
2498 2086 2800 2171 offerunt,
2817 2110 2964 2175 quae
2980 2098 3062 2180 (α)
3079 2100 3186 2164 alii
3200 2103 3383 2169 valde

1840 2199 2150 2266 pauperes
2178 2189 2246 2252 in
2274 2191 2486 2258 rebus.
2508 2194 2588 2259 Et
2611 2199 2828 2264 tamen
2848 2205 3169 2285 quadrans
3185 2229 3383 2294 quan-

1840 2288 2050 2372 doque
2075 2296 2374 2377 pauperis
2414 2301 2511 2364 est
2543 2319 2620 2367 ac
2653 2307 2829 2386 prior
2859 2308 2959 2391 (b),
2989 2331 3187 2395 quam
3217 2336 3382 2384 mar-

1840 2395 1962 2461 cha
1988 2398 2205 2464 divitis
2234 2403 2277 2439 ¹⁸
2305 2426 2320 2466 :
2362 2429 2394 2465 «
2421 2405 2581 2473 Vere
2608 2410 2747 2476 dico
2771 2414 2975 2498 vobis,
3005 2421 3159 2501 quia
3183 2424 3382 2492 vidua

1838 2502 1978 2569 haee
2003 2525 2251 2591 pauper
2281 2512 2426 2593 plus
2450 2534 2647 2597 quam
2679 2536 2901 2587 omnes
2917 2572 2939 2604 ,
2968 2547 3000 2586 ι
3053 2533 3172 2594 etc.
3219 2530 3380 2599 Gre-

1842 2613 2067 2691 gorius
2095 2614 2186 2681 ²⁸:
2226 2639 2258 2677 α
2286 2616 2407 2684 Cor
2435 2640 2746 2709 namque,
2796 2634 2860 2696 et
2901 2652 3034 2699 non
3076 2638 3374 2707 substan-

1836 2720 2012 2803 tiam,
2046 2731 2271 2806 pensat
2293 2728 2483 2796 Deus.
2514 2732 2569 2797 N
2571 2753 2643 2799 00
2685 2741 3019 2821 perpendit
3061 2752 3376 2827 quantum

1837 2827 1907 2893 in
1934 2832 2076 2912 ejus
2106 2834 2442 2915 sacrificio,
2474 2841 2585 2905 sed
2611 2859 2695 2907 ex
2721 2851 2960 2927 quanto
2986 2850 3310 2921 offeratur.
3337 2879 3369 2918 n

1928 2935 2083 3003 ltem
2114 2944 2413 3023 quando?
2442 2948 2596 3030 quia
2623 2950 3058 3036 frequentas·
3088 2982 3120 3022 ιι
3138 2961 3378 3031 Offerre

1837 3045 2078 3112 debetis
2102 3066 2312 3131 agnos
2337 3055 2670 3122 anniculos
2700 3060 3168 3150 immaculatos,
3211 3091 3376 3156 quo-

1834 3153 1988 3218 tidie
2015 3155 2178 3221 duos
2206 3158 2273 3223 in
2322 3159 2763 3231 holocaustum
2805 3161 3287 3254 sempiternum.
3335 3203 3369 3242 n

1836 3258 1961 3325 Per
1982 3262 2144 3328 duos
2169 3283 2378 3346 agnos
2403 3268 2642 3352 duplex
2667 3272 3028 3346 innocentia
3053 3284 3375 3367 signifiea-

1834 3369 1968 3445 tur,
1999 3370 2234 3436 scilicet
2255 3375 2489 3441 animae
2515 3381 2581 3443 et
2621 3385 2903 3465 corporis
2921 3435 2940 3464 ,
2981 3407 3180 3473 quam
3223 3413 3374 3461 cum

1834 3473 1979 3539 aliis
2000 3476 2187 3542 bonis
2213 3482 2510 3563 operibus
2554 3490 2840 3569 quotidie
2879 3494 3109 3564 offerre
3153 3501 3368 3570 debes.

1835 3582 1881 3618 ¹⁸
1916 3605 1949 3644 α
1977 3581 2179 3652 Omne
2203 3605 2365 3671 opus
2389 3594 2618 3658 servile
2646 3614 2780 3661 non
2809 3598 3047 3667 facietis
3071 3605 3142 3671 in
3180 3627 3280 3689 eo,
3308 3615 3376 3678 et

1834 3687 2118 3756 offeretis
2143 3695 2618 3782 holocaustum,
2650 3725 2682 3765 n
2717 3709 2836 3772 ete.
2866 3707 2990 3775 Sed
3005 3760 3024 3793 ,
3054 3714 3214 3781 heu!
3245 3720 3371 3784 fes-

1832 3796 1983 3863 tivis
1997 3799 2225 3865 diebus
2242 3805 2679 3889 multipliciter
2701 3814 2886 3879 multi
2897 3822 3210 3900 peccando
3228 3826 3372 3908 plus

1832 3903 2112 3971 offerunt
2138 3908 2411 3992 diabolo,
2441 3932 2636 3997 quam
2680 3919 2831 3987 Deo.
2866 3923 3012 3993 ldeo
3036 3930 3130 3994 ait
3154 3931 3368 3998 Domi-

1829 4027 1955 4075 nus
1978 4012 2024 4050 ¹⁷
2058 4035 2074 4079 ε
2102 4037 2137 4077 α
2155 4014 2271 4082 Odi
2294 4022 2358 4083 et
2375 4022 2615 4104 projeci
2642 4026 3011 4099 festivitates
3031 4043 3295 4105 vestras.
3328 4063 3362 4102 n

1830 4114 1971 4183 Non
1998 4121 2208 4187 solum
2230 4128 2445 4191 autem
2475 4129 2859 4219 frequenter,
2892 4141 3003 4207 sed
3034 4144 3227 4211 etiam
3244 4150 3370 4233 pri·

1831 4241 2015 4291 mum
2041 4228 2437 4299 offerendum
2462 4242 2559 4303 est
2581 4239 2710 4308 Deo
2737 4244 2783 4287 ¹⁸
2808 4264 2828 4311 ε
2860 4270 2893 4309 α
2912 4246 3052 4316 Νο11
3078 4258 3367 4324 comede-

1828 4332 1916 4398 tis
1939 4353 2023 4399 ex
2044 4343 2261 4419 segete
2285 4358 2494 4426 usque
2517 4346 2587 4412 in
2614 4349 2804 4433 diem,
2837 4373 2967 4438 quo
2989 4359 3269 4429 offeretis
3284 4384 3369 4431 ex

1830 4457 1907 4505 ea
1927 4442 2001 4523 (c)
2026 4442 2160 4509 Deo
2186 4452 2421 4515 vestro.
2449 4472 2481 4512 ι
2514 4453 2601 4521 De
2631 4455 2756 4523 1100
2782 4463 2999 4544 cogita
3023 4466 3093 4531 in
3121 4487 3365 4539 mensa.

1910 4549 2070 4615 ltem
2095 4553 2251 4619 uhi?
2275 4559 2429 4640 quia
2453 4562 2534 4627 ad
2552 4563 2770 4634 altaro.
2799 4568 2977 4640 Unde
3001 4575 3107 4641 hio
3128 4600 3144 4642 ι
3164 4543 3366 4664 sior-

1830 4655 2208 4736 serenianus
2235 4669 2423 4755 tuum
2446 4668 2538 4733 ad
2561 4671 2792 4742 altare.
2820 4676 2968 4762 Sed,
2989 4681 3156 4750 hen!
3179 4690 3366 4756 multi

1827 4762 2018 4831 hodie
2049 4767 2197 4849 plus
2221 4771 2303 4836 ad
2331 4773 2560 4857 aleam,
2590 4781 2656 4842 et
2679 4781 2761 4847 ad
2785 4784 3019 4855 similia
3045 4791 3365 4881 offerunt,

1822 5106 2082 5207 peccasti?
2124 5135 2189 5147 —
2230 5112 2250 5143 ⁸
2289 5112 2498 5176 Halae„
2544 5129 2594 5183 1,
2639 5122 2690 5172 8.
2730 5148 2792 5163 —
2829 5127 2847 5158 ‘¹
2894 5127 3043 5194 ibid„
3086 5144 3175 5196 m,
3218 5137 3267 5188 3.
3303 5163 3366 5177 —

1872 5180 2059 5243 Eccln„
2087 5193 2207 5247 xiv,
2236 5187 2317 5234 11.
2341 5211 2405 5224 -
2427 5188 2451 5224 θ
2471 5189 2594 5254 Ιειι.,
2624 5204 2762 5259 nvn,
2789 5200 2837 5249 6.
2859 5225 2923 5237 —
2947 5202 2987 5237 ¹⁶
3009 5204 3146 5255 Peal.
3173 5219 3257 5272 cv,
3282 5212 3364 5264 37.

1826 5275 1891 5286 —
1914 5250 1955 5285 ¹¹
1980 5250 2153 5310 Dent„
2182 5266 2299 5318 xvi,
2331 5259 2407 5308 Π.
2434 5285 2493 5297 -
2523 5262 2563 5296 ¹²
2592 5263 2725 5327 rob„
2756 5279 2826 5328 w,
2855 5273 2901 5321 9.
2926 5298 2990 5311 -
3015 5274 3060 5310 ¹⁸
3085 5276 3223 5342 Luc„
3251 5263 3341 5334 ixi

1828 5322 1876 5372 3.
1904 5347 1968 5359 -
2005 5322 2050 5358 ¹⁸
2081 5326 2297 5392 Gregor.
2324 5354 2383 5365 —
2418 5329 2464 5366 ¹⁸
2501 5333 2676 5398 Num„
2705 5350 2902 5406 xxvm,
2933 5346 2981 5396 9.
3010 5373 3071 5385 -
3116 5351 3155 5383 ¹⁸
3186 5353 3323 5405 Iaem't
3346 5319 3366 5347 ⁹

1826 5403 1987 5466 nnn,
2016 5399 2096 5447 25.
2126 5424 2184 5435 -
2218 5400 2258 5434 ¹²
2282 5401 2450 5466 Amos,
2484 5415 2535 5465 ν,
2560 5409 2642 5457 21.
2672 5435 2733 5447 -
2759 5410 2804 5447 ¹⁸
2829 5414 3008 5484 Levia,
3035 5431 3190 5488 xxm,
3223 5429 3297 5477 14.
3326 5390 3363 5419 ⁶⁹

1892 5478 1960 5540 (a)
1989 5479 2144 5533 Forte
2167 5484 2264 5547 leq.
2293 5499 2531 5552 quam.-—-
2559 5491 2624 5558 (ὁ)
2654 5495 2776 5547 Item
2798 5502 3218 5581 acceptior3—(c)
3237 5507 3361 5564 ooet.
