4059 6317
3381 479 3450 527 111

282 590 557 673 Angelus
584 586 797 662 Rocca,
832 584 927 649 uti
956 586 1131 668 patet
1155 601 1237 648 ex
1266 581 1365 661 iis,
1397 597 1547 664 quae
1574 579 2023 645 animadvertit
2044 581 2125 645 ad
2153 581 2530 646 Sermonem
2559 584 2912 649 secundum
2930 585 3010 652 de
3032 586 3110 653 B.
3138 589 3222 657 M.
3255 592 3349 671 V„
3382 597 3452 661 in

280 709 491 775 ordine
515 705 919 787 trigesimum
946 705 1251 766 octavum
1284 700 1453 764 inter
1480 697 1824 763 Sermones
1850 699 1929 761 de
1966 697 2214 762 Sanctis
2241 699 2309 762 iu
2337 701 2687 779 communi,
2727 706 2793 766 et
2831 702 2900 766 in
2948 704 3327 776 Prael'atione
3369 713 3452 778 ad

275 827 593 891 lectorem
612 827 783 887 tomo
800 820 1147 885 Sermones
1168 815 1609 899 complectenti
1627 814 1982 897 praemissa.
2010 814 2328 880 Caeterum
2357 816 2526 880 idem
2557 815 2758 881 Rocca
2779 838 2928 884 cum
2954 839 3038 886 ex
3062 825 3228 907 stylo
3254 826 3454 894 Bona-

275 941 645 1007 venturiano
669 938 865 1022 probe
891 937 1013 1001 sibi
1054 937 1402 1018 comperto,
1432 936 1574 996 tum
1612 949 1695 995 ex
1736 931 1970 1010 codice,
2016 950 2212 1013 quem
2260 950 2397 1015 prae
2437 933 2637 998 oculis
2683 935 2979 1015 habebat,
3023 959 3153 1004 non
3200 941 3455 1011 difficile

273 1060 475 1144 potuit
499 1055 1090 1123 Bonaventurianos
1114 1050 1452 1117 Sermones
1479 1069 1519 1114 a
1547 1068 1678 1114 non
1705 1048 2277 1114 Bonaventurianis
2302 1050 2678 1131 discernere,
2709 1071 2785 1118 ac
2808 1072 3101 1138 separare
3130 1080 3145 1122 ε
3180 1062 3455 1129 maxime

272 1195 470 1261 quum
496 1176 615 1259 ipsi
640 1173 918 1259 potuerit
944 1190 1087 1237 esse
1113 1171 1483 1253 adjumento
1509 1167 2109 1232 eorumdemeditio
2142 1168 2305 1232 facta
2342 1167 2607 1234 Basileae
2631 1170 2803 1252 apud
2837 1171 3142 1239 Jaoobum
3175 1175 3452 1244 Piortze-

272 1295 474 1359 mium
517 1312 619 1358 an.
669 1295 852 1369 1502,
902 1289 969 1353 in
1015 1306 1149 1371 qua
1184 1286 1459 1351 distincti
1501 1284 1821 1349 habentur
1873 1285 1916 1348 ¹.
1965 1282 2319 1367 Nequidem
2368 1286 2529 1350 mibi
2570 1288 2893 1370 probatur,
2951 1293 3124 1374 quod
3169 1292 3458 1360 Oudinus

271 1415 516 1476 censeat
541 1410 749 1494 potius
776 1406 1207 1491 praestandam
1233 1403 1425 1467 fldem
1451 1401 1712 1466 editioni
1752 1399 2077 1481 Badianae‚
2108 1420 2303 1484 quam
2345 1401 2684 1468 vaticanae.
2735 1404 3023 1489 Namque
3069 1408 3148 1475 de
3196 1409 3451 1476 Sermo·

272 1528 454 1592 nibus
478 1527 776 1592 editionis
796 1524 1119 1602 Badianae‚
1150 1539 1283 1587 non
1303 1538 1456 1587 vero
1484 1520 1562 1585 de
1589 1520 1890 1584 omuibus
1914 1518 2261 1599 Vaticanae,
2287 1519 2564 1585 dubitari
2587 1526 2810 1604 potest,
2831 1525 3072 1622 ausint
3092 1525 3162 1591 F.
3187 1526 3457 1595 Conradi

279 1645 547 1712 Saxonis
565 1643 887 1710 Minoritae
908 1644 954 1709 ¹.

345 1770 403 1830 5.
435 1763 623 1841 Quod
652 1762 846 1828 etiam
878 1759 1219 1825 Sermones
1245 1756 1541 1822 editionis
1567 1755 1885 1820 Vaticanae
1915 1772 2047 1819 non
2076 1753 2203 1819 sint
2232 1756 2792 1840 (quemadmodum
2819 1765 2958 1843 post
2983 1761 3303 1829 oudinum
3332 1784 3460 1830 au-

268 1885 519 1947 tumant
556 1879 893 1945 novissimi
940 1876 1261 1956 Editores)
1305 1871 1631 1954 referendi
1668 1874 2133 1939 Bonaventuroe
2173 1871 2499 1939 Baduarz'o
2539 1891 2582 1939 α
2614 1874 2877 1958 Peraqa,
2923 1880 3184 1945 ostendo
3224 1882 3455 1963 primo,

267 1997 412 2080 quia
434 1998 610 2061 inter
645 2014 757 2060 eos
784 1994 1003 2058 nullus
1029 1996 1126 2057 est
1147 2009 1360 2055 sermo
1389 1989 1780 2071 respondeus
1824 1990 2175 2057 Dominieoe
2212 1991 2396 2070 infra
2430 1959 2722 2058 octavum
2764 1997 3049 2076 corporis
3086 1996 3353 2076 Christi,
3384 2016 3461 2063 eo

266 2115 427 2197 quod
476 2112 782 2177 Urbanus
816 2108 901 2175 Ν
929 2110 1120 2175 ruerit
1154 2110 1422 2191 primus,
1461 2109 1575 2191 qui
1614 2111 1723 2191 pie
1767 2110 2002 2176 statuit
2035 2110 2326 2191 proetatoe
2367 2112 2808 2180 institutionis
2846 2116 3219 2181 memoriam
3241 2119 3464 2198 prima

265 2235 488 2316 quinta
520 2234 704 2313 ferta
726 2237 870 2312 post
894 2231 1167 2296 octavas
1194 2230 1587 2297 Pentecostee
1603 2246 1646 2296 α
1672 2231 1924 2296 cunctis
1954 2229 2256 2310 fidelibus
2281 2229 2625 2311 celebrum
2649 2230 2933 2314 adeoque
2957 2232 3217 2298 illorum
3240 2240 3463 2300 auctor

265 2350 623 2415 censendus
649 2352 747 2413 est
768 2348 965 2430 longe
987 2346 1311 2429 antiquior
1348 2345 1794 2411 Bonaventura
1834 2345 2153 2411 Baduario
2193 2346 2691 2428 Augustiniano,
2722 2351 2910 2430 cujus
2949 2348 3160 2413 obitus
3192 2351 3463 2416 refertur

265 2466 338 2530 ab
365 2465 507 2530 aliis
530 2465 627 2530 ad
651 2483 761 2529 an.
795 2467 978 2542 1386,
1007 2463 1090 2527 ab
1114 2462 1256 2526 aliis
1281 2463 1361 2526 ad
1387 2480 1496 2526 an.
1530 2466 1713 2544 1389,
1741 2480 1991 2528 necnon
2014 2462 2096 2527 ad
2123 2481 2232 2527 an.
2260 2467 2416 2529 1396
2444 2468 2507 2527 et
2535 2465 2717 2528 1399.
2751 2462 2962 2528 Probo
2987 2464 3290 2544 secundo,
3308 2467 3461 2549 quia

266 2584 326 2646 in
345 2582 623 2665 proprio
650 2580 1034 2646 Sanctorum
1060 2579 1348 2662 ejusdem
1390 2571 1685 2645 editionis
1722 2580 1891 2647 inter
1920 2600 2246 2647 sermones
2273 2580 2696 2646 recentiorum
2719 2579 3100 2646 Sanctorum
3140 2582 3464 2649 habentur

265 2701 515 2783 quidem
556 2715 900 2764 sermones
945 2697 1079 2763 duo
1108 2698 1186 2762 de
1216 2696 1285 2762 S.
1314 2696 1593 2762 Antonio
1631 2698 1961 2778 Paduano,
1993 2705 2058 2764 et
2092 2717 2264 2763 unus
2296 2699 2374 2764 de
2416 2698 2484 2763 S.
2533 2697 2877 2776 Elisabeth,
2921 2700 3354 2782 spectantibus
3384 2702 3465 2766 ad

266 2816 562 2883 Ordinem
590 2813 663 2881 S.
700 2812 1042 2893 Francisci,
1071 2812 1184 2877 sed
1206 2811 1427 2877 nullus
1453 2812 1533 2877 de
1558 2813 1833 2894 Sanctis,
1863 2815 2001 2880 sive
2026 2815 2506 2893 recentioribu8‚
2539 2816 2677 2878 sive
2712 2814 3186 2898 antiquioribus
3221 2817 3466 2881 ordinis

260 2933 319 2997 S.
347 2931 737 3016 Augustini.
771 2930 947 3013 Ergo
978 2947 1207 2995 eorum
1231 2932 1455 2994 auctor
1476 2929 1828 2995 credendus
1848 2931 2061 3014 potius
2082 2935 2168 3014 (α)
2195 2931 2680 3010 Franciscanus,
2710 2948 2906 3013 quam
2928 2931 3462 3013 Angustinianus‚

262 3057 315 3116 et
338 3053 609 3136 quidem
638 3049 1110 3115 Franciscanus
1136 3047 1306 3111 tertii
1334 3046 1563 3111 decimi
1589 3047 1830 3112 saeculi.
1874 3046 2095 3131 Neque
2123 3048 2471 3114 verisimile
2497 3050 2617 3126 est,
2643 3046 2980 3129 Angelum
3022 3046 3292 3112 Roocam
3328 3049 3462 3112 Au-

262 3167 715 3249 gustinianum
752 3165 1065 3248 eripuisse
1104 3181 1221 3229 suo
1256 3162 1724 3228 Bonaventurae
1764 3163 2082 3229 Baduario
2120 3182 2471 3244 sermones,
2500 3168 2575 3229 ut
2615 3163 2755 3229 illos
2780 3161 3254 3229 Bonaventurae
3278 3163 3466 3230 Sera-

264 3284 442 3366 phico
469 3284 866 3364 adtingeret.
896 3281 1274 3346 Demonstro
1301 3280 1508 3360 tertio,
1539 3281 1696 3364 quia
1719 3284 1943 3346 auctor
1972 3282 2285 3346 sermonis
2324 3281 2405 3348 de
2458 3281 2523 3346 S.
2574 3279 2902 3347 Elisabeth
2927 3281 3020 3344 ita
3061 3297 3129 3344 se
3175 3297 3468 3345 coaevum

268 3401 633 3467 manifestat
669 3397 1055 3464 confessario
1080 3396 1368 3479 eiusdem
1395 3395 1666 3479 Sanctae,
1695 3402 1768 3463 ut
1794 3398 2029 3463 dixerit
2055 3420 2071 3463 ε
2113 3421 2144 3459 ι
2168 3398 2347 3463 Sicut
2373 3415 2502 3480 ego
2528 3397 2662 3480 ipse
2687 3397 2907 3462 audivi
2933 3397 3016 3460 ab
3051 3398 3194 3478 eJus
3219 3395 3465 3461 contes-

265 3520 447 3597 sariO,
482 3541 517 3578 1ο
556 3521 693 3582 eto.

336 3641 396 3700 6.
421 3636 639 3701 Porro
670 3634 815 3716 ejus
841 3631 1295 3697 confessarium
1321 3632 1514 3699 ruisse
1549 3633 1909 3700 conradum
1952 3635 2031 3700 de
2067 3634 2401 3716 Marpurg,
2431 3633 2568 3697 sive
2604 3631 2964 3716 Martpurg,
3006 3650 3139 3697 non
3183 3630 3466 3697 Domini-

263 3771 515 3831 canum,
578 3748 683 3816 uti
726 3748 1120 3814 contendunt
1155 3747 1440 3814 Oudinus
1474 3751 1497 3789 ³
1538 3754 1605 3816 et
1645 3750 1968 3816 Fabricius
2010 3753 2055 3832 ⁸,
2108 3752 2376 3835 aliique,
2424 3751 2535 3816 sed
2575 3750 3018 3834 presbyterum
3065 3749 3462 3829 saecularem,

259 3874 499 3934 constat
524 3886 619 3933 ex
656 3865 807 3931 Vita
828 3864 1118 3949 ejusdem
1145 3869 1380 3931 sanctae
1418 3866 1740 3932 Elisabeth
1778 3867 2009 3951 scripta
2054 3887 2163 3933 an.
2213 3872 2370 3933 1289
2405 3887 2447 3933 a
2488 3867 2877 3932 Theodorico
2923 3865 3262 3956 'thuringo
3307 3866 3458 3934 Ord.

260 3984 779 4051 Praedicator-um
805 3984 846 4046 ⁸.
877 3982 1091 4060 Quum
1116 3986 1329 4048 autem
1355 3983 1525 4048 idem
1556 3984 1886 4067 presbyter
1931 3986 2240 4069 martyrio
2275 3986 2356 4050 ab
2383 3983 2700 4049 haereticis
2746 3983 3010 4048 affectus
3042 3984 3236 4049 fuerit
3272 3984 3464 4067 paulo

260 4109 399 4185 post
424 4103 697 4169 Sanctae
724 4104 1025 4179 mortem,
1055 4099 1289 4165 scilicet
1312 4119 1421 4165 an.
1455 4105 1635 4182 1233,
1663 4103 1815 4185 quei
1841 4121 1970 4168 non
1998 4104 2204 4168 dicam
2237 4102 2690 4168 Bonaventura
2715 4100 2795 4165 de
2822 4100 3095 4182 Perage,
3123 4100 3235 4165 sed
3256 4107 3471 4165 noster

260 4218 733 4285 Bonaventura
756 4218 835 4282 de
879 4216 1301 4298 Balneoregio
1338 4216 1546 4283 dicere
1574 4220 1851 4303 potuerit
1882 4243 1898 4284 ε
1933 4221 2116 4288 Sicut
2154 4237 2264 4305 eqo
2306 4221 2444 4303 ipse
2482 4217 2717 4285 audivi
2748 4217 2829 4285 ab
2854 4217 2992 4300 ejus
3033 4219 3421 4299 confessario
3439 4219 3475 4283 P

260 4335 667 4421 RespondeO,
701 4338 937 4417 praeter
962 4333 1295 4399 laudatum
1322 4337 1786 4420 presbyterum,
1818 4337 2021 4402 alium
2047 4337 2221 4403 haud
2248 4336 2501 4402 difficile
2535 4336 2792 4402 concedi
2821 4354 3003 4420 posse
3030 4335 3280 4402 Sanctae
3296 4317 3475 4418 ejus-

258 4454 399 4518 dem
415 4452 898 4519 confessarium
919 4469 1002 4515 ex
1021 4451 1342 4517 Minorum
1366 4453 1611 4532 ordine,
1641 4454 1826 4519 illum
1854 4473 2086 4539 nempe
2113 4457 2302 4538 cujus
2331 4454 2622 4520 meminit
2657 4472 2807 4520 cum
2834 4451 3113 4519 Thomas
3140 4451 3466 4534 cantipra-

322 4658 338 4691 ¹
370 4654 538 4708 Editio
569 4656 695 4706 Jac.
729 4650 1051 4703 Piortzbemii
1079 4651 1398 4716 Basileensis,
1427 4667 1511 4703 an.
1541 4656 1695 4719 1502,
1724 4654 1837 4706 1114
1855 4692 1873 4719 ,
1900 4654 2123 4707 babebat
2151 4655 2354 4707 titulum
2380 4654 2582 4706 huncce
2618 4668 2632 4706 ε
2666 4670 2695 4703 α
2721 4655 2981 4705 Sermones
3005 4653 3150 4703 aurei
3181 4654 3330 4717 atque
3363 4652 3479 4702 sub-

265 4728 371 4779 tiles
406 4729 474 4781 de
514 4729 823 4790 Tempore,
858 4725 914 4775 et
947 4723 1013 4773 de
1041 4723 1265 4787 Sanctis,
1299 4737 1417 4774 cum
1447 4726 1709 4776 communi
1747 4730 2054 4778 Sanctorum
2089 4728 2261 4779 Sancti
2297 4729 2668 4778 Bonaventurae
2709 4725 2944 4776 Doctoris
2978 4722 3267 4788 seraphici,
3298 4725 3479 4774 Sacro-

264 4803 451 4850 sanctae
478 4800 543 4849 R.
580 4799 646 4849 Ε.
690 4795 844 4845 card.
878 4799 932 4845 et
961 4795 1053 4857 Ep.
1085 4793 1193 4844 Alb.
1226 4807 1287 4844 ex
1316 4794 1448 4845 Divo
1480 4795 1735 4846 minorum
1765 4797 1982 4860 Ordine,
2012 4798 2126 4848 veri
2154 4803 2207 4849 et
2233 4796 2528 4860 indubitati,
2557 4796 2848 4861 diversique
2882 4796 2947 4846 ab
2979 4795 3060 4845 bis
3085 4793 3360 4858 aliquando
3383 4793 3478 4845 im·

266 4870 467 4933 pressis,
492 4872 547 4918 et
569 4868 778 4919 Sancto
806 4866 1181 4916 Bonaventurae
1202 4864 1327 4915 falso
1350 4865 1635 4929 adscriptis,
1653 4871 1773 4930 etc„
1796 4881 1913 4918 cum
1937 4867 2191 4933 aliquibus
2210 4867 2321 4919 aliis
2342 4867 2676 4919 Sei-monibus
2697 4868 2848 4917 Dom.
2870 4864 3075 4916 Aureoli
3096 4863 3479 4929 Archiepiscopi

266 4939 542 5004 Aqmsis,
586 4942 645 4989 et
684 4935 929 4988 Doctoris
963 4934 1228 4986 illuminati
1255 4936 1510 4988 Francisci
1548 4938 1613 4987 de
1654 4939 1909 5003 Maronis,
1942 4939 2048 4989 suis
2079 4940 2130 4989 in
2165 4940 2294 4990 locis
2319 4939 2595 5000 annotatis,
2624 4938 2688 4988 de
2715 4939 2986 5000 Tempore.
3013 4952 3043 4984 υ
3074 4934 3212 4986 lilius
3242 4934 3480 4985 editionis

270 5010 585 5075 exemplaria
626 5007 855 5070 reperiri
894 5006 1059 5056 adbuc
1089 5011 1351 5070 poterant,
1389 5008 1595 5058 labente
1627 5011 1813 5060 saeculo
1848 5010 2048 5060 decimo
2086 5016 2299 5073 octavo,
2342 5008 2706 5061 castri-Franci
2747 5008 2800 5058 in
2830 5007 3068 5058 Biblioth.
3100 5008 3154 5057 S.
3200 5005 3477 5069 francisci,

274 5089 321 5133 et
348 5081 403 5133 in
434 5081 575 5133 Bibl.
608 5076 931 5142 Poningana
964 5080 1015 5126 et
1046 5077 1463 5143 Langhemiensi‚
1502 5078 1750 5130 referente
1784 5086 1992 5131 auctore
2031 5082 2329 5145 Prodi-omi,
2359 5080 2460 5132 col.
2496 5083 2604 5131 343.
2641 5106 2693 5117 --
2733 5081 2757 5115 ²
2784 5079 3000 5140 Quinam
3040 5091 3104 5128 ex
3145 5076 3479 5129 sermonibus

277 5153 333 5204 de
356 5155 613 5217 Tempore
658 5148 997 5213 reperiantur
1037 5147 1089 5197 in
1126 5149 1346 5200 editione
1390 5149 1661 5201 Parisienei
1701 5166 1785 5202 an.
1832 5155 1978 5217 1521,
2026 5152 2234 5216 quinam
2273 5167 2379 5204 non
2415 5153 2735 5217 reperiantur
2773 5151 2826 5201 in
2862 5149 3073 5212 eadem,
3109 5151 3384 5199 annotatur
3424 5147 3478 5198 in

278 5224 481 5274 decursu
524 5218 832 5273 voluminis
870 5217 1025 5282 hujus
1059 5219 1195 5281 xlii,
1239 5218 1477 5271 editionis
1516 5226 1726 5272 nostrae.
1754 5249 1817 5260 —
1852 5224 1874 5259 ⁸
1902 5223 2049 5273 Tom.
2095 5225 2181 5285 ΙΙΙ,
2219 5225 2320 5274 col.
2359 5228 2464 5274 ¹28.
2495 5249 2556 5259 -
2594 5223 2616 5256 ⁸
2649 5221 2782 5272 Bibl.
2823 5220 2916 5269 lat.
2955 5218 3083 5270 med.
3112 5223 3161 5269 et
3190 5219 3287 5284 inf.
3314 5219 3476 5279 aetat..

280 5294 358 5346 lib.
388 5297 471 5358 lll,
500 5310 549 5346 c.
581 5305 663 5344 11.
702 5317 765 5327 -
797 5290 820 5324 ⁸
841 5288 1020 5351 Antiq.
1048 5289 1168 5340 Lect.
1200 5291 1356 5341 Henr.
1385 5290 1593 5354 Canisii,
1621 5292 1740 5344 edit.
1773 5295 1989 5358 Basnag.
2020 5307 2105 5344 an.
2145 5297 2280 5359 1725,
2310 5309 2431 5362 pag.
2463 5295 2571 5344 ¹30.

333 5404 395 5466 (α)
425 5403 483 5454 In
511 5399 710 5454 prodr.
748 5395 953 5461 [θρίων
980 5396 1159 5461 potuit,
1187 5397 1277 5449 loc.
1312 5398 1503 5464 potius,
1530 5413 1623 5466 per
1649 5415 1878 5454 errorem
1906 5405 2084 5469 typog.
