4059 6317
609 473 727 551 572

608 608 856 681 quentes
880 603 1090 663 mundi
1118 604 1452 667 desideria:
1489 603 1786 663 mundum
1819 607 2149 680 mquuntur

608 699 772 758 avari
799 701 856 757 et
882 697 1099 773 cupidi.
1130 698 1384 770 Quidam
1423 704 1559 758 sunt
1590 703 1901 773 sequentes
1941 698 2150 757 Christi

606 792 888 866 vestigia:
919 793 1210 852 Christum
1237 796 1563 868 sequuntur
1590 791 1864 867 apostoli,
1896 796 1953 851 et
1980 807 2151 868 apos-

606 885 766 945 tolici
794 886 927 958 viri,
951 885 1077 944 sive
1105 885 1301 961 potius
1328 902 1537 945 omnes
1563 885 1765 943 saneti.

681 978 817 1038 Dico
853 979 1015 1054 quod
1055 980 1301 1055 quidam
1329 981 1485 1051 sunt,
1515 980 1620 1055 qui
1660 984 1987 1054 sequuntur
2021 994 2150 1036 car-

608 1089 766 1141 nem,
794 1075 851 1131 et
878 1073 1070 1131 carnis
1097 1073 1490 1145 delectabilia,
1518 1073 1666 1131 sicut
1691 1072 1884 1146 gulosi
1914 1076 1969 1131 et
1986 1072 2153 1130 luxu-

607 1166 771 1239 riosi,
801 1167 905 1242 qui
951 1166 1030 1226 ad
1072 1166 1220 1225 nihil
1259 1166 1424 1226 aliud
1465 1171 1699 1239 vacant,
1735 1167 1850 1225 nisi
1894 1173 1960 1227 ut
1997 1166 2153 1226 bene

609 1259 942 1334 comedant,
969 1265 1027 1320 et
1051 1261 1283 1333 bibant,
1308 1266 1364 1318 et
1385 1277 1542 1320 vana
1574 1260 1838 1333 videant,
1861 1277 2018 1319 vana
2045 1277 2154 1319 au-

609 1355 811 1428 diant,
865 1336 921 1414 e‘t
967 1356 1166 1431 turpia
1215 1359 1475 1429 tangant.
1532 1355 1697 1414 Tales
1750 1355 1972 1415 similes
2017 1360 2159 1414 sunt

608 1449 824 1524 porcis,
856 1450 960 1524 qui
1002 1466 1071 1508 os
1115 1453 1325 1522 totum,
1364 1449 1511 1509 dum
1551 1449 1891 1523 comedunt,
1920 1450 1984 1508 in
2022 1466 2157 1524 pas-

611 1548 731 1602 tam
767 1543 973 1617 flgunt,
1007 1548 1064 1601 et
1108 1543 1232 1602 sine
1267 1544 1671 1602 masticatione
1709 1543 2068 1617 deglutiunt,
2098 1546 2158 1602 et

611 1637 803 1696 statim
841 1641 977 1713 post
1008 1637 1210 1696 cibum
1241 1638 1305 1696 in
1333 1637 1459 1696 luto
1484 1654 1548 1696 se
1575 1642 1836 1712 ponunt,
1863 1654 1971 1696 nec
2000 1638 2091 1696 ori
2118 1655 2157 1699 a

612 1733 736 1791 luto
758 1735 1027 1808 parcunt.
1053 1733 1215 1791 Certe
1236 1732 1377 1791 tales
1397 1734 1534 1789 sunt
1550 1748 1757 1791 omnes
1776 1731 1967 1790 carnis
1996 1748 2156 1793 ama-

611 1830 786 1899 tores,
816 1826 921 1901 qui
948 1826 1143 1901 primo
1170 1843 1233 1883 se
1261 1825 1408 1885 cibis
1435 1831 1493 1885 et
1520 1826 1671 1883 vinis
1692 1825 2078 1901 ingurgitant,
2098 1829 2158 1884 et

611 1920 696 1979 sic
723 1919 964 1979 tandem
989 1920 1237 1979 luxuriae
1275 1923 1507 1979 vacant.
1536 1920 1700 1980 Unde
1725 1919 1800 1979 de
1831 1920 1916 1977 eis
1944 1920 2157 1978 dicitur

611 2013 674 2072 in
705 2014 1011 2073 Proverbiis
1032 2017 1072 2081 ¹,
1099 2014 1204 2074 ubi
1233 2017 1320 2072 est
1344 2029 1540 2074 sermo
1571 2014 1649 2072 de
1687 2014 1936 2073 muliere
1966 2029 2157 2073 mere·

613 2109 774 2180 trice,
802 2124 935 2184 quoe
959 2108 1199 2167 irretivit
1220 2109 1503 2180 juvenem
1531 2108 1731 2166 multis
1758 2107 2158 2179 sermonibus,

613 2208 669 2261 et
689 2202 925 2279 procaci
969 2203 1135 2262 vultu
1173 2201 1445 2261 blandita
1491 2205 1579 2260 est
1619 2202 1695 2272 ei,
1733 2201 1900 2276 quod
1921 2201 2159 2274 juvenis

614 2298 876 2372 sequitur
897 2297 973 2373 (α)
1002 2313 1134 2356 eam
1159 2298 1331 2372 quasi
1353 2298 1467 2357 bos
1493 2297 1703 2356 ductus
1727 2298 1808 2356 ad
1833 2297 2156 2370 victimam,

614 2392 673 2448 et
716 2389 887 2466 quasi
931 2406 1122 2464 agnus
1159 2390 1500 2464 lasciviens,
1544 2391 1829 2466 ignorans
1865 2389 2034 2466 quod
2079 2390 2160 2449 ad

613 2484 851 2543 vincula
876 2485 1086 2544 stultus
1113 2485 1394 2559 trahatur,
1426 2485 1618 2544 donec
1646 2485 1926 2558 transigat
1950 2486 2160 2558 sagitta

609 2579 775 2651 jecur
800 2580 946 2652 ejus,
979 2578 1072 2637 vel
1099 2579 1270 2654 quasi
1297 2579 1422 2638 avis
1457 2579 1686 2639 festinet
1731 2578 1809 2637 ad
1849 2578 2156 2653 laqueum,

614 2671 903 2743 nescisne,
931 2673 1098 2747 quod
1125 2673 1201 2731 de
1227 2673 1494 2748 periculo
1529 2672 1744 2731 animae
1773 2673 1900 2746 ejus
1928 2676 2156 2746 agatur.

615 2767 762 2824 Nota
797 2765 1001 2824 verba.
1040 2770 1185 2825 Nam
1235 2767 1431 2841 primo
1472 2766 1736 2841 sequitur
1775 2782 1911 2825 eam
1943 2766 2159 2835 lentus,

617 2860 786 2933 quasi
812 2860 923 2918 bos
950 2861 1031 2919 ad
1055 2860 1376 2920 macellum
1407 2861 1636 2919 ductus.
1675 2859 1945 2920 Secundo
1969 2858 2162 2935 sequi-

617 2956 709 3013 tur
749 2971 881 3013 eam
925 2954 1112 3027 laetuS,
1150 2955 1320 3031 quasi
1368 2954 1679 3014 lasciviens
1722 2970 1933 3027 agnuS.
1969 2953 2160 3012 Tertio

616 3049 880 3126 sequitur
907 3067 1038 3109 eam
1065 3050 1329 3124 festinae,
1358 3052 1530 3126 quasi
1558 3051 1684 3110 avis
1712 3051 1790 3110 ad
1822 3067 2040 3122 escam,
2070 3066 2161 3108 ce·

615 3147 724 3206 leri
757 3145 961 3205 volatu
990 3147 1264 3206 deducta.
1288 3147 1482 3207 Primo
1505 3147 1852 3218 vinculatur,
1870 3149 1928 3206 et
1950 3146 2133 3205 nescit
2139 3167 2159 3221 3

617 3240 882 3300 secundo
924 3242 1248 3315 sagittatur,
1279 3246 1337 3300 et
1362 3257 1484 3299 non
1523 3240 1706 3314 fugit3
1735 3241 1904 3299 tertio
1943 3240 2161 3299 occidi·

617 3338 732 3404 tur,
761 3338 820 3393 et
857 3336 940 3392 sic
969 3335 1137 3410 perit.
1171 3335 1507 3393 Vinculatur
1545 3334 1740 3409 primo
1785 3334 1947 3393 mala
1981 3333 2160 3392 affee-

618 3429 779 3487 tione
795 3449 816 3503 3
858 3429 1162 3503 sagittatur
1200 3429 1463 3487 secundo
1499 3428 1563 3486 in
1601 3426 1928 3486 occasionis
1955 3444 2162 3501 accep·

619 3524 801 3596 tione,
829 3523 981 3582 siout
999 3523 1062 3581 in
1089 3523 1209 3580 risu
1223 3522 1371 3594 ejuS,
1394 3522 1490 3580 vel
1513 3522 1577 3579 in
1596 3526 1835 3595 aspectu
1852 3521 2164 3580 oculorum

620 3617 767 3691 ejuS,
811 3619 868 3674 et
901 3615 1191 3674 similibus
1203 3636 1221 3688 3
1263 3615 1370 3674 sed
1414 3615 1583 3674 tertio
1620 3614 1906 3673 occiditur
1934 3614 1996 3672 in
2025 3630 2165 3673 con·

618 3711 912 3783 sensione,
939 3711 1060 3768 sive
1087 3710 1153 3768 in
1171 3709 1396 3786 peceati
1418 3708 1870 3784 perpetratione.
1893 3712 1960 3767 Et
1984 3725 2165 3783 prop-

617 3807 706 3863 ter
731 3805 856 3864 haec
883 3804 1085 3863 omnia
1124 3803 1335 3862 dicitur
1370 3803 1432 3861 in
1475 3804 1849 3859 Ecclesiastico
1890 3803 1912 3837 ²
1943 3820 1959 3858 ι
1989 3805 2167 3861 «Post

620 3899 1122 3976 concupiscentias
1162 3901 1290 3955 tuas
1316 3912 1392 3955 ne
1420 3911 1541 3967 eas,
1567 3900 1624 3953 et
1655 3911 1693 3953 a
1729 3895 2031 3953 voluntate
2063 3899 2164 3955 tua

620 3997 882 4052 avertere
914 4010 930 4049 :
963 3993 1106 4068 quia
1132 3991 1183 4049 si
1212 3989 1448 4049 dederis
1469 3990 1682 4049 animae
1708 3991 1823 4046 tuae
1850 3989 2164 4063 concupis·

621 4087 842 4146 centias
854 4128 876 4160 ,
913 4085 1088 4145 faciet
1127 4088 1184 4144 te
1221 4085 1423 4149 venire
1469 4084 1529 4142 in
1578 4081 1869 4158 gaudium
1911 4082 2166 4141 inimicis

621 4182 756 4241 tuis.
786 4202 815 4237 n

692 4275 964 4335 Secundo
1000 4278 1137 4333 sunt
1174 4274 1442 4349 quidam,
1473 4274 1579 4349 qui
1619 4262 1888 4349 quaerunt
1922 4273 2168 4332 menda·

623 4370 737 4442 cia,
785 4373 842 4428 et
881 4368 1324 4428 mundanorum
1360 4366 1507 4425 falsa
1552 4366 1864 4425 desideria.
1913 4370 1981 4426 Et
2022 4366 2169 4425 tales

623 4466 760 4522 sunt
803 4479 1009 4522 omnes
1052 4461 1248 4531 avari,
1290 4464 1348 4520 et
1391 4460 1615 4535 cupidi,
1671 4465 1728 4519 et
1773 4460 2065 4533 grifoniei.
2121 4462 2167 4520 Ο

623 4570 857 4625 stamma
896 4558 1130 4619 fatuitas
1176 4559 1531 4616 avarorum!
1580 4562 1851 4633 quaerunt
1888 4561 2069 4617 vento
2112 4565 2171 4617 et

624 4653 981 4715 vanitatibus
1020 4650 1339 4710 mundanis
1378 4651 1599 4723 satiari,
1642 4653 1783 4727 quia
1819 4669 1945 4711 non
1983 4657 2168 4712 atten-

626 4750 803 4820 dunt,
864 4747 1031 4823 quod
1093 4762 1400 4821 nunquam
1462 4745 1661 4804 satiari
1717 4750 1998 4821 possunt3
2063 4747 2171 4807 sed

627 4849 851 4920 quanto
892 4844 1067 4919 plura
1101 4843 1431 4918 acquirunt,
1461 4845 1622 4901 tanto
1655 4841 1830 4917 plura
1863 4846 2166 4918 appetunt,

628 4943 684 4998 et
711 4955 933 4997 vacuos
960 4953 1023 4996 se
1050 4953 1178 4995 esse
1206 4936 1396 5010 magis
1413 4934 1753 4994 inveniunt:
1778 4936 1991 4994 dicitur
2009 4937 2169 4995 enim

626 5032 689 5091 in
720 5032 1116 5092 Ecclesiastico
1133 5034 1157 5070 ⁸
1188 5051 1203 5090 :
1240 5031 1466 5102 «Quasi
1494 5031 1599 5106 qui
1625 5031 2015 5107 apprehendit
2041 5048 2171 5090 um-

627 5126 821 5200 bram,
852 5131 910 5185 et
947 5125 1212 5202 sequitur
1252 5128 1510 5198 ventum,
1552 5124 1637 5183 sic
1679 5126 1784 5201 qui
1821 5124 2067 5184 attendit
2091 5123 2170 5184 ad

696 5278 706 5305 ¹
735 5275 1018 5337 Prov.,v11‚
1045 5277 1101 5326 21
1143 5276 1197 5325 et
1226 5287 1335 5339 seq.
1366 5299 1428 5311 —
1459 5273 1477 5304 ²
1513 5272 1693 5339 Eccli„
1728 5284 1883 5337 xvm,
1906 5274 2077 5325 30-31.
2108 5298 2171 5311 -

628 5347 652 5383 ⁸
681 5345 826 5409 thid„
870 5357 1050 5410 xxxlv,
1086 5348 1130 5396 2.
1162 5371 1224 5384 —
1259 5344 1275 5374 ⁴
1319 5344 1442 5406 Job,
1479 5355 1586 5408 xlv,
1616 5348 1661 5394 2.
1695 5370 1757 5383 —
1789 5345 1807 5376 ⁵
1831 5343 2038 5408 lev-em„
2063 5353 2171 5405 τιν,

633 5422 679 5476 6.
707 5441 771 5454 —
796 5417 819 5452 ⁸
840 5416 1050 5472 Hieron.
1081 5441 1140 5457 -
1171 5416 1190 5452 ²
1225 5417 1262 5466 11
1297 5415 1430 5483 Req..
1462 5427 1548 5480 xv,
1587 5418 1661 5470 13.

1569 466 1985 535 SERMONES
2024 467 2128 537 DE
2170 466 2519 543 SANCTls.
2563 467 2832 539 mul.

2259 605 2387 667 visa
2431 605 2744 673 mendacia
2762 605 2858 681 (b).
2888 624 2918 660 ι
2962 608 3106 664 vere
3145 604 3409 667 mundus
3447 606 3537 665 est
3580 604 3803 665 umbro

2257 697 2613 771 simillimus,
2645 699 2789 774 quia
2808 699 2957 758 sicut
2985 698 3203 761 umbra
3228 698 3461 774 aliquid
3489 715 3619 758 esse
3644 698 3802 757 vide-

2256 794 2373 864 tur,
2403 790 2512 850 sed
2546 792 2693 850 dum
2726 793 3211 867 apprehenditur,
3237 808 3364 851 non
3403 793 3674 867 sentimr,
3699 808 3802 851 nec

2258 901 2443 943 manu
2463 889 2708 958 tenetur,
2729 886 2813 944 sic
2838 886 3098 947 mundus
3118 902 3277 945 nunc
3300 886 3539 944 videtur
3554 886 3803 961 aliquid,

2258 980 2364 1039 sed
2409 984 2562 1039 totus
2608 998 2799 1041 vanus
2842 982 3054 1055 existit,
3100 982 3249 1039 sieut
3288 981 3705 1057 unusquisque
3746 983 3805 1041 in

2258 1080 2448 1135 morte
2479 1078 2810 1153 perpendit.
2855 1077 2997 1137 Hinc
3021 1078 3170 1136 lob·
3197 1095 3213 1133 t
3256 1076 3477 1147 «Quasi
3506 1074 3624 1133 flos
3650 1091 3805 1149 egre-

2261 1168 2420 1227 ditur
2459 1175 2517 1229 et
2562 1171 2900 1243 conteritur,
2926 1192 2956 1226 ιο
2999 1174 3109 1229 etc.
3138 1173 3289 1244 Ergo
3316 1169 3648 1228 stultissimi
3680 1173 3810 1228 sunt

2260 1263 2446 1336 avari,
2492 1265 2599 1339 qui
2645 1264 2855 1323 volunt
2895 1264 3112 1325 umbra
3151 1265 3413 1337 fugiente
3465 1263 3707 1338 repleri,
3758 1267 3811 1323 et

2259 1360 2438 1416 vento
2482 1358 2801 1418 vanissimo
2846 1358 3068 1417 satiari.
3097 1359 3242 1417 Sunt
3267 1359 3430 1416 enim
3461 1357 3810 1417 draconisi-

2262 1449 2496 1509 millimi
2523 1452 2706 1524 avari,
2736 1452 2842 1526 qui
2870 1452 3081 1527 quaerit
3099 1457 3274 1511 vento
3302 1452 3528 1524 satiari,
3560 1457 3621 1511 et
3645 1456 3809 1510 vento

2263 1544 2447 1604 credit
2470 1561 2645 1603 suum
2690 1545 2983 1605 internum
3028 1546 3370 1605 incendium
3404 1546 3705 1620 mitigari3
3741 1546 3810 1605 de

2260 1639 2378 1698 hoc
2422 1640 2580 1698 enim
2622 1641 3013 1716 Hieronymus
3060 1641 3143 1700 ait
3196 1657 3377 1717 super
3416 1640 3575 1699 illud
3623 1640 3809 1699 mere·

2262 1733 2397 1792 miae
2429 1736 2452 1770 ⁸
2506 1752 2521 1792 ε
2576 1736 2947 1793 Attraaeerunt
3000 1739 3219 1792 ventum
3285 1738 3428 1794 simi
3484 1736 3743 1793 dracones
3789 1754 3807 1791 ε

2266 1850 2293 1877 ι
2326 1829 2533 1900 Draco,
2560 1847 2589 1882 ι
2622 1828 2815 1903 inquit
2831 1826 2874 1899 ⁸,
2907 1847 2938 1883 α
2965 1833 3052 1887 est
3075 1828 3299 1887 animal
3327 1828 3730 1899 sitibundum,
3754 1829 3811 1886 in

2262 1924 2513 1993 tannim,
2541 1927 2606 1980 ut
2629 1921 2731 1980 vix
2755 1937 2917 1997 aqua
2937 1921 3132 1981 valeat
3149 1921 3348 1980 satiari
3366 1938 3383 1979 ε
3399 1926 3458 1980 et
3474 1920 3621 1981 ideo
3641 1926 3810 1981 vento

2264 2030 2333 2074 os
2361 2015 2568 2092 aperit,
2597 2020 2663 2075 ut
2684 2014 2767 2073 sic
2787 2015 2945 2073 sitim
2972 2016 3310 2088 extinguere
3336 2015 3545 2089 possit.
3564 2035 3594 2071 ι
3628 2017 3810 2086 Quare

2265 2129 2403 2172 cum
2439 2128 2654 2173 navem
2697 2111 2760 2170 in
2803 2112 2956 2170 mari
2994 2111 3227 2181 viderit,
3255 2115 3314 2169 et
3345 2112 3597 2170 ventum
3633 2111 3813 2173 maxi-

2266 2223 2432 2265 mum
2468 2206 2624 2265 eirca
2665 2205 2838 2265 navis
2870 2204 3074 2265 velum
3118 2206 3453 2278 adverterit,
3490 2210 3662 2265 tanto
3704 2206 3808 2265 im-

2264 2306 2407 2376 petu
2443 2299 2584 2359 illuc
2627 2299 2813 2372 vadit,
2844 2300 3013 2374 quod
3040 2315 3194 2374 saepe
3235 2315 3452 2358 navem
3494 2299 3808 2373 subvertit;

2266 2399 2325 2453 et
2366 2398 2564 2453 tamen
2608 2394 2789 2452 draco
2837 2393 2988 2452 nihil
3030 2393 3299 2468 proficit,
3342 2410 3482 2453 cum
3538 2394 3812 2453 ardorem

2264 2487 2434 2547 nullo
2462 2491 2640 2546 vento
2656 2502 2925 2562 unquam
2943 2488 3282 2561 extinguere
3305 2489 3512 2563 possit.
3540 2489 3660 2547 sed
3678 2493 3813 2547 nota

2266 2583 2402 2656 hoc,
2448 2581 2617 2657 quod
2660 2598 2885 2654 omnes,
2932 2581 3039 2656 qui
3077 2597 3316 2640 carnem
3367 2586 3723 2658 sequuntur,
3761 2587 3815 2641 et

2267 2675 2560 2735 mundum
2614 2681 2962 2751 sequuntur,
3006 2680 3335 2752 sequuntur
3385 2677 3566 2735 etiam
3612 2676 3814 2736 diabo-

2267 2771 2418 2842 lum,
2456 2775 2776 2846 tyrannum
2827 2770 3032 2846 utique
3071 2769 3414 2846 pessimum,
3458 2776 3813 2846 qum-entem

2273 2864 2480 2924 omnes
2507 2881 2711 2923 secum
2737 2864 2966 2923 trahere
2996 2864 3076 2922 ad
3118 2863 3418 2922 infernum
3444 2883 3461 2922 ε
3500 2869 3559 2924 et
3594 2866 3709 2924 tale
3735 2867 3816 2923 est

2269 2957 2438 3032 sequi
2479 2957 2826 3030 diabolum,
2870 2958 3050 3032 quale
3090 2960 3259 3031 esset,
3284 2958 3333 3014 si
3378 2973 3575 3030 agnus
3614 2974 3813 3033 seque-

2268 3057 2430 3110 retur
2473 3051 2705 3127 lupum,
2747 3068 2965 3127 porcus
3015 3067 3251 3123 ursum,
3305 3050 3501 3124 gallus
3554 3052 3811 3126 vulpem,

2269 3144 2441 3220 lepus
2468 3161 2701 3216 canem,
2728 3150 2837 3204 etc.
2877 3148 2942 3205 Et
2979 3145 3117 3203 licet
3159 3160 3298 3203 caro
3335 3160 3551 3203 omnes
3578 3145 3813 3217 inficiat,

2271 3238 2533 3297 mundus
2551 3240 2614 3297 in
2641 3240 2920 3298 omnibus
2941 3238 3163 3315 passim
3182 3237 3436 3312 deficiat,
3458 3242 3520 3298 et
3544 3238 3842 3322 diabolus

2273 3349 2480 3390 omnes
2518 3333 2794 3407 decipiat,
2843 3346 2955 3390 nec
2993 3332 3170 3391 alicui
3211 3348 3423 3390 verum
3464 3331 3645 3404 dieat,
3680 3333 3816 3408 quia

2272 3425 2594 3500 grifonicus
2639 3430 2746 3499 est,
2803 3430 3003 3484 tamen
3052 3425 3165 3485 hos
3204 3425 3496 3501 pessimos
3545 3425 3814 3487 dominos

2272 3518 2536 3594 sequitur
2567 3518 2761 3577 omnis
2803 3519 3082 3579 mundus.
3122 3518 3284 3577 Unde
3315 3518 3381 3575 in
3418 3518 3615 3592 figura
3646 3519 3816 3595 hujus

2273 3612 2489 3671 dicitur
2509 3614 2573 3671 in
2595 3613 2751 3672 libro
2780 3615 2984 3685 Renum
2996 3610 3040 3685 ⁷,
3077 3612 3246 3691 quod
3274 3612 3470 3671 omnis
3499 3614 3675 3672 lsrael
3698 3619 3813 3672 toto

2273 3706 2454 3766 corde
2508 3706 2863 3780 sequebatur
2916 3705 3277 3764 Absalonem
3336 3705 3417 3764 ad
3464 3722 3814 3781 persequen-

2276 3800 2421 3858 dum
2482 3799 2689 3858 David.
2744 3799 3034 3869 Absalon,
3095 3799 3238 3875 quia
3283 3799 3578 3871 lascivus,
3632 3799 3817 3873 signat

2273 3892 2569 3951 mundum
2592 3910 2607 3950 ε
2631 3892 2735 3951 sed
2752 3896 3038 3966 tyrannus
3058 3892 3348 3966 significat
3362 3892 3696 3966 diabolum,
3716 3894 3816 3968 qui

2274 3990 2338 4047 in
2377 3990 2498 4047 suis
2533 3988 2818 4046 membris
2851 3988 3223 4063 persequitur
3248 3986 3561 4046 Christum.
3592 3987 3707 4047 Sed
3734 3993 3814 4047 at-

2273 4082 2517 4154 tendite,
2555 4082 2778 4154 fratres,
2820 4081 2963 4156 quia
2999 4081 3262 4140 Absalon
3297 4082 3501 4155 periit,
3532 4086 3591 4140 et
3630 4082 3817 4141 omnis

2275 4178 2557 4255 populus,
2603 4177 2707 4253 qui
2757 4193 2897 4236 eum
2947 4176 3330 4252 sequebatur,
3354 4176 3655 4251 dispersus
3692 4176 3815 4248 tuit,

2277 4274 2420 4347 quia
2466 4276 2699 4347 tempus
2751 4258 3046 4342 adtreniet,
3099 4270 3346 4345 quando
3396 4273 3693 4329 amatores
3728 4271 3815 4328 sui

2277 4366 2562 4441 corporis,
2589 4370 2880 4425 amatores
2907 4365 3139 4437 mundi,
3164 4367 3223 4423 et
3257 4368 3671 4424 consecutores
3692 4365 3817 4424 dia-

2276 4460 2425 4534 boli,
2466 4476 2673 4519 omnes
2721 4476 2860 4518 cum
2905 4474 3014 4517 suo
3059 4458 3325 4533 principe
3366 4458 3610 4532 ignibus
3652 4458 3819 4517 infer-

2276 4555 2514 4613 nalibus
2535 4558 2669 4612 sunt
2696 4553 2987 4612 tradendi.

2348 4649 2537 4709 Tertio
2565 4650 2700 4706 sunt
2732 4648 2838 4722 qui
2873 4649 3203 4722 sequuntur
3243 4645 3555 4718 Christum,
3603 4663 3821 4722 agnum

2280 4742 2814 4803 mansuetissimum
2828 4784 2849 4814 ,
2904 4741 3208 4801 doctorem
3256 4739 3817 4816 prudentissimum,

2282 4844 2497 4912 Regem
2525 4836 3018 4913 potentissimum,
3043 4838 3103 4894 et
3126 4838 3357 4894 Patrem
3393 4835 3815 4894 dulcissimum.

2279 4934 2345 4990 Et
2393 4931 2538 4989 tales
2568 4931 2806 4989 fuerunt
2840 4930 3092 5005 apostoli
3110 4971 3131 5001 ,
3166 4933 3226 4988 et
3273 4944 3481 4987 omnes
3516 4929 3822 5005 apostolici

2279 5025 2410 5085 viri.
2430 5028 2498 5083 Et
2523 5023 2655 5099 quis
2669 5026 2869 5098 posset
2885 5023 3240 5083 sufficienter
3253 5023 3538 5097 cogitare,
3554 5023 3690 5098 quis
3711 5020 3821 5080 sui·

2279 5118 2542 5177 ficienter
2553 5117 2752 5177 verbis
2765 5117 3116 5192 exprimere,
3134 5122 3317 5197 quam
3338 5116 3620 5191 perfecte,
3641 5132 3819 5193 quam

2280 5198 2664 5284 continenter,
2694 5217 2919 5287 quanto
2944 5211 3193 5285 fervore,
3223 5211 3644 5285 Apostolorum
3666 5211 3817 5287 prin·

2344 5342 2413 5406 (a)
2446 5338 2569 5390 Goet.
2613 5337 2732 5389 edit.
2769 5337 2903 5389 deest
2931 5337 3175 5405 sequitur.
3202 5361 3262 5374 —
3299 5335 3366 5401 (b)
3397 5337 3521 5389 eat.
3549 5337 3673 5389 edit.
3705 5337 3816 5389 vilia

2283 5411 2561 5468 mundana.
