4059 6317
502 2646 659 2688 Exem-

444 2708 587 2764 plum.

657 431 779 492 520

659 559 822 621 dam.
853 558 1017 619 Unde
1041 559 1387 620 Ambrosius
1422 563 1434 592 ¹
1466 558 1608 619 dicit
1648 558 1724 618 de
1751 573 1856 631 ea,
1888 555 2058 632 quod
2084 559 2210 615 erat

661 669 910 730 corpore
944 653 1302 727 juvencula,
1329 655 1436 713 sed
1462 654 1664 712 animo
1693 668 1862 711 cana.
1891 650 2056 709 Unde
2082 651 2206 708 haec

656 752 752 831 =est
780 752 976 806 civitas
1003 747 1109 806 illa
1131 766 1307 822 parvo
1333 752 1377 822 ²,
1412 769 1442 804 α
1461 752 1667 807 contra
1698 762 1884 823 quam
1917 744 2080 803 venit
2106 760 2207 802 rex

663 858 940 916 magnus,
968 845 1027 899 et
1051 842 1295 901 vallavit
1314 859 1480 902 eam:
1505 842 1609 901 sed
1634 841 1910 900 inventus
1936 838 2111 896 estin
2136 853 2209 895 ea

664 934 758 995 vir
784 951 1010 1011 pauper
1045 939 1103 994 et
1137 936 1401 1011 sapiens,
1430 936 1534 1010 qui
1560 933 1837 992 liberavit
1864 932 2078 991 urbem
2104 946 2210 1007 per

667 1027 1017 1104 sapientiam
1036 1044 1226 1088 suam.
1252 1050 1282 1084 n
1314 1030 1524 1088 Civitas
1543 1046 1741 1102 parua,
1773 1033 1962 1100 Agnes
1983 1024 2208 1083 humil-

667 1122 833 1185 lima.
864 1125 982 1180 Rea.-
1008 1121 1109 1181 ille
1133 1139 1394 1195 macnus,
1416 1121 1695 1181 diabolus
1712 1164 1732 1194 ,
1761 1120 1856 1180 vel
1881 1119 2209 1196 praefectus,

670 1215 775 1291 qui
803 1216 959 1275 banc
985 1215 1281 1275 civitatem
1306 1216 1558 1289 obsedit,
1589 1216 1735 1274 dum
1758 1218 1847 1273 tot
1861 1214 2054 1290 poenis
2079 1229 2213 1271 eam

672 1309 882 1369 afflixit
896 1331 915 1383 ;
941 1309 1048 1368 ubi
1073 1326 1301 1385 pauper
1326 1315 1386 1369 et
1408 1310 1641 1384 sapiens
1668 1310 1926 1369 Christus
1947 1307 2078 1380 fuit,
2109 1306 2215 1382 qui

673 1421 808 1464 eam
859 1404 1196 1463 inhabitans
1241 1421 1348 1463 sua
1392 1405 1680 1480 sapientia
1734 1402 2029 1463 liberavit.
2086 1407 2215 1475 lpse

674 1499 834 1557 enim
864 1502 951 1557 est
985 1497 1090 1573 qui
1118 1496 1268 1555 dixit
1294 1497 1601 1573 discipulis
1623 1496 1745 1555 suis
1770 1498 1793 1533 ³
1823 1515 1839 1555 ;
1875 1516 1905 1552 α
1928 1499 2079 1553 Dum
2106 1499 2212 1553 ste·

673 1591 854 1650 teritis
890 1594 1025 1651 ante
1061 1607 1234 1664 reges
1273 1594 1333 1651 et
1364 1591 1674 1667 proesides,
1702 1591 1882 1650 nolite
1923 1591 2215 1664 cogitare,

677 1685 986 1760 quomodo
1006 1728 1025 1757 ,
1056 1690 1158 1743 aut
1183 1683 1333 1761 quid
1369 1684 1739 1759 loquamini:
1792 1684 2033 1742 dabitur
2061 1683 2217 1742 enim

677 1778 846 1837 vobis
881 1779 944 1836 in
973 1778 1077 1837 illa
1108 1779 1260 1837 bora
1297 1778 1443 1853 quid
1482 1777 1837 1852 loquamini.
1879 1780 2010 1836 Non
2058 1776 2217 1835 enim

676 1888 783 1932 vos
808 1873 943 1931 estis
971 1872 1076 1947 qui
1104 1871 1442 1946 loquimini,
1469 1871 1578 1931 sed
1604 1872 1842 1946 spiritus
1867 1872 2052 1947 patris
2082 1886 2216 1928 ves-

679 1968 750 2027 tri
775 1968 881 2044 qui
906 1967 1171 2042 loquitur
1210 1967 1273 2025 in
1311 1966 1506 2026 vobis.
1550 1987 1580 2021 υ
1609 1970 1676 2025 Et
1702 1968 1726 2004 ⁴
1758 1986 1773 2023 ε
1834 1986 1862 2021 α
1905 1970 2026 2039 Ego
2058 1965 2219 2024 dabo

676 2062 849 2122 vobis
871 2078 940 2120 os
965 2065 1022 2119 et
1047 2061 1430 2136 sapientiam,
1461 2060 1556 2118 cui
1585 2076 1706 2118 non
1740 2061 2015 2134 poterunt
2050 2059 2221 2118 resis-

678 2160 798 2214 tere
834 2171 1043 2214 omnes
1079 2154 1401 2213 adversarii
1437 2154 1630 2212 vestri.
1673 2176 1700 2207 »
1747 2153 2100 2229 Exemplum
2146 2153 2223 2211 de

679 2253 880 2308 sancto
942 2248 1236 2325 Stephano
1297 2247 1550 2306 habetur
1601 2247 1666 2306 in
1723 2249 1944 2306 Actibus
1973 2249 2018 2306 ⁵.
2074 2250 2224 2320 Lege

680 2343 987 2404 historiam
1010 2385 1030 2415 ,
1056 2347 1115 2401 et
1139 2341 1246 2401 illa
1272 2358 1477 2413 narra,
1514 2358 1649 2417 quse
1673 2344 1938 2416 spectant
1963 2340 2044 2400 ad
2069 2342 2224 2399 banc

683 2437 1010 2497 materiam.
1045 2436 1156 2495 Sed
1182 2440 1325 2495 nota
1352 2435 1449 2494 hic
1463 2478 1482 2508 ,
1512 2435 1679 2511 quod
1720 2441 1856 2493 sunt
1882 2436 2088 2507 multi,
2119 2434 2223 2509 qui

686 2547 797 2589 nec
825 2529 1073 2589 credunt
1100 2529 1316 2588 divinis
1340 2528 1602 2587 consiliis
1615 2572 1634 2602 ,
1673 2544 1782 2587 nec
1811 2528 2126 2587 humanis:
2170 2533 2228 2586 et

684 2624 826 2684 ideo
853 2625 970 2682 cito
999 2622 1241 2694 cedunt,
1267 2627 1324 2682 et
1349 2624 1411 2680 in
1433 2622 1635 2687 omnia
1661 2623 1825 2681 mala
1851 2625 2049 2680 ruunt.
2080 2624 2227 2680 Nam

686 2723 743 2779 et
768 2720 942 2794 capta
974 2716 1352 2790 Cartbagine,
1398 2716 1647 2792 quidam
1683 2719 2090 2775 Romanorum
2133 2732 2225 2774 sa·

685 2810 1083 2887 pientissimus
1135 2810 1331 2868 futura
1388 2810 1789 2881 considerans,
1832 2825 1910 2867 ne
1964 2810 2225 2868 destrue·

685 2909 868 2978 retur,
922 2904 1234 2963 consilium
1286 2904 1465 2962 dabat
1482 2947 1502 2977 ,
1547 2904 1738 2962 sciens
1782 2904 1947 2979 quod
1994 2904 2046 2961 si
2097 2904 2231 2979 quis

687 3017 726 3060 a
769 3000 1051 3060 Romanis
1088 2997 1337 3057 fraenum
1390 2998 1674 3069 auferret,
1717 3014 1861 3056 mox
1915 2998 2079 3056 omni
2125 3015 2233 3056 vo-

687 3095 901 3169 luptati
957 3108 1020 3150 se
1077 3091 1372 3151 traderent
1396 3134 1416 3164 ,
1460 3096 1515 3150 et
1566 3090 1799 3166 gladios
1847 3091 1910 3149 in
1959 3108 2022 3150 se
2071 3092 2233 3167 ipsos

691 3190 1099 3250 converterent
1145 3206 1160 3246 ε
1205 3188 1348 3264 quia
1391 3203 1580 3262 equus
1622 3186 1805 3270 iraeno
1854 3201 2060 3245 carens
2108 3202 2233 3245 non

694 3283 901 3343 obedit
934 3281 1168 3340 sessori.
1205 3280 1379 3351 Quod
1407 3285 1464 3339 et
1505 3279 1726 3338 factum
1767 3284 1854 3338 est
1883 3298 1898 3337 :
1930 3296 2069 3338 nam
2097 3282 2234 3339 Car-

696 3377 932 3451 thagine
974 3375 1264 3434 destructa
1281 3417 1301 3447 ,
1337 3390 1470 3449 quae
1504 3377 1769 3433 Romana
1809 3374 1990 3432 corda
2029 3373 2237 3433 fresna-

696 3472 833 3546 bat,
862 3469 1113 3530 Romani
1153 3486 1289 3528 cum
1323 3468 1483 3527 bella
1524 3468 1720 3527 civilia
1762 3484 1887 3527 non
1913 3468 2237 3541 haberent,

699 3565 780 3623 ad
803 3564 1076 3623 intestina
1101 3563 1264 3623 bella
1289 3562 1558 3621 conversi
1587 3566 1757 3621 sunt:
1788 3565 1845 3621 et
1869 3564 1952 3621 sic
1980 3563 2240 3621 destruc-

697 3660 778 3718 tio
804 3656 1168 3731 Carthaginis
1195 3656 1427 3715 occasio
1454 3655 1565 3714 fuit
1583 3658 1865 3714 Romanae
1897 3656 2239 3717 destructio-

699 3752 791 3810 nis
817 3753 858 3811 ⁸.
887 3754 1077 3823 Quare
1106 3751 1284 3810 etiam
1309 3753 1395 3808 est
1419 3748 1751 3826 sapientum
1767 3792 1785 3821 ,
1814 3749 1943 3823 regi
1967 3749 2241 3823 consili0,

702 3849 760 3905 et
783 3845 1042 3904 maxime
1075 3844 1279 3902 divino
1297 3885 1315 3913 ,
1346 3843 1514 3919 quod
1546 3843 1607 3900 in
1630 3842 1799 3901 nullo
1828 3846 2021 3917 potest
2048 3859 2241 3902 errare

702 3938 921 3997 futuro.
956 3937 1269 4012 Sequitur:
1322 3937 1565 3995 Gloriosa
1597 3937 1747 3994 dicta
1781 3944 1910 3995 sunt
1954 3937 2021 3994 de
2062 3943 2132 3995 te.
2179 3940 2245 3995 Et

702 4032 827 4091 haec
855 4034 991 4090 sunt
1015 4031 1278 4105 gloriosa
1305 4046 1514 4089 revera
1548 4047 1562 4087 ε
1595 4030 1739 4105 quia
1764 4030 1968 4106 puella
1995 4032 2246 4105 parvula

705 4126 790 4183 sic
822 4126 1118 4185 mundum
1156 4124 1536 4200 contempsit,
1564 4124 1646 4182 sic
1688 4124 2086 4198 virginitatem
2123 4140 2245 4182 ser-

705 4220 897 4289 vavit,
944 4218 1027 4276 sic
1069 4224 1125 4278 et
1171 4219 1340 4299 ignes
1388 4221 1447 4276 et
1483 4234 1689 4293 poenas
1739 4218 2125 4292 contempsit,
2163 4217 2249 4276 sic

707 4317 931 4371 tantam
957 4312 1345 4370 constantiam
1363 4311 1426 4369 in
1448 4311 1670 4370 cunctis
1696 4311 1985 4383 exhibuit,
2012 4312 2097 4368 sic
2126 4317 2246 4370 tam

705 4407 1028 4480 prudenter
1053 4404 1386 4480 respondit,
1417 4405 1586 4480 quod
1612 4407 1762 4461 Deus
1789 4406 1871 4463 sic
1898 4420 2034 4463 eam
2061 4407 2119 4463 et
2151 4420 2248 4463 ca-

707 4500 903 4573 pillis,
940 4505 998 4559 et
1031 4500 1252 4559 coelesti
1284 4505 1441 4558 veste
1481 4500 1743 4572 vestivit,
1783 4500 1952 4574 quod
1995 4499 2249 4574 lupanar

709 4594 793 4650 sic
825 4593 1165 4665 illustravit,
1194 4594 1362 4669 quod
1390 4597 1692 4651 mortuum
1720 4592 2052 4666 suscitavit,
2081 4592 2250 4668 quod

709 4687 898 4745 filiam
926 4687 1284 4746 Constantini
1316 4703 1353 4745 a
1385 4687 1552 4762 lepra
1574 4687 1818 4759 curavit,
1848 4687 2014 4762 quod
2042 4702 2249 4762 paren·

712 4781 867 4841 tibus
910 4782 1030 4840 suis
1062 4784 1270 4839 octava
1304 4780 1402 4838 die
1436 4786 1571 4855 post
1617 4785 1871 4841 mortem
1904 4783 2179 4858 apparuit
2205 4784 2250 4855 ⁷,

714 4880 772 4934 et
806 4876 973 4952 quod
1012 4875 1379 4933 sacerdotem
1423 4874 1683 4934 ecclesiae
1732 4892 1853 4934 suae
1869 4918 1888 4946 ,
1935 4877 2039 4951 qui
2085 4892 2249 4949 eam,

775 4998 792 5032 ¹
823 4999 1059 5048 Ambros.
1092 5023 1150 5035 -
1189 4998 1212 5031 ¹
1243 4995 1429 5059 Βατία,
1469 5006 1549 5059 11,
1589 4999 1675 5056 14,
1709 4999 1784 5048 ¹5.
1817 5024 1880 5034 —
1916 4997 1936 5027 ³
1962 4997 2168 5063 Mami„
2195 5010 2250 5062 x,

713 5072 883 5119 19-20.
907 5097 967 5106 —
992 5070 1015 5105 ὅ
1045 5070 1175 5130 Luc„
1204 5080 1321 5130 xxi,
1353 5069 1429 5123 15.
1458 5092 1509 5104 *-
1538 5068 1558 5102 ⁸
1586 5068 1717 5127 Aet„
1746 5080 1837 5132 vn,
1865 5083 1959 5134 per
1987 5074 2169 5121 totum.
2189 5097 2253 5108 —

715 5143 734 5171 ⁶
773 5141 958 5194 Salust.
1001 5141 1062 5191 de
1102 5140 1242 5190 Bello
1280 5138 1593 5204 Juque-thia..
1639 5144 1691 5191 et
1729 5141 2027 5204 Nauclerus,
2067 5141 2249 5193 claron.

712 5226 851 5276 qen„
873 5216 958 5275 60,
988 5228 1052 5264 ex
1083 5214 1139 5264 Τ.
1173 5212 1335 5275 Livio,
1377 5211 1441 5261 de
1477 5211 1683 5263 Catonis
1716 5214 1768 5262 et
1795 5212 2021 5276 Scipion.
2056 5212 2252 5265 Nasicae

715 5283 812 5335 bac
851 5284 905 5335 in
939 5299 995 5335 re
1036 5285 1420 5350 disceptatione.
1459 5309 1522 5319 —
1544 5282 1562 5317 ⁷
1605 5284 1729 5334 Haec
1767 5284 1875 5335 fere
1910 5284 2082 5336 omnia
2113 5286 2251 5350 apud

719 5356 1056 5409 Ambrosium.
1073 5356 1328 5422 leguntur,
1365 5355 1528 5421 Epist.
1564 5354 1651 5407 lib.
1686 5356 1769 5419 lv,
1810 5356 1959 5422 epist.
1989 5368 2171 5420 xxxiv,
2200 5361 2249 5408 et

1672 419 2093 489 SERMONES
2134 421 2255 501 DE*-
2276 419 2629 491 SANCTIS.
2670 422 2835 489 xm.

2309 557 2557 633 jubente
2612 561 2770 634 Papa
2790 599 2813 629 ,
2852 553 3248 632 dispensavit,
3296 554 3375 615 ab
3430 556 3599 617 omni
3630 557 3877 621 carnali

2313 652 2632 711 tentatione
2659 651 2904 711 curavit.
2926 653 3078 724 Lege
3094 649 3219 708 haec
3246 649 3453 708 omnia
3477 648 3540 709 in
3566 652 3875 725 Legenda,

2317 750 2376 805 et
2398 746 2675 822 praediea.
2727 748 2969 820 Propter
3006 760 3140 819 quae
3166 744 3371 803 omnia
3394 748 3633 818 poterat
3656 746 3711 803 ei
3746 747 3875 805 dici

2316 839 2471 899 illud
2496 840 2733 899 lsaiae⁸z
2773 861 2802 893 α
2828 839 3077 897 Induere
3102 838 3465 899 vestimentis
3494 839 3705 912 glorio
3730 844 3870 909 tum,

2317 932 2522 992 civitas
2553 934 2767 992 Sancti.
2796 954 2825 986 υ
2856 932 3067 991 Omnia
3101 932 3212 990 ista
3250 947 3386 1006 qum
3425 931 3587 991 dicta
3608 939 3785 1005 suut,
3818 938 3877 993 et

2318 1027 2627 1087 innumera
2648 1027 2795 1101 alia,
2823 1025 3059 1085 fuerunt
3084 1026 3212 1099 ejus
3236 1025 3619 1099 indumenta,
3648 1027 3876 1102 quibus

2319 1120 2547 1208 mundo
2572 1120 2847 1196 apparuit
2872 1119 3151 1194 gloriosa.

2882 1279 3137 1342 SERMO
3180 1280 3233 1341 ΙΙ
3255 1278 3301 1340 ⁹.

2400 1405 2670 1462 Venerunt
2693 1407 2902 1477 nuptio
2928 1406 3112 1475 Aqui,
3143 1408 3197 1461 et
3222 1420 3361 1461 umor
3400 1406 3554 1475 Anni
3576 1421 3872 1478 ,Μερσα-

2322 1501 2406 1557 vit
2425 1514 2481 1556 se
2501 1497 2562 1554 ¹⁰.
2576 1496 2792 1567 Quales
2810 1496 2925 1555 sint
2949 1496 3065 1555 illas
3081 1496 3303 1572 nuptias
3329 1497 3668 1570 aeternales,
3692 1516 3877 1574 quam

2323 1590 2707 1651 nobilissimas
2720 1632 2742 1663 ,
2770 1606 2954 1666 quam
2976 1591 3441 1665 jucundissimae,
3466 1608 3653 1666 quam
3678 1594 3878 1668 copim

2324 1685 2585 1758 sissimae,
2616 1686 2752 1761 quis
2778 1689 3049 1745 nostrum
3074 1685 3347 1758 sufficiat,
3375 1687 3475 1745 vel
3496 1688 3693 1746 verbo
3722 1689 3879 1747 dice-

2326 1796 2393 1839 re
2411 1823 2429 1852 ,
2452 1780 2550 1839 vel
2590 1779 2778 1839 corde
2805 1781 3091 1855 pensare?
3129 1780 3305 1839 isaias
3328 1779 3517 1854 inqiut
3546 1783 3587 1816 ¹¹
3623 1800 3640 1839 ε
3674 1802 3709 1836 ι
3728 1784 3877 1842 Om-

2326 1873 2421 1933 lus
2458 1889 2584 1932 non
2621 1871 2799 1945 vidit,
2840 1876 3024 1946 DeuS,
3072 1872 3300 1947 absque
3330 1876 3422 1942 te,
3469 1891 3609 1948 quas
3644 1891 3876 1951 praepa-

2328 1966 2468 2026 rasti
2506 1965 2888 2039 diligentibus
2925 1965 2998 2040 (a)
3027 1968 3106 2025 te.
3153 1987 3182 2023 x·
3225 1970 3371 2025 Nam
3418 1970 3476 2024 et
3500 1968 3788 2027 videmus
3821 1971 3879 2027 in
3948 1990 4059 2031 sm-

2329 2060 2421 2118 his
2443 2059 2872 2134 temporalibus
2889 2059 3131 2133 nuptiis,
3153 2060 3296 2119 dum
3328 2061 3461 2135 quis
3483 2061 3733 2136 nuptias
3758 2063 3881 2122 filio
3902 2050 4015 2105 μ

2332 2170 2442 2212 suo
2484 2152 2650 2225 facit,
2680 2153 2848 2227 quod
2873 2155 3014 2211 tunc
3037 2152 3336 2226 quidquid
3361 2159 3555 2229 potest
3580 2156 3879 2229 ostendit3

2331 2248 2454 2306 imo
2474 2289 2496 2320 ,
2535 2248 2586 2306 si
2629 2246 2748 2305 dici
2786 2250 3024 2321 posset,
3063 2246 3199 2322 plus
3247 2245 3387 2306 facit
3426 2247 3617 2306 homo
3639 2292 3663 2321 ,
3703 2266 3885 2325 quam

2332 2341 2535 2416 possit.
2563 2340 2752 2411 Unde,
2776 2339 2925 2399 sicut
2945 2338 3158 2414 legitur
3172 2341 3235 2413 ¹²,
3260 2356 3373 2415 pro
3402 2343 3630 2416 nuptiis
3658 2347 3720 2401 et
3744 2360 3882 2402 eon-

2326 2436 2634 2508 ,iunctione
2663 2437 2895 2506 Hester,
2931 2432 3106 2506 jussit
3138 2449 3247 2492 rex
3290 2435 3491 2509 parari
3539 2437 3885 2496 convivium

2327 2531 2498 2605 juxta
2519 2528 3021 2604 magnificentiam
3053 2530 3491 2606 triumphalem.
3542 2535 3703 2606 Ergo
3728 2533 3781 2590 si
3804 2534 3885 2590 sic

2334 2624 2397 2683 in
2424 2626 2643 2699 nuptiis
2661 2622 2883 2682 faciunt
2899 2623 3172 2682 homines
3192 2624 3495 2697 mortales,
3518 2626 3735 2700 quales
3754 2631 3885 2685 sunt

2335 2718 2582 2793 nuptiae,
2622 2733 2771 2793 quas
2803 2717 2940 2774 filiis
2986 2718 3105 2775 suis
3149 2717 3289 2776 facit
3326 2721 3449 2776 Rex
3486 2718 3882 2778 immortalis?

2336 2813 2449 2870 llas
2467 2812 2703 2887 nuptias
2720 2811 2867 2869 dum
2882 2816 3077 2883 Agnes
3098 2811 3441 2870 beatissima
3456 2811 3581 2870 fide
3594 2815 3883 2888 percepit,

2337 2906 2419 2965 ad
2444 2923 2544 2965 eas
2566 2910 2690 2966 toto
2736 2922 2910 2981 posse
2938 2906 3286 2981 praeparavit
3318 2922 3423 2965 se:
3456 2911 3517 2966 et
3559 2908 3703 2967 ideo
3726 2910 3879 2968 bene

2338 3001 2552 3060 dicitur
2581 3020 2596 3058 ε
2651 3003 2920 3060 Venerunt
2958 3004 3169 3073 nuptioe
3200 3001 3389 3072 Aqui,
3447 3008 3502 3059 et
3548 3019 3693 3061 umor
3735 3006 3881 3075 Ama·

2334 3099 2672 3169 praeparavit
2696 3110 2769 3153 se.
2800 3097 2947 3153 Nam
2974 3094 3245 3169 quamvis
3263 3094 3432 3168 prius
3456 3094 3638 3154 fuerit
3657 3113 3879 3172 proepa-
3944 3118 4034 3161 sm

2339 3190 2513 3260 ratio,
2543 3204 2728 3262 quam
2758 3188 3100 3263 nuptiarum
3120 3187 3440 3247 celebratio
3456 3207 3475 3260 3
3494 3189 3667 3263 prius
3690 3194 3881 3249 tamen
3906 3192 4059 3294 π

2341 3282 2796 3341 celebrationem
2829 3280 3132 3355 praemittit
3153 3323 3170 3349 ‚
3199 3279 3343 3355 quia
3369 3280 3508 3339 finis
3534 3299 3771 3358 semper
3799 3283 3880 3355 id,
3906 3300 4055 3347 „aaa

2343 3376 2510 3451 quod
2538 3380 2625 3437 est
2648 3375 2728 3435 ad
2752 3375 2966 3446 finem,
2994 3373 3305 3448 praecedit,
3331 3390 3457 3432 non
3482 3375 3550 3433 in
3575 3393 3676 3450 re,
3700 3376 3807 3435 sed
3824 3378 3885 3435 in
3906 3364 3998 3421 ‘¹⁸⁰¹'
4016 3370 4059 3403 ‘¹‘

2318 3469 2683 3529 intentione.
2730 3472 2877 3527 Nam
2916 3468 3055 3527 licet
3087 3466 3201 3526 flos
3239 3468 3303 3526 in
3342 3469 3562 3528 arbore
3600 3470 3886 3544 pwdat

2340 3564 2595 3622 fructum
2618 3568 2905 3637 tempore,
2920 3561 3143 3621 fructus
3162 3564 3363 3623 tamen
3381 3563 3668 3638 praecedit
3683 3565 3885 3624 florem

2347 3660 2644 3736 operantis
2684 3658 2970 3717 electione
3007 3662 3066 3716 et
3097 3659 3443 3717 intentione.
3487 3659 3585 3718 Sic
3619 3665 3680 3718 et
3700 3666 3885 3735 Agnes

2350 3753 2717 3812 sanctissima
2748 3752 2915 3827 prius
2954 3752 3285 3811 secundum
3328 3753 3721 3815 intentionem
3760 3754 3886 3812 illas

2346 3849 2592 3906 oeternas
2616 3846 2853 3921 nuptias
2892 3846 3249 3922 concupivit,
3280 3849 3336 3904 et
3362 3846 3445 3904 ad
3481 3863 3753 3906 amorem
3792 3862 3883 3906 ea·

2348 3958 2484 4001 rum
2499 3958 2562 4000 se
2578 3947 2786 4016 postea
2804 3941 3160 4016 proeparavit
3179 3957 3195 3998 ε
3221 3957 3575 4015 quanquam
3596 3942 3731 4017 ipsa
3748 3958 3885 4016 pre·

2348 4036 2578 4110 paratio
2604 4034 2963 4109 proecesserit
2986 4039 3249 4108 tempore
3264 4034 3614 4109 nuptiarum
3639 4035 3886 4094 celebra-

2350 4129 2575 4187 tionem
2612 4131 2669 4188 et
2698 4128 3199 4203 conjunctionem.
3236 4130 3408 4186 Juxta
3446 4127 3577 4187 haec
3617 4129 3795 4202 igitur
3830 4128 3886 4185 in

2353 4221 2538 4279 verbo
2578 4221 2881 4296 praemisso
2935 4221 3058 4280 duo
3104 4223 3385 4280 notantur
3421 4241 3438 4277 ε
3498 4221 3761 4294 primum
3808 4226 3887 4279 est

2353 4314 2609 4388 dignitas
2634 4315 2846 4388 meriti,
2876 4330 3001 4390 quo
3020 4313 3184 4372 fulsit
3203 4314 3267 4372 in
3294 4314 3425 4387 νίας
3454 4315 3787 4374 seeundum
3808 4319 3887 4374 est

2354 4396 2697 4466 sublimitas
2719 4409 2978 4482 premii,
3026 4424 3152 4482 quo
3196 4406 3381 4481 fulget
3408 4408 3469 4465 'm
3516 4410 3731 4484 patria.
3779 4408 3886 4469 Pri·

2354 4517 2543 4574 mum,
2559 4500 2781 4560 scilicet
2796 4501 2988 4559 meriti
3016 4500 3292 4574 dignitas,
3306 4504 3567 4573 notatur,
3592 4518 3735 4561 cum
3760 4502 3888 4561 dici-

2353 4598 2484 4652 tur:
2524 4597 2667 4652 Uxor
2706 4596 2856 4666 Auni
2895 4597 3235 4667 properavit
3272 4610 3351 4653 se.
3404 4594 3521 4654 Sed
3546 4596 3883 4663 secundum,

2354 4687 2574 4746 scilicet
2596 4687 2825 4763 praemii
2873 4686 3237 4760 sublimitas,
3278 4691 3517 4747 notatur
3535 4731 3557 4761 ,
3587 4705 3729 4748 cum
3750 4706 3887 4764 pra:-

2356 4781 2632 4840 mittitur:
2670 4782 2941 4839 Venerwat
2968 4784 3178 4854 nuptia
3211 4782 3380 4852 Aqui.
3416 4781 3688 4841 Dicamus
3714 4800 3882 4857 erge:

2363 4878 2507 4933 Umor
2526 4877 2676 4947 Aqui
2691 4877 3029 4949 properavit
3052 4890 3138 4947 se,
3167 4878 3276 4933 etc.
3296 4915 3316 4947 ‚
3345 4876 3544 4949 primo
3570 4893 3682 4952 per
3702 4878 3886 4938 cordis

2359 5051 2646 5116 Lipoman.‚
2674 5052 2800 5100 tom.
2832 5049 2871 5113 1,
2900 5048 2968 5099 ad
2988 5052 3064 5100 21.
3088 5050 3298 5102 sauuar.
3318 5049 3591 5116 Reliquum
3614 5065 3741 5105 vero
3765 5052 3886 5119 apud

2356 5122 2537 5175 Jacob.
2568 5135 2598 5171 a
2626 5119 2903 5185 voragine,
2937 5120 3144 5184 chend.
3179 5135 3294 5174 aur.
3326 5148 3391 5160 -
3428 5123 3449 5154 ⁸
3487 5123 3607 5187 Im„
3632 5136 3732 5187 ιη,
3766 5127 3808 5177 ¹.
3830 5149 3887 5162 -

2356 5195 2377 5226 ⁹
2400 5196 2546 5245 Hunc
2566 5205 2673 5243 non
2690 5192 2850 5242 habet
2875 5191 2997 5242 edit.
3029 5193 3257 5257 flageno.
3284 5205 3368 5243 an.
3396 5196 3537 5245 1496.
3567 5220 3633 5233 —
3659 5198 3703 5232 ¹⁸
3729 5198 3884 5261 Apoe..

2358 5277 2467 5329 xxx,
2497 5267 2545 5316 7.
2569 5290 2623 5300 —-
2660 5265 2693 5299 ¹¹
2725 5263 2846 5326 Isca,
2874 5273 3015 5325 wa,
3052 5265 3096 5312 t.
3127 5289 3190 5301 -
3216 5263 3257 5299 ¹²
3286 5263 3452 5333 Eme„
3478 5276 3542 5333 11,
3570 5270 3651 5320 18.

2420 5354 2486 5423 (α)
2528 5353 2677 5421 Vulq.
2707 5351 3111 5419 expectantibus.

3906 3426 4059 3470 adan
