4059 6317
598 542 720 609 bu

593 678 737 745 haec
756 676 1018 762 probate
1041 693 1155 760 per
1188 673 1650 742 exhibitionem
1684 671 1871 737 bonae
1914 689 2136 755 opera-

594 786 827 864 tionis3
879 784 1162 869 alioquin
1230 785 1308 849 de
1365 780 1826 865 ingratitudine
1891 798 2130 863 argue-

587 912 778 962 mim.

671 1000 885 1066 Tertio
931 1021 948 1065 t
1000 1000 1244 1083 Diliqes
1308 997 1648 1066 Dominum
1699 999 1895 1063 Deum
1948 1001 2133 1063 tuum

595 1113 852 1195 propter
889 1107 1299 1174 donationem
1337 1105 1723 1171 haereditatis
1768 1107 2128 1188 perpetuae,

594 1222 660 1283 et
687 1216 1235 1300 glorificationem.
1267 1213 1446 1280 Unde
1468 1214 1538 1278 in
1569 1212 1820 1277 Psalmo
1843 1213 1862 1248 ¹
1893 1234 1909 1275 ε
1949 1234 1980 1273 ι
2008 1210 2135 1275 Do·

596 1326 791 1403 mine,
819 1322 1008 1389 dilexi
1036 1322 1329 1388 decorem
1359 1321 1590 1387 domus
1629 1323 1780 1398 tuae‚
1817 1321 1881 1383 et
1918 1317 2135 1382 locum

593 1431 1002 1499 habitationis
1030 1431 1257 1514 gloriae
1306 1435 1463 1495 tuae.
1505 1451 1536 1489 υ
1585 1427 1711 1493 Iste
1737 1427 1926 1493 decor
1966 1426 2137 1492 nihil

594 1540 769 1606 aliud
792 1544 886 1605 est
910 1539 1033 1604 nisi
1057 1539 1281 1605 divina
1304 1536 1715 1619 refulgentia,
1747 1554 1830 1601 ex
1855 1553 1987 1619 qua
2008 1534 2131 1598 mi-

595 1652 743 1713 cant
772 1647 970 1714 divini
993 1646 1157 1713 radii
1192 1644 1543 1730 splendoris
1580 1644 1878 1710 facientes
1900 1642 2135 1708 coelum

596 1773 973 1840 empyreum
1026 1754 1290 1819 domum
1345 1753 1590 1819 decoris
1631 1758 1889 1835 propter
1939 1752 2139 1816 reful-

595 1865 879 1949 gentiam
906 1862 1143 1929 divinae
1170 1861 1447 1926 claritats
1481 1880 1498 1926 ε
1529 1863 1612 1928 Et
1632 1860 1843 1928 locum
1875 1859 2136 1926 habita·

595 1973 798 2040 tionis
841 1970 1060 2054 alorioe
1111 1974 1267 2047 tuoe,
1316 1972 1572 2052 propter
1611 1967 2138 2033 communitatem

599 2080 829 2163 gloriae
854 2077 1223 2144 divinitatis.
1274 2075 1322 2143 Ο
1362 2093 1556 2158 quam
1595 2073 1860 2140 illustris
1896 2077 1960 2138 et
1987 2093 2133 2158 spe-

597 2189 806 2253 ciosus
831 2190 929 2252 est
965 2186 1083 2251 iste
1126 2185 1314 2250 decor
1356 2184 1585 2248 domus
1633 2187 1789 2262 tuae,
1838 2182 2025 2262 Deus,
2074 2185 2139 2247 et

597 2299 838 2380 quanto
851 2292 1138 2359 davidico
1164 2292 1472 2358 desiderio
1487 2290 1839 2372 diligenda!
1874 2289 1922 2356 Ο
1942 2309 2139 2373 quam

598 2402 751 2468 felix
787 2405 850 2467 et
899 2403 1154 2464 sanctus
1199 2403 1292 2464 est
1337 2398 1453 2462 iste
1507 2397 1684 2462 locus
1733 2396 2141 2462 habitationis

599 2509 851 2594 gloriae,
877 2510 1114 2590 quanta
1136 2507 1438 2574 aviditate
1465 2505 1880 2588 appetendus,
1914 2504 1982 2569 in
2012 2522 2140 2587 quo

600 2619 767 2685 Deus
783 2616 1213 2683 abundantius
1236 2616 1511 2699 seipsum
1532 2612 1980 2678 delectabiliter
1996 2613 2141 2677 bea-

601 2728 685 2793 tis
728 2722 1176 2809 perpetualiter
1210 2721 1663 2801 communicat,
1712 2721 1784 2785 in
1818 2721 1911 2785 eis
1952 2720 2138 2785 habi-

599 2833 796 2902 tando
822 2850 937 2915 per
965 2831 1279 2913 gloriaml
1391 2833 1401 2842 ‘

679 2940 890 3006 Tertio
916 2939 1223 3004 subinfert
1260 2960 1276 3002 :
1314 2937 1418 3004 Ex
1446 2941 1578 3004 toto
1600 2931 1940 3015 cordetuo,
1973 2940 2037 3002 et
2058 2950 2143 3002 ex

601 3053 738 3118 tota
763 3047 986 3114 anima
1012 3051 1145 3125 tua,
1176 3049 1234 3112 ct
1267 3060 1352 3111 ea·
1396 3049 1528 3111 tota
1564 3049 1765 3109 mente
1807 3047 1920 3111 tua
1964 3064 1979 3106 :
2027 3042 2142 3106 ubi

601 3154 928 3239 explicans
952 3152 1181 3217 utilem
1206 3151 1473 3216 modum
1516 3148 1825 3229 veritatis,
1873 3149 2040 3214 miro
2078 3152 2145 3213 et

601 3260 905 3327 ineffabili
934 3260 1122 3326 modo
1161 3274 1455 3323 summus
1503 3256 1814 3338 magister
1855 3254 2144 3320 Christus

603 3369 821 3436 docuit
867 3367 1140 3452 qualiter
1183 3365 1267 3430 sit
1315 3365 1482 3430 Deus
1529 3361 1900 3446 diligendus
1933 3362 2003 3426 in
2043 3362 2144 3426 his

604 3480 807 3545 tribus
819 3476 1171 3556 vocabulis,
1192 3475 1400 3555 corde,
1424 3475 1642 3540 animo
1659 3475 1955 3538 etmente.
1977 3468 2143 3535 Nam

602 3585 800 3652 homo
826 3604 958 3650 non
994 3588 1199 3668 potest
1224 3582 1517 3665 diligere,
1545 3581 1668 3646 nisi
1706 3599 1856 3646 eum
1897 3597 2141 3661 cogno-

602 3699 754 3775 scat,
784 3694 1016 3759 habeat
1041 3695 1106 3757 et
1132 3695 1343 3756 teneat
1368 3690 1720 3755 secundum
1749 3693 1875 3754 tres
1899 3688 2143 3754 nobiles

602 3822 752 3870 suas
785 3803 1117 3888 potentias,
1162 3800 1227 3866 id
1267 3802 1382 3897 est,
1431 3798 1875 3881 intelligentia,
1905 3797 2137 3862 volun-

495 3935 502 3940 ·
600 3918 749 3994 tate,
780 3912 1109 3991 memoria,
1138 3909 1376 3993 quibus
1401 3912 1497 3973 est
1524 3908 1630 3973 Dei
1653 3908 1899 3990 imagO,
1922 3925 2144 3971 secun-

599 4022 754 4088 dum
782 4019 1221 4102 Augustinum
1249 4018 1312 4096 ⁸;
1343 4033 1722 4098 cognoscere
1748 4032 1904 4079 vero
1929 4014 2012 4078 sit
2036 4013 2136 4077 in-

599 4128 991 4211 telligentiae,
1034 4125 1272 4191 habere
1316 4122 1685 4202 voluntatis,
1736 4125 1955 4186 tenere
2003 4139 2138 4186 me-

599 4237 844 4304 moriae.
874 4235 1021 4301 Ideo
1046 4232 1397 4299 necessario
1416 4231 1495 4297 ad
1515 4230 1713 4297 Deum
1736 4229 2141 4313 diligendum

598 4350 777 4411 actus
814 4344 1078 4409 istarum
1117 4343 1316 4408 trium
1357 4340 1785 4424 potentiarum
1828 4339 2014 4404 debet
2056 4339 2135 4423 (a)

598 4468 997 4528 concurrere,
1049 4467 1196 4533 quae
1236 4448 1497 4512 nomine
1537 4446 1764 4525 cordis,
1797 4446 2034 4510 animae
2076 4449 2142 4510 et

598 4559 828 4623 mentis
867 4555 1304 4639 designantur,
1355 4554 1661 4638 quoniam
1717 4553 2140 4636 intelligentia

596 4683 713 4750 per
749 4684 881 4745 cor,
920 4663 1219 4731 voluntas
1242 4679 1358 4746 per
1383 4661 1687 4740 animam,
1731 4666 1795 4725 et
1827 4661 2137 4726 memoria

597 4791 715 4858 per
739 4775 1020 4837 mentem
1047 4770 1401 4836 secundum
1434 4768 1877 4851 Augustinum
1910 4768 1978 4833 in
2013 4768 2137 4834 hoc

596 4861 735 4946 loco
779 4878 1106 4963 accipitur.
1155 4875 1374 4942 Primo
1425 4879 1524 4942 est
1564 4876 1731 4941 Deus
1774 4874 2139 4957 diligendus

596 4987 884 5068 fideliter,
929 5005 1013 5051 ne
1057 4984 1479 5067 intelligentia
1524 4984 1864 5049 seducatur
1906 4985 2138 5049 erroris

595 5096 904 5175 falsitate3
934 5094 1210 5160 secundo
1236 5093 1585 5171 sinceriter,
1615 5111 1698 5158 ne
1719 5093 2014 5158 voluntas
2038 5092 2132 5157 al-

1691 534 2110 603 SERMONES
2150 534 2254 602 DE
2293 533 2687 602 TEMPORE.

2241 670 2319 737 Et
2358 671 2480 737 ista
2522 671 2749 738 divisio
2784 672 3058 739 traditur
3095 692 3137 739 a
3167 674 3353 741 beato
3386 675 3770 758 Augustino,

2238 780 2350 865 qui
2390 781 2566 846 hunc
2590 781 2802 846 locum
2829 781 2919 847 ita
2943 783 3204 867 exponit
3234 805 3251 848 :
3286 799 3373 851 ex
3403 790 3529 852 toto
3569 784 3769 866 eorde,

2237 888 2305 953 id
2330 892 2446 968 est,
2475 888 2798 955 intellectu
2824 890 2961 955 sine
2987 909 3235 971 errore;
3267 908 3351 959 ex
3379 897 3514 959 tota
3530 894 3772 974 anima,

2239 995 2302 1059 id
2331 999 2458 1076 est,
2488 995 2815 1063 voluntate
2859 998 2996 1063 sine
3034 999 3562 1079 contradictione3
3607 1004 3667 1066 st
3700 1016 3777 1067 ea·

2240 1107 2375 1170 tota
2400 1108 2624 1183 mente,
2664 1104 2727 1168 id
2768 1108 2886 1184 est,
2928 1105 3238 1171 memoria
3268 1107 3407 1169 sine
3435 1107 3776 1172 oblivione.

2239 1209 2319 1276 Et
2339 1210 2429 1275 sic
2447 1211 2663 1277 divina
2677 1211 2925 1277 dilectio
2939 1218 3029 1278 est
3045 1213 3473 1279 illuminativa
3489 1215 3779 1301 omnium

2239 1319 2722 1401 credendorum,
2762 1324 3164 1406 aspernativa
3202 1323 3562 1388 carnalium
3614 1323 3779 1389 dele-

2240 1427 2611 1509 ctationum,
2641 1433 2704 1494 et
2729 1429 3162 1496 continuativa
3204 1432 3523 1497 bonarum
3562 1449 3785 1517 opera-

2241 1536 2515 1601 tionum.

2324 1642 2540 1709 Primo
2584 1664 2600 1709 t
2645 1643 2888 1728 Diliqea
2942 1646 3281 1713 Dominum
3340 1647 3545 1714 Deum
3609 1653 3787 1716 tuum

2243 1768 2328 1821 ex
2372 1758 2502 1821 toto
2554 1751 2740 1820 corde
2796 1758 2929 1833 tuo,
2988 1753 3055 1818 id
3111 1758 3230 1833 est,
3284 1772 3430 1820 cum
3474 1756 3788 1821 soliditate

2241 1859 2412 1940 fidei,
2469 1877 2550 1924 ne
2618 1859 3039 1942 intelligentIa
3099 1860 3440 1926 seducatur
3501 1862 3784 1927 fallaciis.

2246 1967 2421 2035 Unde
2459 1968 2483 2005 ⁸
2534 1989 2552 2033 ι
2604 1991 2637 2028 α
2676 1968 2866 2046 Audi,
2910 1967 3105 2032 lsrael
3153 1990 3170 2033 ι
3219 1987 3388 2034 unus
3428 1973 3525 2034 est
3569 1970 3787 2035 Domi·

2244 2077 2459 2142 minus
2487 2075 2653 2141 Deus
2679 2079 2836 2140 tuus
2858 2094 2876 2139 z
2897 2096 2928 2135 n
2956 2075 3225 2140 fideliter
3242 2076 3555 2141 credendo
3575 2076 3786 2157 corde,

2245 2188 2317 2249 ut
2342 2182 2521 2248 nulla
2545 2182 2899 2266 aequipares
2926 2182 3211 2265 dispersa
3239 2182 3340 2264 (b),
3379 2183 3522 2247 ficte
3548 2184 3787 2267 imagi·

2246 2291 2459 2357 nando
2508 2290 2665 2355 alios
2721 2291 2870 2355 deos
2925 2309 3082 2356 esse.
3138 2289 3390 2374 Dilt‘qes
3443 2292 3793 2359 Dominum

2247 2399 2447 2466 Deum
2466 2403 2647 2467 tuum
2666 2415 2749 2465 ex
2776 2403 2903 2467 toto
2923 2398 3132 2477 corde,
3157 2399 3492 2463 efficaciter
3505 2417 3793 2485 compro·

2246 2508 2456 2574 bando
2480 2525 2693 2590 opere,
2722 2514 2797 2572 ut
2824 2507 3001 2572 nulla
3024 2505 3319 2572 admittas
3347 2508 3692 2589 contraria,
3722 2526 3793 2573 eo

2247 2616 2420 2699 quod
2454 2615 2617 2680 nihil
2654 2615 2823 2681 aliud
2868 2616 3054 2681 debet
3082 2597 3198 2699 per
3223 2616 3523 2681 affectum
3557 2635 3674 2682 cor
3701 2616 3789 2680 al-

2246 2723 2455 2806 ligare
2480 2726 2714 2806 praeter
2741 2742 2916 2803 eum,
2951 2723 3054 2789 cui
3072 2726 3281 2790 totum
3305 2742 3417 2789 cor
3439 2724 3713 2790 debetur
3730 2725 3791 2789 in

2250 2832 2599 2898 dilectione.
2634 2832 2810 2899 Unde
2837 2851 2984 2899 cum
3013 2833 3256 2916 aliquid
3282 2851 3582 2898 amamus
3598 2851 3794 2917 supra

2250 2939 2474 3021 Deum,
2513 2939 2617 3007 vel
2652 2944 2886 3024 praeter
2939 2940 3165 3021 Deum,
3214 2959 3492 3025 nequam
3533 2944 3658 3006 est.
3704 2940 3794 3006 Ex

2248 3052 2382 3115 toto
2409 3066 2567 3131 ergo
2594 3049 2780 3114 corde
2806 3048 3151 3131 diligamus
3194 3068 3369 3114 eum.
3421 3049 3583 3114 Nam
3630 3048 3794 3113 sicut

2248 3155 2606 3221 intellectus
2633 3159 2804 3220 errat
2829 3155 2898 3220 in
2933 3155 3402 3238 cognoscendO,
3432 3155 3521 3220 ita
3546 3158 3610 3221 et
3638 3154 3792 3222 affe-

2251 3269 2390 3329 ctus
2415 3264 2486 3328 in
2513 3263 2855 3345 diligendo.

2331 3369 2623 3436 Secundo
2642 3390 2661 3436 ι
2680 3370 2924 3454 Diliqes
2944 3371 3285 3437 Dominum
3303 3372 3497 3436 Deum
3513 3373 3700 3436 tuum
3715 3384 3794 3437 ex

2252 3488 2384 3551 tota
2406 3484 2629 3548 anima
2654 3487 2787 3564 tua,
2819 3483 2886 3548 id
2910 3485 3030 3562 est,
3048 3501 3192 3546 cum
3217 3480 3578 3545 sinceritate
3595 3480 3793 3546 animi

2248 3591 2319 3654 in
2345 3589 2658 3669 affectiva,
2701 3607 2784 3654 ne
2820 3589 3114 3654 alliciaris
3138 3588 3478 3654 blanditiis,
3511 3587 3696 3654 Unde
3725 3588 3790 3651 ⁸:

2258 3721 2289 3759 α
2337 3697 2570 3762 Anima
2629 3715 2774 3761 mea
2835 3695 3169 3780 liquefacta
3224 3700 3342 3778 est,
3398 3700 3473 3762 ut
3527 3695 3795 3761 dilectus

2252 3823 2434 3870 meus
2457 3804 2707 3870 locutus
2734 3807 2830 3869 est
2872 3804 3055 3869 mihi.
3085 3825 3117 3864 n
3148 3804 3329 3869 Tunc
3353 3804 3568 3868 anima
3592 3803 3794 3888 lique·

2248 3914 2324 3978 flt
2348 3912 2429 3978 ad
2458 3912 2566 3978 Dei
2592 3912 2928 3977 mulcentis
2953 3912 3359 3993 locutionem,
3411 3912 3574 3976 sicut
3613 3930 3786 3992 cera,

2249 4039 2399 4105 quae
2433 4021 2578 4085 fluit
2601 4039 2640 4084 a
2666 4020 2823 4084 facie
2863 4019 3061 4101 igniS‚
3089 4018 3333 4084 cumin
3360 4021 3500 4103 ejus
3522 4019 3788 4083 medita-

2250 4129 2421 4193 tione
2447 4126 2796 4192 exardescit
2814 4129 2829 4189 i
2837 4127 2985 4209 gnis
3006 4125 3205 4192 divini
3223 4126 3496 4191 amoris:
3516 4130 3673 4190 tunc
3690 4143 3757 4191 re
3773 4159 3788 4172 ·

2249 4236 2521 4301 solvitur
2548 4236 2618 4300 in
2643 4253 2878 4320 aquam
2897 4234 3275 4311 devotionis,
3315 4233 3397 4299 ad
3426 4232 3786 4316 inspiratio-

2246 4363 2399 4411 nem
2428 4353 2492 4410 et
2515 4345 2972 4409 immissionem
2995 4343 3269 4427 alicujus
3300 4342 3457 4408 radii
3485 4341 3789 4424 spiritua-

2247 4452 2350 4531 lis,
2379 4452 2557 4518 velut
2591 4451 2829 4534 glacies
2854 4468 3003 4535 quae
3030 4451 3373 4516 resolvitur
3397 4451 3478 4515 ad
3500 4450 3789 4515 ardorem

2247 4560 2424 4643 ignis
2444 4559 2810 4639 materialia,
2837 4559 3095 4642 quando
3121 4561 3211 4623 est
3236 4559 3305 4622 in
3326 4557 3786 4622 ferventissimo

2248 4669 2556 4735 desiderio
2585 4672 2647 4733 et
2676 4684 2894 4732 amore
2930 4664 3094 4731 Solis
3129 4663 3500 4749 spirituaIiS,
3528 4667 3603 4729 ut
3626 4668 3783 4730 tota-

2246 4773 2392 4838 liter
2430 4771 2756 4853 recolligat
2789 4788 2857 4834 se
2901 4770 2984 4835 ad
3024 4768 3351 4848 interiora,
3399 4786 3519 4833 nec
3560 4768 3643 4832 sit
3683 4768 3782 4832 di-

2243 4897 2461 4964 spersa
2486 4880 2567 4943 ad
2592 4876 2925 4957 exteriora,
2976 4893 3061 4939 ne
3097 4875 3540 4958 interponatur
3569 4873 3781 4958 aliqua

2244 4985 2450 5057 nubes
2474 5007 2715 5073 aquosa
2740 4987 3009 5053 carnalis
3026 4985 3413 5069 frigiditatis„
3435 4988 3543 5053 sed
3563 4988 3781 5052 imme-

2245 5100 2410 5165 diate
2436 5097 2700 5181 recipiat
2722 5095 3178 5161 immissionem
3198 5093 3567 5161 divinorum
3582 5094 3778 5160 radio-

595 5201 848 5267 liciatur
872 5200 1079 5266 carnis
1101 5200 1457 5284 voluptate3
1480 5201 1666 5266 tertio
1683 5201 2133 5281 indesinenter,
2240 5224 2393 5271 rum
2420 5210 2628 5271 totum
2652 5222 2762 5269 cor
2791 5201 3358 5267 inflammantium.

595 5327 680 5375 ne
692 5309 1003 5375 memoria
1019 5309 1356 5393 frangatur
1371 5310 1579 5394 operis
1593 5301 2129 5376 discontinuitate.

658 5480 678 5516 ¹
708 5479 841 5531 Paul.
875 5491 999 5541 xm,
1030 5481 1080 5538 8.
1105 5504 1166 5519 -
1200 5480 1223 5514 ⁹
1248 5481 1404 5545 Aug„
1439 5479 1500 5529 de
1538 5480 1738 5538 Trinit„
1772 5478 1856 5529 lib.
1888 5480 1958 5542 X,
1994 5492 2042 5528 c.
2077 5491 2128 5532 ιι

595 5554 650 5606 st
672 5563 766 5605 xu.
794 5578 856 5592 —
879 5553 901 5585 ⁸
924 5552 1095 5615 Deua,
1129 5563 1199 5614 vr,
1228 5554 1277 5603 5.
1302 5577 1365 5591 —
1390 5550 1412 5588 ⁸
1433 5551 1605 5613 Cant„
1636 5560 1691 5614 v,
1718 5550 1764 5603 6.

2324 5313 2397 5396 (ο)
2426 5313 2673 5396 Diliqes
2700 5311 3048 5379 Dominum
3075 5309 3282 5377 Deum
3313 5324 3399 5377 ecc
3424 5312 3558 5378 tota
3578 5311 3777 5375 mente

2306 5474 2376 5536 (α)
2429 5474 2540 5538 Leq.
2596 5473 2803 5524 debent.
2854 5498 2914 5511 —
2966 5469 3034 5535 (b)
3085 5471 3238 5523 Forte
3282 5470 3380 5538 leq.
3434 5468 3672 5536 disparia.
3715 5492 3774 5510 -

2249 5549 2306 5611 (c)
2338 5545 2514 5612 Suppl.
2541 5544 2731 5598 Tertio.
