4059 6317
709 584 831 649 {38

710 716 943 801 «Eripe
968 734 1072 781 me
1098 716 1176 779 de
1203 712 1479 778 inimicis
1505 712 1665 778 meis
1683 760 1702 792 ,
1732 732 1764 771 n
1787 713 1937 789 etc„
1968 707 2084 792 qui
2110 706 2243 772 ani-

702 842 876 888 mam
910 827 1191 889 nostram
1232 822 1622 906 impugnant
1657 824 1731 883 ut
1765 836 1882 883 nos
1915 834 2107 882 ruere
2144 815 2238 879 fa-

699 931 866 995 ciant
892 930 962 994 in
988 930 1376 1012 gehennam.
1422 926 1546 991 Sed
1578 925 1768 990 ruina
1793 925 1913 989 ista
1938 940 2054 1006 per
2100 940 2241 1006 poe-

698 1038 1033 1103 nitentium
1059 1037 1298 1100 vitatur
1320 1036 1380 1098 ¹:
1412 1056 1442 1096 α
1469 1031 1949 1112 convertimini,
1979 1033 2045 1095 et
2063 1030 2234 1112 agite

698 1145 1137 1228 poenitentiam
1154 1191 1173 1222 ‚
1221 1146 1285 1207 et
1312 1158 1444 1206 non
1487 1139 1612 1204 erit
1639 1138 1820 1205 vobis
1863 1138 1934 1202 in
1978 1138 2239 1203 ruinam

697 1246 1024 1330 iniquitas.
1060 1267 1090 1305 a
1144 1244 1374 1310 Contra
1418 1243 1570 1307 istos
1614 1241 1905 1306 inimicos
1957 1240 2240 1305 multum

698 1355 868 1421 valet
910 1353 1297 1437 poenitentia.
1342 1349 1746 1431 Augustinus
1771 1349 1795 1384 ¹
1826 1370 1840 1412 :
1879 1369 1912 1409 α
1939 1348 2233 1412 Acriores

698 1466 920 1526 contra
935 1461 1224 1526 inimicos
1240 1459 1486 1526 dolores
1505 1476 1632 1522 non
1649 1456 2003 1534 inferimus,
2035 1472 2232 1538 quam

699 1587 848 1634 cum
902 1568 1125 1652 plagas
1175 1570 1579 1652 peccatorum
1623 1568 1992 1630 nostrorum
2033 1563 2232 1628 confl-

701 1677 895 1742 tendo
941 1681 1005 1741 et
1049 1675 1412 1759 poenitendo
1459 1691 1783 1738 sanamus.
1799 1695 1830 1732 υ
1868 1671 1990 1737 Per
2031 1670 2240 1754 poeni-

701 1785 967 1849 tentiam
994 1801 1153 1866 ergo
1181 1784 1264 1848 ab
1303 1782 1404 1847 his
1443 1781 1719 1847 inimicis
1756 1780 2133 1858 liberamur,
2178 1781 2241 1843 et

702 1891 783 1956 ad
811 1895 1051 1956 terram
1073 1939 1092 1970 ‚
1122 1889 1358 1955 scilicet
1379 1888 1707 1967 Ecclesiae,
1739 1886 2128 1952 reducimur.

787 1998 871 2063 De
920 1999 1107 2062 tertio
1147 1998 1227 2062 ⁸:
1271 2020 1303 2059 α
1338 1996 1655 2061 Gaudium
1695 1998 1792 2060 est
1834 1993 2084 2075 angelis
2133 1991 2243 2057 Dei

702 2123 915 2187 super,
946 2126 978 2165 xz
1011 2109 1131 2171 etc.
1161 2128 1178 2183 ;
1208 2122 1341 2168 non
1368 2103 1618 2185 angelis
1643 2101 1878 2167 diaboli
1894 2101 1959 2164 ἐ
1995 2124 2026 2162 ι
2049 2100 2242 2165 Datus

701 2217 798 2276 est
823 2212 983 2276 mihi
1022 2212 1319 2278 stimulus
1348 2212 1557 2276 carnis
1582 2226 1746 2273 meae
1776 2257 1794 2287 ‚
1825 2208 2097 2291 angelus
2123 2207 2238 2273 Sa-

703 2325 902 2398 tanae,
933 2322 1046 2402 qui
1075 2337 1178 2384 me
1204 2318 1571 2400 colaphizet.
1598 2338 1630 2376 ιι
1661 2315 1949 2380 Gaudent
1974 2332 2136 2396 ergo
2163 2314 2242 2378 de

704 2443 1011 2491 converso
1037 2426 1271 2508 impio,
1303 2425 1466 2489 sicut
1492 2422 1711 2487 sitiens
1746 2421 1824 2486 de
1859 2422 2029 2487 bono
2058 2421 2236 2487 vino.

707 2535 1068 2600 Bernardus
1092 2533 1115 2570 ⁸
1145 2552 1163 2596 ε
1203 2556 1233 2594 α
1261 2531 1548 2596 Gaudent
1587 2529 1804 2610 angeli
1848 2530 1916 2592 in
1967 2546 2241 2594 conver-

707 2644 885 2708 sione
945 2646 1008 2707 et
1045 2641 1414 2726 poenitentia
1453 2643 1854 2722 peccatorum
1885 2685 1903 2716 ,
1970 2637 2241 2703 salutem

704 2752 1041 2817 hominum
1084 2750 1401 2815 sitientes:
1433 2748 1767 2830 lacrymae,
1798 2746 2113 2829 praevium
2142 2747 2244 2813 vi-

700 2878 860 2926 num
887 2876 1133 2923 eorum.
1161 2879 1192 2917 n
1219 2855 1507 2921 Gaudent
1532 2854 1770 2936 angeli,
1790 2854 1948 2918 dum
1976 2873 2092 2937 per
2117 2873 2244 2938 poe-

701 2965 1029 3030 nitentium
1063 2963 1413 3028 liberamur
1439 2964 1517 3028 de
1543 2979 1743 3026 manu
1766 2960 2034 3042 justitiae
2077 2961 2186 3026 Dei
2220 3009 2238 3040 ,

700 3090 898 3156 quam
924 3072 993 3135 in
1020 3070 1202 3136 sociis
1229 3069 1361 3134 suis
1386 3069 1645 3152 dejectis
1672 3068 1750 3132 de
1794 3066 1954 3132 coelo
1984 3068 2243 3149 gravis-

695 3179 931 3243 simam
951 3178 1277 3254 viderunt,
1306 3177 1373 3240 in
1394 3194 1588 3259 quam
1607 3176 1799 3240 etiam
1824 3193 1954 3240 non
1973 3182 2238 3258 agentes

701 3284 1137 3369 poenitentiam
1177 3283 1464 3348 incidunt
1505 3284 1528 3319 ⁸
1566 3305 1581 3346 ε
1623 3305 1656 3344 <1
1681 3283 1749 3346 Si
1793 3282 2240 3365 poenitentiam

701 3411 834 3459 non
859 3393 1205 3475 egerimus,
1232 3391 1581 3457 incidemus
1601 3391 1672 3455 in
1700 3408 1932 3455 manus
1956 3391 2234 3472 Domini,

704 3505 770 3565 et
794 3518 926 3564 non
950 3499 1022 3564 in
1048 3517 1279 3564 manus
1304 3498 1642 3563 hominum
1652 3545 1674 3578 ,
1707 3520 1736 3558 n
1776 3501 1899 3562 etc.

780 3605 870 3670 De
895 3608 1126 3688 quarto
1151 3611 1174 3647 ‘¹
1200 3625 1218 3668 2
1245 3626 1277 3665 οι
1303 3601 1744 3669 Poenitentiam
1774 3604 1947 3685 agite
1963 3651 1984 3682 ,
2014 3622 2243 3687 appro-

704 3710 1040 3793 pinquavit
1065 3711 1237 3776 enim
1267 3728 1546 3792 regnum
1573 3710 1879 3777 coelorum
1911 3712 2017 3795 (α).
2035 3735 2066 3772 ιι
2108 3713 2244 3778 Poe-

699 3817 965 3881 nitentia
982 3835 1257 3899 regnum
1271 3816 1417 3881 facit
1430 3818 1965 3901 appropinquare,
1988 3819 2243 3903 quando

699 3926 988 3990 datorem
1035 3925 1220 4005 regni
1265 3923 1485 4007 incipit
1539 3925 1871 4006 poenitenti
1911 3926 2243 4008 congluti-

702 4051 879 4097 nare.
915 4032 1189 4099 Joannes
1229 4032 1714 4116 chrysostomus
1739 4032 1761 4068 ⁸
1811 4054 1827 4097 z
1863 4055 1894 4096 ι
1939 4033 2113 4099 Nihil
2155 4035 2245 4099 ita

703 4140 831 4204 Deo
862 4138 1257 4220 conglutinat
1298 4144 1362 4204 et
1387 4139 1569 4219 unit,
1597 4143 1670 4205 ut
1694 4139 1996 4223 lacrymae
2038 4142 2246 4223 poeni-

701 4246 912 4311 tentis.
931 4266 964 4306 n
1001 4245 1124 4311 Sed
1143 4293 1161 4323 ,
1190 4245 1355 4311 heu!
1391 4264 1540 4310 cum
1565 4250 1740 4312 tanta
1766 4246 1935 4311 bona
1963 4265 2080 4328 per
2108 4265 2245 4330 poe-

701 4353 1035 4418 nitentiam
1061 4370 1552 4436 consequamur,
1583 4354 1768 4436 pauci
1796 4357 2014 4419 tamen
2041 4356 2246 4438 poeni-

703 4461 970 4526 tentiam
992 4465 1223 4542 agunt.
1245 4460 1392 4526 Ideo
1414 4463 1825 4544 conqueritur
1849 4461 2157 4527 Dominus
2176 4464 2198 4499 ⁹
2225 4486 2239 4527 ε

705 4589 738 4629 ι
767 4566 969 4632 Nemo
1014 4567 1185 4649 quod
1233 4567 1474 4633 bonum
1516 4571 1613 4631 est
1654 4567 1960 4650 loquitur.
2017 4567 2247 4635 Nullus

702 4678 800 4738 cst
821 4672 936 4755 qui
960 4677 1115 4754 agat
1137 4673 1576 4757 poenitentiam
1596 4691 1791 4756 super
1816 4678 2071 4757 peccato
2101 4694 2244 4755 suo,

704 4779 966 4845 dicens:
1003 4778 1166 4856 Quid
1203 4780 1415 4845 fecit»
1457 4780 1610 4846 Dicit
1639 4798 1803 4862 ergo
1840 4780 1915 4846 Jo
1984 4783 2031 4819 ¹⁰
2062 4803 2079 4845 z
2114 4786 2247 4867 Aac

701 4887 1145 4969 poenitennam
1188 4888 1264 4953 in
1315 4886 1546 4967 favilla
1585 4892 1646 4954 et
1713 4888 1939 4955 cinere.
1998 4888 2245 4972 Grego-

702 4995 842 5060 rius
877 4994 922 5029 ¹²
955 5015 971 5060 ι
1012 5017 1043 5055 α
1069 4993 1144 5059 In
1188 4994 1404 5060 favilla
1448 4999 1512 5059 et
1554 4994 1765 5061 cinere
1807 4997 2246 5078 poenitentiam

699 5119 923 5185 agere,
948 5105 1043 5168 cst
1067 5100 1488 5186 contemplata
1512 5101 1731 5168 divina
1755 5103 2048 5185 essentia,
2074 5105 2240 5170 nihil

716 5268 793 5387 ⁸1¹1
814 5263 1466 5419 ἷῖῗῗῖιίᾞῖξῗοὲἷιὲ
1485 5264 2249 5403 ῗιὲξὲ,ῖ>ι;ιῑιὲἕῖὀόἶιῗῖ-υέῗῖιηῖ,

705 5407 841 5472 apud
868 5409 1021 5459 Bern.
1062 5420 1290 5474 reperire
1326 5420 1434 5458 non
1459 5409 1622 5473 potul.
1648 5434 1703 5444 -
1735 5408 1755 5439 ⁸
1779 5407 1964 5473 Bccli„
1990 5419 2055 5472 11,
2081 5412 2162 5459 22.
2186 5434 2248 5448 —

708 5480 726 5510 ⁷
751 5477 951 5538 natta..
980 5491 1075 5543 111,
1111 5483 1160 5530 2.
1188 5505 1250 5519 —
1276 5481 1297 5510 ⁸
1323 5479 1607 5545 chrysost„
1647 5480 1702 5529 in
1742 5479 1947 5543 rank„
1984 5480 2128 5532 hom.
2174 5492 2247 5546 vi,

705 5562 762 5603 n.
806 5553 855 5602 5.
897 5577 956 5590 —
998 5552 1022 5587 ⁹
1062 5553 1264 5620 Jerem„
1301 5564 1425 5618 vui,
1459 5553 1508 5605 6.
1553 5578 1613 5593 -
1659 5552 1705 5590 ⁸⁰
1750 5550 1860 5614 leb,
1905 5563 2042 5618 xm,
2090 5555 2142 5604 6.
2185 5579 2248 5593 —

1807 570 2227 639 smel-ms
2269 570 2371 637 DE
2407 569 2807 638 TEMPORE.

2350 705 2558 787 aliud,
2589 724 2788 790 quam
2810 707 3093 774 favillam
3117 710 3524 795 cineremque
3550 732 3619 779 se
3642 732 3874 798 cogno-

2352 830 2583 878 scere.»
2617 814 2663 850 ¹¹¹
2685 836 2718 875 «
2750 813 2998 880 Deficiet
3024 817 3233 881 omnis
3258 836 3407 883 caro
3432 821 3647 901 simul,
3672 826 3734 886 et
3766 824 3876 888 ho-

2356 936 2465 984 mo
2491 920 2560 984 in
2585 920 2863 986 cinerem
2898 927 3274 989 revertetur.
3302 945 3335 986 υ
3361 926 3695 993 praedictas
3730 945 3874 1012 qua·

2351 1028 2503 1091 tuor
2518 1027 2821 1092 utilitates
2842 1028 3225 1110 poenitentiae
3242 1030 3312 1094 in
3336 1029 3694 1099 humilitate
3722 1040 3784 1100 et
3804 1035 3874 1118 (b)

2351 1132 2423 1197 in
2448 1133 2662 1198 cinere
2687 1134 2873 1199 factae
2896 1135 2967 1218 (c)
3003 1135 3393 1202 invenimus.
3427 1139 3513 1204 De
3538 1142 3743 1224 culpae
3770 1163 3879 1208 ex-

2350 1239 2628 1321 piatione
2670 1239 3103 1321 signiflcatum
3138 1247 3235 1309 est
3261 1244 3328 1324 ¹⁸,
3357 1246 3470 1310 ubi
3497 1247 3576 1312 de
3602 1266 3763 1331 rege
3789 1250 3883 1316 Ni-

2347 1346 2531 1438 niyes
2557 1347 2818 1430 legitur,
2847 1349 3021 1432 quod
3044 1373 3075 1411 α
3091 1352 3317 1434 abjecit
3338 1355 3791 1421 vestimentum
3817 1363 3878 1422 et

2351 1452 2614 1519 indutus
2644 1459 2739 1521 est
2763 1475 2981 1537 sacco,
3012 1463 3076 1523 et
3113 1459 3273 1524 sedit
3296 1461 3364 1525 in
3388 1461 3624 1528 cincre.
3652 1485 3683 1523 ι
3715 1463 3879 1530 Nihil

2350 1561 2524 1626 enim
2569 1561 2853 1644 prodest,
2899 1565 3070 1647 quod
3127 1565 3323 1632 homo
3366 1585 3479 1649 per
3512 1572 3885 1635 memoriam

2351 1668 2574 1733 mortis
2599 1668 2667 1732 in
2693 1670 2923 1735 cinere·
2941 1671 3345 1752 humiliatur,
3385 1675 3508 1738 nisi
3554 1677 3886 1742 vestimen·

2351 1778 2492 1839 tum
2535 1775 2769 1842 veteris
2840 1779 3338 1844 conversationis
3391 1782 3733 1865 abjiciatur
3759 1833 3778 1864 ‚
3831 1790 3891 1850 et

2350 1900 2571 1948 saccus
2621 1884 3011 1965 poenitentiae
3062 1892 3444 1954 assumatur.
3502 1890 3591 1956 De
3659 1892 3890 1957 diaboli

2350 1990 2725 2073 spoliatione
2742 1991 3180 2073 significatum
3204 1999 3300 2058 est
3320 1995 3365 2032 ²⁸
3388 2018 3404 2062 :
3432 2018 3465 2058 α
3482 1996 3784 2065 Planctus
3802 2001 3891 2065 in·

2350 2114 2512 2178 gens
2538 2101 2675 2161 erat
2698 2098 2868 2181 apud
2892 2098 3177 2179 Judaeos,
3198 2103 3546 2184 jejunium,
3576 2106 3884 2187 ululatus,

2348 2206 2410 2267 et
2430 2203 2616 2268 fletus
2628 2250 2650 2283 ,
2680 2221 2860 2269 sacco
2907 2210 2969 2268 et
3008 2206 3220 2271 cinere
3269 2209 3487 2274 multis
3529 2230 3647 2295 pro
3696 2218 3890 2280 strato

2350 2310 2701 2376 utentibus.
2729 2332 2759 2371 υ
2796 2311 2874 2376 Et
2899 2313 2977 2377 de
3018 2313 3162 2396 ipsa
3195 2314 3426 2382 dicitur
3454 2319 3521 2383 in
3548 2319 3780 2387 Esther
3805 2323 3886 2386 ¹⁸:

2359 2441 2390 2480 α
2414 2417 2537 2483 Pro
2553 2419 2906 2499 unguentis
2926 2422 3126 2485 variis
3146 2422 3359 2489 cinere
3384 2430 3450 2490 et
3476 2432 3758 2495 stercore
3783 2431 3894 2495 im-

2350 2528 2548 2610 plevit
2573 2533 2794 2610 caput,
2840 2533 2905 2594 et
2938 2547 3174 2611 corpus
3199 2550 3393 2597 suum
3432 2533 3825 2602 humiliavit.
3853 2560 3884 2598 ι

2349 2634 2428 2700 Et
2453 2635 2544 2699 sic
2572 2634 2825 2700 liberati
2851 2641 3003 2701 sunt
3028 2638 3106 2703 de
3127 2640 3339 2705 Aman
3359 2687 3377 2719 ‚
3409 2645 3474 2706 et
3498 2642 3643 2707 aliis
3673 2645 3894 2710 inimi-

2347 2742 2460 2808 cis.
2492 2742 2596 2807 Sic
2621 2747 2685 2807 et
2712 2760 2831 2806 nos
2856 2744 3267 2826 spiritualiter
3291 2748 3370 2812 de
3396 2746 3653 2815 diaholo
3683 2755 3748 2816 et
3772 2771 3890 2817 an-

2348 2850 2513 2932 gelis
2534 2853 2677 2934 ejus
2702 2850 3076 2918 liberamur.
3108 2853 3195 2919 De
3222 2855 3516 2937 angelica
3540 2865 3897 2941 congratu-

2347 2955 2587 3023 latione
2614 2959 2659 2994 ¹⁸
2691 2980 2707 3022 ε
2746 2983 2780 3021 ει
2806 2958 3001 3025 Posui
3044 2962 3270 3028 faciem
3319 2983 3532 3030 meam
3567 2966 3652 3031 ad
3691 2966 3899 3033 Domi-

2348 3082 2507 3128 num
2535 3063 2738 3130 Deum
2776 3084 2995 3131 meum
3034 3085 3269 3150 rogare
3281 3117 3303 3150 ,
3351 3077 3415 3135 et
3456 3072 3789 3155 deprecari
3832 3074 3898 3139 in

2340 3172 2609 3254 jejuniis
2627 3220 2647 3249 ,
2677 3191 2859 3238 sacco
2899 3177 2962 3239 et
2990 3175 3202 3240 cinere
3221 3223 3239 3254 ,
3273 3199 3303 3236 n
3338 3182 3460 3241 etc.
3500 3178 3578 3243 Et
3602 3180 3699 3246 sic
3726 3201 3895 3246 com·

2350 3278 2517 3361 pleta
2540 3280 2856 3359 oratione,
2885 3282 3155 3363 angelus
3182 3282 3432 3349 Gabriel
3449 3286 3898 3355 consolabatur

2352 3405 2504 3452 enm
2532 3391 2840 3469 tangens,
2872 3394 2936 3454 et
2964 3389 3199 3456 docens
3228 3409 3403 3458 eum.
3434 3392 3522 3458 De
3552 3393 3666 3459 Dei
3692 3415 3901 3463 remu-

2351 3495 2683 3561 neratione
2719 3497 2763 3533 ¹⁷
2797 3519 2814 3561 ε
2858 3519 2890 3558 οι
2917 3496 3144 3562 Darem
3173 3498 3264 3562 eis
3310 3517 3611 3565 coronam
3656 3520 3777 3585 pro
3806 3505 3899 3568 ci-

2351 3619 2504 3666 nere
2524 3650 2543 3681 ,
2573 3602 2790 3668 oleum
2820 3603 3043 3684 gaudii
3071 3621 3189 3687 pro
3216 3606 3394 3670 luctu
3410 3652 3432 3684 ,
3464 3606 3733 3690 paliium
3759 3608 3899 3675 lau-

2351 3711 2450 3776 dis
2488 3729 2606 3795 pro
2647 3713 2882 3795 spiritu
2932 3714 3245 3778 moeroris.
3272 3737 3303 3774 υ
3338 3717 3493 3781 Ecce
3542 3717 3902 3784 humiliatis

2350 3818 2419 3882 in
2442 3818 2687 3896 cinere,
2718 3819 2786 3883 id
2811 3823 2906 3883 oet
2918 3865 2941 3899 ,
2965 3820 3256 3885 contritis
3276 3822 3347 3885 in
3371 3824 3615 3888 mundo
3643 3824 3896 3891 dabitur

2347 3942 2581 3989 corona
2599 3971 2617 4003 ,
2672 3912 2885 3990 oleum
2905 3973 2925 4005 ‚
2973 3926 3237 4009 pallium
3274 3928 3347 3994 in
3392 3930 3550 3996 coelo
3583 3949 3600 3995 ε
3635 3932 3899 3999 Dabitur

2349 4049 2585 4096 corona
2606 4030 2935 4112 dignitatis
2972 4051 3271 4116 supernas
3290 4083 3311 4114 ,
3345 4035 3561 4102 oleum
3587 4040 3894 4120 jucundi·

2349 4138 2564 4204 ditatis
2605 4140 2915 4217 iuternae,
2964 4140 3232 4222 pallium
3258 4143 3764 4212 immortalitatis
3802 4164 3898 4213 ω-

2353 4249 2577 4311 ternae.

2912 4417 3204 4490 SERMO
3248 4420 3335 4489 Π.

2434 4568 2845 4652 consperaere
2868 4570 3082 4637 cinere
3101 4590 3125 4632 .-
3150 4570 3398 4639 luctum
3423 4572 3751 4657 miqemi
3793 4578 3899 4658 rac

2352 4677 2476 4745 tibi
2516 4677 2848 4760 planctum
2872 4694 3169 4747 amarum
3200 4680 3270 4745 ¹⁸.
3313 4679 3536 4747 Cinere
3577 4683 3649 4746 in
3694 4686 3901 4769 capite

2351 4786 2591 4883 mentis
2640 4786 3132 4870 conspergimur
3152 4835 3172 4868 ,
3225 4787 3381 4853 dum
3424 4788 3900 4857 incinerationis

2352 4898 2588 4959 nostrae
2613 4893 2847 4958 futurae
2866 4942 2889 4972 ‚
2920 4897 2985 4959 et
3011 4894 3234 4960 mortis
3257 4896 3694 4977 recordamur,
3725 4903 3793 4962 et
3816 4917 3898 4964 ex

2353 5002 2856 5070 consideratione
2881 5007 3119 5069 nostrae
3164 5003 3636 5070 incinerationis
3670 5005 3899 5071 hnmi-

2348 5173 2388 5208 ¹¹
2422 5175 2653 5238 Gregor.‚
2689 5171 2890 5238 Hor-al„
2917 5172 3007 5222 lib.
3047 5172 3251 5235 XXXV,
3290 5186 3338 5223 c.
3368 5183 3420 5234 V,
3446 5172 3514 5227 al.
3545 5185 3627 5239 vl,
3660 5188 3713 5228 n.
3754 5178 3807 5229 Ἰ.
3835 5204 3895 5215 -

2354 5245 2398 5280 ¹⁸
2421 5244 2558 5307 lob„
2578 5255 2756 5310 xxxiv,
2794 5248 2870 5296 15.
2895 5269 2957 5283 —
2980 5242 3026 5280 ¹⁸
3044 5245 3176 5307 lon„
3202 5254 3290 5306 111,
3319 5245 3370 5293 6.
3395 5268 3455 5280 -
3486 5245 3523 5280 ‘⁴
3544 5245 3709 5309 Erite„
3743 5258 3817 5313 ιν,
3848 5252 3896 5301 3.

2353 5340 2415 5353 -
2440 5316 2483 5352 ¹⁸
2510 5315 2663 5379 ibid„
2692 5319 2852 5381 nv,2.
2886 5341 2943 5352 —
2972 5315 3013 5352 ¹⁸
3040 5315 3194 5377 Dan„
3221 5325 3296 5378 lx,
3333 5315 3383 5366 3.
3409 5341 3474 5353 —
3500 5315 3540 5352 ¹²
3566 5318 3682 5381 Im,
3710 5330 3827 5383 m,
3848 5322 3896 5370 3.

2356 5413 2412 5423 -
2442 5387 2486 5422 1⁸
2515 5387 2720 5452 let-em„
2750 5398 2824 5454 vt,
2852 5390 2935 5438 26.

2418 5483 2489 5548 (a)
2519 5484 2643 5537 Goet.
2677 5483 2805 5536 edit.
2834 5482 3264 5550 appropinquabit
3296 5497 3532 5549 ragnum.
3560 5513 3625 5525 —
3649 5485 3724 5554 (ὸ)
3769 5487 3894 5538 Cat.

2352 5553 2478 5606 edit.
2504 5555 2636 5607 deest
2662 5558 2730 5608 et.
2765 5583 2828 5597 -
2854 5558 2916 5623 (c)
2950 5555 3073 5609 Cet.
3101 5553 3227 5607 edit.
3253 5552 3406 5607 tacta.
