4059 6317
845 437 1225 507 DOMINICA
1264 436 1403 507 x111
1448 440 1643 509 POST
1685 435 2267 508 PENTECOSTEN.
2312 440 2576 510 SERMO
2619 440 2722 509 IV.

195 580 471 650 votionis
495 579 788 658 interme,
817 575 907 642 ibi
936 599 952 643 :
984 576 1072 646 Et
1083 581 1404 661 annuento
1436 576 1732 662 tumebat.

273 686 565 753 Secundo
595 684 703 750 illa
727 684 943 750 anima
966 684 1159 750 habet
1184 685 1560 769 religiosum
1593 703 1735 767 ges-

197 799 365 875 tum,
394 813 542 879 quae
568 798 693 860 stat
717 792 987 860 viriliter
1011 792 1093 858 ad
1123 794 1484 877 superanda
1507 793 1734 858 diabo-

195 902 320 968 lica
345 903 771 980 tentamenta3
810 900 982 966 unde
1009 901 1028 937 ¹
1058 900 1362 969 :Induite
1385 916 1496 968 vos
1524 917 1737 967 arma·

197 1015 415 1079 turam
438 1012 587 1088 Dei,
615 1015 690 1078 ut
711 1009 981 1092 possitis
1017 1013 1192 1077 stare
1221 1008 1535 1077 adversus
1565 1011 1734 1076 insi-

195 1117 346 1185 dias
380 1116 647 1185 diaboli.
689 1116 770 1183 Et
803 1117 1094 1202 sequitur
1131 1138 1149 1182 ε
1193 1118 1365 1186 State
1406 1132 1551 1200 erqo
1591 1133 1735 1184 suc-

198 1226 401 1293 cincti
424 1224 667 1292 lumbos
690 1230 934 1292 vestros
959 1225 1037 1291 in
1066 1225 1366 1303 veritate,
1386 1231 1446 1292 et
1484 1225 1738 1292 induite

0 1353 174 1399 amos·
197 1331 464 1400 loricam
491 1332 801 1414 justitioe.
832 1330 956 1396 Ista
989 1335 1351 1410 armatura,
1386 1351 1517 1417 qua
1537 1333 1734 1398 debe·-

0 1418 151 1473 Μ’·
196 1456 347 1504 mus
374 1438 561 1505 indui
581 1438 664 1503 ad
687 1439 829 1517 hoc,
849 1445 927 1503 ut
941 1438 1262 1521 possimus
1280 1457 1581 1523 superare
1598 1440 1733 1506 dia-

0 1542 153 1586 ΟΜ
194 1545 402 1612 bolica
454 1549 879 1616 tentamenta,
932 1549 1026 1610 est
1070 1548 1382 1612 memoria
1425 1547 1736 1631 passionis

8 1615 138 1649 lm·

0 1677 64 1709 m
115 1666 171 1710 ια
198 1649 448 1734 Christi,
483 1670 631 1735 quae
657 1652 712 1717 si
746 1651 828 1717 ad
865 1651 1238 1717 memoriam
1266 1652 1606 1720 affectuose
1631 1671 1734 1718 re-

0 1729 174 1837 ιζ’ῗὲζ.
197 1760 492 1840 dueatur,
515 1778 741 1825 omnes
759 1761 1080 1826 daemones
1099 1778 1250 1827 cum
1267 1765 1543 1826 tremore
1572 1761 1738 1826 effu-

6 1856 147 1960 ζξζζ.
195 1870 458 1947 gantur,
487 1866 841 1932 secundum
869 1867 1039 1950 quod
1067 1867 1459 1952 experientia
1483 1886 1589 1932 me
1614 1868 1734 1934 do-

0 1991 173 2035 προτιει-
198 1975 330 2039 cuit
354 1973 614 2057 pluries,
649 1972 810 2037 Nam
837 1973 1034 2039 semel
1055 1993 1205 2040 cum
1230 1974 1520 2041 diabolus
1544 1976 1735 2041 forti-

23 2125 175 2171 mm,
197 2085 298 2147 ter
323 2100 428 2147 me
453 2080 819 2163 stringens
801 2100 870 2147 111
899 2085 1164 2164 gutture
1198 2083 1389 2149 vellet
1423 2089 1737 2167 strangu-

0 2189 20 2228 ³·
64 2188 171 2233 ¹³⁰³·
196 2186 362 2266 lare,
394 2189 534 2270 jam
577 2205 714 2252 non
752 2188 973 2253 valens
1015 2208 1150 2272 prae
1189 2191 1392 2256 nimia
1416 2193 1738 2259 strictione

0 2253 173 2366 31⁸⁸?ss
195 2296 483 2377 gutturis
535 2294 854 2373 clamare,
898 2300 973 2362 ut
1034 2298 1304 2364 fratrum
1344 2299 1738 2381 adjutorium

0 2370 150 2538 ἓξὲξ,
196 2402 602 2487 imprecarer,
642 2403 1023 2487 incipiebam
1062 2424 1212 2470 cum
1239 2407 1494 2488 ingenti
1519 2407 1737 2474 dolore

0 2508 171 2604 ¹⁸¹'.·⁸·
196 2509 499 2594 spiritum
525 2511 861 2592 exhalare,
901 2513 1245 2597 statimque
1271 2514 1487 2580 habita
1522 2514 1734 2580 domi-

0 2620 154 2672 ²¹²⁶·ss-
195 2618 364 2682 nicae
398 2618 707 2701 passionis
753 2618 1098 2700 memoria,
1151 2620 1383 2705 incoepi
1425 2640 1506 2687 ex
1553 2641 1738 2688 com-

194 2725 492 2810 passione
527 2725 865 2792 dominicae
902 2727 1215 2809 passionis
1241 2728 1598 2811 singultum
1624 2750 1739 2812 ge-

195 2830 445 2896 minare
472 2834 537 2896 et
558 2850 800 2914 magna
826 2833 1099 2916 suspiria
1113 2833 1253 2900 loco
1269 2836 1446 2901 vocis
1471 2838 1738 2904 submit·

193 2940 334 3002 tens
361 2939 572 3005 cordis
610 2939 903 3006 medullis
942 2940 1230 3006 emittere
1279 2964 1295 3007 t
1346 2961 1478 3027 quo
1523 2945 1729 3027 finito,

193 3045 434 3112 virtute
456 3047 792 3113 dominicae
818 3047 1150 3130 passionis,
1183 3068 1309 3132 ego
1337 3069 1565 3119 servus
1592 3072 1734 3118 cru-

196 3154 307 3236 cis,
338 3156 452 3240 qui
491 3175 777 3239 praesens
817 3176 1191 3224 sermonum
1238 3161 1614 3243 opusculum
1654 3163 1736 3229 ad

193 3262 453 3330 laudem
479 3264 761 3329 nominis
790 3265 1023 3330 Christi
1047 3270 1113 3332 et
1128 3272 1363 3334 sanctas
1381 3272 1595 3336 crucis
1618 3271 1738 3337 ho-

194 3387 423 3436 norem
450 3372 767 3455 compegi,
795 3375 931 3436 tam
965 3374 1204 3440 crudeli
1242 3394 1395 3442 nece
1434 3379 1738 3461 profiteor

195 3497 300 3544 me
326 3498 466 3545 esse
489 3480 854 3546 liberatum.
885 3480 1060 3562 Scio,
1094 3484 1268 3566 quod
1293 3491 1511 3569 postea
1535 3505 1617 3553 ex
1644 3506 1740 3554 re-

196 3585 516 3652 velatione
545 3587 755 3668 didici,
787 3589 962 3672 quod
988 3589 1395 3673 exigentibus
1418 3595 1577 3660 meis
1595 3613 1738 3679 pee-

193 3694 386 3774 catis,
433 3712 806 3778 quanquam
857 3696 937 3762 de
980 3702 1235 3780 peccato
1276 3701 1532 3766 mortali
1573 3703 1735 3769 mihi

194 3801 490 3866 conscius
511 3818 642 3865 non
668 3819 899 3884 essem,
922 3802 1046 3869 hoc
1066 3804 1231 3868 mihi
1244 3808 1504 3874 evenire
1519 3807 1738 3875 divina

186 3909 438 3992 justitia
464 3909 891 3992 permittebat.
922 3908 1048 3975 Sed
1075 3911 1230 3995 quia
1263 3913 1485 3979 nullus
1527 3920 1733 3999 potest

193 4015 387 4080 istam
413 4020 807 4082 armaturam
834 4017 1122 4098 induere,
1152 4018 1277 4082 nisi
1303 4020 1514 4086 carnis
1536 4023 1735 4091 luxu-

191 4123 356 4190 riam
391 4142 506 4207 per
531 4124 741 4189 carnis
777 4125 1232 4191 continentiam
1270 4133 1564 4212 coarctet,
1593 4132 1737 4200 ideo

191 4232 487 4316 sequitur
529 4232 597 4296 in
650 4233 955 4315 praedicta
1003 4234 1378 4304 auctoritate
1428 4244 1453 4279 ¹
1506 4257 1525 4304 t
1577 4241 1733 4309 Suc-

193 4341 401 4408 cincti
429 4339 510 4423 (α)
544 4340 781 4407 lumbos
817 4341 894 4407 in
923 4340 1239 4410 charitate
1275 4361 1388 4426 per
1430 4347 1733 4416 refraena·

190 4447 439 4516 tionem
478 4447 835 4513 carnalium
871 4448 1355 4516 desideriorum.
1404 4451 1481 4519 Et
1516 4477 1548 4516 α
1582 4457 1738 4540 quia

191 4554 415 4620 minus
442 4560 537 4620 est
564 4555 733 4621 mala
758 4572 889 4620 non
912 4574 1130 4638 agere,
1161 4558 1287 4623 nisi
1307 4560 1581 4645 quisque
1606 4569 1738 4631 stu·

189 4662 341 4730 deat
380 4662 568 4728 bonis
604 4663 904 4743 operibus
940 4664 1241 4731 insudare
1267 4671 1320 4747 ⁸3
1358 4689 1390 4728 ι)
1432 4669 1576 4736 ideo
1619 4672 1735 4738 ad-

183 4769 416 4853 jungit
445 4791 461 4833 ε
493 4768 758 4837 Induite
786 4768 1050 4837 loricam
1067 4772 1350 4855 justitioe
1372 4795 1485 4860 per
1510 4777 1737 4863 imple-

191 4878 439 4942 tionem
466 4877 833 4943 divinorum
847 4886 1339 4963 praeceptorum.
1370 4881 1546 4950 Unde
1564 4886 1733 4967 talis,

191 4984 306 5069 qui
337 4991 436 5051 est
468 4987 848 5069 praecinctus
889 4986 1128 5053 lumbis
1153 4991 1288 5056 suis
1333 5010 1448 5076 per
1484 4996 1735 5061 castita·

191 5095 351 5174 tem,
393 5092 656 5160 indutus
676 5093 871 5158 lorica
888 5095 1160 5177 justitiae
1175 5116 1290 5181 per
1315 5099 1553 5168 bonam
1579 5120 1738 5187 ope·-

197 5259 202 5264 ’
260 5292 508 5359 *misphe
525 5304 598 5354 v1,
625 5295 705 5356 ιι,
732 5292 807 5340 ιι.
827 5316 891 5329 -
910 5292 1101 5396 upa„
1131 5298 1206 5349 ιι.
1227 5299 1593 5354 -tssxhom
1617 5315 1737 5369 nn,

191 5328 1737 5442 n.1,Gr01}.,e1Evanq.—⁴cant.,v1‚s.—·Joan.,

194 5436 1083 5502 xx,¹⁰·.1¹—·-Act.„.-1138
1112 5406 1531 5510 ἰπιῖιηῃιά

3256 448 3378 510 ῊΒ

1841 574 2157 641 rationem
2179 624 2201 656 ‚
2242 580 2307 644 et
2351 580 2640 644 armatus
2683 575 2997 644 memoria
3044 574 3380 644 dominice

1844 686 2152 770 passionis
2180 705 2295 771 per
2316 688 2687 753 continuam
2714 685 3213 764 meditationem,
3241 686 3381 751 red-

1844 791 2018 858 ditur
2043 794 2295 860 diabolo
2315 798 2378 860 et
2403 797 2548 878 ejus
2573 793 2947 860 satellitibus
2961 791 3382 872 terribiliaut

1840 908 2199 968 castrorum
2227 903 2400 970 acies
2426 903 2738 970 ordinata
2763 907 2810 966 ⁸.

1921 1007 2133 1076 Tertio
2174 1010 2286 1076 illa
2331 1011 2549 1076 anima
2589 1011 2783 1075 habet
2816 1009 3189 1092 religiosum
3226 1025 3380 1090 ges-

1840 1119 2005 1193 tum,
2036 1135 2185 1200 quae
2211 1122 2334 1184 stat
2353 1122 2834 1201 perseveranter
2859 1117 2942 1182 ad
2962 1116 3378 1184 obtinendum

1841 1227 2083 1289 aeterna
2130 1224 2430 1306 praemia3
2480 1225 2649 1291 unde
2683 1231 2706 1266 ⁸
2746 1246 2762 1289 :
2791 1223 3105 1292 Abierant
3153 1224 3380 1290 iterum

1843 1330 2275 1413 discipulina
2312 1335 2669 1415 semetipsos
2684 1353 2710 1403 ‚·
2735 1333 2951 1398 Maria
2992 1336 3208 1398 autem
3252 1336 3382 1397 sta-

1839 1438 1951 1506 bat
2002 1438 2094 1505 ad
2143 1445 2619 1509 monumcnmm
2668 1440 2833 1521 roris
2881 1438 3167 1522 plorans.
3223 1437 3382 1503 Ecce
3498 1519 3507 1528 ο

1843 1547 2038 1631 quod,
2069 1546 2392 1631 discipulis
2416 1547 2886 1627 recedentibus,
2919 1545 3118 1612 Maria
3152 1544 3377 1611 Christi

1842 1656 2082 1720 amoris
2107 1655 2267 1736 igne
2294 1671 2598 1719 succensa
2623 1653 2704 1718 ad
2726 1658 3214 1719 monumentum
3242 1671 3381 1736 per-

1841 1764 2202 1841 severabat,
2232 1762 2391 1846 quia
2413 1761 2726 1828 desideria
2766 1761 3063 1826 dilatione
3112 1778 3245 1825 non
3268 1761 3382 1826 de-

1844 1870 2181 1950 siciebant,
2213 1871 2323 1935 sed
2352 1869 2567 1953 potius
2590 1868 2791 1934 Maria
2818 1867 2922 1933 sui
2963 1866 3169 1932 cordis
3214 1867 3379 1933 desib

1842 1978 2038 2044 deriis
2063 1977 2498 2060 acquiescebat
2519 1999 2536 2057 ;
2567 1980 2633 2042 et
2655 1976 2798 2043 ideo
2827 1975 3071 2041 ratione
3084 1992 3221 2040 suae
3247 1993 3384 2057 per—

1843 2086 2220 2151 severantiae
2274 2085 2512 2150 meruit
2569 2084 2777 2167 primo
2830 2082 3050 2149 videre
3103 2080 3381 2163 gloriam

1844 2194 2079 2260 Christi
2104 2192 2502 2275 resurgentis
2530 2213 2547 2255 ε
2576 2195 2653 2257 ut
2676 2190 2943 2274 posteris
2975 2207 3090 2273 per
3118 2190 3239 2254 hoc
3265 2189 3380 2256 da·

1843 2306 2023 2367 retur
2052 2301 2366 2382 intelligi,
2398 2300 2569 2385 quod
2597 2298 2815 2364 nullus
2844 2285 3210 2381 potestesse
3236 2316 3382 2380 par·

1842 2411 2042 2493 ticeps
2069 2408 2321 2491 gloriae,
2351 2409 2474 2473 nisi
2499 2410 2862 2491 perseveret
2885 2406 2968 2471 ad
2994 2423 3377 2472 monumen-

1843 2523 1988 2583 tum
2013 2516 2446 2601 poenitentiae,
2475 2533 2680 2598 usque
2724 2514 2805 2579 ad
2848 2513 3154 2635 ultimum
3180 2514 3379 2579 finem

1842 2626 1995 2691 vitae
2030 2642 2191 2691 suae.

1921 2733 2254 2801 Secundo
2237 2751 2307 2797 ιιι
2332 2731 2531 2798 verbo
2559 2730 2880 2815 proposito
2923 2730 3375 2797 commendan-

1842 2849 1952 2909 tur
1973 2842 2209 2927 leprosi
2233 2891 2250 2920 ‚
2296 2843 2611 2925 quantum
2656 2840 2737 2906 ad
2782 2840 3088 2906 devotum
3130 2856 3379 2921 praeco-

1841 2951 2028 3017 nium
2092 2950 2476 3016 laudationis
2492 2998 2515 3030 ,
2573 2947 2925 3014 invocando
2989 2945 3379 3030 principium

1841 3059 2148 3124 hnmanae
2169 3057 2552 3137 salvationis,
2572 3056 2744 3140 quod
2758 3060 2854 3121 est
2868 3054 3157 3120 Christus
3169 3052 3373 3120 lesum

1843 3165 2022 3232 Unde
2073 3165 2441 3232 levavmmt
2491 3179 2698 3233 vocem
2751 3149 2977 3243 suam,
3037 3161 3322 3230 dicentes
3355 3178 3380 3225 .-

1842 3274 1994 3341 Jesu
2016 3280 2386 3357 proeceptor.
2417 3272 2495 3337 Et
2520 3273 2681 3337 bene
2696 3271 2826 3352 ille,
2847 3272 2959 3355 qui
2983 3269 3161 3338 salus
3188 3269 3381 3334 inter-

1842 3385 2162 3464 pretatur,
2195 3381 2433 3464 dignus
2467 3383 2563 3445 est
2604 3379 2809 3445 laudis
2845 3378 3189 3462 praeconio.
3217 3369 3393 3444 Nam'

1844 3508 1961 3573 per
2005 3491 2223 3573 ipsum
2265 3488 2388 3554 tria
2423 3487 2607 3552 nobis
2653 3487 2975 3552 donantur
2996 3533 3017 3563 ,
3051 3486 3122 3550 in
3149 3485 3382 3568 quibus

1845 3597 2124 3682 perfecta
2150 3596 2326 3661 salus
2364 3592 2634 3660 humani
2671 3593 2930 3678 generis
2961 3592 3245 3657 consistit
3273 3598 3385 3658 :et

1842 3704 2128 3789 primum
2154 3709 2251 3769 est
2290 3702 2578 3768 remissio
2610 3701 2908 3767 omnium
2954 3704 3379 3784 peccatorum,

1844 3816 2161 3896 quantum
2185 3810 2266 3875 ad
2291 3810 2461 3876 dona
2486 3809 2726 3887 veniae;
2766 3807 3116 3874 secundum
3162 3812 3258 3872 est
3281 3807 3382 3870 in-

1843 3919 2014 3985 fusio
2041 3918 2504 3983 charismatum
2540 3916 2932 3995 divinorum,
2959 3917 3277 3998 quantum
3300 3912 3383 3979 ad

1847 4028 2015 4094 dona
2043 4026 2302 4108 gratiae3
2332 4025 2595 4089 tertium
2616 4026 2715 4089 est
2730 4020 3197 4089 consummatio
3210 4038 3384 4085 men-

1846 4135 2077 4201 talium
2102 4131 2587 4210 desideriorum,
2616 4133 2932 4213 quantum
2955 4129 3036 4194 ad
3059 4130 3229 4196 dona
3245 4126 3380 4211 glo-

1844 4244 1985 4308 riae.

1928 4348 2150 4415 Primo
2173 4345 2357 4412 Jesus
2378 4346 2620 4428 dignus
2652 4349 2751 4412 est
2781 4343 3149 4410 laudatoriae
3193 4343 3378 4412 invo-

1846 4455 2116 4523 cationis
2143 4454 2483 4537 praeconio,
2514 4455 2665 4537 quia
2694 4472 2811 4537 per
2836 4453 3048 4537 ipsum
3072 4451 3378 4520 tribuitur

1844 4560 2303 4647 poenitentihus
2328 4560 2620 4627 remissio
2646 4561 2936 4627 omnium
2951 4566 3373 4645 peccatorum.

1850 4670 2029 4737 Unde
2083 4671 2104 4705 ⁸
2153 4691 2169 4734 ε
2224 4668 2677 4738 Paenitentiam
2733 4671 2903 4752 avite
2924 4716 2946 4748 ‚
3017 4668 3380 4752 baptizetur

1843 4778 2282 4860 unusquisque
2319 4779 2397 4843 in
2439 4778 2694 4844 nomine
2737 4776 2891 4843 Jcsu
2932 4777 3007 4842 in
3049 4776 3378 4843 remissio-

1845 4902 1991 4952 nem
2016 4891 2433 4968 peccatorum.
2469 4882 2555 4947 De
2584 4881 2709 4948 hoc
2728 4882 3017 4948 similiter
3031 4881 3184 4948 dicit
3199 4900 3379 4966 apos-

1843 4993 2012 5059 tolus
2040 4992 2277 5058 Paulus
2300 4991 2324 5028 '¹
2374 5011 2389 5054 ε
2428 4987 2676 5056 Fidelis
2712 5004 2915 5056 sermo
2958 4996 3021 5057 et
3061 4992 3239 5057 omni
3276 5006 3379 5058 ac-

1843 5101 2129 5185 ceptione
2154 5097 2396 5180 dianus
2417 5145 2435 5176 ,
2469 5099 2630 5181 quia
2653 5096 2832 5163 Iesus
2859 5095 3149 5164 Christus
3195 5100 3378 5167 vemt

1842 5211 1920 5278 in
1959 5208 2131 5274 hunc
2169 5204 2483 5272 mundum
2521 5208 2873 5288 peccatores
2906 5203 3117 5272 salvos
3148 5205 3371 5285 tacere.

1844 5316 2024 5383 Unde
2051 5314 2194 5378 talis
2219 5329 2430 5377 sermo
2473 5314 2570 5375 est
2616 5311 2854 5395 dignus
2891 5311 3069 5378 omni
3103 5311 3288 5378 laude
3313 5314 3379 5379 et

1908 5444 1979 5509 (α)
2001 5442 2124 5493 cot.
2155 5439 2276 5491 odit.
2300 5438 2578 5490 Procincu.
2684 5453 2689 5458 ·
