4059 6317
1140 502 1379 572 FERIA
1413 499 2078 572 lIPENTECOSTES.
2123 504 2389 575 SERuo
2431 507 2482 573 I.

328 791 333 798 ·
421 752 720 829 FERIA
782 753 850 829 11
909 753 1581 842 PENTECOSTES.

656 922 948 993 SERMO
992 923 1341 994 PRIMUS.

308 1065 423 1132 Sic
448 1066 616 1133 Deus
633 1065 880 1135 dileoeit
895 1067 1235 1149 mundum,
1259 1067 1562 1150 attilium
1578 1080 1770 1131 suum

224 1173 637 1256 unigenitum
715 1173 916 1242 daret.
966 1181 986 1217 1
1041 1175 1519 1244 Consideremus
1540 1220 1559 1250 ,
1615 1172 1767 1238 cha-

226 1280 510 1362 tissimi,
561 1281 912 1347 dilectionis
955 1282 1195 1347 divinae
1237 1280 1727 1348 immensitatem
1745 1325 1764 1357 ,

225 1388 658 1471 stabilitatem,
681 1389 1230 1469 communitatem,
1259 1389 1765 1472 generalitatem.

227 1495 488 1561 Dilectio
516 1496 693 1562 enim
735 1496 851 1562 Dei
876 1500 973 1562 est
1015 1496 1544 1576 immensissima,
1582 1494 1770 1560 stabi-

3284 514 3400 586 307

1875 637 1979 704 sti.
2006 659 2040 698 υ
2073 638 2233 710 Item
2275 641 2767 710 immensissima
2799 645 2896 732 est
2931 643 3179 710 dilectio
3206 663 3403 728 quam

1872 745 2132 812 exhibet
2151 749 2534 834 aeternaliter
2552 772 2570 828 ;
2594 748 2883 816 Psalmus
2898 750 2920 786 ⁸
2950 768 3016 813 :a
3031 750 3248 834 Diligit
3275 753 3401 818 Do-

1874 852 2092 918 minus
2130 857 2342 936 portas
2392 853 2581 934 Sion,
2607 876 2640 915 1>
2674 859 2792 920 etc.
2832 856 3023 939 Sion,
3063 856 3406 926 Ecclesiam

1874 957 2191 1023 coelestem
2205 1006 2229 1039 ,
2258 960 2404 1045 plus
2429 961 2640 1043 diligit
2665 961 2733 1026 in
2762 962 3025 1044 effectu,
3071 984 3269 1049 quam
3302 972 3406 1032 ta-

1871 1064 2216 1130 bernacula
2234 1066 2527 1133 Ecclesiae
2546 1069 2894 1136 militantis.
2912 1073 3316 1155 Augustinus
3332 1082 3356 1118 1
3380 1095 3399 1140 :

1868 1192 1913 1230 -a
1938 1170 2148 1236 Minus
2186 1173 2400 1256 diligit
2447 1175 2758 1242 miserum
2815 1197 3012 1262 quam
3054 1180 3339 1248 beatum.
3366 1205 3397 1243 n

1875 1277 2086 1344 Portae
2113 1280 2265 1345 Sion
2295 1283 2559 1366 apostoli
2578 1284 2700 1349 dici
2723 1290 2992 1368 possunt
3009 1292 3072 1351 ⁸:
3108 1311 3138 1350 ut
3162 1288 3408 1355 Haben-

1872 1390 2005 1451 tem
2048 1393 2263 1470 portas
2303 1389 2672 1480 duodecim,
2701 1414 2734 1453 1>
2768 1397 2887 1458 etc.
2921 1393 2991 1460 Si
3017 1399 3267 1462 tantum
3304 1398 3409 1462 di-

1872 1493 2022 1574 ligit
2075 1499 2328 1577 portas,
2372 1502 2687 1588 quantum
2748 1504 2935 1584 putas
2983 1520 3146 1584 ergo
3194 1503 3411 1587 diligit

1876 1605 2076 1668 totam
2103 1604 2422 1670 civitatem
2442 1607 2473 1671 ¹?

1956 1708 2133 1775 Circa
2158 1711 2566 1779 stabilitatem
2610 1715 2960 1782 dilectionis
3005 1719 3115 1783 Dei
3157 1722 3478 1816 attende
3444 1708 3647 1815 Duff*

1876 1816 2299 1901 principium,
2328 1821 2566 1902 tinem,
2596 1822 2903 1890 medium.
2934 1825 3204 1891 Attende
3236 1828 3407 1911 quod
3435 1785 3541 1879 υἷ’
3517 1834 3647 1878 ’11111-

1877 1926 2025 1989 ante
2073 1942 2266 1991 omne
2303 1932 2592 2012 tempus,
2631 1949 2745 2013 per
2779 1950 2973 1997 omne
3003 1937 3295 2016 tempus,
3329 1937 3410 2001 ad
3481 1896 3601 1941 ¹¹⁸⁹

226 1602 513 1683 lissima,
541 1603 1089 1669 communissima.

0 1726 201 1801 011311110-
308 1709 398 1776 De
408 1728 624 1793 primo
639 1710 869 1775 dicitur
882 1709 1023 1775 bic.
1040 1708 1155 1775 Sic
1175 1711 1343 1776 Deus
1361 1708 1625 1788 dilexit,
1644 1711 1766 1774 etc.

0 1801 71 1894 ἰζ
88 1790 201 1894 ‘5¹2⁵'
225 1817 438 1902 Super
465 1817 685 1883 omnia
710 1817 885 1882 enim
929 1817 1214 1881 maxima
1238 1816 1359 1881 fuit
1393 1816 1535 1881 haec
1575 1815 1767 1880 dilec-

0 1917 203 1959 m⁸⁵¹³⁸
229 1925 346 1991 tio.
386 1913 601 1990 Potest
639 1925 814 2010 enim
843 1923 1236 1990 immensitas
1277 1922 1626 1988 dilectionis
1658 1922 1770 1988 Dei
1802 1943 1810 1949 ·

228 2031 539 2115 perpendi
584 2050 669 2096 ex
702 2030 1022 2096 beneflciis
1064 2030 1497 2114 corporalibus
1518 2077 1539 2107 ,
1583 2029 1767 2113 spiri-

227 2137 514 2203 tualibus
530 2186 549 2219 ,
603 2136 1035 2202 aeternalibus.
1090 2135 1409 2204 Immensa
1452 2138 1631 2202 enim
1675 2141 1770 2204 est

224 2245 481 2311 dilectio
503 2294 523 2324 ,
552 2264 748 2332 quam
780 2245 1089 2311 Dominus
1126 2245 1388 2310 exhibet
1420 2245 1769 2329 corporali-

224 2358 325 2420 ter
350 2349 375 2384 ²
411 2376 428 2419 ε
469 2376 500 2415 α
527 2352 630 2433 Si,
658 2352 1297 2437 postquamaudieris
1322 2352 1465 2417 haec
1494 2352 1767 2434 jndicia‚

224 2460 598 2527 custodieris
622 2479 721 2542 ea,
752 2463 816 2525 et
840 2459 1094 2539 feceris,
1124 2459 1433 2525 custodiet
1462 2458 1769 2524 Dominus

222 2567 395 2633 Deus
441 2572 593 2633 tuus
630 2572 890 2652 paetum
919 2567 1037 2631 tibi
1054 2614 1072 2646 ,
1122 2569 1187 2631 et
1221 2566 1720 2631 misericordiam
1747 2615 1764 2644 ‚

222 2694 424 2759 quam
445 2675 695 2758 juravit
723 2674 1010 2758 paribus
1036 2674 1166 2738 tuis
1182 2722 1203 2754 ,
1231 2677 1295 2738 et
1318 2672 1546 2758 diliget
1569 2676 1634 2737 te
1650 2723 1674 2756 ,
1704 2677 1769 2739 et·

224 2781 692 2866 multiplicabit.
721 2779 1059 2848 Benedicet
1084 2780 1324 2845 fructui
1362 2781 1605 2846 ventris
1630 2780 1764 2861 tui,

222 2894 293 2953 et
316 2888 548 2954 rmctui
576 2892 764 2954 terrae
789 2892 921 2953 tuae
940 2934 960 2965 ,
992 2906 1024 2946 n
1048 2889 1167 2952 etc.
1195 2885 1350 2963 Quis
1369 2888 1587 2954 omnia
1613 2893 1769 2953 tem-

225 2995 473 3080 poralia
499 3000 563 3061 et
585 2994 902 3062 naturalia
928 2994 1164 3061 divinae
1190 2994 1545 3060 dilectionis
1580 2997 1769 3062 bene·

227 3102 373 3169 ficia
417 3120 795 3169 enumerare
819 3102 990 3168 valet
1005 3150 1023 3183 ,
1054 3119 1203 3186 quae
1238 3102 1429 3168 nobis
1466 3102 1547 3168 de
1573 3103 1763 3183 coelo,

226 3210 308 3276 de
334 3228 505 3289 aere,
532 3210 612 3277 de
636 3210 844 3294 aquis,
864 3209 943 3275 de
964 3214 1136 3275 terra
1157 3209 1584 3274 exhibentur?
1609 3209 1767 3275 ltem

226 3320 603 3385 immensior
628 3323 725 3386 est
749 3318 1040 3398 dilectin,
1070 3336 1265 3401 quam
1291 3318 1474 3383 nobis
1503 3318 1768 3384 exhibet

226 3426 729 3510 spiritualiter.
658 3426 729 3464 ⁸·
769 3447 799 3487 α
825 3423 891 3491 Si
932 3424 1076 3508 quis
1113 3424 1365 3508 diligit,
1392 3445 1424 3486 n
1462 3427 1609 3505 etc„
1655 3444 1766 3491 us-

227 3552 419 3621 que.
459 3556 491 3595 α
519 3533 914 3598 mansionem
959 3531 1133 3616 apud
1173 3550 1329 3598 eum
1370 3531 1698 3597 faciemus.
1726 3555 1758 3593 ι)

231 3642 387 3721 Quis
411 3642 632 3709 omnia
654 3640 963 3708 beneficia
984 3639 1597 3734 dilectionisdivinae
1613 3658 1769 3706 enu-

228 3769 483 3816 merare
509 3749 740 3834 possit,
769 3765 917 3836 quae
942 3747 1016 3812 in
1042 3749 1586 3813 sacramentorum
1616 3765 1764 3831 per-

228 3858 556 3943 ceptione,
585 3857 657 3922 in
682 3861 1084 3941 peccatorum
1111 3853 1515 3933 remissione,
1545 3854 1614 3918 in
1644 3854 1769 3920 vir-

230 3972 447 4034 tutum
491 3970 557 4032 et
593 3966 909 4032 donorum
936 3964 1268 4031 collatione
1285 4010 1313 4043 ,
1343 3962 1414 4027 in
1440 3962 1675 4042 Patris,
1703 3967 1770 4029 et

228 4075 371 4141 Filii
394 4124 413 4157 ,
452 4079 518 4142 et
551 4073 827 4159 Spiritus
860 4072 1062 4138 sancti
1104 4071 1438 4136 mansione
1464 4069 1554 4153 (a)
1581 4069 1765 4135 exhi-

229 4184 470 4250 bentur
488 4181 890 4250 servantibus
905 4197 1268 4246 sermonem
1295 4178 1549 4244 Domini
1561 4180 1593 4243 ⁴?
1606 4176 1768 4245 Vere

229 4310 396 4375 ergo
421 4293 590 4358 beati
620 4294 773 4358 sunt
806 4290 874 4356 ⁴:
916 4314 949 4353 α
973 4288 1149 4356 Beati
1176 4287 1289 4372 qui
1320 4286 1593 4353 audiunt
1617 4306 1765 4354 ver-

229 4402 393 4468 bum
411 4400 589 4482 Dei,»
609 4404 728 4467 etc.
749 4399 942 4479 Quasi
960 4399 1153 4464 dicat:
1174 4397 1240 4463 Si
1268 4396 1495 4462 beatus
1517 4401 1762 4476 venter,

230 4512 309 4598 in
329 4527 462 4593 quo
488 4509 722 4575 mansit
746 4506 947 4574 Filius
972 4505 1405 4589 corporaliter,
1421 4523 1575 4570 vere
1599 4510 1767 4569 certe

230 4618 419 4698 beata
443 4621 540 4683 est
560 4614 747 4684 valde
771 4631 948 4679 nunc
979 4631 1164 4682 mens
1196 4613 1607 4680 custodientis
1631 4631 1763 4679 ser·

228 4742 489 4792 monem
505 4740 752 4802 meum,
770 4722 839 4787 in
855 4740 986 4806 qua
998 4725 1216 4786 manet
1232 4719 1439 4800 Pater,
1460 4725 1523 4786 et
1538 4719 1761 4802 Filius,

227 4838 299 4899 et
321 4830 598 4916 Spiritus
625 4833 881 4896 sanctus
910 4826 1340 4912 spiritualiter.
1373 4826 1501 4894 Nec
1525 4827 1764 4894 mirum

227 4939 461 5023 etiam,
485 4955 637 5004 cum
663 4936 742 5002 de
763 4936 951 5001 beata
972 4932 1242 5017 Virgine
1265 4934 1433 4999 dicat
1457 4934 1764 5019 Augusti-

229 5067 357 5114 nus
380 5048 401 5084 ⁸
456 5069 547 5113 :e
583 5043 834 5112 Beatior
871 5043 994 5110 fuit
1032 5041 1233 5108 Maria
1286 5042 1480 5108 fldem
1533 5044 1762 5110 Christi

227 5152 657 5240 percipiendo,
674 5168 873 5236 quam
888 5149 1295 5234 concipiendo
1312 5168 1569 5217 carnem
1587 5150 1762 5218 Chri·

290 5281 497 5343 amm,
540 5289 631 5341 ιιι,
668 5277 1087 5336 m.-²Deut.,
1125 5287 1230 5337 vn,
1266 5278 1428 5328 12-13.
1466 5278 1758 5338 -⁸Joan.,

225 5363 339 5416 xlv,
376 5349 775 5406 23.-1ἱ.110.,
812 5348 1759 5414 11‚28.-⁸Aug.,de·r-sanet.Vi

223 5426 401 5493 aaut„
436 5435 494 5473 n.
535 5422 584 5472 3.
615 5447 679 5461 -
717 5419 913 5472 1113111.
956 5430 1181 5485 ιωνι,
1215 5423 1268 5472 2.
1304 5420 1758 5486 —'¹August.—

226 5457 1469 5563 ⁸Apoe„xx1‚.12-·7erem,xx'xi,.¹·3—
1493 5493 1798 5560 Ιοαη..1ν,

1875 2047 2071 2096 0111110
2096 2038 2347 2117 tempus
2373 2036 2525 2101 vitae
2573 2040 2898 2120 praesentis
2937 2039 3150 2124 diligit
3191 2041 3406 2107 Domi-

1876 2157 2003 2204 nus
2028 2139 2277 2207 electos.
2311 2143 2398 2208 De
2422 2144 2630 2227 primo
2656 2149 2679 2185 ⁹
2712 2166 2728 2209 ε
2768 2168 2799 2207 α
2827 2144 2898 2210 111
2927 2147 3233 2213 charitate
3260 2167 3409 2233 per-

1875 2251 2070 2328 petua
2094 2248 2287 2313 dilexi
2314 2253 2378 2315 te
2398 2298 2419 2332 ,
2446 2272 2477 2310 s
2515 2255 2634 2315 etc.
2666 2251 2838 2318 Bene
2863 2252 3049 2335 dicit,
3079 2263 3405 2338 perpetua.

1874 2351 2106 2418 Dilexit
2140 2355 2314 2420 enim
2360 2359 2423 2421 te
2443 2403 2462 2436 ,
2510 2361 2858 2443 antequam
2894 2364 2967 2424 tu
2983 2409 3002 2442 ,
3037 2361 3143 2426 vel
3182 2363 3412 2448 aliquis
3443 2346 3448 2350 ⁹

1875 2458 1981 2524 vel
2005 2459 2223 2538 homo,
2249 2462 2351 2528 vel
2373 2465 2668 2547 angelus,
2696 2466 2801 2532 vel
2828 2467 3084 2548 coelum,
3111 2470 3213 2534 vel
3239 2475 3413 2536 terra

1875 2565 2061 2627 esset.
2091 2562 2170 2627 Et
2194 2568 2365 2630 certe
2385 2571 2740 2650 antequam
2767 2587 2957 2650 esses,
2985 2571 3097 2634 tibi
3133 2560 3412 2654 regnum

1874 2678 2376 2755 praeparaverat,
2406 2672 2637 2750 Filium
2669 2677 2832 2741 mori
2859 2678 3089 2744 fecerat
3111 2677 3152 2714 ¹⁰
3179 2699 3194 2742 z
3220 2702 3252 2740 α
3273 2680 3411 2761 lpse

1875 2776 2054 2859 prior
2079 2777 2300 2843 dilexit
2327 2798 2480 2861 nos,
2507 2785 2572 2846 et
2598 2782 2775 2847 misit
2794 2782 3027 2850 Filium
3055 2803 3246 2851 suum
3270 2805 3412 2870 pro-

1875 2884 2273 2967 pitiationem
2300 2905 2418 2969 pro
2455 2890 2723 2971 peccatis
2758 2892 3010 2958 nostris.
3039 2914 3071 2952 ι)
3105 2893 3412 2978 Augusti-

1877 3009 2001 3055 nus
2021 2992 2061 3034 ¹¹
2098 3013 2160 3058 t«
2185 2992 2388 3057 Nimis
2411 2994 2611 3060 durus
2636 3001 2734 3062 est
2760 2983 3019 3064 animus
3038 3047 3055 3077 ,
3087 3001 3200 3083 qui
3227 3000 3413 3066 dilec-

1875 3100 2116 3165 tionem
2141 3102 2199 3166 si
2224 3101 2476 3168 nolebat
2503 3104 2868 3188 impendere
2892 3154 2910 3185 ,
2951 3108 3157 3174 noluit
3181 3127 3409 3192 repen-

1876 3207 2048 3273 dere.
2077 3229 2109 3268 »
2142 3207 2312 3274 Bene
2339 3210 2526 3290 dicit,
2548 3214 2753 3294 prior.
2785 3211 2905 3291 Qui
2937 3215 3115 3298 prior
3143 3216 3265 3280 sub
3290 3216 3413 3280 isto

1875 3315 2087 3398 p‘riore
2124 3316 2266 3384 vult
2298 3336 2436 3383 esse
2453 3365 2472 3397 ,
2518 3318 2702 3384 debet
2747 3321 3038 3387 ordinem
3087 3322 3412 3388 charitatis

1875 3424 2148 3504 initiare,
2178 3425 2257 3490 de
2279 3444 2407 3509 quo
2434 3427 2655 3491 ordine
2684 3430 2731 3469 ¹¹
2758 3451 2774 3493 :
2806 3451 2836 3490 α
2856 3429 3185 3497 ordinavit
3210 3432 3277 3495 in
3305 3449 3409 3496 me

1876 3529 2271 3596 charitatem.
2289 3554 2320 3593 u
2356 3532 2443 3597 De
2468 3535 2743 3600 secundo
2765 3537 2811 3573 ¹³
2840 3554 2912 3600 τα·
2922 3537 3109 3602 0111111
3125 3541 3409 3621 tempore

1876 3637 2128 3719 diligit,
2175 3640 2290 3723 qui
2321 3642 2566 3707 amicus
2592 3647 2707 3708 est.
2736 3665 2768 3704 n
2799 3642 3139 3712 Considera
3162 3665 3203 3710 a
3236 3649 3409 3712 nati-

1876 3745 2095 3812 vitatis
2119 3750 2403 3831 tempore
2443 3768 2650 3834 usque
2675 3750 2756 3816 ad
2781 3754 3032 3836 tempus
3059 3754 3322 3834 mortis,
3356 3754 3413 3818 si

1877 3871 2174 3952 unquam
2202 3855 2420 3940 aliqua
2443 3857 2608 3923 hora
2630 3859 2767 3923 sine
2801 3858 3039 3925 divinae
3066 3859 3413 3925 dilectionis

1881 3961 2204 4027 beneflciis
2247 3963 2511 4031 vixeris.
2559 3963 2776 4048 Ipsum
2816 3966 3039 4035 vivere
3084 3968 3255 4032 enim
3302 3968 3411 4034 Dei

1877 4069 2259 4136 beneficium
2286 4074 2402 4136 est.
2426 4075 2503 4137 Et
2525 4076 2696 4142 certe
2713 4073 2769 4137 si
2794 4078 3045 4158 tempus
3062 4075 3414 4142 dilectionis

1876 4177 2164 4260 negligis
2203 4178 2274 4243 in
2316 4180 2589 4259 mundo,
2637 4185 2890 4265 tempus
2918 4181 3048 4247 odii
3090 4182 3363 4248 senties
3345 4202 3411 4248 m

1879 4284 2131 4350 inferno
2151 4287 2243 4350 ¹⁸:
2278 4310 2311 4348 α
2339 4286 2617 4371 Tempus
2644 4287 2996 4353 dilectionis
3014 4334 3036 4367 ,
3066 4294 3131 4354 et
3160 4292 3414 4373 tempus

1877 4393 2033 4458 odii.
2053 4414 2085 4454 n
2112 4393 2202 4459 De
2231 4395 2417 4459 tertio
2436 4443 2453 4476 ,
2486 4401 2638 4461 nota
2661 4397 2834 4480 quod
2858 4396 3087 4480 regina
3114 4395 3282 4463 Saba
3303 4397 3414 4463 Sa-

1874 4500 2119 4565 lomoni
2147 4500 2309 4567 dixit
2328 4502 2371 4538 ¹⁸
2391 4521 2455 4567 :a
2478 4502 2638 4580 Quia
2662 4503 2876 4592 diligit
2899 4504 3068 4571 Deus
3094 4504 3319 4586 Israel,
3348 4511 3412 4574 et

1875 4608 2017 4674 vult
2058 4627 2314 4675 servare
2344 4627 2495 4675 eum
2534 4609 2601 4675 in
2629 4613 2944 4704 aeternum
2962 4660 2982 4692 ,
3013 4610 3246 4678 idcirco
3289 4630 3411 4696 po-

1875 4717 2003 4781 suit
2028 4720 2092 4781 te
2136 4733 2360 4799 regem
2394 4734 2589 4798 super
2628 4734 2802 4781 eum.
2832 4737 2864 4777 n
2898 4717 3200 4786 Salomon
3226 4718 3406 4782 Chri-

1875 4826 2048 4888 stum
2062 4871 2087 4904 ,
2112 4821 2302 4889 Israel
2322 4827 2542 4888 autem
2565 4824 2795 4890 electos
2812 4823 3040 4889 Christi
3063 4825 3406 4907 significat.

1874 4930 2004 4996 Hos
2028 4930 2197 4996 Deus
2224 4930 2412 4996 Pater
2438 4949 2520 4995 ex
2540 4930 2872 5000 dilectione
2890 4933 3037 5000 vult
3061 4935 3410 5000 servarein

1873 5042 2190 5105 aeternum
2208 5085 2227 5117 ,
2252 5037 2321 5100 in
2340 5037 2474 5103 vita
2490 5042 2750 5133 aeterna.
2773 5038 2950 5104 Unde
2973 5058 3055 5105 ex
3080 5040 3409 5107 dilectione

1873 5147 1968 5212 eis
1992 5145 2319 5213 constituit
2347 5163 2574 5229 regem
2598 5146 2934 5230 pacificum
2972 5145 3009 5212 J
3009 5165 3191 5216 esum
3232 5148 3408 5216 Chri-

1873 5351 1953 5454 ¹m.
1987 5373 2044 5384 —
2087 5348 2300 5412 ¹¹.,Aug
2327 5359 2481 5397 serm.
2515 5356 2696 5410 xxnv,
2727 5359 2783 5397 n.
2815 5348 2865 5409 2,
2894 5346 3063 5411 quoad
3089 5360 3315 5401 sensum.
3342 5377 3407 5390 —

1890 5418 2110 5479 ¹0.ant
2145 5416 3282 5486 11,4.-18Prov.‚xvn,17.—¹⁸Eccle.,
3315 5431 3405 5485 111,

1871 5492 1983 5543 8.—
2009 5487 2339 5554 ¹⁸llParal.,
2363 5500 2438 5555 111,
2459 5489 2571 5541 8.-
2591 5451 2805 5555 (ὥδευε.
2831 5487 2953 5540 edit.
2980 5487 3243 5548 missione.
3295 5553 3306 5560 ,
