4059 6317
686 503 806 567 224

685 633 798 700 Dei
824 634 1131 717 sapientia
1173 639 1435 720 apparet
1470 636 1542 701 in
1580 637 1781 720 hujus
1805 638 2094 721 mysterii
2120 656 2227 703 re-

686 742 1026 822 velatione,
1060 746 1124 807 et
1166 743 1449 810 maxime
1474 744 1545 809 in
1583 744 2053 827 significatione
2067 794 2088 827 ,
2131 747 2229 810 vi·

685 849 908 916 delicet
954 851 1024 915 in
1075 850 1509 919 incarnatione
1568 853 1843 935 Christi,
1894 858 1958 919 et
2001 855 2229 920 mundi

686 959 1100 1024 conversione
1121 1008 1139 1038 ,
1171 979 1318 1043 quae
1347 960 1417 1025 in
1443 961 1667 1027 eodem
1695 963 2000 1045 mysterio
2023 963 2073 1026 si
2079 963 2230 1045 gni·

684 1065 983 1131 ficantur.
1016 1066 1243 1132 Statua
1258 1069 1430 1132 enim
1457 1087 1741 1151 regnum
1764 1070 1991 1135 mundi
2015 1070 2225 1151 signi-

685 1173 860 1253 ficat,
887 1174 999 1257 qui
1028 1174 1108 1238 ad
1130 1175 1395 1241 modum
1422 1181 1649 1242 statuae
1676 1177 2052 1243 aediflcatur.
2083 1175 2231 1241 Fuit

687 1285 905 1346 autem
937 1300 1021 1347 ex
1046 1300 1207 1348 auro
1236 1287 1299 1348 et
1328 1286 1599 1364 argento
1616 1332 1633 1364 ,
1679 1283 1750 1348 in
1788 1285 2023 1367 quibus
2066 1303 2227 1368 opu-

688 1388 921 1470 lentia3
952 1389 1106 1455 item
1132 1409 1215 1455 ex
1240 1409 1369 1456 aere
1394 1394 1458 1456 et
1497 1392 1665 1456 ferro
1681 1439 1699 1469 ,
1738 1391 1809 1456 in
1856 1392 2091 1476 quibus
2121 1410 2232 1476 po·

688 1497 922 1575 tentia3
962 1500 1028 1562 et
1069 1515 1151 1562 ex
1195 1497 1355 1577 luto,
1408 1502 1471 1563 et
1513 1518 1584 1563 re
1620 1499 1797 1564 fictili
1821 1548 1838 1579 ,
1885 1501 1955 1563 in
1998 1501 2232 1584 quibus

690 1604 1197 1686 concupiscentia
1249 1605 1669 1687 significatur.
1721 1606 1820 1672 Ex
1865 1607 1969 1671 his
2022 1608 2233 1673 tribus

691 1712 937 1774 constat
958 1715 1167 1775 statua
1193 1713 1540 1777 mundanas
1559 1712 1897 1779 vanitatis¹
1923 1735 1938 1778 z
1974 1737 2006 1776 11
2031 1712 2233 1780 Omne

691 1815 862 1899 quod
890 1817 1079 1881 estin
1126 1818 1395 1898 mundo,
1441 1841 1471 1880 n
1508 1824 1626 1885 etc.
1677 1820 1827 1886 Haec
1866 1825 2079 1888 statua
2119 1841 2234 1906 per

690 1922 967 2006 lapidem
988 1970 1007 2000 ‚
1055 1923 1120 1988 id
1171 1914 1304 2004 est,
1355 1924 1680 1991 Christum
1704 1974 1722 2003 ,
1761 1928 1898 1991 sine
1937 1929 2236 1994 manibus

693 2030 1029 2113 amplexus
1053 2031 1275 2111 virilis,
1321 2032 1399 2097 de
1424 2038 1641 2099 monte
1687 2035 2234 2114 excellentissimae

695 2140 978 2222 Virginis
1020 2141 1369 2207 abscissum
1386 2192 1405 2223 ‚
1450 2150 1547 2210 est
1585 2146 1857 2211 contrita
1895 2146 1966 2211 in
2008 2148 2233 2213 mundi

694 2250 1139 2330 conversione,
1202 2252 1267 2314 et
1312 2249 1701 2317 horribiliter
1752 2258 2113 2320 conteretur
2166 2257 2234 2321 in

696 2359 1014 2424 malorum
1067 2359 1473 2426 damnatione
1517 2363 1542 2397 ²
1596 2354 1636 2427 ε’
1681 2386 1712 2424 «
1768 2362 1889 2440 Qui
1943 2364 2236 2430 ceciderit

695 2484 890 2551 super
915 2466 1225 2550 lapidem,
1268 2490 1300 2528 τι
1332 2471 1479 2549 010.,
1511 2488 1716 2553 usque
1748 2492 1764 2535 ε
1805 2493 1837 2533 α
1863 2475 2165 2537 conteret.
2195 2495 2227 2534 ιι

776 2574 864 2641 De
891 2576 1079 2641 tertio
1106 2576 1129 2611 ⁸
1161 2597 1176 2640 :
1208 2598 1240 2638 α
1273 2576 1434 2642 Vere
1462 2577 1810 2660 languores
1835 2584 2083 2645 nostros
2103 2580 2238 2664 ipse

698 2681 865 2748 tulit.
900 2703 932 2742 1>
968 2681 1138 2746 Inter
1165 2683 1385 2748 omnia
1409 2684 1649 2750 divinae
1690 2685 2042 2752 clementiae
2070 2687 2236 2751 indi-

698 2788 797 2851 cia
823 2789 1180 2855 maximum
1219 2795 1315 2855 est
1340 2792 1554 2874 passio
1602 2792 1871 2874 Christi,
1915 2813 2064 2878 quae
2106 2795 2239 2859 ani-

698 2912 953 2962 marum
1009 2903 1376 2964 nostrarum
1436 2900 1784 2982 languores
1835 2901 2005 2967 tulit.
2060 2900 2237 2967 Unde

700 3007 910 3069 cantat
929 3004 1202 3071 Ecclesia
1227 3005 1290 3069 ⁸:

858 3184 982 3244 Quoe
1009 3187 1059 3236 te
1085 3183 1210 3236 vicit
1234 3184 1530 3251 clementia,
1559 3190 1658 3239 010.
1717 3156 1725 3165 ,

861 3257 1028 3321 Super
1053 3257 1229 3308 omnia
1254 3257 1421 3309 reddit
1445 3261 1496 3310 te
1529 3258 1796 3311 amabilem
1811 3296 1830 3325 ,
1858 3262 1954 3311 010.

783 3433 1139 3501 Bernardus
1171 3459 1186 3502 ε
1216 3438 1474 3522 require
1499 3439 1571 3505 111
1614 3457 1907 3506 sermone
1951 3443 2238 3525 Spiritus

708 3546 841 3609 oris
869 3546 994 3611 mei
1021 3550 1066 3608 ⁸.

783 3650 907 3715 Sed
944 3656 1096 3716 nota
1128 3655 1299 3735 quod
1339 3654 1613 3737 languor
1654 3656 1956 3721 vitiorum
2002 3658 2248 3724 huma-'

703 3775 860 3822 num
880 3776 1089 3840 genus
1105 3764 1313 3826 totum
1342 3762 1678 3827 infecerat⁸
1711 3784 1726 3826 :
1761 3788 1789 3825 «
1820 3763 2021 3830 Omne
2049 3770 2239 3849 caput

702 3864 1082 3946 languidum
1124 3888 1140 3931 :
1172 3888 1203 3927 n
1245 3867 1463 3934 Glossa
1498 3870 1924 3935 interlinearis
1955 3894 1971 3936 ε
2007 3872 2076 3937 Id
2103 3878 2235 3955 est,

701 3972 994 4055 princeps
1027 3995 1043 4036 ε
1084 3995 1115 4034 a
1139 3979 1205 4038 et
1239 3993 1430 4040 omne
1462 3994 1571 4040 cor
1608 3995 1908 4059 moerens,
1933 4001 1965 4039 a>
2003 3979 2069 4044 id
2107 3984 2233 4060 est,

700 4079 985 4162 sapiens,
1032 4080 1190 4162 quia
1229 4080 1298 4144 in
1342 4082 1530 4147 corde
1572 4088 1666 4147 est
1724 4085 2052 4168 sapientia.
2105 4111 2137 4149 <1
2179 4088 2237 4153 A

701 4187 917 4269 planta
947 4188 1146 4271 pediS,
1176 4210 1208 4248 n
1230 4193 1375 4270 etc.,
1406 4189 1469 4255 id
1503 4195 1617 4271 est,
1647 4210 1687 4255 a
1712 4193 1994 4258 minimis
2034 4215 2236 4280 usque

701 4295 779 4359 ad
808 4314 1118 4360 summos,
1157 4317 1189 4356 1>
1224 4295 1660 4380 Hieronymus
1691 4321 1706 4360 z
1743 4323 1775 4360 «
1805 4300 2088 4367 Christus
2130 4306 2239 4370 do-

697 4404 865 4469 lores
891 4407 1139 4468 nostros
1168 4405 1445 4488 portavit
1469 4406 1539 4470 in
1578 4408 1780 4491 capite
1816 4411 2014 4493 spinis
2050 4430 2237 4478 coro-

699 4515 913 4592 natus,
942 4512 1014 4575 in
1041 4512 1228 4577 corde
1253 4511 1472 4576 lancea
1496 4514 1901 4595 vulneratus,
1947 4518 2017 4582 in
2062 4521 2239 4602 pedi-

698 4619 820 4683 bus
862 4618 1057 4684 clavis
1100 4618 1427 4685 confossus
1442 4668 1462 4700 ‚
1512 4625 1573 4686 et
1613 4622 1893 4688 breviter
1935 4644 1976 4689 a
2020 4626 2237 4710 planta

700 4726 878 4808 pedis
900 4744 1103 4810 usque
1129 4726 1209 4791 ad
1234 4726 1541 4792 verticem
1580 4730 1804 4812 capitis
1838 4750 1969 4796 non
2007 4734 2126 4799 fuit
2168 4736 2236 4802 in

702 4852 778 4899 eo
804 4834 1061 4899 sanitaS.
1086 4840 1109 4876 '¹
1145 4856 1178 4897 11
1204 4833 1253 4900 O
1281 4852 1398 4901 vos
1423 4852 1670 4916 omneS,
1701 4859 1732 4898 n
1766 4842 1884 4902 etc.
1920 4840 1967 4905 O
1995 4860 2112 4907 vos
2133 4863 2238 4909 su·

703 4943 1002 5025 perioreS,
1035 4943 1150 5025 qui
1177 4942 1328 5006 estis
1354 4946 1545 5026 caput
1580 4943 1852 5009 aliorum
1871 4993 1888 5025 ,
1933 4949 2236 5015 attendite

702 5053 892 5132 caput
913 5067 1030 5133 pro
1061 5050 1245 5115 vobis
1275 5049 1621 5134 spinatum.
1656 5049 1705 5116 O
1735 5071 1849 5119 vos
1872 5054 2199 5121 inferiores
2207 5105 2230 5138 ,

702 5156 812 5239 qui
853 5157 1001 5221 estis
1027 5156 1220 5240 pedes
1257 5157 1329 5221 in
1355 5176 1616 5242 corpore
1659 5158 1951 5227 Ecclesiae
1968 5208 1988 5243 ,
2027 5166 2231 5229 atten-

766 5284 784 5318 ¹
828 5285 847 5334 1
880 5285 1050 5347 Joan.,
1085 5297 1152 5349 11,
1190 5287 1267 5337 16.
1296 5311 1357 5323 -
1395 5286 1418 5320 ¹
1453 5285 1653 5351 matth„
1690 5299 1811 5352 111,
1847 5291 1925 5340 44.
1964 5315 2026 5326 -—
2068 5289 2233 5356 ⁸1⁸0„

705 5366 821 5418 Lm,
844 5357 891 5406 4.
914 5381 977 5393 —
999 5357 1022 5393 ὓ
1043 5357 1232 5422 Hymn.
1254 5357 1316 5407 ad
1344 5357 1503 5409 Laud.
1529 5357 1582 5407 in
1604 5361 1803 5409 Ascens.
1827 5360 1972 5410 Dom.
1990 5388 2054 5400 —
2074 5362 2096 5398 ⁸
2115 5363 2233 5415 vid.

705 5439 876 5490 snpra,
897 5429 950 5477 in
971 5429 1257 5490 parasceve,
1284 5442 1440 5480 serm.
1472 5441 1544 5492 ιν,
1567 5443 1690 5495 pag.
1717 5433 1891 5481 2⁰4³-
1917 5432 1940 5468 ⁸
1967 5435 2090 5495 Ira„
2120 5448 2160 5499 1,
2183 5439 2234 5486 5.

706 5524 770 5539 —
799 5499 822 5535 Ἰ
868 5498 1069 5562 Thr-en..
1103 5513 1148 5565 1,
1189 5503 1267 5552 12.
1290 5527 1368 5564 ,-
1406 5501 1434 5538 ⁸
1472 5501 1590 5553 vid.
1632 5516 1812 5568 supra,
1855 5505 1908 5554 in
1947 5505 2233 5569 parasceve,

1775 496 2195 569 SERMONES
2237 498 2339 570 DE
2380 498 2773 571 TEMPORE.

2336 638 2464 703 dite
2489 638 2679 723 pedes
2716 656 2834 722 pro
2864 637 3043 704 vobis
3069 639 3384 703 confessos
3424 637 3646 704 clavis.
3674 638 3724 705 O
3747 654 3859 705 vos

2335 747 2669 830 sapienteS,
2700 746 2813 830 qui
2830 745 2979 811 estis
2997 763 3129 822 cor,
3153 745 3455 811 attendite
3480 764 3590 812 cor
3617 750 3680 811 et
3698 746 3861 811 latus

2335 871 2454 935 pro
2519 853 2700 918 vobis
2768 853 3174 917 transfixum.
3228 851 3588 918 Bernardus
3640 875 3656 916 :
3715 875 3747 914 11
3815 850 3859 917 O

2337 975 2534 1040 quam
2558 956 2925 1022 vehementi
2946 955 3273 1039 amplexu,
3302 980 3335 1017 n
3364 961 3484 1021 etc.
3510 956 3784 1039 Require
3799 956 3865 1021 in

2343 1081 2639 1128 sermone
2685 1061 2971 1146 collique
2998 1064 3360 1146 Fragmenta
3381 1079 3463 1130 ne
3491 1069 3781 1147 pereant,
3803 1061 3868 1127 in

2338 1170 2522 1235 tertio
2549 1171 2839 1236 membro
2882 1170 2926 1234 ⁸.
2970 1169 3170 1254 Caput
3206 1174 3422 1235 tamen
3464 1189 3580 1255 per
3617 1168 3868 1235 arundi-

2335 1294 2486 1341 nem
2504 1326 2521 1356 ,
2563 1296 2678 1360 per
2714 1277 3011 1361 colaphos
3025 1325 3047 1358 ,
3087 1296 3201 1361 per
3236 1278 3473 1360 spinas,
3513 1277 3703 1361 plura
3727 1293 3867 1360 pas-

2336 1406 2483 1452 sum
2510 1391 2632 1464 est,
2670 1389 2821 1472 quia
2858 1388 3219 1473 superiores
3244 1389 3311 1453 in
3347 1387 3639 1473 plurimis
3669 1386 3871 1453 offen·

2339 1495 2600 1561 duntur.

2418 1601 2507 1669 De
2533 1608 2763 1687 quarto
2790 1605 2813 1640 ⁹
2841 1625 2857 1669 2
2888 1627 2920 1666 α
2947 1604 3103 1670 Cum
3128 1603 3320 1669 Jacob
3340 1603 3603 1686 angelos
3618 1603 3691 1667 in
3713 1600 3878 1667 scala

2340 1713 2635 1795 vidisset,
2666 1719 2730 1781 et
2754 1714 3130 1796 Dominum,
3161 1715 3350 1781 dicit:
3379 1714 3541 1781 Vere
3568 1713 3879 1779 Dominus

2340 1825 2433 1887 est
2460 1821 2527 1885 in
2553 1821 2692 1887 loco
2715 1821 2859 1886 isto.
2893 1844 2924 1883 n
2959 1822 3137 1889 Certe
3167 1822 3236 1887 in
3263 1822 3440 1887 omni
3474 1825 3608 1887 loco
3632 1825 3734 1885 est
3759 1821 3881 1885 Do-

2342 1929 2558 1994 minus
2580 1931 2627 1971 ¹⁰
2659 1948 2678 1995 ε
2716 1955 2746 1992 α
2762 1929 3006 1996 Coelum
3034 1934 3096 1996 et
3122 1936 3358 1997 terram
3384 1949 3508 2013 ego
3534 1929 3813 2012 impleo;
3846 1949 3878 1986 κ

2342 2036 2695 2119 specialiter
2720 2041 2936 2103 tamen
2963 2056 3245 2121 praesens
3277 2042 3370 2104 est
3412 2056 3525 2121 per
3560 2037 3881 2121 gratiam,

2342 2143 2659 2209 mediante
2701 2145 2870 2209 scala
2915 2145 3091 2225 fidei,
3134 2148 3319 2229 cujus
3359 2146 3490 2211 duo
3532 2145 3723 2227 ligna
3764 2163 3886 2209 ex-

2340 2256 2521 2316 tensa
2537 2300 2555 2332 ,
2596 2271 2670 2317 ac
2704 2252 3076 2338 principalia
3095 2301 3112 2333 ,
3154 2257 3305 2318 sunt
3340 2254 3497 2319 fides
3533 2253 3890 2319 divinitatis

2342 2364 2406 2424 et
2442 2360 2861 2426 humanitatis
2899 2360 3164 2441 Christi;
3199 2362 3381 2445 ligna
3408 2380 3561 2429 vero
3592 2361 3892 2444 gradalia

2343 2471 2494 2533 sunt
2528 2468 2772 2551 singuli
2801 2469 2950 2534 fidei
2985 2470 3255 2535 articuli.
3288 2470 3409 2535 Per
3442 2471 3611 2535 hanc
3648 2469 3891 2535 scalam

2343 2575 2411 2639 in
2442 2576 2675 2641 coelum
2701 2576 3079 2656 ascendunt,
3119 2577 3230 2660 qui
3262 2575 3477 2659 angeli
3502 2595 3616 2659 per
3650 2575 3890 2642 sancti-

2343 2686 2538 2749 tatem
2564 2689 2737 2749 sunt.
2776 2684 2931 2767 Sed,
2974 2686 3139 2750 bone
3174 2686 3371 2766 Deus,
3410 2685 3579 2750 scala
3617 2690 3718 2750 aet
3752 2688 3894 2769 jam

2344 2791 2533 2873 plena
2570 2791 2991 2858 daemonibus.
3043 2790 3167 2869 Qui
3204 2793 3377 2858 enim
3419 2811 3550 2857 non
3593 2797 3892 2875 peccant,

2344 2899 2561 2983 angeli
2590 2903 2742 2966 sunt
2754 2922 2772 2979 ;
2800 2902 2915 2984 qui
2943 2906 3204 2984 peccant
3228 2906 3292 2966 et
3311 2901 3644 2985 poenitent,
3676 2899 3896 2965 homi·-

2345 3024 2459 3073 nes
2485 3010 2666 3086 sunt;
2697 3008 2811 3091 qui
2836 3011 3101 3092 peccant
3125 3011 3188 3073 et
3215 3026 3349 3074 non
3374 3007 3704 3092 poenitent,
3748 3008 3896 3073 dia-

2345 3116 2478 3183 boli
2509 3121 2694 3198 sunt,
2738 3117 2873 3185 sive
2910 3117 3255 3184 daemones.
3301 3117 3423 3183 Sed
3458 3117 3611 3183 dicis
3655 3138 3673 3182 ε
3718 3116 3893 3194 Quo·

2346 3225 2536 3290 modo
2578 3225 2867 3291 diabolus
2910 3245 3055 3291 sum
3073 3275 3092 3308 ,
3137 3244 3287 3290 011111
3333 3226 3528 3292 fidem
3568 3224 3896 3290 habeam?

2348 3329 2718 3415 Respondeo
2746 3333 2786 3371 ¹¹
2814 3355 2831 3400 ι
2857 3358 2888 3396 α
2903 3334 2984 3399 Ε1
2997 3333 3319 3400 daemones
3343 3333 3631 3413 credunt,
3653 3337 3721 3398 et
3744 3350 3899 3398 con·

2348 3439 2746 3506 tremiscunt.
2777 3462 2809 3501 ι»

2562 3673 2829 3750 FERIA
2872 3673 2972 3749 111
3022 3673 3235 3750 POST
3286 3674 3655 3753 PASGHA.

2774 3844 3062 3915 SERMO
3104 3845 3454 3916 PRIMUS.
3534 3866 3539 3871 ·

2431 3978 2615 4047 Stetit
2627 3979 2775 4046 Iesu
2792 3983 2867 4048 in
2893 3980 3099 4050 medio
3122 3984 3190 4061 ¹²,
3211 3987 3330 4048 etc.
3366 3981 3674 4048 Dominus
3698 3988 3806 4049 est
3826 3985 3896 4049 in

2347 4088 2557 4154 medio
2596 4088 2921 4172 Ecclesiae,
2959 4095 3023 4155 et
3059 4091 3262 4156 fidelis
3295 4093 3526 4156 animae
3538 4139 3560 4172 ,
3601 4093 3681 4158 ad
3722 4112 3896 4177 qua-

2346 4203 2517 4279 tuor,
2537 4197 2829 4263 videlicet
2843 4200 2923 4264 ad
2946 4200 3428 4266 confortandum
3446 4220 3561 4286 per
3577 4204 3896 4285 gratiam,

2347 4306 2430 4371 ad
2455 4306 2945 4371 illuminandum
2970 4326 3087 4391 per
3123 4308 3535 4391 sapientiam,
3564 4310 3645 4375 ad
3670 4312 3899 4378 vindi-

2347 4415 2623 4480 candum
2646 4433 2761 4498 per
2777 4415 3121 4499 justitiam,
3151 4416 3232 4481 ad
3259 4416 3758 4484 beatificandum
3781 4437 3905 4503 per

2350 4521 2646 4603 gloriam.

2427 4632 2515 4697 De
2541 4631 2780 4715 primo,
2814 4630 3106 4696 Psalmus
3139 4631 3182 4667 ¹⁸
3214 4651 3229 4693 :
3269 4655 3301 4693 ιι
3328 4630 3642 4699 Fluminis
3679 4633 3902 4718 impe-

2347 4742 2473 4818 tus,
2504 4743 2652 4818 010.,
2679 4756 2933 4823 usque:
2974 4762 3006 4800 <1
3042 4738 3205 4804 Deus
3230 4738 3299 4802 in
3339 4739 3550 4804 medio
3577 4741 3724 4822 ejus
3762 4759 3905 4806 non

2346 4847 2875 4925 commovebitur,
2906 4868 2939 4907 n
2973 4850 3093 4912 etc.
3125 4846 3357 4912 Civitas
3381 4846 3525 4910 haec
3549 4849 3644 4910 est
3673 4846 3905 4914 Eccle-

2347 4956 2470 5035 sia,
2500 4956 2604 5022 vel
2638 4956 2842 5021 fidelis
2882 4956 3129 5034 anima;
3164 4955 3449 5021 fluminis
3477 4956 3763 5038 impetus
3805 4960 3910 5023 est

2345 5064 2552 5130 virtus
2580 5063 2808 5145 gratiae
2830 5061 3103 5148 Spiritus
3125 5063 3326 5128 sancti
3354 5069 3403 5105 ¹⁸
3431 5082 3449 5127 z
3482 5085 3514 5125 α
3537 5061 3658 5139 Qui
3688 5064 3911 5130 credit

2346 5171 2415 5236 in
2441 5190 2568 5252 me,
2595 5171 2894 5250 flumina,
2935 5192 2968 5231 11
3001 5175 3121 5236 010.
3153 5170 3274 5236 Ρο1·
3298 5170 3468 5236 istud
3504 5170 3757 5238 flumen
3801 5176 3910 5239 est

2345 5381 2500 5418 serm.
2514 5379 2566 5431 v,
2582 5382 2635 5432 p.
2651 5370 2762 5431 206,
2773 5366 2872 5419 001.
2899 5368 3204 5431 ¹.-⁰Gen.,
3226 5380 3415 5434 xxvm,
3445 5372 3587 5421 16.—
3612 5371 3657 5407 ¹⁰
3682 5371 3907 5437 let-em,

2346 5450 2512 5502 xxm,
2543 5442 2623 5491 24.
2653 5465 2710 5477 -
2744 5440 2790 5476 ¹¹
2817 5442 2946 5504 Jac„
2984 5452 3055 5504 11,
3093 5444 3170 5492 19.
3198 5466 3260 5479 -
3288 5442 3334 5476 ¹¹
3361 5440 3501 5503 Luc„
3528 5452 3679 5506 nur,
3713 5444 3804 5497 36.
3835 5471 3904 5483 —

2348 5509 2395 5546 ¹⁸
2414 5510 2553 5564 psat.
2580 5522 2702 5577 xxv,
2734 5513 2836 5563 διδ.
2862 5537 2927 5550 -
2954 5511 2998 5548 ¹⁸
3019 5512 3183 5575 loen„
3209 5523 3305 5576 vn,
3326 5513 3405 5564 38.
