4059 6317
808 489 911 558 Do
923 488 1208 556 1111*ch
1246 486 1328 554 111
1373 486 1571 555 POST
1613 484 1990 555 OCTAVAM
2033 484 2393 554 PASGHAE.
2432 484 2696 555 SERMO
2738 483 2847 554 111.

3308 490 3425 561 25¹2

239 622 528 700 domum,
561 623 675 689 ubi
700 628 884 689 erant
922 624 1230 691 sedentes.
1265 644 1298 684 ι
1337 620 1519 689 Unde
1560 623 1775 706 aequi-
1883 619 2139 687 fidelem
2155 620 2615 690 charismatum
2626 626 2975 704 donorum3
2997 627 3170 691 unde
3187 627 3210 663 ⁸
3229 646 3246 692 ε
3266 651 3298 691 α
3323 629 3427 693 Di-

240 734 345 794 tur
378 752 395 795 ε
431 753 465 791 οι
491 728 736 814 Repleti
761 735 914 797 sunt
947 748 1167 796 omnes
1203 728 1448 812 Spiritu
1473 733 1713 794 sancto.
1737 749 1772 789 n

1889 727 2166 793 visiones
2193 730 2547 811 gratiarum
2570 735 2757 811 sunt,
2787 731 2957 797 idem
2986 737 3203 798 autem
3236 733 3430 820 Spiri-

241 836 335 902 Ita
358 838 538 902 enim
573 837 851 921 Spiritus
891 844 1146 904 sanctus
1171 835 1502 920 Apostolos
1530 837 1785 903 virtuti·
1887 837 1995 900 tus
2027 856 2044 897 ε
2083 857 2115 896 n
2154 840 2385 920 etpost
2419 841 2964 906 enumerationem
3008 839 3330 909 donorum
3366 850 3431 909 et

239 946 362 1011 bus
404 949 471 1011 et
506 945 690 1010 donis
732 949 797 1011 et
838 946 1215 1012 muneribus
1261 944 1673 1029 adimplevit,
1716 949 1784 1011 et
1887 943 2247 1024 gratiarum
2269 946 2603 1027 sequitur:
2640 967 2673 1008 ι
2707 945 2859 1013 Haec
2890 948 3108 1013 omnia
3131 955 3433 1033 operatur

239 1052 670 1137 opulentavit,
698 1057 774 1118 ut
809 1053 879 1118 in
913 1052 1094 1119 nullo
1135 1056 1423 1134 egerent,
1468 1071 1619 1117 cum
1672 1070 1782 1118 eos

240 1159 569 1225 constituit
591 1160 902 1241 haeredes,
930 1163 994 1226 et
1016 1177 1208 1241 reges
1233 1159 1422 1240 regni
1447 1159 1781 1237 cestorum,

240 1270 304 1332 et
333 1267 650 1351 principes
675 1267 824 1332 fidei
856 1267 1243 1332 christianae.
1282 1264 1391 1331 Est
1417 1265 1591 1331 enim
1622 1267 1732 1350 qui
1760 1272 1780 1306 ¹

239 1374 514 1440 suscitat
534 1372 615 1439 de
642 1379 821 1441 terra
830 1374 1116 1439 avaritiae
1133 1390 1408 1439 avarum
1426 1378 1491 1438 et
1501 1375 1781 1457 inopem,

242 1485 303 1547 et
326 1482 520 1564 eripit
546 1481 629 1547 de
654 1488 920 1551 stercore
949 1481 1372 1549 immunditiae
1391 1486 1786 1564 peccatorem

241 1592 307 1653 et
342 1605 711 1673 pauperent,
756 1594 834 1655 ut
879 1590 1285 1673 opulentatus
1336 1589 1507 1655 veris
1545 1590 1786 1655 divitiis

243 1699 473 1779 gratiae
494 1745 515 1777 ,
543 1697 758 1765 sedeat
798 1713 946 1763 cum
978 1697 1338 1780 apostolicis
1358 1698 1782 1781 principibus,

241 1809 300 1871 et
327 1803 560 1872 solium
580 1805 805 1888 olorioe
836 1810 1040 1873 teneat
1068 1805 1138 1869 in
1164 1804 1401 1869 coelesti
1422 1805 1650 1887 patria.

320 1910 666 1996 Sequitur:
693 1911 804 1979 Ille
829 1912 1114 1995 spiritus
1142 1912 1444 1980 veritatis
1467 1933 1491 1974 .·
1517 1913 1629 1978 ubi
1654 1912 1792 1978 des-

242 2020 427 2084 cribit
445 2038 602 2086 eum
622 2020 899 2087 secundo
917 2018 1349 2103 principaliter
1365 2024 1682 2102 quantum
1707 2019 1790 2085 ad

242 2126 642 2192 nobilitatem
663 2174 683 2206 ,
712 2132 971 2210 propter
999 2127 1435 2191 excellentiam
1460 2126 1790 2209 dignitatis

241 2252 557 2317 personae.
602 2233 714 2300 Ille
765 2234 938 2299 enim
990 2232 1266 2317 Spiritus
1289 2281 1309 2313 ,
1363 2234 1611 2299 ratione
1653 2252 1791 2299 suae

243 2344 576 2426 dignitatis
602 2346 667 2407 et
687 2341 1078 2408 excellentias
1098 2390 1117 2419 ,
1156 2349 1253 2407 est
1278 2342 1487 2425 primo
1513 2341 1794 2408 admira-

244 2449 386 2515 bilis
413 2451 484 2514 in
510 2449 963 2533 incipientibus
985 2496 1004 2528 ‚
1048 2454 1306 2533 propter
1339 2449 1792 2532 purgationem

243 2561 642 2645 spiritualem
681 2562 977 2627 omnium
1031 2566 1473 2644 peccatorum;
1516 2561 1794 2627 secundo

245 2667 631 2734 venerabilis
657 2669 726 2731 in
753 2667 1251 2750 proficientibus,
1268 2673 1527 2750 propter
1539 2667 1794 2733 fidelem

246 2774 779 2859 dispensationem
800 2773 1259 2838 charismatum
1283 2774 1601 2839 donorum
1619 2795 1637 2853 ;
1668 2777 1793 2838 ter-

248 2882 336 2946 tio
373 2881 812 2965 desiderabilis
843 2881 915 2945 in
943 2878 1461 2964 pervenientibus
1477 2927 1498 2960 ,
1538 2885 1796 2964 propter

248 2987 590 3055 mentalem
652 2987 1059 3053 refectionem
1113 2986 1413 3052 suavium
1478 2988 1793 3053 ciborum.

249 3094 515 3162 Ratione
550 3094 772 3179 primi,
798 3094 1059 3161 virtutis
1088 3112 1398 3174 summae3
1428 3093 1676 3161 ratione
1701 3114 1799 3161 se·

253 3204 466 3284 cundi,
496 3202 819 3286 aequitatis
837 3201 1132 3285 perfectae
1153 3220 1172 3281 ;
1197 3201 1447 3266 ratione
1472 3201 1662 3280 tertii,
1689 3203 1798 3268 bo-

251 3311 464 3375 nitatis
480 3326 824 3393 supremae.
844 3307 1063 3375 Primo
1079 3307 1187 3372 ille
1197 3307 1588 3374 admirabilis
1601 3307 1798 3392 Spiri-

252 3422 356 3483 tus
394 3421 491 3483 est
521 3417 591 3481 in
618 3415 1090 3499 incipientibus,
1120 3418 1378 3498 propter
1403 3414 1798 3498 spiritualem

252 3524 707 3607 purgationem
751 3522 1046 3588 omnium
1091 3527 1532 3605 peccatorum;
1577 3523 1748 3590 unde
1773 3530 1800 3565 ⁸

259 3655 291 3693 ι
315 3635 580 3697 sanctus
592 3631 923 3696 vocabitur
937 3629 1148 3695 omnis
1162 3629 1278 3713 qui
1303 3629 1578 3712 scriptus
1606 3630 1797 3696 estin

251 3738 384 3804 vita
407 3739 479 3804 in
501 3737 876 3805 Jerusalem:
891 3737 947 3801 si
971 3736 1242 3803 abluerit
1253 3735 1559 3801 Dominus
1581 3737 1798 3803 sordes

252 3845 534 3912 filiarum
562 3844 720 3910 Sion
741 3891 760 3921 ‚
789 3847 855 3909 et
884 3844 1269 3925 sanguinem
1302 3842 1656 3909 Jerusalem
1689 3847 1794 3908 tu-

251 3952 396 4018 lerit
419 3953 502 4018 de
520 3951 733 4017 medio
756 3953 897 4034 ejus
912 3951 982 4015 in
1002 3950 1464 4034 spiritujudicii
1484 3955 1549 4016 et
1569 3950 1798 4034 spiritu

252 4056 524 4122 ardoris.
553 4077 586 4117 n
621 4054 862 4120 Dicitur
914 4053 1189 4136 Spiritus
1223 4057 1482 4119 sanctus
1521 4055 1797 4137 spiritus

242 4162 524 4246 judicii,
543 4161 614 4226 in
636 4163 953 4245 quantum
979 4159 1289 4244 imprimit
1313 4160 1384 4224 in
1400 4160 1689 4226 animam
1707 4161 1790 4244 (a)

251 4270 551 4334 timorem
576 4266 815 4332 divinae
840 4266 1226 4346 severitatis3
1258 4266 1367 4331 sed
1394 4267 1673 4349 spiritus
1685 4282 1795 4333 ar-

250 4375 432 4443 doris
455 4423 476 4455 ,
513 4375 582 4438 in
617 4376 938 4457 quantum
963 4371 1170 4438 elevat
1194 4373 1276 4439 ad
1301 4390 1585 4439 amorem
1611 4374 1795 4438 boni·

250 4485 417 4549 tatis.
472 4481 587 4547 His
633 4481 895 4561 ductus,
925 4480 1161 4545 scilicet
1199 4480 1432 4547 timore
1458 4484 1525 4545 et
1549 4497 1792 4559 amore,

252 4591 457 4658 abluit
476 4590 797 4657 Dominus
822 4586 1042 4655 sordes
1064 4585 1357 4667 filiarum
1378 4590 1539 4656 Sion
1562 4596 1625 4657 et
1650 4603 1797 4655 sari·

251 4700 512 4782 qttinem
548 4695 922 4775 Jerusalem,
938 4695 1007 4759 id
1042 4698 1159 4775 est,
1188 4694 1472 4761 maculas
1506 4698 1791 4779 peccato-

251 4824 401 4872 rum
427 4802 856 4889 spiritualium
882 4805 948 4867 et
966 4803 1343 4868 carnalium.
1371 4801 1470 4868 Ad
1490 4802 1645 4868 illud
1666 4802 1798 4868 bal-

255 4932 453 4980 neum
510 4911 747 4977 debent
800 4909 1095 4975 accedere
1166 4926 1389 4975 omnes
1439 4913 1797 4993 peccatores

255 5020 549 5087 sordibus
587 5016 926 5101 inquinati.
965 5016 1255 5083 Secundo
1282 5019 1381 5082 est
1413 5016 1800 5084 venerabilis

261 5130 325 5195 in
380 5125 892 5215 proficientibus,
947 5129 1210 5208 propter
1258 5125 1798 5211 dispensationem

317 5328 336 5364 ¹
366 5330 379 5378 1
416 5328 560 5392 neq„
599 5335 668 5389 ιι,
695 5325 757 5386 83
786 5320 925 5374 Psal.
959 5331 1096 5384 cxii,
1124 5323 1173 5371 7.
1212 5347 1273 5359 —
1306 5324 1329 5355 ¹
1355 5322 1474 5388 tm„
1501 5333 1574 5385 ιν,
1603 5325 1708 5375 34,
1735 5348 1797 5361 -.

261 5397 284 5434 ⁸
313 5400 330 5450 l
371 5399 515 5459 Cor„
543 5407 660 5460 111,
698 5395 880 5458 ¹0,‚1¹.
906 5417 971 5431 -
1006 5391 1026 5423 ⁴
1056 5392 1202 5458 Sap„
1237 5404 1346 5457 ιιι,
1394 5398 1438 5446 1.
1468 5420 1529 5432 —
1571 5395 1590 5425 ⁸
1617 5395 1793 5457 Baeti„

259 5481 407 5537 xxiv,
430 5470 516 5521 2²1.

536 5572 690 5622 ΊῸΙῙ.
731 5570 871 5620 xm.

1890 1066 2062 1114 unus
2087 1053 2279 1133 atque
2305 1051 2475 1116 idem
2504 1051 2813 1137 Spiritus,
2844 1053 3136 1121 dividens
3161 1058 3435 1141 singulis

1890 1160 2085 1238 prout
2099 1158 2258 1222 vult.
2272 1179 2304 1218 n
2327 1158 2600 1243 Spiritus
2612 1165 2871 1226 sanctus
2879 1162 3198 1230 distribuit
3214 1166 3436 1231 omnia

1891 1264 2061 1329 bona
2085 1266 2438 1332 secundum
2466 1272 2759 1334 nostrum
2788 1271 3125 1352 meritum,
3159 1278 3223 1337 et
3248 1291 3434 1339 suam

1891 1370 2440 1454 complacentiam.
2472 1374 2651 1441 Unde
2675 1375 2821 1441 licet
2847 1378 3124 1457 diversi,
3162 1379 3440 1446 distincti

1891 1483 1957 1541 et
1978 1476 2360 1561 multiplices
2383 1482 2581 1548 rivuli
2604 1501 2647 1547 a
2676 1483 2852 1549 fonte
2874 1485 3312 1568 egrediantur,
3339 1492 3437 1552 ta·

1893 1603 2045 1650 men
2074 1605 2245 1653 unus
2270 1595 2369 1655 est
2390 1591 2567 1671 fonS,
2596 1591 2713 1676 qui
2744 1592 2886 1658 sine
2907 1593 3152 1659 defectu
3181 1613 3250 1660 se
3275 1595 3442 1660 mul-

1894 1692 2161 1775 tiplicat.
2218 1692 2324 1760 Sic
2360 1697 2443 1762 ab
2492 1714 2625 1763 uno
2663 1698 2834 1763 fonte
2872 1704 3137 1779 aeterno,
3171 1701 3254 1766 ab
3307 1721 3440 1767 uno

1892 1799 2186 1881 paradiso
2203 1849 2223 1881 ,
2279 1802 2365 1866 ab
2416 1821 2548 1868 uno
2600 1803 2842 1887 Spiritu
2884 1810 3123 1886 sancto,
3161 1807 3300 1873 sine
3337 1807 3440 1873 sui

1896 1904 2360 1974 defectibilitate
2386 1954 2406 1993 ,
2458 1910 2887 1992 egrediuntur
2961 1913 3196 1979 diversi
3248 1914 3442 1981 rivuli

1900 2014 2292 2095 gratiarum,
2319 2017 2636 2083 donorum
2665 2024 2729 2085 et
2753 2020 3246 2086 beatitudinum.
3282 2020 3443 2087 Ter-

1900 2122 1990 2185 tio
2017 2126 2115 2186 est
2140 2123 2569 2191 desiderabilis
2596 2126 2667 2190 in
2699 2128 3218 2210 pervenientibus
3238 2176 3259 2209 ,
3287 2147 3445 2212 pro-

1903 2232 2047 2310 pter
2123 2232 2466 2297 mentalem
2488 2214 2503 2223 ⁶
2536 2234 2945 2301 refectionem
2996 2238 3302 2302 suavium
3351 2238 3442 2301 ci-

1898 2334 2162 2415 borum3
2206 2337 2377 2403 unde
2415 2345 2682 2423 possunt
2719 2340 2928 2408 dicere
2977 2343 3181 2409 sancti
3229 2344 3299 2408 in
3332 2362 3447 2428 pa-

1898 2443 2018 2507 tria
2045 2442 2068 2478 ⁴
2098 2465 2115 2507 z
2155 2468 2187 2506 α
2228 2444 2278 2510 O
2322 2465 2522 2530 quam
2564 2448 2773 2513 bonus
2812 2453 2877 2515 et
2914 2452 3136 2516 suavis
3176 2456 3273 2518 est
3314 2452 3450 2537 spi-

1899 2550 2064 2614 ritus
2098 2555 2249 2616 tuus
2291 2552 2361 2616 in
2404 2553 2622 2633 nobis,
2660 2554 2962 2621 Domine!
3001 2578 3033 2617 n
3074 2557 3251 2624 Unde
3286 2559 3450 2627 bene

1904 2660 2329 2741 conjungitur
2354 2661 2601 2726 bonum
2633 2663 2818 2727 suavi
2849 2686 2864 2726 :
2905 2682 3059 2730 nam
3086 2670 3181 2730 est
3205 2665 3448 2731 bonum

1900 2763 2073 2846 quod
2112 2783 2243 2830 non
2287 2771 2385 2832 est
2424 2786 2622 2857 suave
2639 2816 2661 2848 ,
2692 2770 2858 2835 sicut
2884 2772 3082 2837 timor
3109 2789 3358 2856 poenae3
3384 2778 3450 2840 et

1900 2875 1997 2936 est
2025 2891 2227 2938 suave
2266 2874 2440 2958 quod
2463 2893 2595 2942 non
2621 2879 2719 2942 est
2746 2877 3025 2959 bonum,
3052 2878 3218 2945 sicut
3254 2880 3450 2947 volu-

1901 2983 2044 3062 ptas
2082 2979 2383 3048 lasciviae.
2435 2980 2560 3048 Sed
2594 2987 2802 3049 totum
2829 2986 3075 3051 bonum
3109 2986 3305 3077 dixit,
3332 2989 3451 3072 qui

1900 3087 2146 3153 bonum
2183 3091 2366 3155 suavi
2412 3092 2556 3173 conj
2565 3092 2751 3156 unxit
2766 3143 2791 3172 ,
2830 3092 3096 3160 dicendo
3127 3117 3143 3159 ε
3179 3095 3232 3161 0
3255 3113 3451 3180 quam

1902 3194 2103 3263 bonus
2141 3206 2236 3264 est
2262 3205 2323 3265 et
2344 3199 2615 3266 suavis!
2642 3198 2766 3264 Sed
2792 3202 2946 3284 quia
2972 3203 3092 3268 vix,
3121 3202 3451 3272 invenitur

1902 3302 2117 3388 aliqua
2153 3304 2481 3371 delectatio
2520 3310 2777 3373 terrena
2795 3357 2816 3389 ‚
2863 3327 3013 3393 quae
3039 3328 3172 3376 non
3198 3312 3283 3376 sit
3307 3331 3447 3379 res·

1900 3427 2089 3492 persa
2111 3412 2563 3493 amaritudine,
2596 3415 2702 3480 vel
2727 3433 2864 3499 prae
2889 3417 3207 3501 frequenti
3233 3438 3451 3486 assue-

1902 3517 2126 3582 tudine
2153 3525 2419 3600 generet
2443 3522 2787 3602 tastidium,
2815 3523 2958 3591 ideo
2975 3525 3197 3591 divina
3205 3527 3451 3611 sapien-

1902 3624 1992 3688 tia
2035 3624 2266 3691 Cbristi
2314 3627 2465 3692 dicit
2501 3627 2524 3664 ⁸
2575 3650 2593 3694 ε
2642 3651 2675 3692 α
2712 3628 2991 3713 Spiritus
3033 3650 3217 3698 meus
3254 3652 3450 3718 super

1873 3731 2033 3796 ‘mel
2057 3732 2281 3798 dulcis.
2317 3754 2349 3793 n
2384 3732 2656 3818 Spiritus
2691 3754 2908 3819 meus,
2948 3738 3061 3822 qui
3086 3757 3127 3804 a
3152 3758 3263 3805 me
3297 3759 3449 3824 pro-

1900 3838 2088 3919 cedit,
2116 3858 2311 3923 super
2332 3840 2460 3905 mel
2483 3841 2713 3923 dulcis,
2738 3843 2805 3908 id
2830 3847 2950 3923 est,
2978 3863 3172 3929 super
3190 3864 3452 3915 omnem

1899 3945 2379 4013 delectationem
2405 3954 2715 4016 creaturae
2744 3969 2767 4016 :w
2787 3969 2942 4016 nam
2967 3953 3098 4019 mel
3117 3954 3187 4019 in
3211 3973 3451 4038 genere

1900 4058 2211 4119 creaturae
2247 4055 2442 4120 babet
2489 4056 2912 4124 dulcedinem.
2967 4058 3149 4127 Unde
3182 4062 3449 4129 dulcedo

1901 4160 2179 4244 Spiritus
2199 4162 2399 4227 sancti
2425 4161 2518 4227 sic
2542 4162 2811 4231 dulciter
2828 4165 3054 4246 reficit,
3080 4172 3154 4233 ut
3177 4169 3449 4253 perfecte

1902 4268 2189 4333 animam
2217 4270 2442 4350 sutiet3
2475 4287 2595 4336 nec
2632 4274 2901 4353 generat
2925 4273 3271 4356 fastidium,
3315 4275 3449 4343 imo

1899 4376 2233 4441 continuat
2257 4376 2669 4443 desiderium.

1982 4479 2219 4547 Ultimo
2245 4482 2545 4548 describit
2566 4500 2741 4564 eum,
2772 4488 3093 4567 quantum
3116 4489 3198 4554 ab
3216 4489 3446 4555 libera-

1899 4586 2030 4653 lem
2097 4588 2590 4654 redundantiam
2659 4590 3042 4674 copiositatis
3094 4595 3400 4662 doctrinae
3423 4644 3443 4677 ,

1900 4713 2053 4760 cum
2095 4694 2491 4760 subinfertur
2531 4717 2547 4761 t
2576 4696 2838 4765 nocebit
2861 4713 2981 4767 vos.
3009 4714 3255 4768 omnem
3280 4704 3447 4771 veri-

1904 4807 2121 4869 tatem.
2168 4801 2432 4867 Ratione
2472 4802 2646 4868 enim
2687 4821 2824 4869 suae
2872 4805 3311 4874 redundantiae
3329 4855 3352 4890 ‚
3380 4814 3448 4875 et

1899 4908 2280 4993 copiositatis
2310 4908 2641 4992 doctrInae,
2672 4910 2853 4976 docet
2880 4912 3002 4978 iste
3028 4911 3300 4998 Spiritus
3327 4916 3444 4980 tri-

1900 5020 2131 5102 plicem
2171 5018 2505 5087 veritatem
2528 5067 2548 5097 ,
2588 5021 2669 5085 ad
2711 5038 2911 5104 quam
2953 5023 3167 5089 omnis
3206 5025 3445 5093 veritas

1901 5131 2107 5210 potest
2135 5126 2375 5192 reduci.
2419 5125 2635 5192 Primo
2671 5126 2848 5193 enim
2873 5129 3057 5195 docet
3081 5130 3309 5213 fugere
3338 5131 3446 5197 de-

1900 5232 2286 5297 formitatem
2315 5232 2520 5315 culpae
2533 5281 2553 5313 ,
2581 5236 2843 5317 propter
2876 5235 3177 5303 timorem
3210 5237 3445 5307 divinae

1902 5340 2259 5407 severitatis
2278 5362 2296 5419 ;
2331 5339 2613 5405 secundo
2635 5342 2853 5407 omnia
2886 5342 3091 5410 facere
3114 5346 3255 5412 sine
3273 5365 3448 5413 acce-

1971 5466 2039 5532 (α)
2065 5467 2185 5533 [ις.
2211 5466 2403 5518 anima.

3090 5567 3166 5628 17
