4059 6317
865 486 1243 555 DOMINICA
1283 486 1442 555 XXI!
1490 487 1686 555 POST
1728 488 2312 559 PENTEGOSTEN.
2360 489 2629 559 SERMO
2672 491 2723 557 1.

188 638 322 688 non
352 622 696 688 materialis
719 624 947 704 carnis,
976 642 1126 688 cum
1154 625 1234 689 ad
1259 624 1415 690 illud
1441 643 1573 690 non
1596 642 1735 707 per-

187 731 384 796 tineat
425 731 752 810 meditari;
828 732 939 797 sed
1005 732 1290 797 scrutinii
1360 732 1728 815 spiritualis,

189 838 602 903 meditabitur
623 839 955 903 veritatem
981 858 1094 922 per
1119 839 1588 922 simplicitatem
1627 839 1730 902 in-

187 946 506 1026 tentioniS,
538 950 605 1011 et
632 948 968 1029 puritatem
988 948 1359 1022 affectioniS,
1387 947 1732 1029 relegando

186 1053 264 1119 de
305 1053 433 1118 Deo
475 1072 732 1119 omnem
771 1054 1104 1118 falsitatem
1134 1054 1493 1120 vitiositatis
1528 1058 1592 1119 et
1623 1055 1731 1119 de-

187 1161 514 1246 ceptioniS‚
543 1166 619 1226 ut
645 1163 727 1226 sit
751 1180 861 1226 cor
884 1166 1129 1227 rectum
1176 1168 1240 1227 et
1277 1162 1440 1227 hene
1477 1164 1731 1228 ordina-

185 1277 327 1338 tum
369 1292 387 1337 ε
428 1276 520 1340 Et
556 1272 734 1339 labia
771 1289 910 1340 mea
939 1272 1428 1341 detestabuntur
1458 1274 1732 1356 impium

187 1400 300 1465 per
353 1381 799 1446 rectitudinem
836 1380 973 1445 veri
1023 1381 1132 1463 (a),
1181 1399 1311 1463 qua
1350 1382 1733 1447 rectitudine

189 1489 306 1553 zeli
331 1492 548 1553 carent
571 1487 687 1566 illi,
720 1487 834 1570 qui
859 1487 1224 1570 accipiendo
1250 1506 1575 1571 personae,
1603 1508 1735 1553 ma·

187 1596 367 1660 xima
392 1599 649 1678 peccata
676 1594 956 1673 illorum,
985 1611 1149 1677 quos
1167 1594 1499 1659 carnaliter
1518 1599 1582 1659 et
1599 1597 1730 1678 pri-

188 1706 332 1767 vate
367 1702 668 1784 diligunt,
713 1719 846 1765 non
886 1702 1300 1780 detestantur,
1353 1700 1487 1765 imo
1532 1720 1729 1768 excu-

185 1815 350 1889 sant,
386 1812 448 1874 et
474 1808 816 1888 alleviant3
867 1808 976 1873 sed
1021 1809 1288 1879 minima
1333 1813 1588 1890 peccata
1630 1829 1734 1875 eo-

185 1935 357 1996 rum,
401 1916 512 1999 qui
555 1916 649 1980 eis
692 1915 1062 1999 displicent,.
1086 1918 1377 1980 incusant
1403 1921 1467 1981 et
1492 1936 1729 1999 aggra-

183 2028 360 2089 vant.
391 2023 571 2101 Quod
611 2023 966 2089 maximum
995 2030 1324 2108 peccatum
1351 2026 1734 2107 perversita-

185 2133 266 2195 tis
305 2134 522 2215 justus
569 2132 764 2198 David
813 2134 1150 2215 profitetur
1197 2150 1329 2197 non
1359 2151 1496 2197 esse
1531 2135 1601 2197 in
1642 2152 1734 2213 se,

185 2234 334 2304 cum
364 2240 514 2305 dicit
539 2242 558 2277 ²
592 2259 610 2303 :
649 2264 680 2301 α
704 2239 989 2306 ‚iustitias
1019 2244 1165 2304 tuas
1186 2258 1318 2303 non
1342 2240 1645 2305 abscondi
1667 2241 1737 2305 in

186 2347 374 2412 corde
440 2366 605 2428 me0,
677 2349 1012 2412 veritatem
1079 2351 1144 2411 et
1202 2347 1477 2411 salutare
1546 2350 1735 2412 tuum

184 2455 340 2521 dixi.
385 2477 416 2517 a

266 2562 555 2629 Secundo
592 2563 978 2628 credendum
1012 2566 1108 2627 est
1134 2562 1404 2639 Christe,
1439 2562 1589 2644 quia
1617 2562 1737 2625 ha-

183 2669 289 2733 bet
315 2650 649 2733 veritatem
678 2672 868 2734 rectae
897 2669 1234 2733 locutionis
1264 2668 1330 2731 in
1358 2669 1488 2732 oris
1512 2668 1736 2732 erudi-

183 2776 394 2856 tione3
425 2780 488 2840 et
515 2775 638 2841 hoc
666 2780 933 2841 testatur
972 2777 1112 2859 ipsa
1152 2776 1390 2840 veritas
1416 2782 1440 2816 ¹
1472 2797 1488 2839 z
1524 2799 1554 2836 α
1584 2775 1738 2853 Quis

184 2900 267 2947 ex
293 2883 478 2947 vobis
496 2888 731 2969 arguet
753 2902 855 2948 me
878 2883 956 2948 de
984 2887 1241 2966 peccato
1259 2885 1290 2946 ‘2
1312 2882 1376 2947 Si
1401 2884 1739 2947 veritatem

185 2991 324 3054 dico
347 2990 554 3070 vobis,
575 3008 773 3073 quare
801 3007 930 3054 non
957 2989 1209 3053 creditis
1235 2989 1393 3052 mihi
1412 2991 1443 3053 ἱ)
1473 2990 1740 3072 »inquit

185 3098 324 3179 ipse
362 3095 673 3161 Christus.
721 3096 888 3177 Quis
925 3112 1006 3162 ex
1043 3095 1220 3162 vobis
1267 3102 1489 3179 amuel
1527 3113 1626 3162 me
1660 3096 1741 3163 de

183 3210 439 3286 peccato
460 3205 496 3269 Ρ
519 3204 700 3286 quasi
729 3203 964 3267 diceret
995 3225 1009 3266 t
1045 3202 1296 3282 Nullae,
1330 3209 1590 3286 propter
1616 3204 1742 3268 im-

189 3312 570 3375 munitatem
599 3310 805 3392 culpae
831 3309 1064 3390 totaliS,
1097 3315 1160 3375 et
1184 3311 1583 3375 honestatem
1605 3330 1744 3394 per-

186 3416 677 3482 fectionisvitae.
714 3414 877 3481 Nam
914 3417 1048 3481 sine
1086 3423 1340 3500 peccato
1377 3423 1740 3501 conceptue„

194 3526 348 3608 quia
384 3525 522 3589 sine
562 3524 730 3588 virili
778 3525 1045 3604 semine,
1079 3525 1189 3589 sed
1238 3525 1511 3607 Spiritus
1545 3526 1746 3591 sancti

201 3631 440 3696 virtute
470 3650 488 3695 ε
519 3631 656 3697 sine
691 3637 945 3715 peccato
980 3636 1192 3712 natus,
1227 3635 1380 3716 quia
1419 3635 1744 3699 sanctitate

190 3739 417 3820 gratiae
445 3739 726 3822 repletus
776 3761 791 3803 :
837 3740 973 3804 sine
1009 3745 1265 3823 peccato
1304 3746 1742 3821 conversatuS,

190 3864 266 3910 eo
308 3848 480 3929 quod
510 3846 534 3882 ⁸
569 3869 599 3906 c<
636 3849 965 3928 peccatum
1013 3865 1147 3910 non
1193 3848 1358 3926 fecit,
1408 3866 1526 3911 nec
1561 3848 1746 3913 dolus

188 3949 490 4019 inventus
517 3958 614 4018 est
640 3954 705 4017 in
729 3972 841 4019 ore
867 3957 1028 4035 eJus.
1071 3976 1102 4014 ι»
1141 3955 1216 4021 Sz·
1238 3957 1572 4023 veritatem
1597 3956 1743 4023 dico

189 4060 390 4141 vobi8‚
446 4066 703 4145 propter
742 4060 1206 4145 plenitudinem
1256 4062 1560 4141 scientiae,
1613 4082 1744 4146 qua

188 4187 318 4233 non
350 4186 609 4251 possum
637 4168 872 4247 fallere,
905 4167 1204 4247 nectam,
1236 4185 1434 4251 quare
1461 4186 1589 4236 non
1620 4187 1744 4236 cre-

188 4276 357 4342 clitis
385 4277 599 4351 -mz‘hi,
649 4294 761 4358 per
805 4275 1159 4340 intellectus
1197 4276 1683 4359 captivationem
1715 4281 1747 4341 ἱ)

187 4383 373 4466 quasi
402 4384 644 4448 diceret
672 4404 687 4446 :
722 4382 877 4450 Cum
907 4384 1274 4466 praedicatio
1306 4385 1496 4468 alicuj
1507 4406 1582 4451 us
1610 4404 1739 4451 non

188 4492 413 4556 debeat
458 4493 806 4569 contemni,
859 4493 986 4555 nisi
1025 4492 1270 4557 ratione
1311 4493 1739 4559 multitudinis

187 4599 423 4682 culpae,
470 4604 584 4664 aut
629 4601 875 4664 ratione
929 4600 1354 4664 dehonestatis
1402 4602 1578 4679 vitae,
1627 4608 1740 4667 aut

189 4709 438 4773 ratione
464 4707 884 4789 simplicitatis
912 4708 1299 4789 ignorantiae
1336 4732 1350 4774 :
1397 4729 1547 4775 cum
1581 4729 1740 4793 ergo

189 4834 319 4898 ego
343 4816 616 4880 habeam
647 4816 1119 4880 immunitatem
1147 4817 1372 4901 culpae,
1404 4820 1739 4901 perfectio-

189 4943 339 4991 nem
367 4925 543 5003 vitae,
573 4929 636 4989 et
664 4924 1124 5007 plenitudinem
1151 4927 1452 5007 scientiae,
1482 4928 1738 4994 debere-

191 5033 273 5096 tis
302 5032 579 5111 credere,
611 5032 769 5114 quia
794 5034 817 5068 ⁶
853 5055 884 5093 α
906 5033 985 5097 ad
1017 5033 1092 5115 (b)
1120 5034 1243 5098 hoc
1270 5040 1458 5099 natus
1482 5054 1649 5115 sum,
1678 5040 1743 5100 et

191 5140 274 5205 ad
314 5140 438 5204 hoc
480 5139 632 5205 veni
676 5139 746 5203 in
794 5140 1130 5219 mundum,
1183 5145 1259 5205 ut
1301 5143 1742 5207 testimonium

255 5338 275 5373 ¹
304 5338 439 5387 Ρεαι.
473 5347 660 5399 xxxxx,
698 5340 770 5387 Η.
805 5361 865 5374 -
898 5337 917 5367 ²
938 5338 1107 5399 Joan„
1137 5349 1255 5399 vm,
1287 5340 1366 5389 46.
1394 5364 1458 5378 -
1482 5340 1504 5375 ⁸
1532 5341 1549 5389 Ι
1582 5341 1740 5405 Ρειν.,

193 5421 256 5470 11,
286 5412 364 5459 22.
386 5435 448 5446 —
477 5409 499 5443 δ
522 5410 685 5468 doun..
711 5411 957 5472 xv111,37.
984 5435 1043 5447 —
1070 5409 1092 5445 ⁸
1121 5409 1273 5471 ibid„
1303 5423 1410 5473 xiv,
1433 5415 1483 5462 6.
1507 5440 1568 5452 -
1595 5416 1615 5444 ⁸
1637 5415 1744 5464 lmo

197 5480 374 5545 Rern„
425 5480 478 5530 in
524 5479 695 5531 Natio.
742 5480 801 5532 B.
844 5482 988 5537 loun.
1035 5482 1206 5546 Bapt„
1259 5496 1438 5547 serm„
1483 5498 1534 5537 n.
1590 5488 1637 5538 3.
1688 5511 1736 5531 -ρ

3275 497 3396 559 473
3418 459 3423 465 ’

1847 627 2216 709 perhibeam
2268 626 2543 691 veritati.
2599 648 2630 687 ι)
2682 625 2912 692 Contra
2955 626 3226 710 aliquos,
3280 621 3397 712 qui

1846 733 2098 798 malunt
2122 734 2377 799 studere
2404 732 2640 798 carnali
2666 733 2984 813 amicitiae,
3024 740 3091 799 et
3128 753 3400 818 magna-

1845 840 2019 904 tibus
2049 841 2316 924 placere,
2351 858 2548 924 quam
2575 841 2866 905 assistere
2891 841 3142 906 veritati
3187 847 3250 906 et
3282 846 3399 925 ju-

1845 948 2056 1026 stitiae,
2107 948 2185 1011 ad
2232 949 2355 1013 hoc
2388 953 2461 1012 ut
2502 948 2838 1013 eleventur
2877 954 2941 1013 et
2975 949 3393 1030 honorentur,

1846 1072 1994 1118 cum
2021 1061 2189 1119 certe
2215 1055 2631 1136 gloriositatis
2662 1057 2737 1134 (c)
2763 1056 2847 1120 sit
2878 1056 3061 1138 dejici
3102 1074 3252 1121 cum
3278 1075 3398 1121 ve-

1843 1161 2050 1242 ritate,
2093 1181 2287 1245 quam
2318 1162 2719 1243 magnificari
2746 1180 2894 1226 cum
2922 1162 3213 1237 falsitate.

1924 1268 2135 1335 Tertio
2167 1269 2554 1335 credendum
2583 1272 2677 1334 est
2705 1268 2974 1347 Christo,
2999 1275 3257 1353 propter
3289 1289 3398 1337 ve·

1846 1379 2099 1445 ritatem
2155 1380 2445 1445 honestae
2500 1380 2997 1446 conversationis
3061 1381 3129 1443 in
3186 1383 3399 1464 operis

1844 1490 2224 1553 ostensione.
2269 1488 2446 1553 Unde
2471 1495 2491 1530 ⁸
2528 1512 2542 1554 :
2579 1511 2610 1549 α
2636 1487 2778 1570 Ego
2820 1507 2964 1552 sum
3004 1489 3130 1568 via,
3165 1490 3403 1554 veritas

1844 1600 1908 1661 et
1953 1598 2110 1661 vita.
2157 1620 2189 1658 n
2241 1596 2424 1676 Quia,
2481 1598 2836 1662 secundum
2885 1596 3268 1679 Gregorium
3312 1605 3335 1641 ⁶
3379 1620 3396 1664 z

1853 1728 1883 1766 α
1935 1705 2175 1770 Ardere
2221 1711 2320 1770 est
2364 1724 2619 1789 parum,
2675 1705 2892 1770 lucere
2958 1724 3226 1785 vanum,
3291 1707 3401 1771 sed

1846 1819 2205 1897 utrumque
2235 1816 2661 1896 perfectum.»
2685 1812 2831 1877 Ideo
2852 1811 3163 1889 Christus,
3186 1814 3255 1877 in
3273 1832 3402 1895 quo

1846 1926 1941 1987 est
1981 1922 2353 1986 omnimoda
2402 1921 2723 2004 perfectio,
2772 1920 2983 2002 inquit
3027 1939 3045 1984 ε
3090 1922 3223 2003 qu
3256 1937 3402 1988 aum

1846 2030 1982 2108 via,
2011 2030 2080 2091 in
2111 2027 2411 2110 exemplo
2438 2045 2552 2110 per
2579 2025 2976 2091 honestatem
3002 2027 3191 2105 vitae3
3223 2030 3402 2095 veri-

1847 2140 1949 2199 tas
1977 2132 2046 2195 in
2073 2131 2475 2206 documento,
2506 2147 2622 2211 per
2651 2128 3003 2192 claritatem
3031 2129 3398 2211 sapientiae3

1849 2245 1913 2307 et
1939 2241 2080 2306 vita
2107 2240 2169 2302 in
2202 2239 2490 2321 praemiO,
2521 2255 2636 2320 per
2669 2237 3094 2302 aeternitatem
3124 2237 3353 2319 gloriae
3383 2261 3398 2305 :

1848 2352 1911 2412 et
1938 2348 2028 2410 sic
2055 2351 2152 2411 est
2179 2346 2463 2411 Christus
2490 2346 2627 2422 via,
2656 2364 2854 2428 quam
2882 2346 2982 2409 vis
3006 2346 3120 2426 ire,
3149 2364 3262 2428 per
3288 2365 3402 2412 ex·
3430 2418 3437 2426 ,

1847 2454 2137 2537 emplum
2155 2455 2334 2531 vitae3
2352 2456 2612 2533 veritae,
2632 2472 2827 2536 quam
2845 2454 2945 2518 vis
2962 2454 3273 2535 invenire,
3292 2472 3405 2538 per

1848 2563 2308 2627 documentum
2350 2562 2692 2639 doctrinae3
2733 2564 2795 2625 et
2835 2563 3000 2639 vita,
3038 2562 3107 2625 in
3138 2580 3269 2646 qua
3306 2562 3406 2626 vis

1850 2688 2142 2749 manere,
2175 2688 2289 2752 per
2312 2669 2654 2751 praemium
2683 2668 2935 2750 gloriae.
2965 2669 3044 2734 Et
3079 2670 3169 2734 ita
3204 2687 3401 2753 expo-

1849 2780 1945 2842 nit
1968 2778 2041 2842 Β.
2070 2777 2499 2858 Augustinus,
2530 2776 2641 2857 qui
2670 2793 2862 2858 super
2880 2777 3054 2840 hunc
3076 2776 3289 2842 locum
3316 2778 3406 2842 ita

1849 2886 1999 2951 dicit
2025 2885 2095 2947 ⁷:
2133 2907 2165 2946 α
2201 2883 2489 2948 Christus
2534 2885 2632 2947 est
2672 2883 2781 2946 via
2822 2883 2903 2947 ad
2953 2882 3400 2963 gradiendum,

1850 2994 2085 3059 veritas
2122 2992 2204 3057 ad
2248 2991 2726 3069 inveniendum,
2775 2994 2838 3054 et
2871 2989 3005 3054 vita
3040 2989 3122 3054 ad
3145 3008 3399 3073 perma-

1854 3102 2162 3166 nendum.
2191 3123 2224 3160 ι»
2321 3124 2327 3131 ·

1936 3204 2091 3268 Dicit
2117 3222 2274 3284 ergo
2316 3225 2330 3267 ε
2365 3204 2696 3285 Μαᾳίεεετ,
2735 3202 2975 3268 scimus
3011 3202 3173 3283 quia
3198 3216 3406 3269 verax

1850 3328 1915 3379 es
1945 3330 1962 3376 ε
1996 3314 2062 3375 et
2087 3312 2380 3394 sequitur
2412 3312 2534 3377 :Et
2561 3312 2739 3376 viam
2770 3312 2886 3375 Dei
2915 3310 2987 3375 in
3013 3308 3407 3376 veritatedo-

1851 3436 1972 3487 ces.
2012 3419 2134 3484 Ubi
2178 3419 2465 3483 Christus
2508 3417 2991 3483 commendatur
3017 3417 3099 3482 ab
3135 3417 3408 3481 utilitate

1856 3527 2028 3605 dicti,
2057 3531 2316 3609 propter
2333 3544 2531 3609 quam
2554 3524 2880 3591 sinceriter
2900 3530 2993 3590 est
3011 3525 3402 3607 diligendus.

1857 3634 2027 3699 Bene
2065 3634 2355 3698 Christus
2371 3672 2377 3677 -
2393 3633 2721 3698 sinceriter
2760 3638 2858 3697 est
2903 3632 3265 3715 diligendus
3313 3651 3413 3697 ra-

1859 3745 2031 3807 tione
2059 3742 2351 3807 utilitatis
2375 3741 2562 3805 istius
2588 3741 2978 3821 documenti,
3011 3745 3267 3823 propter
3289 3740 3409 3804 tri-

1856 3850 2092 3933 plicem
2117 3850 2456 3930 rationem,
2488 3867 2564 3914 eo
2592 3848 2763 3932 quod
2788 3849 2969 3913 docet
2993 3849 3205 3931 primo
3232 3866 3412 3914 vera·

1853 3958 2033 4036 citer,
2087 3960 2384 4040 respectu
2430 3955 2865 4035 credentium3
2914 3956 3190 4020 secundo
3240 3954 3409 4020 dele-

1853 4066 2192 4144 ctabiliter,
2224 4069 2518 4147 respectu
2541 4064 3002 4148 promissorum
3023 4085 3040 4141 ;
3070 4063 3256 4128 tertio
3280 4064 3414 4128 effl-

1853 4174 2116 4252 caciter,
2148 4176 2441 4255 respectu
2462 4171 2886 4253 agendorum,
2916 4170 3020 4234 vel
3055 4171 3408 4254 operando-

1853 4300 2001 4346 rum
2015 4329 2030 4343 .
2059 4280 2178 4345 Per
2198 4280 2483 4361 primum
2502 4276 2867 4343 excluditur
2879 4278 3117 4342 erroris
3135 4276 3407 4358 falsitas3

1854 4406 1967 4473 per
1984 4388 2365 4466 secundum,
2384 4386 2558 4450 orbis
2578 4384 2940 4451 volubilitas
2957 4406 2974 4462 ;
2997 4402 3108 4465 per
3124 4383 3408 4463 tertium,

1855 4496 2128 4580 torporis
2158 4493 2469 4578 tepiditaS.

1943 4605 2159 4670 Primo
2191 4603 2370 4667 docet
2415 4599 2703 4665 Christus
2748 4598 3091 4678 veraciter,
3121 4602 3413 4681 respectu

1856 4712 2324 4778 credendorum
2349 4757 2366 4788 ,
2394 4713 2613 4773 contra
2657 4707 2892 4772 erroris
2928 4706 3291 4771 falsitatem.
3327 4705 3413 4769 De

1858 4820 1982 4884 hoc,
2003 4818 2237 4883 dicitur
2266 4817 2339 4881 in
2377 4815 2626 4880 Psalmo
2662 4816 2685 4852 ⁸
2717 4838 2732 4880 ε
2769 4838 2800 4877 α
2828 4815 3043 4896 Dirige
3076 4832 3181 4878 me
3210 4814 3281 4877 in
3306 4832 3413 4880 ve-

1855 4927 2046 4989 ritate
2073 4930 2208 5003 tua,
2240 4928 2304 4989 et
2328 4924 2483 4988 doce
2509 4941 2650 5002 me,
2687 4923 2842 5005 quia
2876 4926 2949 4986 tu
2990 4939 3059 4985 es
3100 4920 3265 4983 Deus
3290 4919 3411 4987 sal-

1857 5036 2042 5098 vator
2074 5050 2278 5109 meus,
2314 5035 2378 5095 et
2410 5035 2472 5094 te
2494 5029 2765 5094 sustinui
2795 5032 2926 5092 toto
2956 5027 3078 5091 die.
3109 5048 3140 5084 »
3180 5024 3412 5090 Fidelis

1856 5140 2067 5223 inquit
2094 5139 2405 5221 propheta
2425 5136 2649 5215 David,
2683 5137 2751 5200 in
2773 5152 3048 5218 persona
3069 5132 3409 5215 cujuslibet

1858 5314 1873 5340 ⁷
1911 5313 2063 5375 Aug„
2104 5311 2157 5359 in
2192 5314 2358 5367 κατι,
2399 5311 2546 5358 tract.
2592 5319 2738 5367 cxix,
2778 5308 2831 5357 et
2866 5317 3018 5356 serm.
3052 5314 3220 5366 extu,
3260 5316 3312 5352 n.
3361 5304 3406 5366 1,

1857 5385 2028 5450 quoad
2058 5397 2285 5435 sensum.
2307 5409 2367 5420 -
2408 5382 2430 5416 ⁸
2458 5378 2595 5431 Psal.
2625 5391 2771 5444 xxw,
2805 5381 2853 5429 5.

1926 5484 1988 5553 (al
2025 5482 2137 5551 Leq,
2164 5478 2269 5537 zeli.
2301 5505 2364 5521 -·-
2406 5478 2472 5544 (b)
2514 5474 2659 5543 γαίᾳ.
2690 5476 2765 5529 in.
2791 5502 2855 5516 —
2882 5476 2944 5545 (c)
2974 5476 3085 5540 Leq.
3114 5473 3405 5540 gloriosius.
