4059 6317
752 427 871 491 416

825 558 1130 644 Sequitur
1177 580 1193 625 ε
1247 559 1583 645 Operarioe
1619 584 1646 628 .·
1689 562 1804 629 ubi
1851 566 2111 629 notatur
2159 562 2276 625 bu·

745 684 937 732 mena
965 666 1250 749 fatigatio
1276 667 1346 733 in
1388 669 1714 736 meritoria
1753 667 2277 755 operatione.an

741 775 1024 857 operatio
1067 775 1352 841 humana
1395 781 1491 842 est
1538 780 1897 861 meritoria,
1945 796 2094 863 quae
2136 779 2270 856 est,

740 880 949 962 primo
976 881 1043 946 in
1090 883 1510 966 acquisitione
1535 886 1807 952 coelestis
1835 886 2065 969 gratiae
2088 933 2107 963 ‚
2159 884 2269 949 de-

737 989 1014 1054 corantis
1059 991 1392 1084 proprium
1436 993 1830 1077 subjectum3
1878 992 2154 1058 secundo
2202 991 2270 1055 in

731 1095 1269 1179 multiplicatione
1296 1099 1601 1166 ferventis
1625 1100 1709 1183 (a)
1726 1101 1996 1184 justitiae
2005 1147 2027 1180 ,
2065 1099 2138 1182 (b)
2170 1117 2272 1163 ac·

737 1204 1058 1288 quirentis
1104 1225 1430 1273 summum
1476 1208 1758 1287 bonnm3
1796 1209 1979 1273 tertio
2005 1208 2076 1272 in
2115 1224 2266 1291 pro-

731 1311 1132 1392 mulgatione
1154 1312 1319 1395 legis
1353 1313 1614 1395 divinae,
1651 1315 1934 1380 docentis
1959 1314 2266 1397 ignarum

723 1418 1121 1501 proximum.

808 1524 1054 1605 Primo,
1081 1526 1302 1592 illaest
1330 1528 1651 1593 meritoria
1670 1529 1975 1612 operatio,
1995 1545 2145 1613 quae
2170 1534 2266 1595 est

689 1683 696 1692 .
729 1632 798 1696 in
823 1633 1238 1717 acquisitione
1279 1629 1550 1700 coelestis
1587 1634 1816 1716 gratiae
1840 1682 1857 1713 ,
1904 1635 2264 1700 decorantis

727 1740 1057 1822 proprium
1073 1740 1454 1824 subjectum.
1471 1742 1493 1777 ¹
1520 1762 1551 1801 e
1568 1740 1688 1818 Qui
1705 1743 2004 1825 operatur
2020 1745 2260 1806 terram

725 1864 912 1912 suam
930 1896 954 1928 ,
981 1848 1315 1914 satiabitur
1337 1850 1643 1933 panibus;
1673 1850 1784 1933 qui
1813 1853 2029 1914 autem
2059 1854 2257 1914 secta-

721 1960 827 2019 tur
862 1954 1067 2020 otium
1089 2002 1107 2033 ‚
1146 1956 1558 2021 stultissimus
1584 1960 1701 2021 est.
1728 1978 1761 2016 n
1801 1956 1934 2037 Qui
1960 1961 2258 2038 operatur

722 2069 958 2129 terram
994 2078 1185 2129 suam
1203 2110 1224 2140 ‚
1251 2062 1315 2127 id
1361 2067 1455 2127 est
1489 2063 1768 2146 propriae
1813 2062 2211 2127 conscientiae
2232 2112 2250 2144 ,

720 2169 1048 2235 evellendo
1074 2188 1158 2234 ex
1184 2188 1261 2234 ea
1285 2171 1499 2252 spinas
1523 2175 1928 2252 peccatorum
1943 2218 1965 2249 ‚
2003 2189 2120 2254 per
2144 2189 2254 2235 ex·

721 2277 1091 2342 terminium
1119 2276 1528 2343 confessionis
1545 2324 1567 2355 ‚
1598 2276 1949 2344 satiabitur
1970 2276 2251 2359 panibus

717 2385 1099 2467 septiformis
1123 2385 1352 2468 gratiae
1378 2385 1488 2449 Dei
1514 2384 1808 2449 habentis
1825 2386 1849 2419 ²
1880 2408 1912 2445 α
1928 2403 2118 2449 omne
2145 2386 2251 2449 de-

713 2494 1161 2560 lectamentum
1187 2498 1251 2557 et
1274 2493 1484 2558 omnis
1510 2493 1753 2576 saporis
1776 2493 2181 2558 suavitatem.
2205 2515 2238 2554 ι)

717 2601 849 2682 Qui
865 2608 1076 2670 autem
1098 2606 1373 2668 sectatur
1393 2601 1598 2668 otium
1620 2598 1989 2665 dimittendo
2009 2603 2243 2663 terram

712 2708 1113 2774 conscientiae
1151 2708 1534 2773 sterilescere
1573 2707 1757 2771 malis
1793 2705 2113 2804 radicibus
2142 2706 2241 2769 vi-

709 2816 946 2880 tiorum
972 2863 991 2895 ,
1019 2815 1435 2883 stultissimus
1469 2819 1583 2881 est.
1627 2813 1897 2879 Multum
1926 2813 2240 2878 enim-de-

711 2922 890 2986 beret
940 2922 1212 3005 quisque
1257 2920 1546 2985 excolere
1588 2924 1654 2984 et
1703 2920 1952 3003 operari
2002 2923 2240 2984 terram

708 3028 983 3111 propriae
993 3027 1413 3106 conscientiae,
1424 3029 1498 3090 ut
1510 3025 1729 3091 saltem
1747 3030 2035 3107 gustaret
2045 3045 2240 3109 quam

705 3135 920 3201 dulces
971 3134 1213 3199 fructus
1261 3135 1414 3198 sunt
1461 3131 1567 3196 isti
1618 3150 1812 3215 panes
1855 3131 2240 3213 septiformis

705 3243 931 3325 gratiae
957 3242 1087 3307 Dei.

784 3349 1105 3429 Secunde,
1135 3347 1243 3412 illa
1268 3335 1364 3412 est
1387 3344 1716 3411 meritoria
1740 3345 2021 3427 operatio
2039 3394 2056 3425 ‚
2089 3363 2234 3428 quae

701 3461 798 3521 est
834 3457 905 3521 in
952 3455 1473 3539 multiplicatione
1509 3453 1810 3518 ferventis
1841 3452 1920 3535 (a)
1943 3452 2233 3535 justitiae,

701 3564 1087 3648 acquirentis
1105 3578 1436 3628 summum
1452 3561 1723 3625 bonum.
1747 3558 1924 3624 Unde
1936 3558 2231 3624 dicitur⁸:

708 3694 741 3731 α
765 3670 996 3737 Potens
1033 3673 1249 3735 autem
1285 3670 1385 3732 est
1426 3669 1595 3731 Deus
1643 3683 1904 3731 omnem
1952 3666 2234 3746 gratiam

697 3777 1023 3842 abundare
1049 3777 1254 3842 facere
1296 3773 1366 3838 in
1390 3772 1574 3840 vobis
1604 3772 1707 3854 (c),
1739 3776 1815 3836 ut
1837 3772 1907 3835 in
1934 3772 2233 3837 omnibus

697 3902 950 3967 semper
960 3899 1218 3949 omnem
1234 3879 1673 3944 sufficientiam
1685 3879 2015 3959 babentes,
2030 3880 2232 3944 abun-

679 3991 855 4070 ‚detis
889 3990 959 4055 in
1002 4007 1192 4055 omne
1228 4005 1393 4071 opus
1430 3987 1696 4052 bonum.
1718 4008 1750 4047 ι
1808 3986 1971 4063 Quia
2014 3985 2223 4049 incre-

695 4100 908 4163 menta
940 4094 1235 4180 justitiae,
1264 4100 1328 4159 et
1353 4095 1495 4178 ejus
1517 4091 1838 4158 inchoatio
1863 4095 2102 4175 spectat
2126 4089 2228 4173 (d)

691 4204 771 4269 ad
800 4203 1083 4268 divinam
1108 4199 1611 4266 misericordiam
1629 4246 1648 4276 ‚
1682 4200 1792 4264 sed
1828 4200 1972 4281 ejus
1998 4216 2225 4281 coope-

690 4315 854 4379 ratio
864 4311 1133 4394 justitiae
1150 4311 1486 4376 bumanae:
1510 4326 1594 4373 ex
1614 4311 1794 4390 parte
1812 4306 2051 4372 divinae
2078 4324 2224 4388 gra-

688 4424 795 4487 tiae
819 4420 1015 4486 habet
1039 4418 1327 4484 inchoari
1354 4421 1418 4482 et
1456 4435 1537 4480 au
1546 4415 1689 4497 geri
1704 4462 1726 4495 ,
1766 4415 1877 4480 sed
1916 4432 1999 4513 eit
2045 4418 2222 4497 parte

685 4528 871 4595 liberi
915 4527 1159 4593 arbitrii
1200 4523 1530 4590 industriae
1570 4521 1764 4586 habet
1805 4520 2216 4604 coadjuvari,

685 4655 762 4702 eo
780 4636 948 4719 quod
973 4641 996 4676 ⁴
1034 4632 1476 4715 «coadjutores
1500 4629 1575 4711 (e)
1606 4627 1714 4692 Dei
1742 4645 1985 4692 sumus.
2013 4648 2047 4687 n
2073 4626 2220 4692 Ideo

683 4744 1046 4827 Apostolus,
1075 4741 1341 4806 hortans
1367 4753 1629 4802 omnem
1672 4734 2101 4800 Christianum
2134 4736 2215 4800 ad

681 4848 1138 4934 perficiendum
1181 4846 1250 4909 in
1276 4844 1386 4911 via
1403 4843 1695 4926 justitiae,
1740 4841 1891 4907 dicit
1921 4863 1937 4904 ι
1985 4841 2214 4910 Potens

675 4965 771 5027 est
809 4961 1018 5024 autem
1041 4955 1215 5021 Deus
1242 4952 1522 5033 qratiam
1548 4948 1877 5016 abundare
1909 4950 2113 5029 facere
2137 4952 2214 5017 in

673 5066 849 5135 vobis
869 5064 970 5147 (c),
988 5067 1062 5127 ut
1074 5057 1355 5124 notificet
1369 5055 1541 5139 quod
1562 5055 2029 5122 incrementum
2055 5075 2208 5139 gra-

740 5189 753 5218 ι
779 5188 947 5249 stov„
974 5195 1072 5247 111,
1101 5185 1178 5232 ss.
1207 5205 1273 5217 —
1301 5178 1321 5209 ²
1345 5177 1489 5242 Sap„
1516 5188 1625 5240 XVI,
1648 5179 1726 5228 20.
1752 5202 1807 5213 —
1838 5177 1858 5208 ⁸
1889 5178 1932 5226 ΙΙ
1959 5176 2101 5240 Cor„
2130 5190 2206 5243 11,

671 5259 720 5309 8.
740 5284 800 5297 -
827 5258 851 5294 δ
876 5258 895 5307 1
927 5257 1064 5316 cor„
1093 5263 1182 5316 m,
1209 5253 1259 5301 9.
1278 5275 1341 5287 —
1366 5250 1385 5280 ⁸
1408 5247 1587 5313 Eccli„
1610 5259 1719 5311 xiv,
1743 5250 1823 5298 2¹.
1846 5273 1907 5287 —
1933 5249 1953 5279 ⁶
1980 5249 2024 5299 11
2055 5250 2203 5311 Tim„

671 5341 743 5393 iv,
782 5332 829 5380 5.
869 5353 925 5365 —
972 5328 989 5360 '¹
1022 5326 1154 5382 Act..
1196 5330 1351 5384 xxvi,
1390 5323 1471 5370 20.
1506 5342 1574 5358 —
1607 5319 1631 5355 ⁸
1675 5319 1932 5384 Ambros„
1972 5323 2027 5369 in
2064 5320 2201 5384 Luc„

668 5398 754 5452 lib.
784 5400 894 5460 vn,
922 5412 976 5449 n.
1006 5400 1086 5461 85,
1113 5391 1286 5461 quoad
1307 5404 1536 5445 sensum.

1835 423 2253 498 SERMONES
2291 423 2394 491 DE
2434 425 2828 497 TEMPORE.

2386 561 2494 627 tiae
2520 567 2586 627 et
2605 565 2871 647 justitia.²
2894 566 2992 629 est
3020 583 3105 629 ex
3137 567 3315 648 parte
3341 563 3474 629 Dei.
3504 565 3588 632 In
3623 565 3923 634 omnibus

2384 670 2556 736 enim
2594 670 3053 755 sufficientiam
3064 720 3090 752 ,
3134 689 3284 755 quae
3312 673 3394 737 ad
3419 672 3687 762 salutem
3716 675 3923 757 perti-

2382 781 2531 856 net,
2582 778 2911 859 habentes,
2941 778 3281 847 abundetis
3320 782 3396 847 in
3435 796 3595 863 opus
3639 781 3876 847 bonum
3900 829 3919 860 ,

2382 888 2754 967 cooperante
2780 886 2998 951 divina
3023 887 3254 969 gratia.
3286 886 3367 951 Et
3390 892 3648 973 propter
3672 888 3800 952 boc
3826 889 3925 954 di·

2381 990 2547 1064 citur
2573 998 2596 1032 ⁸
2623 1011 2641 1057 z
2673 1016 2704 1052 α
2723 993 2923 1059 Omne
2948 1011 3113 1076 opus
3137 993 3405 1058 electum
3424 994 3916 1075 justificabitur;

2379 1101 2443 1161 et
2468 1098 2582 1181 qui
2607 1105 2907 1180 operatur
2930 1100 3120 1179 illud,
3152 1100 3569 1165 honorabitur
3606 1101 3674 1164 in
3709 1101 3845 1166 illo.
3879 1123 3911 1162 a

2380 1203 2661 1286 Eligitur
2689 1224 2849 1289 opus
2876 1210 3187 1290 quantum
3215 1208 3295 1273 ad
3322 1207 3507 1272 liberi
3533 1207 3785 1272 arbitrii
3814 1211 3915 1273 in-

2376 1310 2683 1376 dustriam
2704 1335 2721 1391 ;
2740 1313 3461 1398 sedjustificabiturper
3476 1316 3912 1398 acceptionem

2374 1419 2615 1484 divinae
2642 1420 3101 1486 familiaritatis.

2453 1525 2663 1592 Tertio
2686 1576 2704 1607 ,
2744 1532 2841 1592 est
2883 1528 2992 1592 illa
3033 1528 3314 1610 operatio
3350 1529 3675 1595 meritoria
3696 1579 3714 1612 ,
3760 1550 3910 1616 quae

2372 1633 2469 1691 est
2498 1629 2564 1693 in
2588 1630 3104 1713 promulgatione
3130 1631 3294 1712 legis
3322 1631 3595 1711 divinae,
3623 1632 3910 1700 docentis

2370 1734 2675 1817 ignarum
2717 1738 3123 1821 proximum3
3170 1738 3342 1804 unde
3379 1738 3611 1804 dicitur
3636 1742 3659 1777 ⁸
3687 1759 3707 1806 ε
3748 1765 3781 1803 c
3807 1742 3910 1809 Tu

2373 1861 2528 1908 vero
2554 1844 2800 1926 vig-ila,
2846 1846 2914 1910 in
2956 1844 3253 1910 omnibus
3291 1845 3512 1911 labora
3531 1896 3551 1927 ‚
3595 1866 3763 1931 opus
3808 1851 3909 1914 fac

2371 1950 2786 2032 evangelista
2808 1973 2827 2030 ;
2851 1972 2882 2011 n
2933 1951 3088 2035 quia
3123 1951 3354 2018 melius
3391 1955 3727 2036 persuadet
3768 1957 3906 2021 vita

2366 2075 2562 2139 quam
2603 2056 2830 2140 lingua
2850 2107 2867 2137 ,
2918 2060 3212 2143 exemplo
3264 2079 3462 2144 quam
3510 2062 3698 2127 dicto.
3750 2063 3905 2130 Ideo

2364 2160 2621 2225 cuilibet
2642 2162 2879 2227 volenti
2909 2160 3111 2226 alium
3138 2162 3398 2243 docere,
3428 2181 3591 2247 opus
3610 2166 3903 2232 refellere

2361 2265 2626 2343 diaboli,
2666 2269 2963 2333 astutiam
3000 2270 3434 2352 suppeditare,
3483 2273 3691 2336 carnis
3735 2292 3902 2339 con-

2358 2374 2809 2456 cupiscentiam
2861 2381 2925 2440 et
2968 2377 3195 2441 mundi
3237 2378 3604 2459 avaritiam,
3652 2382 3763 2444 sed
3812 2384 3895 2465 (f)

2356 2481 2528 2565 quod
2570 2482 2719 2546 dicit
2749 2482 3088 2566 Apostolus
3118 2506 3133 2548 :
3172 2484 3264 2550 Tu
3290 2501 3432 2553 vero
3458 2488 3665 2570 viqila
3685 2536 3705 2567 ‚
3735 2507 3897 2554 con-

2355 2593 2454 2652 tra
2465 2588 2953 2654 fraudulentiam
2969 2591 3228 2670 diaboli;
3247 2592 3327 2656 In
3336 2593 3628 2662 omnibus
3645 2596 3895 2678 labora,

2356 2698 2578 2760 contra
2603 2697 2811 2760 carnis
2846 2698 3204 2780 lasciviam3
3263 2700 3436 2783 Opus
3477 2703 3581 2782 fac
3621 2719 3901 2788 evanye—

2354 2802 2524 2867 listoe
2541 2850 2564 2881 ,
2593 2805 2815 2867 contra
2839 2804 3061 2870 mundi
3088 2806 3450 2888 avaritiam,
3480 2813 3553 2874 ut
3578 2812 3751 2893 quod
3775 2831 3895 2879 ore

2352 2909 2683 2993 praedicas,
2704 2928 2893 2993 opere
2910 2913 3247 2995 compleas.
3271 2914 3694 2998 Evangelium
3708 2921 3889 2985 enim

2349 3017 2648 3099 praedicat
2696 3019 2913 3088 omnia
2947 3019 3366 3104 relinquenda
3403 3042 3539 3089 esse
3573 3047 3589 3089 ε
3625 3025 3891 3093 insista-

2348 3141 2495 3187 mus
2540 3142 2701 3206 ergo
2746 3126 2852 3190 isti
2901 3126 3102 3191 labori
3144 3129 3631 3213 promulgandae
3672 3132 3840 3216 legis
3859 3185 3885 3215 ,

2346 3230 2638 3313 exemplo
2677 3231 2845 3296 beati
2883 3232 3105 3298 Pauli⁷
3138 3256 3153 3298 t
3194 3258 3225 3297 c
3249 3237 3766 3322 Annuntiabam,
3809 3249 3889 3309 ut

2344 3339 2778 3420 pcenitentiam
2813 3346 3080 3422 agerent
3123 3345 3187 3407 et
3228 3349 3752 3415 converterentur
3798 3354 3885 3419 ad

2342 3443 2580 3525 Deum,
2611 3447 2806 3529 digna
2848 3465 3041 3530 opera
3080 3449 3394 3516 facientes.
3418 3476 3449 3514 n
3487 3453 3627 3519 Nou
3667 3459 3883 3525 solum

2341 3553 2646 3619 debemus
2673 3554 2961 3620 insistere
2977 3555 3175 3622 labori
3196 3561 3678 3644 promulgandae
3705 3564 3882 3648 legis

2340 3662 2624 3725 veritatis
2644 3709 2664 3740 ‚
2701 3663 2811 3727 sed
2846 3665 3038 3730 etiam
3063 3669 3517 3747 cognoscendae
3546 3691 3561 3736 ε
3593 3690 3672 3738 eo
3698 3678 3880 3758 quod

2339 3767 2542 3849 pluris
2556 3769 2763 3834 meriti
2776 3773 2872 3835 est
2889 3774 3251 3839 exercitatio
3270 3777 3637 3860 spiritualis,
3668 3800 3879 3864 quam

2338 3876 2683 3957 corporalis
2696 3924 2719 3956 ,
2744 3877 3025 3944 maxime
3046 3879 3098 3943 si
3120 3881 3201 3945 ad
3220 3881 3344 3947 hoc
3360 3885 3591 3965 studet,
3616 3893 3691 3952 ut
3710 3890 3879 3957 alios

2335 3981 2673 4048 illuminet.
2705 3984 2881 4050 Unde
2906 3986 3279 4054 Ambrosius
3301 3992 3325 4029 ⁸
3354 4013 3368 4056 :
3402 4015 3434 4053 α
3458 3992 3709 4060 Otiosus
3735 4017 3875 4064 non

2333 4092 2469 4168 est,
2497 4091 2609 4172 qui
2639 4092 2835 4157 verbo
2866 4091 2974 4157 Dei
2999 4095 3238 4175 studet;
3281 4115 3399 4162 nec
3425 4099 3623 4182 pluris
3653 4106 3873 4171 meriti

2332 4200 2429 4260 est
2452 4197 2568 4279 qui
2593 4197 2872 4263 laborem
2917 4204 3099 4264 extra
3117 4249 3136 4280 ‚
3178 4222 3374 4287 quam
3418 4209 3533 4288 qui
3576 4208 3869 4278 laborem

2330 4302 2568 4370 divinas
2578 4305 2858 4372 veritatis
2869 4312 3326 4389 cognoscendae
3345 4320 3597 4380 exercet
3613 4317 3806 4386 intra.
3822 4343 3857 4383 a

2409 4408 2617 4476 Tertio
2645 4417 2902 4477 notatur
2925 4415 2994 4478 in
3012 4417 3209 4482 verbo
3234 4421 3553 4503 proposito
3581 4428 3860 4506 perfecta

2330 4520 2761 4585 remuneratio
2797 4521 2864 4585 in
2893 4522 3110 4588 divina
3149 4525 3396 4592 visione
3418 4575 3437 4605 ‚
3478 4547 3627 4595 cum
3653 4531 3810 4602 dicit
3841 4558 3858 4601 ε

2329 4624 2537 4692 Redde
2562 4626 2719 4694 illis.
2749 4627 2827 4692 Et
2847 4628 2973 4696 hoc
2994 4630 3155 4694 nibil
3181 4632 3355 4698 aliud
3380 4639 3507 4715 est,
3536 4656 3734 4720 quam
3764 4643 3866 4707 vi-

2321 4732 2417 4798 sio
2456 4733 2673 4799 divina
2695 4781 2713 4816 ‚
2758 4753 2903 4819 quae
2943 4738 3237 4804 reddetur
3275 4741 3622 4827 unicuique
3659 4748 3862 4829 juxta

2319 4839 2490 4904 bona
2510 4859 2704 4925 opera
2727 4862 2863 4908 sua.
2885 4843 3048 4910 Nam
3073 4849 3281 4930 primo
3309 4853 3548 4915 vocatis
3571 4854 3651 4917 ad
3678 4874 3862 4924 ama-

2318 4948 2667 5013 ritudinem
2700 4952 3093 5034 poenitentiae
3110 5002 3128 5034 ‚
3160 4972 3308 5019 cum
3340 4959 3621 5040 operatio
3657 4962 3857 5030 fuerit

2314 5055 2384 5118 in
2441 5057 2852 5140 acquisitione
2902 5060 3172 5126 coelestis
3224 5064 3452 5145 gratiae
3469 5113 3491 5146 ,
3548 5067 3854 5138 reddetur

2378 5253 2446 5318 (a)
2477 5253 2600 5305 Coet.
2642 5253 2762 5306 edit.
2799 5255 3091 5309 divinitatis.
3122 5283 3183 5297 —
3212 5258 3278 5323 (ὁ)
3315 5259 3440 5313 Coet.
3467 5261 3592 5316 edit.
3618 5266 3739 5321 add.
3772 5273 3843 5321 et.

2309 5349 2373 5361 ·-
2385 5325 2449 5387 (c)
2472 5325 2598 5376 Goet.
2618 5325 2738 5378 edit.
2758 5327 2929 5378 nobis.
2948 5353 3009 5367 —
3032 5329 3109 5394 (d)
3128 5330 3243 5396 [ις.
3257 5336 3503 5397 spectant.
3525 5363 3583 5375 -
3602 5339 3663 5402 (e)
3694 5340 3841 5406 γυῖα.

2309 5394 2584 5460 adjutores.
2616 5426 2670 5435 —
2703 5399 2773 5463 (f)
2804 5400 2919 5464 [ις.
2946 5400 3251 5452 faciendum.
