4059 6317
658 459 780 521 328

1203 666 1494 739 SERMO
1537 669 1653 738 111.

735 807 988 876 Eadem
1016 827 1337 891 mmsma,
1373 831 1504 896 qua
1532 816 1736 882 mensi
1775 815 2058 896 sumtis,
2101 832 2196 881 re-

654 917 950 985 metietur
969 919 1151 987 vobis
1179 922 1225 986 ¹.
1255 921 1431 986 Sicut
1458 940 1575 1005 pro
1610 922 1780 988 bona
1804 922 2068 1001 bonam,
2106 923 2197 987 sic

654 1042 773 1106 pro
801 1026 970 1091 mala
996 1046 1303 1093 mensura
1333 1029 1569 1095 malam
1596 1030 1931 1114 recipietis.
1958 1030 2197 1095 Eadem

655 1150 984 1216 mensura,
1024 1153 1157 1219 qua
1183 1138 1389 1201 mensi
1413 1138 1665 1202 fueritis
1692 1136 2000 1221 proximis
2042 1155 2197 1202 ves-

655 1240 772 1305 tris
796 1241 1064 1321 bonum,
1091 1243 1196 1308 vel
1221 1243 1464 1309 malum
1492 1243 1562 1308 in
1602 1243 1867 1323 mund0‚
1896 1243 2196 1307 remetie-

656 1353 766 1414 tur
791 1350 977 1416 vobis
1017 1350 1299 1431 bonum,
1330 1352 1437 1415 vel
1469 1352 1712 1415 malum
1759 1350 1826 1413 in
1869 1350 2137 1433 judicio.
2171 1355 2194 1390 1

665 1478 696 1517 α
720 1454 961 1522 Ponam
986 1458 1057 1521 in
1091 1458 1373 1541 pondere
1408 1457 1762 1540 judicium,
1788 1461 1858 1522 et
1876 1457 2197 1540 justitiam

655 1563 723 1627 in
740 1582 1063 1630 mensura.
1079 1565 1663 1631 »Considerandum
1680 1570 1896 1630 autem
1911 1564 2082 1648 quod
2101 1568 2198 1630 est

655 1689 958 1738 mensura
985 1674 1318 1755 naturalis,
1346 1673 1612 1752 usualiS,
1643 1673 1994 1738 criminalis
2013 1720 2029 1750 ,
2060 1672 2196 1739 vir-

656 1778 871 1859 tualis,
899 1779 1286 1860 doctrinalis,
1312 1779 1650 1846 aeternalis.
1842 1779 1851 1790 '

737 1885 825 1951 De
852 1887 1062 1970 prima
1090 1889 1158 1954 ⁸:
1196 1911 1227 1952 α
1255 1888 1484 1955 Omnia
1508 1890 1577 1953 in
1609 1906 1946 1966 mensura,
1977 1891 2042 1954 et
2069 1907 2194 1954 nu-

657 2012 858 2074 mem,
890 1997 955 2059 et
981 1995 1263 2078 pondere
1289 1995 1675 2079 disposuisti.
1709 2016 1741 2055 ι»
1782 1994 1962 2061 Unde
1979 1996 2198 2060 anima

656 2104 752 2166 est
796 2119 1103 2167 mensura
1145 2103 1555 2186 capacissima
1571 2152 1588 2184 ,
1633 2121 1908 2169 numero
1957 2104 2151 2169 unica
2172 2151 2192 2183 ,

658 2213 723 2275 et
765 2209 1234 2293 simplicissima
1251 2259 1268 2290 ‚
1297 2211 1579 2295 pondere
1614 2210 1937 2277 levissima
1985 2233 2001 2275 ε
2050 2229 2198 2295 pec-

657 2317 858 2381 cando
894 2322 1108 2382 autem
1154 2319 1230 2382 fit
1272 2319 1623 2383 arctissima
1640 2366 1659 2396 ‚
1708 2335 1856 2402 quae
1907 2319 2199 2402 capacior

655 2423 776 2487 fuit
801 2423 960 2488 coelo
987 2427 1052 2488 et
1078 2425 1342 2505 mund0‚
1370 2426 1673 2509 quoniam
1700 2443 1902 2508 capax
1926 2425 2048 2490 fuit
2073 2424 2197 2491 Pa-

656 2530 794 2610 tris,
829 2535 892 2595 et
917 2529 1084 2611 Filii,
1114 2535 1179 2596 et
1205 2531 1481 2616 Spiritus
1506 2533 1733 2598 sancti.
1755 2533 1778 2568 ⁸
1806 2556 1838 2594 α
1855 2532 1974 2611 Qui
1995 2538 2201 2617 potest

658 2654 902 2719 capere,
935 2639 1165 2722 capiat.
1196 2661 1228 2700 n
1266 2639 1336 2703 In
1368 2641 1640 2724 peccatis
1670 2640 1782 2705 vix
1806 2642 1974 2723 capit
2002 2643 2201 2707 mise-

658 2745 997 2810 ricordiam
1029 2745 1305 2830 Spiritus
1332 2749 1554 2813 sancti.
1588 2748 1745 2813 Item
1784 2749 2100 2831 peccando
2127 2751 2202 2814 fit

658 2851 1092 2918 diversissima
1138 2876 1154 2918 z
1200 2856 1275 2919 fit
1309 2855 1482 2920 enim
1535 2855 1634 2920 leo
1679 2875 1793 2939 per
1830 2858 2196 2938 avaritiam,

661 2959 852 3042 lupus
876 2978 993 3043 per
1013 2962 1403 3045 superbiam,
1434 2981 1664 3046 porcus
1689 2981 1805 3047 per
1832 2964 2194 3031 luxurIam:

662 3066 753 3129 sic
780 3066 1011 3150 adapta
1053 3068 1131 3134 de
1169 3069 1468 3151 singulis.
1505 3070 1795 3135 Psalmus
1820 3073 1844 3108 ⁸
1887 3093 1901 3136 z
1939 3095 1971 3132 c<
2014 3071 2202 3137 Com-

663 3178 924 3258 paratus
965 3181 1061 3241 est
1099 3178 1412 3264 ‚iumentis
1450 3178 1897 3261 insipientibus
1915 3227 1937 3259 ,
1990 3202 2022 3241 ι»
2076 3185 2195 3246 etc.

661 3282 940 3348 Joannes
967 3283 1490 3368 chrysostomus,
1542 3300 1732 3367 super
1767 3288 2084 3354 Joannem
2116 3289 2138 3324 ¹
2179 3311 2195 3352 ε

672 3414 703 3452 α
726 3390 1034 3472 Excogita
1060 3395 1374 3475 quantum
1399 3395 1494 3456 est
1524 3392 1790 3471 malum,
1819 3392 2066 3459 Christo
2094 3414 2203 3461 vo-

662 3496 834 3561 lente
859 3515 977 3562 nos
1002 3516 1084 3562 ex
1113 3499 1482 3564 hominibus
1504 3519 1691 3584 pares
1708 3502 1955 3584 angelis
1967 3504 2197 3585 facere,

662 3624 782 3670 nos
805 3605 976 3688 ipsos
990 3624 1074 3670 ex
1091 3605 1462 3672 hominibus
1479 3609 1560 3674 ad
1578 3610 1743 3674 feras
1763 3616 2199 3695 transponere.

662 3711 883 3777 Ventri
908 3713 1083 3778 enim
1121 3714 1361 3779 servire
1379 3764 1396 3794 ,
1427 3719 1493 3780 et
1517 3719 1936 3800 pecuniarum
1964 3739 2200 3786 concu-

661 3819 968 3902 piscentia
991 3820 1282 3900 detineri,
1312 3827 1380 3887 et
1405 3824 1621 3904 irasci,
1652 3829 1717 3889 et
1761 3827 2055 3893 mordere
2075 3878 2095 3909 ,
2141 3835 2206 3895 et

661 3927 1017 4007 calcitrare,
1048 3947 1179 3994 non
1205 3930 1522 4012 hominis,
1552 3933 1662 3998 sed
1687 3933 1969 3999 ferarum
2013 3941 2129 4001 est.
2161 3959 2194 3999 ι»

662 4035 820 4099 Item
845 4036 1163 4118 peccando
1188 4038 1261 4102 fit
1290 4040 1692 4120 gravissima,
1718 4047 1793 4106 ut
1819 4042 2029 4109 subito
2044 4063 2206 4110 mer·

665 4146 863 4224 gatur
888 4144 955 4207 in
982 4143 1306 4209 infernum
1335 4146 1358 4181 '¹
1387 4164 1406 4210 ι
1444 4169 1476 4208 ε(
1498 4145 1827 4212 Submersi
1849 4155 2002 4215 sunt
2019 4153 2203 4234 quasi

661 4248 1000 4331 plumbum
1046 4251 1114 4315 in
1140 4253 1360 4335 aquis,
1406 4276 1437 4314 ι)
1477 4259 1601 4321 etc.
1627 4261 1649 4295 ⁸
1687 4279 1719 4317 α
1744 4255 1820 4321 In
1855 4263 2094 4339 puncto
2121 4260 2202 4324 ad

662 4356 989 4421 infernum
1017 4358 1427 4425 descendunt.
1463 4383 1495 4421 n

748 4463 829 4528 De
864 4465 1143 4530 seeundo
1190 4467 1212 4501 ⁹
1259 4488 1275 4529 ε
1335 4490 1366 4528 α
1409 4466 1617 4534 Nolite
1662 4469 1867 4537 faeere
1905 4472 2202 4557 iniquum

660 4570 902 4653 aliquid
928 4570 1285 4653 injudicio,
1313 4574 1381 4638 in
1408 4574 1667 4657 regula,
1698 4576 1762 4640 in
1794 4579 2094 4660 pondere,
2135 4581 2201 4646 in

658 4695 985 4743 mensura.
1016 4700 1046 4739 n
1080 4678 1196 4743 Hic
1219 4680 1319 4744 dic
1340 4681 1417 4745 de
1444 4681 1663 4746 multis
1679 4683 2034 4765 fraudibus„
2056 4706 2202 4770 quae

658 4793 812 4850 sunt
859 4787 927 4849 in
989 4788 1376 4869 ponderibus
1426 4794 1490 4855 et
1545 4790 1613 4854 in
1671 4793 2011 4857 mensuris.
2073 4795 2201 4860 Has

657 4893 913 4959 fraudes
939 4894 1084 4959 licet
1109 4913 1281 4959 nunc
1309 4914 1439 4962 non
1460 4896 1696 4978 videat,
1723 4900 1837 4982 qui
1861 4899 2194 4985 decipitur3

656 5005 874 5065 tamen
901 5001 1093 5080 videt,
1125 5004 1236 5086 qui
1265 5003 1467 5086 decipi
1494 5022 1625 5070 non
1654 5009 1881 5088 potest.
1927 5008 2196 5092 Augus-

657 5108 827 5173 tinus
845 5109 890 5145 ¹⁰
912 5129 968 5173 :u
989 5107 1128 5174 Non
1148 5110 1320 5174 videt
1339 5110 1606 5193 furtum,
1630 5114 1736 5178 cui
1749 5115 2052 5197 appendis
2074 5119 2152 5199 (a)
2175 5140 2191 5182 ι

721 5235 738 5269 1
771 5235 909 5298 Luc„
945 5246 1024 5296 vl,
1063 5238 1141 5286 38.
1170 5263 1233 5275 —-
1263 5238 1280 5267 ²
1308 5236 1428 5298 Im„
1467 5250 1660 5303 xxvm,
1692 5242 1768 5290 17.
1797 5268 1851 5277 --
1888 5242 1911 5277 ⁸
1948 5244 2088 5308 Sap„
2121 5255 2197 5306 xi,

654 5309 733 5357 21.
774 5332 838 5344 -
872 5307 893 5341 ⁸
928 5308 1135 5369 Manli„
1175 5321 1297 5374 xix,
1338 5312 1414 5360 12.
1454 5335 1517 5348 --
1552 5313 1576 5348 ⁸
1612 5312 1748 5362 Psal.
1786 5325 1977 5378 xnvm,
2019 5317 2095 5367 13.
2139 5342 2192 5352 --

654 5377 676 5412 ⁸
703 5378 986 5441 Chrysost„
1026 5381 1081 5430 in
1113 5383 1277 5442 Joan„
1317 5381 1459 5432 hom.
1500 5409 1564 5421 —
1603 5385 1620 5415 ⁷
1657 5384 1840 5444 Exod„
1885 5397 1971 5450 xv,
2014 5390 2092 5438 10.
2135 5412 2196 5427 -

655 5451 673 5479 ¹¹
700 5449 810 5513 lob,
840 5464 960 5515 xx1,
996 5456 1073 5504 15.
1100 5478 1164 5491 -
1189 5455 1213 5491 1
1244 5454 1422 5517 tevit..
1451 5468 1572 5522 ιιι,
1602 5459 1678 5510 35.
1710 5483 1770 5495 —
1804 5458 1849 5493 ¹⁰
1888 5462 2104 5524 August.
2133 5486 2195 5502 -·-

1753 461 2173 531 SERMONES
2221 464 2316 531 DE
2358 466 2752 535 TEMPORE.

2307 602 2419 668 sed
2445 602 2620 670 videt
2643 605 2754 689 qui
2794 608 2860 671 te
2897 611 2962 673 et
3006 608 3220 694 ipsum
3263 615 3583 697 appendit.
3634 639 3667 678 n
3728 619 3843 702 Et,

2309 709 2472 775 heu!
2500 712 2654 794 quia
2679 714 3075 798 perinjustas
3096 738 3450 802 mensuras,
3471 728 3535 790 et
3558 725 3719 792 alios
3735 728 3848 794 do-

2309 816 2425 897 los,
2456 836 2626 901 saepe
2651 819 2879 887 domus
2905 824 3253 908 impiorum
3284 831 3566 915 repletur
3593 836 3850 917 injustis

2309 924 2492 990 bonis
2525 948 2542 989 ε
2574 926 2716 993 ideo
2743 947 2858 1013 per
2875 933 3129 1013 justum
3175 934 3401 1017 ignem
3439 938 3850 1021 flagellantur

2309 1030 2379 1096 in
2421 1033 2672 1100 inferno
2730 1037 3115 1104 aeternaliter
3133 1090 3152 1122 ‚
3220 1047 3283 1108 et
3330 1047 3721 1131 quandoque
3784 1051 3848 1116 in

2309 1142 2554 1207 mundo
2598 1145 3033 1226 temporaliter
3073 1148 3116 1187 ¹¹
3171 1172 3186 1215 ε
3242 1174 3274 1213 α
3311 1152 3541 1219 Adhuc
3575 1156 3750 1238 iguis
3779 1159 3843 1223 in

2307 1246 2497 1312 domo
2525 1249 2727 1332 impii,
2756 1256 2819 1316 et
2843 1252 3132 1320 thesauri
3160 1257 3535 1342 iniquitatis,
3572 1267 3636 1327 et
3665 1283 3846 1330 men-

2308 1371 2457 1418 sura
2482 1356 2717 1438 minor,
2748 1359 2866 1424 irae
2894 1360 3102 1444 plena,
3132 1386 3163 1424 n
3196 1370 3318 1431 etc.
3354 1365 3720 1435 Bernartius
3745 1373 3791 1409 ¹¹
3822 1395 3840 1439 ε

2317 1481 2348 1521 α
2384 1459 2641 1527 Utinam
2685 1483 2937 1550 saperes
2954 1517 2976 1547 ,
3024 1470 3223 1536 miser
3240 1521 3258 1553 ,
3303 1477 3367 1538 et
3401 1455 3844 1561 intelligems,

2308 1586 2460 1633 cum
2489 1569 2789 1638 thesauro
2816 1578 3137 1660 pecuniae',
3169 1580 3543 1649 thesaurum
3571 1585 3691 1652 irae
3733 1608 3846 1672 pa-

2307 1677 2462 1741 riter
2488 1680 2835 1746 cumulari!
2875 1706 2906 1744 n

2386 1784 2474 1849 De
2501 1785 2690 1851 tertio
2717 1789 2763 1828 ¹⁸
2797 1812 2812 1854 ε
2854 1813 2886 1851 α
2902 1790 3164 1876 Implete
3194 1813 3560 1864 mensuram
3589 1804 3846 1884 patrum

2306 1896 2690 1959 vestrorum.
2721 1916 2752 1957 ι
2788 1896 2838 1963 Ο
2876 1904 3034 1983 quot
3075 1907 3266 1983 sunt,
3311 1924 3589 1988 quorum
3635 1915 3847 1992 patres

2306 1999 2618 2081 crudeles,
2646 2002 2750 2068 vel
2792 2009 2970 2070 avari
2988 2056 3007 2086 ,
3037 2008 3141 2073 vel
3184 2010 3498 2078 luxuriosi
3541 2003 3803 2082 fuerunt
3821 2068 3843 2100 ,

2306 2124 2583 2189 quorum
2628 2110 2747 2174 filii
2796 2112 3034 2177 scelera
3085 2121 3419 2199 sequentes
3476 2139 3843 2190 mensuram

2307 2217 2565 2296 patrum
2590 2235 2720 2282 non
2762 2218 3030 2303 implent
3056 2222 3123 2286 in
3151 2223 3358 2308 culpa,
3405 2232 3470 2292 et
3510 2229 3579 2293 in
3627 2232 3844 2296 futuro

2305 2320 2377 2384 in
2423 2324 2656 2404 poena?
2701 2323 3069 2393 Mensuram
3112 2330 3321 2414 culpae
3374 2333 3538 2399 Deus
3583 2340 3847 2404 attendit

2306 2426 2374 2489 iu
2401 2425 2761 2496 damnando
2779 2431 3107 2500 hominem
3133 2440 3536 2522 aeternaliter,
3568 2446 3674 2510 vel
3693 2450 3848 2510 tem·

2303 2534 2609 2615 poraliter
2647 2538 3079 2623 corripiendo;
3113 2548 3177 2608 et
3209 2545 3414 2627 judex
3444 2548 3713 2632 quilibet
3745 2553 3843 2636 ip-

2307 2658 2443 2705 sam
2463 2644 2788 2710 attendere
2813 2647 3000 2714 debet
3019 2651 3089 2715 in
3108 2654 3458 2738 puniendo,
3479 2662 3543 2722 et
3560 2666 3848 2741 peccator

2308 2750 2379 2813 in
2416 2752 2872 2819 satisfaciendo.
2925 2757 2968 2792 ¹¹
2997 2780 3028 2819 α
3063 2757 3431 2828 Secundum
3476 2784 3848 2834 mensuram

2308 2859 2545 2939 peccati
2570 2861 2690 2924 erit
2725 2862 3067 2945 plagarum
3095 2869 3347 2936 modus.
3380 2894 3412 2932 n
3457 2872 3634 2938 Hanc
3660 2894 3848 2941 men-

2308 2984 2522 3030 suram
2561 2985 2691 3033 non
2725 2971 3005 3054 negligit
3030 2974 3324 3043 diabolus
3349 2978 3395 3016 ¹⁸
3422 3001 3437 3044 ε
3474 3004 3507 3042 α
3536 2981 3756 3064 Stetit,
3779 2988 3847 3049 et

2309 3091 2569 3138 mensus
2593 3079 2690 3139 est
2729 3081 2989 3144 terram.
3039 3103 3071 3142 ι»

2387 3180 2476 3245 De
2505 3187 2734 3264 quarto
2767 3186 2813 3227 ¹⁸
2850 3204 2868 3250 t
2898 3210 2929 3249 α
2957 3186 3315 3275 Unicuique
3340 3194 3487 3260 data
3512 3200 3609 3262 est
3636 3198 3845 3279 gratia

2307 3288 2657 3355 secundum
2700 3293 3058 3361 donationis
3098 3297 3324 3364 Christi
3370 3320 3757 3370 mensuram.
3799 3331 3833 3367 n

2307 3393 2616 3460 Mensuris
2645 3398 2876 3465 Christi
2914 3411 3372 3473 mensurantur
3403 3411 3673 3478 virtutes
3686 3462 3708 3493 ,
3736 3434 3843 3479 vo-

2306 3498 2605 3580 luntates,
2648 3508 2713 3568 et
2746 3511 3143 3589 operationes
3176 3514 3502 3598 humanae,
3548 3538 3630 3585 ne
3666 3540 3842 3588 exce-

2307 3608 2483 3673 dant.
2518 3609 2785 3679 Ostende
2821 3616 2945 3682 hoc
2975 3619 3045 3683 in
3082 3623 3387 3704 castitate,
3417 3631 3482 3691 et
3515 3629 3836 3710 patientia,

2308 3719 2373 3778 et
2407 3714 2479 3779 in
2504 3716 2643 3780 aliis
2672 3718 3038 3806 virtutibus,
3061 3732 3123 3792 et
3139 3730 3491 3811 specialiter
3516 3735 3586 3800 in
3611 3737 3842 3802 sobrie-

2307 3829 2474 3906 tate,
2522 3845 2672 3911 quae
2719 3841 3047 3901 mensurat
3100 3839 3315 3904 cibum
3365 3847 3428 3907 et
3466 3849 3690 3927 potum
3727 3848 3769 3883 ¹'‘
3818 3871 3834 3913 ε

2317 3954 2348 3992 α
2372 3932 2623 4017 Aquam
2651 3936 2718 4000 in
2745 3956 3045 4007 mensura
3071 3945 3265 4012 bibes.
3292 3971 3323 4008 ι)
3369 3949 3448 4014 Et
3480 3951 3716 4018 ibidem
3743 3954 3839 4018 vi·

2308 4038 2494 4105 detur
2510 4043 2819 4126 propheta
2840 4047 3219 4118 vilissimum
3239 4073 3469 4139 panem
3486 4058 3554 4123 in
3570 4060 3842 4143 pondere

2308 4148 2656 4214 comedere.
2689 4150 2863 4217 Heu!
2895 4173 3058 4239 ergo
3100 4162 3257 4243 quid
3305 4165 3427 4229 erit
3465 4166 3546 4231 de
3593 4168 3842 4250 potibus

2309 4259 2373 4318 et
2397 4255 2555 4319 cibis
2581 4256 2908 4325 delicatis?

2389 4363 2477 4427 De
2502 4363 2730 4446 quinto
2760 4369 2806 4406 ¹⁸
2839 4390 2855 4433 :
2897 4392 2929 4430 α
2955 4370 3108 4448 Quis
3146 4380 3334 4458 putas
3360 4382 3455 4443 est
3481 4379 3685 4446 fidelis
3711 4400 3840 4447 ser·

2308 4486 2454 4551 vus,
2494 4493 2525 4531 n
2560 4475 2680 4536 etc.
2721 4472 3030 4544 Triticum
3065 4487 3159 4546 est
3195 4484 3467 4551 verbum
3508 4487 3637 4567 Dei,
3679 4490 3845 4572 quod

2313 4595 2675 4644 mensuram
2707 4583 3054 4669 charitatis,
3094 4591 3197 4655 vel
3234 4594 3514 4659 veritatis
3549 4598 3847 4663 excedere

2308 4703 2438 4750 non
2459 4687 2664 4768 debet,
2696 4694 2759 4755 et
2785 4692 3160 4779 Scripturae3
3208 4700 3318 4765 sed
3348 4703 3699 4769 secundum
3735 4724 3848 4771 ca-

2307 4793 2641 4875 pacitatem
2682 4798 3050 4866 auditorum
3086 4809 3149 4870 et
3183 4813 3543 4892 temporum
3585 4829 3845 4878 mensu-

2307 4903 2578 4969 randum
2615 4909 2732 4970 est.
2762 4906 3030 4989 Legitur
3066 4917 3284 4981 autem
3313 4919 3381 4996 ¹⁸,
3412 4919 3585 5002 quod
3623 4943 3655 4982 α
3677 4925 3848 4989 tanta

2305 5014 2444 5074 erat
2470 5011 2863 5079 abundantia
2887 5018 3111 5100 tritici,
3151 5026 3225 5086 ut
3254 5025 3437 5108 copia
3477 5044 3846 5095 mensuram

2305 5153 2344 5188 ¹¹
2377 5152 2554 5216 Rich„
2589 5167 2672 5217 vi,
2713 5159 2788 5209 10.
2817 5183 2882 5196 -
2917 5161 2961 5197 11
2987 5164 3139 5215 Bern.
3167 5191 3232 5206 -
3264 5169 3309 5205 11
3343 5170 3546 5235 uatem,
3573 5184 3736 5233 xxm.
3764 5177 3842 5226 32.

2306 5249 2361 5261 -
2391 5223 2434 5284 11
2466 5224 2627 5288 Dent„
2665 5238 2752 5290 nt,
2785 5232 2833 5279 2.
2861 5256 2924 5270 —
2956 5235 2989 5265 ¹¹*
3023 5236 3228 5303 Hebae„
3262 5253 3354 5304 111,
3391 5244 3441 5293 6.
3471 5268 3534 5281 -
3570 5245 3614 5281 ¹⁸
3642 5244 3845 5309 uphem,

2303 5306 2375 5356 lv,
2419 5297 2465 5345 Ἰ.
2504 5320 2565 5334 -
2605 5297 2647 5332 ιτ
2689 5299 2890 5365 Bzoeho,
2931 5317 3009 5370 IV,
3053 5313 3127 5360 ¹¹·
3171 5337 3233 5356 -Ψ
3274 5311 3311 5349 ¹.
3353 5313 3491 5379 Luco,
3527 5327 3630 5386 ΧΠ,
3669 5319 3749 5376 32,-
3780 5344 3843 5364 q

2304 5368 2346 5404 11
2369 5367 2514 5428 Gen..
2544 5378 2650 5432 xm,
2678 5373 2755 5423 49.

2368 5455 2440 5521 (a)
2471 5457 2593 5508 Coet.
2622 5458 2747 5511 edit.
2775 5464 3037 5530 appendit.
