4059 6317
756 495 837 562 70
1834 489 2260 566 SERMONES'
2294 495 2393 562 DE
2433 494 2825 564 TEMPORE.

753 634 923 712 gunt
954 632 1143 698 tubis.
1172 654 1204 694 n
1241 634 1383 700 Dux
1407 635 1783 703 universalis
1821 638 1886 700 et
1920 632 2278 700 misericors

754 740 849 803 est
891 738 1209 805 Christus¹
1238 762 1255 805 ε
1296 764 1327 803 ι
1352 740 1493 807 Dux
1531 742 1708 808 fuisti
1744 742 1813 807 in
1852 739 2280 807 misericordia

751 848 864 910 tua
903 847 1135 930 populo
1155 894 1175 926 ‚
1203 866 1396 932 quem
1423 848 1761 915 redemisti.
1789 870 1821 910 n
1854 848 2136 928 Qualiter
2166 866 2280 914 au-

751 953 883 1016 tem
925 951 1060 1018 dux
1102 953 1220 1020 iste
1252 955 1440 1020 ducat
1469 957 1776 1040 populum
1803 974 1997 1021 suum
2024 973 2139 1039 per
2163 955 2275 1020 de-

750 1061 994 1126 sertum
1017 1061 1216 1145 huius
1244 1064 1491 1145 mundi,
1520 1064 1752 1129 dicitur
1776 1066 1801 1100 ¹
1832 1086 1849 1129 ι
1879 1063 2071 1130 «dux
2105 1063 2278 1128 euim

750 1166 870 1231 fuit
909 1168 990 1247 (α)
1015 1167 1083 1231 in
1121 1167 1420 1235 columna
1455 1171 1649 1236 nubis
1674 1189 1786 1255 per
1820 1172 1989 1238 diem
2010 1220 2028 1252 ‚
2073 1172 2145 1237 in
2180 1189 2279 1236 co-

749 1272 974 1340 lumna
997 1275 1169 1357 ignis
1192 1294 1307 1360 per
1321 1281 1612 1345 noctem:
1646 1302 1678 1339 ιι
1708 1284 1784 1344 ut
1799 1281 2003 1344 nubes
2018 1279 2102 1344 ab
2117 1283 2280 1344 aestu

752 1383 1133 1464 protegeret,
1162 1386 1225 1449 et
1262 1384 1435 1467 ignis
1470 1384 1542 1449 in
1580 1385 1858 1452 tenebris
1882 1387 2145 1451 luceret.
2175 1384 2280 1450 Sic

752 1487 889 1552 dux
911 1491 1129 1555 noster
1153 1489 1459 1572 Christus,
1487 1510 1648 1576 quos
1673 1491 1867 1573 ducit,
1894 1492 2177 1576 protegit
2198 1491 2280 1555 ab

752 1598 917 1660 aestu
954 1596 1294 1678 vitiorum,
1351 1597 1669 1664 illuminat
1718 1603 1937 1664 contra
1988 1599 2281 1664 tenebras

753 1719 1065 1768 errorum.
1102 1702 1126 1740 ⁸
1172 1727 1204 1767 e
1228 1703 1540 1789 Expendit
1577 1706 1815 1772 nubem
1843 1707 1911 1771 in
1944 1705 2281 1790 prooectio-

752 1825 902 1874 nem
932 1827 1178 1875 eorum.
1205 1831 1237 1871 n
1274 1811 1452 1878 Unde
1477 1812 1689 1895 etiam,
1720 1813 1885 1878 sicut
1917 1815 2136 1878 lumen
2181 1830 2282 1879 co·

752 1914 995 1981 lumnae
1038 1914 1292 1983 Judaeos
1307 1964 1330 1996 ,
1377 1919 1468 1984 sic
1509 1919 1729 1984 lumen
1772 1919 2055 1986 veritatis
2101 1920 2284 1986 duxit

755 2021 1002 2105 Magos.
1044 2021 1186 2089 Noli
1231 2025 1520 2093 deserere
1563 2026 1789 2093 ducem
1822 2029 2096 2110 justum.
2146 2029 2284 2092 Au-

755 2130 1054 2214 gustin‘us
1086 2136 1110 2172 ⁸
1141 2149 1159 2196 ε
1207 2155 1239 2192 α
1292 2131 1397 2198 Vae
1421 2132 1535 2216 qui
1569 2132 2015 2217 derelinquunt
2056 2135 2284 2200 ducem

756 2244 842 2317 te,
878 2243 942 2303 et
970 2238 1267 2304 oberrant
1310 2240 1378 2305 in
1411 2241 1702 2324 vestigiis
1743 2242 1908 2319 tuis,
1937 2242 2053 2325 qui
2087 2247 2287 2307 nutus

756 2349 903 2411 tuos
949 2364 1065 2428 pro
1104 2351 1165 2412 te
1207 2352 1456 2426 amant,
1487 2352 1551 2413 et
1577 2347 2059 2426 obliviscuntur,
2092 2370 2124 2410 ι
2158 2353 2279 2415 etc.

756 2454 957 2519 Duces
982 2457 1198 2520 autem
1220 2456 1631 2538 particulares
1661 2462 1811 2522 sunt
1842 2457 2192 2523 sacerdotes
2223 2462 2289 2523 et

669 2561 675 2568 ’
757 2562 1032 2628 ecclesiae
1065 2569 1356 2629 rectores.
1401 2564 1524 2631 Sed
1540 2567 1681 2648 jam
1708 2564 1829 2630 dici
1855 2568 2061 2648 potest
2089 2566 2167 2632 de
2192 2567 2287 2632 eis

756 2669 912 2735 illud
937 2669 961 2706 ⁸
991 2692 1009 2734 ι
1040 2693 1072 2733 e
1095 2669 1253 2736 Caeci
1279 2676 1520 2737 suntet
1557 2671 1747 2737 duces
1770 2690 2108 2738 caecorum.
2136 2695 2168 2734 n
2208 2673 2286 2739 Hi

755 2776 930 2842 tubis
953 2776 1292 2860 clangunt,
1326 2778 1482 2843 dum
1510 2782 1722 2862 aperte
1748 2779 2113 2863 praedicant.

839 2884 925 2950 De
969 2885 1157 2949 tertio
1205 2885 1293 2949 ibi
1325 2893 1348 2927 ⁸
1390 2901 1407 2948 z
1441 2884 1881 2952 Sciscitabatur
1923 2886 2005 2950 ab
2046 2887 2137 2952 eis
2178 2888 2287 2953 ubi

760 2991 1045 3058 Christus
1086 2997 1472 3058 nasceretur.
1506 3013 1538 3053 n
1585 2993 1865 3059 Christus
1911 2992 2289 3078 iuterpreta-

759 3103 866 3164 tur
908 3106 1140 3167 unctus
1167 3099 1231 3163 ⁷:
1272 3122 1302 3162 e
1329 3099 1601 3183 Spiritus
1645 3099 1893 3166 Domini
1929 3118 2120 3184 super
2160 3120 2284 3183 me,

760 3224 836 3271 eo
865 3207 1038 3291 quod
1062 3207 1319 3273 unxerit
1341 3223 1446 3273 me
1485 3208 1809 3274 Dominus.
1839 3231 1870 3270 n
1906 3209 2083 3276 Sicut
2116 3210 2289 3275 enim

761 3312 1045 3380 Christus
1090 3314 1316 3380 habuit
1357 3313 1662 3397 Spiritum
1716 3334 1850 3381 nou
1899 3316 1979 3382 ad
2028 3335 2290 3383 mensu·

761 3440 922 3500 ram,
950 3422 1061 3487 sed
1101 3421 1235 3488 siue
1269 3440 1569 3488 mensura
1607 3428 1842 3488 unctus
1884 3425 2004 3489 fuit
2049 3424 2291 3490 unctio-

761 3547 843 3594 ne
887 3527 1163 3612 Spiritus
1200 3528 1430 3608 sancti;
1473 3529 1565 3594 ita
1605 3529 1740 3596 siue
1783 3548 2084 3596 mensura
2124 3531 2289 3596 effu-

759 3655 872 3701 sus
919 3641 1015 3702 est
1051 3635 1366 3715 Christus,
1397 3639 1471 3701 ut
1506 3637 1647 3719 ejus
1698 3637 1911 3702 unctio
1950 3639 2163 3703 infusa
2209 3638 2292 3704 sit

760 3761 874 3826 per
910 3746 1108 3809 totam
1156 3742 1497 3808 Ecclesiam
1534 3748 1558 3785 ⁸
1599 3765 1616 3808 t
1673 3767 1705 3806 c
1747 3743 1924 3810 Sicut
1977 3763 2287 3828 unguen-

758 3855 903 3915 tum
952 3850 1024 3915 in
1064 3850 1288 3933 capite,
1334 3850 1505 3933 quod
1556 3850 1897 3932 descendit,
1936 3873 1968 3912 n
2019 3856 2140 3918 etc.
2173 3852 2287 3919 Ca-

758 3960 876 4041 put
919 3955 1207 4023 Christus
1243 3961 1338 4023 est
1364 3963 1387 3999 ¹
1420 3980 1435 4022 ε
1475 3980 1507 4019 c
1533 3957 1751 4023 Omnis
1794 3959 1920 4023 viri
1970 3965 2160 4044 caput
2196 3968 2292 4026 est

759 4064 1066 4129 Christus.
1097 4084 1128 4123 n
1163 4064 1370 4130 Barba
1394 4066 1494 4130 ori
1519 4064 1729 4130 vicina
1753 4066 2067 4149 apostolos
2092 4067 2290 4149 signi-

760 4172 927 4250 ficat,
970 4172 1083 4254 qui
1117 4189 1196 4236 ex
1234 4189 1346 4237 ore
1388 4173 1618 4239 Christi
1650 4179 2067 4257 susceperuut
2119 4176 2291 4259 quod

761 4278 901 4343 aliis
925 4277 1469 4345 ministraverunt.
1491 4279 1952 4346 Vestimentum
1974 4286 2071 4347 est
2089 4282 2292 4348 Eccle-

764 4388 858 4452 sia
883 4387 929 4428 ¹⁰
961 4407 977 4451 :
1018 4408 1050 4448 a
1077 4384 1187 4450 His
1214 4388 1511 4453 omuibus
1534 4388 1711 4453 velut
1738 4394 2110 4454 ornamento
2146 4409 2292 4455 ves-

758 4493 954 4558 tieris.
987 4514 1019 4554 n
1056 4494 1129 4557 In
1157 4493 1278 4558 hoc
1304 4494 1681 4560 vestimento
1706 4499 1800 4559 tot
1823 4500 1972 4561 suut
1986 4496 2115 4576 fila,
2133 4501 2291 4580 quot

758 4601 972 4666 fideles
997 4600 1067 4664 in
1089 4599 1385 4666 Ecclesia.
1418 4599 1531 4666 Vae
1556 4601 1649 4665 eis
1669 4650 1688 4681 ,
1716 4601 1828 4684 qui
1853 4602 2020 4668 hanc
2050 4608 2286 4669 vestem

759 4727 874 4792 per
899 4708 1273 4774 discordiam
1303 4707 1600 4773 scindunt
1626 4715 1641 4772 i
1674 4727 1786 4792 per
1824 4711 1944 4773 hoc
1971 4711 2143 4774 enim
2171 4730 2288 4794 pe-

750 4817 926 4898 jores
955 4814 1300 4898 gentilibus
1325 4817 1496 4895 sunt,
1528 4815 1641 4897 qui
1667 4814 1967 4879 dixerunt
1987 4818 2071 4880 ¹¹:
2103 4815 2289 4883 «Nou

759 4924 1120 4989 scindamus
1171 4939 1315 4987 eam
1342 4968 1360 4998 ‚
1406 4942 1437 4981 n
1488 4924 1608 4986 etc.
1661 4919 1896 4988 Graves
1945 4922 2288 4988 adversarii

760 5030 987 5096 Christi
1026 5033 1202 5110 sunt,
1248 5029 1363 5113 qui
1403 5034 1647 5095 vestem
1692 5027 1921 5094 Christi
1966 5029 2283 5095 scindunt.

819 5194 835 5228 ¹
866 5192 1052 5252 fland„
1079 5203 1166 5257 xv,
1201 5194 1276 5244 ¹3.
1302 5217 1365 5229 —
1388 5191 1413 5225 ¹
1440 5190 1588 5254 1bid.‚
1618 5204 1744 5254 ¹111,
1773 5195 1853 5243 21.
1886 5217 1948 5229 —
1967 5191 1990 5226 ⁸
2016 5192 2154 5244 Psal.
2183 5204 2287 5258 σιν,

758 5266 837 5316 ³9.
854 5290 915 5303 -
940 5264 962 5299 δ
991 5266 1143 5329 Aug„
1163 5262 1223 5314 de
1247 5262 1358 5315 Lib.
1386 5263 1533 5329 Ara,
1560 5263 1645 5315 lib.
1672 5266 1738 5329 11,
1768 5279 1822 5315 n.
1852 5267 1931 5317 ⁴3.
1956 5291 2011 5301 -
2041 5265 2065 5302 ⁸
2085 5265 2286 5330 uana„

758 5347 845 5398 xv,
870 5338 950 5387 14.
977 5362 1040 5374 —
1062 5337 1085 5373 ⁶
1108 5336 1311 5399 Matilo„
1341 5346 1410 5399 11,
1437 5339 1484 5386 4.
1512 5362 1565 5373 —
1597 5338 1615 5368 ⁷
1641 5336 1760 5396 lsa..
1790 5349 1907 5400 ιιι,
1938 5341 1983 5388 1.
2011 5362 2076 5374 —
2095 5336 2119 5373 ⁸
2145 5337 2287 5388 Psal.

758 5418 965 5469 cum,
992 5409 1041 5457 2.
1074 5433 1134 5445 —
1161 5408 1182 5439 ¹
1213 5408 1233 5457 1
1268 5407 1406 5470 Con,
1439 5418 1525 5472 ιι,
1553 5411 1602 5457 3.
1629 5431 1692 5446 -
1715 5410 1756 5443 ¹·
1785 5408 1904 5468 lta„
1934 5419 2088 5471 xmx,
2116 5411 2195 5458 ¹8.
2225 5435 2286 5447 —

757 5478 798 5516 ¹¹
824 5478 991 5541 Joan„
1019 5489 1130 5544 xlx,
1156 5481 1236 5532 24.
1264 5506 1325 5518 —
1352 5479 1397 5515 ¹¹
1423 5479 1575 5548 Aug.,
1599 5492 1754 5532 sarm.
1785 5490 1935 5546 Lxxl,
1969 5478 2037 5530 al.
2057 5479 2124 5558 'de
2149 5478 2284 5532 verb.

2385 629 2783 714 Augustinus
2808 635 2855 670 ¹¹
2886 651 2947 697 :c
2973 638 3107 702 Nou
3134 635 3363 717 poterit
3389 634 3626 701 habere
3649 653 3899 701 concor-

2386 739 2553 804 diam
2580 758 2727 806 cum
2753 741 3036 822 Christo,
3065 742 3177 827 qui
3205 742 3444 808 discors
3477 742 3750 808 voluerit
3772 762 3900 810 esse

2387 846 2763 914 Christiano.
2783 870 2815 909 n
2867 848 2954 916 De
2999 849 3202 933 capite
3248 867 3410 933 ergo
3445 850 3515 914 iu
3554 850 3814 915 barbam
3845 857 3902 916 et

2390 954 2855 1038 vestimentum,
2886 956 2953 1022 id
2978 960 3071 1022 est
3087 1006 3105 1039 ‚
3135 956 3213 1023 de
3239 956 3484 1024 Christo
3507 956 3577 1021 iu
3601 957 3903 1040 apostolos

2387 1066 2450 1127 et
2502 1066 2702 1128 totam
2757 1064 3096 1130 Ecclesiam
3140 1064 3357 1129 unctio
3399 1063 3673 1147 Spiritus
3713 1065 3904 1129 sancti

2385 1168 2701 1235 descendit
2714 1170 2794 1235 ¹³:
2821 1195 2853 1235 ι
2879 1172 2964 1237 De
2987 1172 3375 1256 plenitudine
3402 1173 3541 1256 ejus
3563 1171 3907 1255 accepimus

2386 1292 2628 1357 omues,
2648 1298 2679 1337 ι»
2708 1281 2827 1343 etc.

2471 1382 2558 1447 De
2601 1387 2829 1467 quarto
2859 1384 2948 1450 ibi
2975 1385 3282 1452 ¹⁸:1Ubi
3323 1391 3420 1451 est
3459 1385 3792 1469 quinatus
3823 1389 3914 1450 est

2389 1487 2523 1554 Rex
2562 1488 2975 1556 Judaeorum?
3002 1513 3034 1553 ι
3069 1490 3205 1557 Rex
3228 1495 3444 1557 autem
3467 1490 3652 1556 Jesus
3676 1492 3748 1555 in
3776 1490 3912 1573 glo-

2386 1597 2484 1661 ria
2503 1602 2840 1665 coronatus
2855 1599 2900 1637 ¹⁸
2927 1622 2944 1666 z
2970 1621 3002 1660 α
3015 1600 3253 1683 Regem
3280 1601 3350 1664 in
3371 1599 3594 1666 decore
3617 1616 3739 1664 suo
3749 1598 3913 1664 vide-

2390 1702 2571 1769 bunt.
2603 1725 2635 1765 n
2667 1704 2717 1771 Ο
2744 1724 2894 1772 vere
2931 1707 3116 1772 beata
3149 1708 3363 1772 anima
3382 1754 3400 1784 ‚
3439 1707 3543 1772 cui
3571 1706 3798 1772 datum
3827 1711 3916 1769 est

2389 1811 2492 1875 vel
2518 1811 2769 1877 dabitur
2795 1813 3009 1880 videre
3035 1813 3353 1879 Christum
3377 1814 3445 1878 in
3471 1813 3696 1880 decore
3711 1812 3916 1895 regali

2391 1922 2650 1986 aeternae
2689 1920 3012 1987 claritatis!
3044 1920 3187 2005 Ipsa
3222 1921 3445 2004 utique
3479 1924 3687 2004 potest
3712 1920 3918 1987 dicere

2387 2029 2560 2112 quod
2584 2027 2832 2108 Esther,
2872 2047 3022 2094 cum
3051 2028 3294 2094 videret
3316 2045 3541 2110 regem
3567 2027 3915 2093 Assuerum

2389 2140 2618 2201 ornatu
2655 2137 2834 2219 regio
2873 2136 3250 2217 fulgentem,
3309 2134 3472 2200 dixit
3505 2135 3549 2171 ¹⁸
3587 2152 3607 2198 z
3653 2157 3689 2196 α
3727 2132 3920 2200 Valde

2391 2241 2562 2306 euim
2581 2242 2885 2307 mirabilis
2902 2259 2992 2319 es,
3014 2240 3299 2322 Domine,
3312 2246 3378 2306 et
3386 2240 3573 2305 facies
3597 2245 3714 2305 tua
3737 2240 3921 2324 plena

2393 2349 2770 2431 gratiarum.
2819 2370 2851 2410 ι
2903 2347 3310 2430 Augustinus
3348 2349 3393 2385 ¹⁸¹
3435 2370 3451 2413 :
3491 2370 3523 2410 e
3543 2346 3764 2413 Facies
3815 2347 3921 2413 Dei

2391 2460 2523 2521 tam
2550 2456 2752 2522 dulcis
2788 2459 2907 2533 est,
2939 2456 3165 2520 tratres
3195 2453 3324 2520 mei
3362 2452 3462 2538 (b),
3495 2456 3560 2518 et
3596 2457 3733 2518 tam
3777 2454 3917 2537 pul·

2391 2564 2569 2644 ebra,
2598 2567 2673 2628 ut
2697 2563 2806 2629 illa
2828 2563 2968 2630 visa
2990 2562 3155 2627 nihil
3181 2562 3356 2628 aliud
3372 2562 3580 2627 valeat
3595 2561 3914 2627 delectari.

2391 2669 2659 2737 Satietas
2689 2672 2810 2735 erit
2852 2668 3244 2749 insatiabilis,
3273 2668 3528 2734 nullum
3551 2669 3918 2747 fastidium3

2391 2793 2640 2856 semper
2656 2778 3029 2856 esuriemus,
3056 2792 3307 2860 semper
3323 2778 3588 2842 saturati
3599 2777 3868 2844 erimus.
3885 2799 3917 2839 ι

2391 2882 2501 2949 Ille
2528 2902 2646 2950 rex
2670 2901 2891 2950 omnes
2915 2901 3135 2950 servos
3161 2901 3310 2950 suos
3338 2901 3527 2966 reges
3551 2884 3724 2965 facit,
3747 2891 3927 2952 etco-

2392 2995 2579 3056 ronat
2607 2992 2690 3058 ¹⁸:
2728 3015 2760 3055 σ
2777 2991 3100 3075 Accipient
3139 3008 3417 3074 regnum
3448 2990 3713 3073 decoris,
3739 3016 3773 3054 ο
3804 2997 3924 3059 etc.

2394 3101 2645 3165 Aurum
2685 3103 2901 3165 autem
2943 3101 3039 3165 est
3064 3098 3313 3165 dilectio
3326 3149 3342 3179 ,
3373 3098 3452 3164 de
3478 3116 3607 3183 quo
3631 3099 3930 3167 diadema

2393 3210 2580 3272 tuum
2616 3207 2684 3270 in
2719 3206 2878 3272 coelo
2912 3208 3022 3274 flet
3050 3230 3067 3271 ε
3099 3207 3271 3291 quod
3312 3223 3487 3272 nunc
3523 3225 3674 3271 cum
3719 3209 3932 3274 tribus

2393 3314 2660 3397 regibus
2703 3313 2932 3380 offerre
2971 3313 3161 3379 debes
3186 3314 3256 3379 in
3280 3313 3554 3394 mundo;
3585 3317 3649 3378 et
3683 3320 3934 3398 quanto

2393 3422 2537 3504 plus
2554 3420 2694 3486 auri
2708 3421 3033 3500 obtuleris,
3063 3423 3239 3487 tauto
3264 3420 3605 3503 gloriosius
3629 3422 3932 3489 diadema

2393 3527 2679 3595 habebis.

2476 3635 2526 3702 Ο
2586 3636 2802 3701 anima
2861 3633 3213 3700 Christiana
3230 3682 3251 3714 ,
3320 3636 3607 3720 sequaris
3671 3636 3930 3704 dulcem

2394 3744 2713 3809 Christum
2759 3760 2874 3826 per
2933 3742 3178 3808 stellam
3237 3743 3652 3825 cognitionis;
3715 3743 3937 3812 Puero

2393 3852 2621 3917 offeras
2644 3849 2976 3934 myrrham
3005 3850 3437 3931 contritionis3
3471 3851 3740 3930 Christo,
3779 3852 3936 3917 mus

2392 3956 2727 4035 orationis3
2777 3955 2938 4039 Regi
2952 4004 2974 4036 ,
3013 3974 3248 4021 aurum
3281 3956 3628 4022 dilectionis
3659 3979 3676 4022 ε
3705 3962 3779 4023 et
3820 3977 3937 4043 per

2393 4064 2534 4129 haec
2560 4068 2830 4146 quatuor
2852 4062 3002 4129 Iesu
3026 4062 3295 4129 salutem
3319 4064 3745 4147 consequeris.

2946 4242 3230 4314 SERMO
3282 4244 3364 4312 Π.

2481 4385 2602 4453 [lbi
2628 4392 2723 4454 est
2749 4389 3073 4470 quinctus
3103 4392 3197 4454 est
3222 4387 3360 4454 Rex
3381 4387 3836 4456 Iamo-amn.
3862 4391 3936 4456 In

2392 4492 2513 4559 hoc
2552 4494 2748 4559 verbo
2798 4494 2922 4558 tria
2969 4498 3413 4577 proponuntur
3464 4496 3700 4562 animas
3755 4498 3936 4563 fideli

2394 4602 2672 4667 maxime
2713 4600 2838 4668 viri
2880 4600 3165 4682 religiosi
3208 4623 3224 4665 ε
3268 4601 3502 4667 scilicet
3557 4607 3936 4688 exemplum

2392 4708 2717 4793 quaerendi
2735 4757 2753 4789 ,
2798 4708 2888 4773 ibi
2919 4730 2934 4772 ε
2975 4707 3099 4775 Ubi
3145 4710 3287 4776 est?
3323 4709 3590 4774 materia
3633 4713 3931 4793 gauden-

2391 4816 2479 4895 di,
2498 4815 2586 4880 ibi
2618 4837 2633 4880 :
2669 4816 2791 4890 Qui
2810 4820 3007 4884 natus
3033 4820 3127 4883 est
3141 4834 3169 4897 ;
3195 4833 3386 4881 causa
3412 4818 3767 4899 reverendi,
3791 4819 3931 4886 ibi:

2391 4923 2533 4989 Rea:
2557 4922 2939 4991 Judoeorum.
2980 4921 3055 4987 Et
3100 4923 3243 4989 ideo
3283 4923 3405 4989 hoc
3431 4923 3702 4990 verbum
3726 4927 3932 5010 respi-

2392 5094 2559 5157 Dom„
2592 5106 2677 5156 ιι,
2711 5107 2764 5145 u.
2795 5097 2853 5156 4,
2880 5093 3048 5160 quoad
3079 5105 3304 5144 sensum.
3332 5119 3384 5130 -
3418 5094 3460 5130 ¹⁸
3486 5093 3650 5159 Joan„
3684 5105 3721 5157 ι,
3754 5098 3834 5148 ¹6.
3866 5125 3933 5136 —

2394 5168 2436 5204 ¹⁸
2463 5167 2668 5230 Manli„
2709 5180 2778 5230 11,
2817 5169 2863 5218 2.
2902 5193 2962 5205 -
3006 5167 3049 5203 ¹⁸
3075 5168 3196 5228 lea„
3239 5178 3438 5230 xxxm,
3479 5171 3553 5219 ¹7.
3582 5194 3645 5206 —
3684 5169 3727 5203 ¹⁸
3757 5169 3936 5233 Beth..

2392 5249 2480 5301 xv,
2519 5240 2596 5288 Π.
2635 5263 2690 5275 -
2744 5239 2782 5273 ¹⁷
2822 5240 2974 5304 Aug„
3016 5238 3067 5287 in
3108 5237 3245 5288 Psal.
3289 5250 3506 5302 Lxmv,
3548 5239 3727 5290 Euarr.
3771 5252 3833 5291 n.
3881 5244 3935 5305 9,

2393 5308 2563 5374 quoad
2603 5322 2826 5360 sensum.
2854 5336 2918 5347 —
2956 5310 2992 5341 '⁸
3017 5310 3158 5374 sap„
3192 5320 3240 5370 v,
3271 5311 3347 5359 Π.
3380 5335 3443 5347 -
3471 5310 3510 5343 ¹·
3538 5310 3738 5372 Mutila„
3774 5321 3849 5375 ιι,
3880 5316 3936 5362 2.

2391 5404 2676 5544 (mmfflt.
2704 5407 2824 5461 edit.
2858 5408 2914 5460 ln
2940 5407 3176 5460 columna
3199 5406 3350 5460 nubis
3380 5407 3486 5460 dux
3513 5408 3652 5461 euim
3676 5408 3839 5462 ruisti.
3867 5435 3934 5450 —
