4059 6317
830 561 1201 628 DOMlNIGA
1242 563 1268 628 I
1311 562 1509 630 POET
1551 561 1716 630 OGT.
1764 561 2248 630 EPIPHANIAE.
2291 561 2555 630 SERMO
2598 563 2677 630 11.

167 695 623 781 superveniente
643 745 670 777 ,
733 697 907 763 mala
959 698 1220 763 societas
1280 696 1685 763 damnatione

165 804 483 889 percutitur
508 806 577 867 ¹:
615 827 649 866 ι
679 803 927 870 Tenent
949 809 1362 888 tympanum,
1392 825 1424 864 n
1458 810 1523 870 et
1548 822 1682 870 οω-

164 917 486 996 terausqne
507 935 539 973 α
556 912 640 976 ad
666 911 996 978 infernum
1017 912 1416 979 descendent.
1441 935 1476 973 ι
1491 911 1564 977 In
1581 912 1684 977 his

162 1019 375 1103 nuptiis
398 1037 532 1083 non
554 1037 726 1103 aqua
759 1020 830 1084 in
856 1019 1109 1100 vinum,
1139 1020 1250 1085 sed
1273 1019 1500 1086 vinum
1529 1023 1683 1085 tem-

52 1110 57 1118 ’
160 1126 370 1211 poi-alis
397 1126 682 1192 lasciviae
707 1127 782 1190 in
805 1144 1046 1209 aquam
1071 1127 1296 1192 aeterni
1321 1127 1512 1191 fletus
1536 1144 1684 1191 con-

159 1233 430 1298 vertitur.
494 1232 675 1298 Unde
727 1234 891 1298 bene
933 1233 1168 1298 dicitur
1221 1251 1416 1316 supra
1449 1235 1473 1269 ²
1513 1232 1683 1316 quod

160 1343 880 1423 oonmoemntnuptioe
893 1341 969 1406 in
982 1340 1224 1409 luctum
1237 1340 1679 1406 .Bernardus⁸:

167 1448 325 1528 «Eia,
351 1449 596 1527 latare,
611 1448 855 1528 Iaetare,
867 1448 1149 1530 juvenis,
1171 1448 1241 1512 in
1267 1447 1685 1512 adolescentia

159 1565 276 1633 tua,
297 1559 373 1620 nt
395 1556 732 1622 deserente
753 1560 820 1620 te
849 1556 1084 1639 pariter
1105 1573 1257 1620 cum
1298 1557 1487 1620 aetate
1524 1557 1685 1619 tem-

159 1662 336 1745 porali
359 1662 605 1742 latitia,
646 1662 990 1728 succedant
1014 1680 1161 1746 quae
1196 1665 1260 1728 te
1303 1661 1684 1728 absorbeant

160 1773 377 1834 aeterm
401 1769 741 1853 supplicia.
774 1791 808 1829 n

223 1875 627 1942 Detertiis⁸z
670 1874 962 1943 «Simile
1003 1878 1682 1958 factumestreguum

159 1983 444 2050 emiorum
467 1984 722 2049 homini
740 1984 886 2066 regi
913 1983 1053 2067 qui,
1081 2005 1114 2044 ι»
1148 1987 1298 2063 etc„
1327 1984 1394 2049 id
1415 1987 1511 2050 est
1531 1982 1683 2048 Iesu

162 2090 406 2170 Christo,
436 2093 744 2173 enjusest
771 2108 1004 2175 sponsa
1029 2089 1325 2169 Ecclesia,
1355 2090 1681 2156 vitareter-

158 2197 564 2276 na‚etfidelis
592 2198 855 2263 anima·
883 2219 902 2259 ε
931 2196 1319 2275 «Quihabet
1356 2214 1675 2281 sponsam,

159 2323 406 2387 sponsus
449 2312 563 2369 est.
617 2327 651 2364 υ
707 2303 886 2369 Sicut
932 2308 1149 2369 autem
1191 2304 1559 2370 convivium
1611 2306 1682 2368 in

161 2413 375 2495 nuptiis
391 2412 762 2492 instruitur,
781 2414 991 2476 vestes
1005 2416 1069 2476 et
1093 2411 1263 2477 dona
1273 2411 1676 2493 largiuntur;

163 2518 234 2582 sic
258 2523 316 2584 et
337 2519 635 2584 Christus
659 2519 831 2598 fecit,
863 2519 1027 2583 sicut
1052 2518 1481 2600 significatum
1509 2523 1604 2583 est
1629 2519 1675 2593 ⁸,

161 2626 251 2690 ubi
272 2627 500 2692 dicitnr
516 2624 694 2709 qnod
710 2625 952 2708 «jussit
967 2624 1280 2690 Assuerus
1302 2625 1678 2691 convivium

158 2733 474 2815 pwparari
508 2732 1050 2815 permagnificum
1081 2750 1198 2814 pro
1233 2732 1678 2813 conjunctione

159 2841 448 2922 etnuptiis
471 2839 726 2920 Esther,
755 2858 833 2904 ac
856 2839 1022 2904 dona
1042 2838 1315 2920 largitus
1338 2845 1455 2904 est.
1484 2861 1516 2900 n
1551 2839 1671 2904 As-

159 2947 718 3027 misem-istum,
759 2946 986 3012 Esther
1027 2946 1369 3012 Ecclesiam
1413 2947 1668 3028 signifi-

159 3059 257 3130 oet,
281 3071 474 3136 qnam
491 3072 611 3137 pro
640 3053 841 3132 Vasti,
867 3053 932 3118 id
957 3058 1053 3119 est
1071 3071 1430 3137 synagoga,
1456 3072 1676 3136 sump-

158 3159 244 3224 sit.
269 3160 643 3227 Convivinm
683 3160 1227 3244 permagnificum
1269 3165 1392 3241 est,
1441 3161 1515 3226 in
1540 3180 1674 3244 quo

160 3282 570 3349 corpnssunm
595 3268 678 3333 ad
695 3267 1184 3347 comedendum,
1205 3271 1270 3331 et
1281 3268 1675 3350 sanguinem

157 3373 224 3437 ad
243 3374 582 3440 bibendum
608 3374 741 3440 dat.
790 3373 1091 3456 Largitus
1132 3375 1328 3439 etiam
1369 3380 1468 3440 est
1505 3376 1674 3442 dona

155 3479 214 3542 in
241 3499 454 3561 auce,
502 3482 619 3547 ubi
663 3498 969 3565 sponsam
1013 3481 1219 3547 duxit.
1271 3481 1454 3547 Dedit
1499 3483 1671 3549 enim

155 3604 357 3670 corpus
379 3590 626 3669 tortori,
653 3588 956 3672 spiritum
980 3586 1174 3669 Patri,
1197 3593 1467 3655 matrem
1488 3589 1674 3656 Joan-

154 3695 234 3775 ni,
255 3698 615 3779 paradisum
640 3695 905 3775 lahnni3
934 3695 1042 3759 sed
1070 3696 1474 3779 postmodum
1502 3698 1675 3765 dedit

154 3800 298 3866 dona
333 3803 610 3886 Spiritus
646 3803 873 3868 sancti.
929 3801 1261 3868 Psalmista
1297 3810 1319 3845 ⁷
1363 3825 1380 3867 ε
1427 3827 1458 3866 ι
1496 3805 1673 3872 Dedit

155 3906 295 3974 dona
331 3910 728 3975 hominibus,
779 3929 812 3968 ιι
861 3907 1081 3975 Vestes
1123 3910 1321 3976 etiam
1365 3911 1554 3992 dedit,
1609 3918 1673 3979 et

157 4016 340 4081 mdus
384 4018 460 4082 in
503 4035 692 4081 cruce
733 4016 1105 4100 permansit.
1167 4017 1241 4080 ln
1292 4017 1396 4082 his
1433 4019 1672 4101 nuptiis

157 4140 294 4205 aqua
327 4126 397 4188 in
436 4125 664 4190 vinnm
697 4123 1093 4188 convertitur
1106 4170 1128 4202 ,
1165 4124 1322 4189 dum
1358 4125 1670 4210 lacrymas

159 4227 361 4295 doloris
396 4230 743 4296 consolatio
787 4229 1064 4314 Spiritus
1098 4232 1299 4296 sancti
1353 4235 1664 4317 sequitur.

159 4333 455 4402 Psalmista
496 4343 518 4378 ⁸
566 4359 583 4402 ε
621 4360 653 4399 n
699 4335 940 4404 Vinum
983 4336 1263 4403 laetiflcat
1310 4358 1421 4405 cor
1461 4340 1668 4407 homi·

160 4443 255 4509 nis.
289 4467 322 4504 a
354 4445 631 4511 Ioannes
664 4443 1150 4527 chrysostomus
1181 4445 1202 4480 ⁹
1238 4467 1254 4510 ε
1297 4469 1328 4508 ι
1363 4446 1668 4514 Dominus

159 4548 266 4632 ipse
286 4557 397 4633 est,
427 4553 544 4636 qui
562 4540 922 4617 consolatur
946 4551 1191 4633 flentes,
1240 4553 1522 4620 dolentes
1564 4573 1667 4622 cu·

158 4666 257 4743 rat,
281 4665 654 4747 poenitentes
675 4663 999 4728 informat.
1031 4685 1063 4724 s

219 4769 297 4836 De
319 4771 563 4854 quartis
587 4770 831 4852 nuptiis
853 4771 931 4835 ¹⁰:
956 4793 987 4832 ι
1014 4771 1170 4850 Quae
1198 4776 1437 4855 paratae
1455 4780 1658 4859 erant,

157 4875 528 4945 inti-averunt
547 4898 696 4945 cum
723 4896 821 4958 ec,
852 4901 883 4938 ι
913 4883 1028 4944 etc.
1077 4878 1348 4946 Omnem
1373 4884 1665 4965 jucundi-

157 4985 322 5048 tatem
342 4990 406 5050 et
429 4986 932 5067 delectationem,
959 5005 1155 5070 quam
1176 4989 1378 5068 visus,
1398 4993 1463 5055 et
1488 4991 1664 5056 audi·

159 5093 601 5175 tusetgustus,
633 5096 944 5160 etomnes
968 5112 1192 5160 sensus
1215 5097 1512 5163 omnium
1547 5098 1662 5164 ho-

208 5253 351 5310 ¹10⁶,
377 5267 500 5318 ιιι,
541 5256 710 5305 12-13.
741 5277 803 5290 —-
827 5254 844 5284 ²
874 5256 888 5304 Ι
918 5256 1097 5319 flach„
1130 5270 1213 5320 ix,
1241 5260 1322 5310 4¹.
1349 5285 1412 5296 -—
1438 5259 1458 5291 ⁸
1487 5262 1659 5324 Bern„

161 5325 216 5371 nd
239 5325 455 5388 Paleou„
483 5324 636 5388 epist.
679 5335 750 5386 ιι,
784 5338 836 5373 n.
867 5330 936 5378 ic.
962 5352 1022 5364 -
1055 5330 1077 5363 ⁸
1104 5330 1314 5388 Martie„
1358 5343 1493 5395 xxn,
1526 5334 1574 5380 2.
1597 5357 1661 5368 -

163 5397 334 5457 Ἴσα..
377 5409 458 5460 ιιι,
485 5399 569 5447 29.
593 5422 659 5433 -
689 5397 709 5426 ⁸
731 5396 887 5456 ssu..
925 5411 985 5461 11,
1015 5404 1089 5452 18.
1113 5429 1177 5440 -
1200 5403 1221 5437 '¹
1251 5404 1292 5453 E
1317 5403 1452 5453 Psal.
1496 5415 1661 5468 nxvn,

167 5469 547 5532 1833phes.,1v,
574 5469 622 5518 8.
647 5492 712 5504 -
739 5468 901 5518 ⁸Psa1.
922 5483 1032 5534 cm,
1059 5477 1137 5525 ¹5.
1156 5501 1218 5512 —
1246 5477 1266 5506 ⁹
1294 5475 1578 5539 Chrysoun,
1606 5477 1659 5527 in

165 5537 276 5590 Pal.
309 5551 488 5604 cxm,
515 5553 573 5590 n.
605 5545 628 5590 1
647 5575 667 5601 ,
697 5542 748 5588 et
775 5537 889 5591 alias
912 5543 1114 5607 passim.
1143 5571 1202 5584 -—
1231 5547 1275 5583 ¹⁰
1299 5546 1502 5612 naeth„
1532 5559 1656 5611 xxv,

1797 698 2047 764 minum
2066 698 2446 777 habuerunt,
2468 698 2573 764 vel
2591 698 2849 776 habent,
2878 698 2981 763 vel
3005 698 3332 764 habebunt

1797 805 1866 869 in
1890 805 2193 869 omnibus
2218 804 2456 887 nuptiis
2483 804 2705 869 mundi
2749 821 2898 888 quae
2940 804 3228 882 fuerunt,
3269 808 3334 868 et

1794 916 1964 991 sunt,
1993 916 2060 977 et
2073 916 2284 990 erunt,
2306 911 2885 995 incomparabiliter
2899 911 3145 976 excedit
3168 929 3332 993 gau-

1795 1019 1973 1083 dium
2015 1018 2298 1102 nuptiale
2339 1019 2408 1083 in
2451 1019 2608 1083 cmlo
2634 1019 2676 1054 ¹¹
2712 1037 2730 1082 ε
2771 1040 2802 1080 α
2829 1017 3227 1084 Gaudeamus
3266 1022 3332 1082 et

1793 1125 2177 1206 exultemus,
2211 1129 2273 1189 et
2298 1125 2523 1190 demus
2542 1124 2818 1206 gloriam
2844 1126 2925 1203 ei,
2956 1125 3110 1207 quia
3134 1142 3325 1190 vene-

1795 1239 1948 1299 runt
1986 1234 2233 1316 nuptiae
2277 1233 2454 1314 agni.
2513 1254 2544 1293 ι
2606 1231 2766 1296 Item
2813 1233 2882 1295 in
2940 1231 3041 1296 his
3082 1231 3327 1313 nuptiis

1793 1358 1963 1423 aqua
1986 1340 2058 1404 in
2074 1340 2301 1404 vinum
2322 1339 2612 1418 vertitur,
2639 1338 2797 1403 dum
2824 1338 3085 1403 miseria
3096 1340 3327 1422 jucun-

1793 1447 1987 1511 ditate
2012 1446 2081 1510 in
2110 1451 2379 1511 aeternas
2402 1445 2653 1511 laetitias
2690 1449 3144 1510 commutatur.
3177 1443 3331 1509 Hie·

1791 1570 2105 1636 ronymus
2132 1554 2175 1594 ¹¹
2207 1570 2225 1618 ε
2272 1575 2303 1614 α
2340 1552 2608 1618 Miserias
2651 1552 2912 1636 quidem
2938 1551 3212 1632 deliciis,
3264 1553 3329 1614 et

1794 1658 2036 1724 deliciae
2089 1659 2362 1725 miseriis
2415 1662 2912 1724 commntantur.
2990 1658 3063 1723 In
3112 1663 3331 1723 nostro

1793 1767 2056 1832 arbitrio
2105 1772 2202 1834 est
2258 1767 2360 1832 vel
2424 1766 2687 1832 divitem
2742 1765 2923 1848 sequi
2940 1813 2965 1845 ,
3039 1763 3143 1830 vel
3208 1763 3327 1829 La·

1794 1893 2040 1942 zatum.
2061 1898 2092 1936 n

2352 2039 2640 2111 SERMO
2685 2041 2772 2111 Π.

1873 2198 2213 2278 Deficiente
2239 2199 2394 2267 vino
2422 2199 2491 2277 ¹⁸,
2509 2202 2627 2263 etc.
2656 2196 3016 2263 Secundum
3044 2195 3323 2280 quadru-

1789 2305 1984 2389 plices
2014 2307 2269 2390 nuptias
2298 2304 2654 2390 praedietas,
2680 2303 3076 2388 quadruplex
3102 2307 3199 2369 est
3224 2304 3318 2369 vi-
3364 2306 3566 2424 m

1788 2430 1946 2478 num
1975 2412 2146 2495 qnod
2177 2413 2267 2476 ibi
2303 2413 2566 2477 bibitur.
2604 2414 2712 2476 Est
2736 2411 2908 2476 enim
2949 2410 3176 2477 vinum
3216 2429 3321 2475 na·
3353 2433 3473 2488 piu.

1788 2519 2017 2599 turale,
2047 2519 2335 2597 mortale,
2368 2518 2718 2603 spirituale,
2748 2523 2813 2584 et
2844 2517 3162 2583 aeternale.
3194 2517 3326 2584 Pri-

1785 2644 1970 2691 mum
1987 2626 2308 2706 deficiens,
2341 2628 2695 2692 secundum
2724 2625 3038 2704 inficiens,
3066 2624 3326 2690 tertium

1785 2733 2027 2813 sitiens,
2061 2737 2366 2817 quartum
2395 2733 2705 2798 reficiens.

1864 2841 1952 2907 De
1966 2842 2229 2926 prim02‘
2242 2860 2260 2907 ε
2272 2839 2865 2925 «Expergiscimini,
2881 2840 3067 2921 ebrii,
3080 2843 3145 2905 et
3154 2840 3324 2917 flete,

1783 2953 1849 3013 et
1870 2949 2110 3014 ululate
2135 2967 2382 3029 omnes,
2413 2949 2527 3031 qui
2551 2948 2765 3013 bibitis
2785 2948 3016 3014 vinnm
3032 2946 3326 3013 indulce-

1783 3056 1952 3135 dine,
1984 3078 2015 3115 ι
2052 3061 2171 3122 etc.
2213 3057 2301 3122 De
2332 3056 2538 3140 poenis
2581 3061 2800 3121 autem
2846 3054 3326 3120 vinolentorum

1782 3162 2013 3228 dicitur
2055 3165 2098 3201 ¹⁸
2133 3184 2151 3230 ε
2188 3187 2219 3226 ι
2262 3163 2377 3229 Cui
2420 3170 2564 3228 vie?
2604 3164 2790 3245 quus
2827 3162 2995 3245 patri
3034 3164 3179 3228 vae?
3224 3165 3329 3227 cui

1781 3270 1984 3335 rixae‘?
2004 3270 2112 3334 eui
2126 3271 2366 3338 foveae?
2389 3271 2492 3336 cui
2512 3271 2649 3336 sine
2672 3287 2864 3334 causa
2893 3268 3206 3334 vulnera?
3223 3269 3328 3333 cui

1782 3377 2079 3443 suffossio
2102 3377 2439 3443 oculorum
2460 3379 2493 3441 Ἰ
2521 3375 2744 3442 Nonne
2778 3376 2880 3453 iis,
2910 3367 3021 3458 qui
3048 3393 3326 3442 commo-

1782 3488 2008 3550 rantur
2035 3486 2106 3548 in
2133 3485 2307 3564 vino,
2338 3489 2404 3549 et
2441 3484 2697 3549 student
2724 3482 3023 3549 calicibus
3060 3488 3322 3566 epotan-

1781 3591 1878 3656 dis
1895 3594 1926 3655 ?
1955 3614 1986 3651 ι
2020 3591 2173 3658 Haec
2199 3592 2415 3657 omnia
2439 3591 2519 3656 de
2545 3590 3004 3674 temporalibus
3042 3593 3106 3655 et
3135 3589 3327 3673 spiri-

1778 3699 2061 3766 tualibus
2104 3705 2168 3765 et
2209 3699 2619 3765 aeternalibus
2674 3697 2861 3762 malis
2922 3697 3324 3763 ebriosorum

1779 3809 2016 3892 exponi
2043 3813 2309 3892 possunt
2343 3809 2471 3874 sic:
2515 3806 2722 3890 Cuius
2747 3807 2928 3890 patri
2948 3805 2983 3871 P
3026 3805 3323 3871 terrenali

1776 3915 1986 3998 ipsum
2016 3914 2348 3993 allicienti;
2387 3914 2512 3994 vel,
2543 3914 2901 3979 secundum
2944 3910 3226 3977 Glossam
3252 3914 3318 3994 ¹⁸,

1777 4022 1941 4106 patri
1967 4022 2238 4100 mortali,
2266 4024 2453 4105 cujus
2476 4020 2769 4104 exemplo
2799 4019 3089 4085 ebriosus
3119 4021 3322 4084 factus

1774 4135 1892 4210 est,
1923 4130 2026 4195 vel
2051 4129 2217 4214 patri
2259 4128 2603 4212 gehennali
2616 4178 2635 4209 ,
2679 4130 2868 4211 cujus
2909 4127 3321 4208 suggestione

1775 4239 1894 4304 hoc
1931 4239 2096 4304 facit.
2138 4238 2296 4304 Item
2342 4240 2453 4304 cui
2494 4238 2714 4304 riccoeP
2752 4253 2901 4301 cum
2947 4232 3320 4298 hominibus

1774 4346 2131 4430 corporales
2151 4395 2169 4426 ‚
2219 4364 2368 4412 cum
2412 4344 2657 4428 angelis
2714 4348 2778 4409 et
2839 4342 3071 4408 sanctis
3129 4340 3318 4423 spiri·-

1773 4454 2007 4536 tualeS,
2065 4471 2212 4518 cum
2276 4452 2590 4517 damnatis
2644 4456 2708 4516 et
2779 4448 3175 4516 daemonibus
3223 4464 3316 4511 ae-

1773 4562 2063 4628 ternales.
2094 4561 2250 4626 Item
2277 4561 2389 4627 cui
2409 4560 2608 4640 foveoe
2622 4558 2657 4624 P
2675 4558 2828 4642 quia
2862 4556 3096 4622 cadunt
3121 4572 3322 4638 quan·

1771 4670 1982 4753 doque
2005 4670 2376 4752 inputeum
2421 4687 2439 4731 :
2470 4666 2677 4732 foveae
2706 4665 2933 4748 utique
2958 4661 3319 4745 corporales

1770 4777 2122 4842 secundum
2150 4774 2429 4840 Glossam
2461 4773 2527 4852 ¹²,
2556 4773 2760 4838 soveae
2792 4772 3098 4838 vitiorum
3123 4767 3317 4850 spiri-

1770 4884 1993 4965 tuales,
2021 4884 2126 4949 vel
2147 4883 2374 4962 foveae,
2395 4881 2461 4946 id
2485 4885 2582 4946 est
2610 4883 2878 4945 fossurae
2897 4875 3312 4960 gehennales.

1769 4996 1922 5059 Item
1948 4993 2058 5058 cui
2083 4993 2223 5058 sinc
2237 5006 2439 5057 causa
2461 4988 2732 5056 vulnera
2751 4987 2786 5053 P
2811 4983 3182 5068 corporalia,
3204 4983 3315 5049 vel

1767 5103 2172 5184 peccatorum
2198 5095 2572 5180 spiritualia,
2615 5094 2721 5162 vel
2754 5110 3092 5177 poenarum
3123 5095 3312 5156 aeter-

1768 5208 1958 5272 nalia.
2005 5207 2166 5271 Item
2202 5207 2312 5272 cui
2355 5203 2654 5287 suffossio
2701 5201 3059 5277 oculorum,
3106 5198 3172 5264 id
3214 5207 3316 5264 est

1770 5337 1847 5385 ¹0.
1871 5357 1933 5370 —-
1959 5331 1998 5367 ¹¹
2023 5332 2194 5396 Apoe„
2230 5342 2341 5392 xix,
2379 5332 2428 5380 7.
2464 5356 2527 5367 -
2562 5329 2599 5361 ⁴²
2632 5329 2864 5390 Hieron„
2901 5324 2972 5375 ad
2995 5323 3313 5388 Pammach„

1767 5405 1915 5469 epist.
1946 5415 1996 5465 ι,
2023 5403 2077 5453 in
2104 5403 2225 5453 flne.
2252 5427 2314 5440 —
2340 5401 2385 5438 ¹⁸
2406 5403 2569 5461 Jonn„
2597 5413 2661 5463 11,
2687 5404 2737 5451 3.
2765 5425 2827 5436 -
2857 5399 2899 5433 ¹·
2925 5395 3081 5459 soce..
3109 5406 3148 5460 1,
3175 5399 3226 5448 ⁵.
3246 5422 3311 5435 —

1768 5477 1811 5579 π
1835 5483 2019 5604 ιιέἕυη
2063 5485 2224 5536 xxiii,
2274 5476 2353 5526 29.
2398 5499 2459 5510 —
2508 5473 2550 5509 ¹⁸
2593 5471 2757 5522 Gloss.
2806 5470 2860 5521 in
2913 5469 3052 5522 hunc
3099 5468 3201 5519 loc.
3246 5492 3308 5508 -
