4059 6317
795 503 899 570 DE
938 503 1006 568 S.
1051 494 1382 565 AGATHA
1421 490 1749 559 VIRGINE
1790 490 1891 558 ET
1933 489 2330 559 MARTYBE.
2375 493 2637 562 SERMO
2678 495 2730 563 Ι.

175 642 438 701 nendum
450 661 467 715 ;
497 640 668 701 tertio
709 639 789 699 ad
817 652 994 696 omne
1029 648 1216 709 genus
1250 627 1524 705 supplicii
1563 626 1711 686 tole·

171 736 457 809 randumj,
504 738 718 810 quarto
763 733 842 791 ad
887 730 962 805 (a)
1001 727 1177 800 illud,
1222 725 1388 801 quod
1416 724 1673 797 coeperat
1689 761 1710 792 ,

171 830 425 888 finaliter
477 825 831 902 exequendo
889 823 969 883 ad
1021 813 1544 898 perseverandum.
1601 816 1712 874 lsta

172 923 331 981 enim
361 927 614 997 quatuor
640 920 864 978 faciunt
886 917 1193 975 hominem
1214 911 1540 988 perfectum
1565 924 1709 981 esse,

172 1017 389 1075 scilicet
426 1014 710 1074 stabiliter
734 1012 919 1070 fidem
943 1025 1201 1080 servare,
1231 1005 1433 1065 omnia
1471 1007 1713 1079 propter

173 1114 352 1169 Deum
382 1115 777 1180 contemnere,
809 1105 1013 1165 omnia
1037 1104 1198 1162 mala
1219 1117 1331 1177 pro
1351 1116 1425 1158 eo
1451 1100 1710 1174 portare,

171 1210 226 1264 et
252 1206 315 1263 in
342 1205 435 1262 his
460 1203 713 1263 finaliter
738 1215 1108 1277 permanere.
1667 1276 1678 1288 ⁸

243 1292 513 1349 Dicamus
560 1305 703 1363 ergo
746 1287 914 1363 quod
948 1287 1125 1345 beata
1160 1281 1383 1356 Agatha
1415 1278 1525 1337 fuit
1547 1276 1714 1336 fortis

171 1384 367 1460 primo
398 1383 479 1442 ad
518 1383 750 1442 bonum
788 1381 932 1440 fidei
957 1380 1114 1439 thori
1139 1375 1539 1437 servandum:
1589 1374 1715 1430 erat

174 1480 331 1536 enim
358 1477 567 1537 Christi
593 1492 849 1551 sponsa,
875 1474 1221 1548 Christoque
1249 1470 1587 1529 consecrata
1604 1506 1625 1537 ,
1655 1467 1714 1522 et

172 1572 310 1631 ideo
346 1573 400 1631 ei
425 1588 550 1630 non
589 1571 806 1630 licebat
837 1573 904 1628 ut
939 1569 1106 1628 alteri
1145 1567 1506 1641 iungeretur.
1541 1579 1571 1615 a
1604 1562 1712 1618 De-

172 1666 410 1742 spondi,
449 1666 643 1740 inquit
668 1664 983 1739 Apostolus
1008 1663 1049 1732 ¹,
1088 1677 1199 1719 vos
1225 1658 1331 1719 uni
1356 1658 1510 1729 viro,
1536 1653 1712 1728 virgi-

171 1775 311 1818 nem
359 1764 580 1819 castam
635 1758 914 1818 exhibere
961 1757 1209 1816 Christo.
1246 1775 1277 1810 ιι
1337 1755 1485 1811 Nota
1535 1749 1715 1822 igitur

173 1853 342 1927 quod
382 1853 567 1912 homo
607 1868 891 1928 sponsam
936 1850 1066 1908 vult
1097 1848 1361 1907 invenire
1383 1846 1715 1917 incorrup-

173 1951 313 2005 tam.
351 1950 504 2021 Ergo
538 1947 727 2005 multo
766 1945 974 2004 fortius
1007 1947 1132 2002 Rex
1175 1957 1385 2016 regum
1433 1937 1714 1998 Dominus

169 2041 300 2100 vult
342 2057 511 2100 suam
560 2040 745 2099 fidem
797 2039 953 2098 thori
1004 2036 1226 2096 servari
1245 2078 1264 2108 ,
1321 2037 1379 2093 et
1431 2047 1713 2109 sponsam

170 2151 341 2194 suam
369 2134 538 2194 alteri
561 2150 688 2193 non
720 2132 1023 2206 conJungi.
1062 2130 1269 2190 Nullus
1309 2143 1579 2201 unquam
1603 2125 1715 2182 ho-

170 2246 273 2289 mo
310 2230 394 2288 sic
432 2230 738 2304 zelotypus
778 2232 885 2298 est,
932 2229 999 2285 ιιι
1040 2225 1317 2285 Christus.
1365 2225 1494 2281 Baec
1537 2219 1715 2294 igitur

172 2324 555 2383 considerans
588 2324 760 2397 virgo
803 2338 990 2394 sacra,
1026 2321 1230 2379 induci
1260 2335 1387 2378 non
1423 2318 1617 2393 potuit
1649 2318 1719 2373 ut

168 2420 421 2478 nuberet
465 2418 801 2490 Quintiano.
843 2420 972 2493 lpse
1012 2416 1173 2475 enim
1207 2413 1576 2484 Quintianus,
1621 2411 1711 2468 vi-

169 2518 317 2578 dens
342 2517 641 2591 Virginem
672 2517 824 2576 mira
849 2513 1289 2591 pulchritudine
1325 2511 1585 2586 corporis
1617 2525 1714 2568 re-

165 2611 510 2686 fulgentem,
539 2615 599 2670 et
621 2628 755 2669 eam
781 2609 1026 2668 divitem
1052 2624 1177 2666 esse
1205 2611 1263 2665 et
1288 2605 1579 2676 nobilem,
1608 2620 1715 2663 vo-

165 2706 275 2766 luit
300 2723 437 2765 eam
465 2705 578 2765 sibi
606 2721 838 2763 sumere
860 2718 1133 2774 uxorem,
1161 2704 1249 2774 ut,
1273 2699 1415 2776 quia
1439 2699 1710 2774 pulchra,

162 2805 364 2876 posset
408 2801 473 2859 in
518 2816 592 2859 ea
633 2816 744 2859 sua
783 2799 977 2858 libido
1025 2796 1257 2868 satiari3
1305 2795 1449 2869 quia
1505 2793 1710 2866 dives,

163 2896 367 2965 posset
402 2907 512 2966 per
539 2907 674 2950 eam
709 2889 921 2962 ditari;
960 2894 1019 2947 et
1052 2888 1195 2962 quia
1235 2885 1474 2956 nobilis,
1516 2887 1715 2959 posset

160 3001 271 3059 per
297 3001 435 3044 eam
479 2984 803 3044 nobilitari.
832 2983 989 3042 Fecit
1027 2973 1205 3055 igitur
1231 2996 1367 3039 eam
1392 2978 1626 3051 arctari,
1654 2980 1714 3036 et

163 3078 409 3137 cuidam
451 3082 738 3138 matronae
788 3076 965 3150 tradi,
1019 3080 1084 3134 ut
1138 3077 1392 3134 mutaret
1443 3072 1712 3132 animum

161 3174 310 3248 eJus.
345 3173 496 3232 Audi
527 3189 669 3248 ergo
697 3173 1105 3232 fortitudinem
1129 3169 1402 3244 Virginis,
1433 3167 1578 3243 quia
1603 3182 1711 3241 per

158 3269 404 3343 triginta
438 3268 566 3327 dies
601 3269 829 3327 fortiter
862 3266 1188 3343 pugnavit,
1226 3281 1302 3323 ne
1327 3262 1709 3323 matrimonio

149 3361 375 3434 ,iudicis
389 3363 758 3435 consentiret,
781 3365 840 3420 et
856 3359 1124 3436 superari
1140 3372 1263 3418 non
1284 3359 1498 3433 potuit.
1520 3361 1710 3428 Quare

154 3460 434 3515 matrona
440 3457 568 3529 J'am
589 3457 766 3528 dicta,
788 3457 868 3516 ad
878 3457 1260 3527 Quintianum
1277 3455 1540 3527 venienS,
1563 3454 1713 3513 dixit

156 3550 244 3608 ei:
268 3570 300 3605 α
319 3550 572 3610 Facilius
597 3556 846 3626 possunt
870 3567 1017 3609 saxa
1037 3550 1284 3622 molliri,
1313 3554 1371 3608 et
1395 3549 1620 3608 ferrum
1646 3550 1710 3607 in

152 3643 396 3718 plumbi
430 3644 742 3705 mollitiem
780 3645 1075 3716 converti,
1120 3661 1305 3719 quam
1343 3644 1469 3702 hoec
1507 3642 1711 3719 puella

152 3740 445 3797 converti.
466 3759 497 3795 s
527 3740 844 3798 Audiverat
881 3739 1043 3798 enim
1069 3742 1226 3799 Sarae
1249 3737 1388 3796 filiae
1427 3736 1705 3811 Raguelis

151 3832 361 3891 Tobiae
398 3833 910 3892 matrimonialiter
944 3833 1162 3906 junctae
1205 3832 1428 3891 dictum
1451 3829 1497 3903 ¹,
1541 3835 1599 3889 et
1626 3830 1710 3889 sic

152 3926 507 4002 accipiebat,
553 3931 620 3985 ut
653 3927 766 3986 sibi
793 3930 943 3986 esset
977 3943 1016 3985 a
1059 3927 1284 3987 Christo
1324 3924 1712 4001 personaliter

153 4024 538 4080 enarratum:
565 4038 596 4077 α
615 4021 769 4079 Forti
786 4020 988 4079 animo
1016 4023 1162 4093 esto,
1182 4020 1309 4080 filia
1334 4038 1348 4078 :
1369 4041 1398 4075 ι)
1426 4018 1594 4094 quasi
1623 4018 1712 4076 di-

153 4118 249 4174 cat
280 4133 298 4173 z
342 4116 589 4174 Fortiter
615 4131 783 4175 serva
827 4115 1036 4188 fldem,
1075 4118 1133 4173 et
1157 4116 1359 4191 sponsi
1385 4114 1471 4172 tui
1501 4129 1578 4173 ne
1606 4113 1709 4171 lae-

153 4207 265 4267 das
294 4224 588 4268 amorem.
615 4212 804 4285 Turpe
833 4215 941 4281 est,
974 4216 1041 4268 ut
1072 4208 1224 4267 fides
1256 4224 1389 4283 quae
1414 4223 1568 4283 soepe
1595 4223 1710 4266 ser·

152 4306 333 4362 vatm·
387 4302 625 4362 mortali
675 4303 912 4376 marito,
966 4319 1092 4362 non
1145 4305 1410 4361 servetur
1459 4302 1708 4360 Domino

153 4395 411 4456 Christo.
440 4400 586 4455 Nam
609 4397 938 4457 innumeroe
963 4396 1202 4455 fuerunt
1227 4395 1549 4471 antiquitus
1577 4410 1709 4452 mu-

153 4489 361 4561 lieres,
390 4507 523 4565 quae
555 4491 722 4566 prius
760 4490 1078 4550 voluerunt
1101 4489 1293 4549 occidi
1307 4532 1327 4562 ,
1369 4505 1551 4563 quam
1576 4491 1712 4563 post

0 4606 131 4647 mm-
153 4589 421 4645 mortem
437 4585 615 4661 primi
627 4585 822 4644 mariti
840 4585 1061 4643 vellent
1075 4586 1301 4644 nubere
1315 4583 1502 4643 alteri.
1523 4583 1709 4657 Unde,

152 4684 223 4739 ut
246 4684 501 4739 narrant
535 4679 792 4739 historiae
832 4683 889 4739 et
925 4680 1315 4754 Hieronymus
1341 4681 1394 4752 ⁸,
1439 4694 1572 4736 mos
1600 4677 1712 4738 ruit

154 4774 327 4850 apud
372 4774 551 4835 indos
565 4816 585 4848 ,
626 4778 691 4833 ut
726 4773 979 4850 quilibet
1012 4774 1195 4832 homo
1240 4772 1485 4832 haberet
1509 4771 1711 4847 plures

154 4884 421 4942 uxores3
450 4871 671 4927 etcum
695 4870 788 4927 vir
826 4872 1177 4939 moreretur,
1213 4867 1319 4927 illa
1354 4883 1487 4941 quae
1518 4866 1711 4940 magis

152 4962 270 5021 fuit
307 4963 392 5021 ab
440 4979 514 5022 eo
553 4962 796 5036 dilecta,
839 4979 978 5022 cum
1018 4978 1090 5021 eo
1132 4963 1272 5036 igne
1317 4960 1706 5020 cremabatur.

153 5060 423 5132 Eratque
442 5056 736 5130 mirabile,
758 5056 922 5132 quia,
937 5056 1068 5115 viro
1095 5060 1354 5129 mortuo,
1385 5070 1593 5114 omnes
1618 5053 1710 5112 in-

153 5155 245 5209 ter
262 5168 331 5210 se
358 5151 820 5224 contendebant,
847 5155 906 5210 et
932 5150 1213 5226 quaelibet
1228 5166 1290 5209 se
1316 5149 1507 5223 magis
1528 5147 1711 5207 dilec-

152 5249 284 5306 tam
300 5244 488 5304 fuisse
514 5244 771 5320 dicebat,
796 5248 864 5304 ut
878 5248 1081 5320 posset
1104 5260 1243 5304 cum
1262 5244 1394 5304 viro
1412 5242 1708 5304 comburi.

226 5375 238 5403 ⁸
268 5373 312 5422 ΙΙ
346 5371 489 5434 Gor„
520 5383 593 5435 xl,
624 5378 668 5421 2.
689 5397 751 5412 —
777 5373 802 5407 ¹
822 5370 956 5434 Tob„
979 5383 1077 5437 vn,
1102 5374 1181 5422 20.
1201 5396 1266 5409 —
1289 5370 1311 5406 ⁸
1333 5368 1571 5433 Hieron„
1593 5368 1708 5419 adv.

153 5445 443 5507 lovinion„
486 5443 578 5497 lib.
620 5445 667 5508 Ι,
707 5444 809 5496 col.
857 5458 930 5495 m.
974 5447 1064 5509 69,
1102 5445 1160 5494 Β.
1198 5469 1262 5481 -
1298 5442 1317 5473 ⁴
1359 5443 1503 5493 Brev.
1545 5441 1706 5501 Rom..

408 5550 559 5600 ΤΟΙ.
598 5550 740 5598 xm.

3244 509 3362 573 529

1817 626 1924 687 llla
1950 626 2151 701 igitur,
2182 645 2315 703 quae
2341 628 2635 704 vincebat,
2674 631 2913 707 optimis
2944 633 3065 693 suis
3099 638 3363 698 vestibus

1817 735 1880 778 se
1908 721 2181 793 ornabat,
2210 726 2269 780 et
2282 723 2451 795 juxta
2475 724 2589 781 viri
2605 741 2821 801 corpus
2846 743 2908 786 se
2929 728 3281 805 collocabat,
3295 732 3363 790 il-

1817 812 1945 871 lum
1972 815 2246 872 osculans
2272 820 2343 883 et,
2353 817 2718 892 amplexans,
2748 820 2916 894 ignes
2936 821 3235 883 hincinde
3261 841 3361 884 ar-

1820 906 2023 965 dentes
2045 924 2171 966 non
2196 925 2427 983 curanS,
2458 911 2565 969 sed
2593 912 2789 970 virum
2816 915 3165 989 osculando,
3193 918 3363 976 arde-

1817 999 1939 1059 bat.
1985 1006 2138 1074 Ergo
2183 1003 2233 1060 si
2272 1006 2433 1061 tanta
2469 1006 2663 1079 potuit
2697 1023 2821 1065 esse
2840 1008 3012 1068 .fides
3052 1010 3133 1068 ad
3165 1011 3360 1071 virum

1817 1095 2162 1166 mortalem,
2190 1100 2413 1171 quanta
2439 1098 2619 1158 debet
2643 1118 2767 1160 esse
2795 1102 2875 1160 ad
2912 1105 3226 1163 Dominum
3253 1106 3364 1164 im-

1818 1188 2172 1247 mortalem?
2217 1192 2261 1250 Ο
2314 1190 2364 1248 si
2405 1192 2620 1252 scirent
2644 1194 2919 1269 virgineS,
2959 1213 3097 1255 cum
3139 1204 3361 1274 quanto

1819 1279 2028 1339 dolore
2053 1282 2261 1341 florem
2289 1284 2635 1358 virginitatis
2661 1288 2949 1362 amittunt,
2978 1307 3116 1350 cum
3142 1297 3364 1367 quanta

1818 1376 2145 1434 mutatione
2191 1379 2457 1452 corporis
2506 1379 2714 1441 foetum
2761 1384 3103 1459 concipiunt
3145 1391 3203 1444 et
3243 1403 3360 1445 nu-

1819 1469 2015 1541 triunt,
2048 1486 2185 1528 cum
2212 1478 2435 1547 quanto
2470 1473 2677 1534 dolore
2703 1478 2959 1552 pariunt,
2997 1484 3056 1538 et
3081 1475 3247 1555 soepe'
3262 1497 3366 1555 pe·

1819 1567 2010 1635 reuut,
2042 1579 2179 1622 cum
2220 1566 2454 1640 quantis
2490 1569 2679 1642 poenis
2715 1570 2871 1630 filios
2905 1573 3192 1645 nutriunt,
3223 1591 3361 1634 cum

1820 1662 2044 1731 quanto
2072 1659 2281 1721 dolore
2308 1678 2412 1720 eos
2433 1665 2751 1725 morientes
2785 1668 3097 1743 aspiciunt,
3138 1676 3361 1747 quanta

1820 1754 1908 1809 est
1930 1768 2111 1828 poena
2136 1754 2441 1831 zelotypos
2463 1758 2622 1818 viros
2638 1760 2879 1833 habere,
2903 1764 3096 1822 malos
3118 1766 3362 1826 maritos

1819 1847 2122 1920 sustinere,
2150 1848 2345 1909 bonos
2387 1852 2659 1926 perdere,
2695 1871 2820 1913 non
2847 1856 3250 1919 desiderarent
3273 1861 3361 1920 fa·

1819 1940 1932 2000 cile
1950 1942 2197 2016 nubere,
2217 1944 2327 2003 sed
2346 1944 2645 2016 libentiuS,
2665 1949 2870 2008 Christi
2886 1956 2945 2009 et
2964 1953 3215 2026 Virginis
3235 1954 3360 2029 glo-

1818 2034 1990 2095 riosae
2016 2052 2242 2108 amore,
2271 2038 2555 2114 eligerent
2577 2042 2835 2116 virgines
2862 2061 3231 2120 permanere.

1889 2131 2161 2190 Secundo
2179 2132 2358 2208 beata
2375 2135 2599 2208 Agatha
2614 2135 2727 2195 fuit
2741 2137 2912 2212 virgo
2936 2138 3251 2202 fortissima
3275 2145 3355 2203 ad

1819 2239 1996 2283 omne
2014 2227 2338 2300 temporale
2360 2228 2692 2288 subsidium
2715 2236 3235 2297 contemnendum.
3263 2239 3363 2298 So-

1818 2317 1946 2379 lum
1963 2321 2123 2379 enim
2137 2321 2426 2382 Christum
2438 2324 2697 2397 amabat,
2726 2326 2801 2385 de
2816 2328 2948 2403 ipso
2964 2329 3095 2389 solo
3124 2331 3360 2392 inomni

1816 2428 2094 2487 pressura
2127 2416 2420 2490 sperabat.
2465 2420 2664 2494 ltaque
2689 2436 2801 2479 nec
2836 2419 2900 2479 in
2938 2424 3060 2481 suis
3098 2425 3360 2485 vulneri-

1816 2505 1932 2564 bus
1959 2509 2317 2569 medicinam
2344 2514 2716 2588 corporalem
2743 2517 3102 2591 requirebat,
3135 2520 3243 2579 sed
3267 2538 3360 2581 so·

1816 2600 1945 2659 lum
1966 2603 2068 2661 Dei
2089 2605 2380 2664 auxilium
2400 2607 2738 2669 invocabat.
2758 2611 2920 2670 Unde
2943 2629 3081 2671 cum
3094 2614 3157 2672 in
3177 2631 3362 2690 equu-

1816 2693 1912 2752 leo
1929 2711 2233 2771 suspensa,
2254 2706 2314 2758 et
2336 2700 2398 2757 in
2421 2702 2752 2762 mammilla
2772 2705 3027 2778 graviter
3051 2711 3223 2782 torta,
3242 2714 3298 2769 et
3323 2727 3361 2771 a

1818 2803 2068 2863 corpore
2091 2797 2379 2866 separata,
2407 2797 2652 2871 totoque
2686 2813 2935 2874 corpore
2950 2800 3280 2877 vulnerata,
3305 2810 3363 2865 et

1816 2878 1880 2935 in
1906 2894 2140 2940 carcere
2167 2887 2316 2942 esset
2339 2884 2568 2960 clausa,
2596 2889 2900 2962 apostolus
2924 2895 3122 2952 Petrus
3147 2894 3212 2953 in
3234 2895 3360 2954 for-

1816 2989 1918 3033 ma
1944 2974 2163 3034 medici
2200 2978 2362 3036 venit
2399 2978 2480 3037 ad
2514 2996 2667 3055 eam,
2691 2981 2956 3057 hortans,
2990 2990 3056 3045 ut
3083 2987 3210 3061 ejus
3236 3007 3360 3049 me-

1817 3066 2078 3128 dicinam
2106 3072 2413 3147 reciperet,
2437 3074 2641 3149 utique
2667 3076 2751 3135 sic
2775 3079 2972 3139 sanari
2997 3088 3212 3155 posset.
3243 3089 3360 3144 An-

1816 3162 1954 3222 cilla
1980 3163 2213 3223 Domini
2240 3182 2378 3226 eum
2413 3168 2714 3228 medicum
2758 3176 2974 3247 putans
3010 3192 3157 3248 esse,
3199 3177 3358 3237 etde

1817 3257 1948 3316 solo
1975 3260 2225 3319 Domino
2253 3277 2517 3336 sperans,
2548 3263 2630 3322 ait
2654 3264 2735 3323 ad
2760 3282 2899 3325 eum
2926 3270 2950 3305 ι
2979 3287 2995 3326 2
3029 3288 3060 3324 α
3077 3271 3361 3346 Corpora·

1814 3354 1937 3414 lem
1962 3358 2324 3418 medicinam
2340 3376 2652 3437 nunquam
2671 3365 2908 3440 corpori
2930 3384 3068 3427 meo
3089 3369 3357 3445 exhibui,

1815 3450 1924 3509 sed
1948 3451 2145 3511 habeo
2171 3454 2526 3515 salvatorem
2548 3458 2864 3518 Dominum
2890 3463 3107 3534 Jesum,
3138 3465 3243 3538 qui
3261 3482 3358 3524 so-

1815 3543 1877 3602 lo
1897 3562 2170 3606 sermone
2195 3552 2485 3611 restaurat
2509 3552 2801 3612 universa.
2818 3576 2848 3608 »
2879 3558 3033 3630 Lege
3055 3561 3236 3616 totam
3262 3558 3356 3617 bi-

1815 3639 2076 3699 storiam.
2113 3645 2343 3702 Poterat
2366 3660 2509 3718 ergo
2528 3661 2665 3704 vere
2688 3647 2905 3722 dicere,
2937 3649 3014 3708 dc
3038 3650 3169 3709 solo
3192 3651 3358 3711 Chri-

1816 3738 1906 3793 sto
1945 3735 2273 3808 confidenS,
2314 3742 2373 3796 et
2413 3739 2617 3799 omnia
2655 3742 3007 3816 temporalia
3042 3760 3359 3820 respuens,

1814 3827 1968 3887 illud
2002 3828 2188 3887 David
2215 3833 2237 3868 ⁸
2263 3849 2278 3889 ε
2314 3852 2346 3887 α
2367 3833 2649 3891 Dominus
2680 3837 2849 3909 petra
2887 3852 3042 3909 mea,
3079 3842 3135 3897 et
3171 3839 3360 3899 robur

1815 3939 2040 3995 meum,
2082 3928 2140 3982 et
2163 3924 2419 3983 salvator
2456 3942 2645 4000 meus,
2683 3929 2835 3987 Deus
2873 3946 3068 4004 meus,
3109 3936 3167 3991 et
3192 3933 3360 3992 fortis

1816 4032 2006 4088 meus,
2031 4017 2287 4091 sperabo
2310 4018 2373 4075 in
2395 4034 2554 4078 eum.
2574 4040 2605 4077 »
2628 4023 2834 4096 Aspice
2859 4024 3204 4098 sapientiam
3230 4026 3357 4084 Vir-

1816 4109 1990 4183 ginis,
2020 4126 2155 4184 quae
2180 4111 2430 4171 domum
2456 4130 2627 4173 suam
2647 4131 2773 4174 non
2799 4115 3147 4178 fundaverat
3179 4136 3360 4196 supra

1815 4219 1944 4263 rem
1960 4220 2201 4279 vanam,
2220 4223 2345 4266 non
2366 4223 2546 4282 supra
2563 4224 2827 4278 arenam,
2847 4227 2972 4270 non
2990 4228 3172 4288 supra
3183 4230 3358 4274 vane-

1817 4304 2077 4358 scentem
2102 4301 2442 4374 materiam3
2474 4303 2583 4360 sed
2607 4319 2788 4378 supra
2818 4304 3236 4366 solidissimam
3256 4324 3361 4383 pe·-

1816 4391 1989 4463 tram‚
2017 4390 2085 4449 id
2110 4396 2216 4464 est,
2244 4408 2422 4468 super
2443 4393 2734 4453 Christum
2761 4412 2825 4453 se
2849 4399 3034 4455 totam
3059 4405 3358 4473 posuerat,

1819 4485 1877 4541 et
1887 4482 2026 4543 ideo
2043 4485 2201 4543 vinci
2220 4501 2341 4544 non
2354 4490 2604 4561 poterat.
2624 4488 2854 4548 Sciebat
2865 4490 3025 4549 enim
3043 4507 3168 4552 esse
3179 4495 3360 4571 scrip·

1817 4581 1944 4637 tum
1971 4580 1994 4615 ⁸
2023 4597 2041 4636 ε
2076 4600 2106 4634 ιι
2125 4580 2433 4655 Respicite,
2460 4581 2568 4640 filii
2585 4624 2605 4654 ,
2633 4583 2902 4642 nationes
2923 4584 3236 4646 hominum
3254 4630 3274 4661 ,
3304 4595 3363 4648 et

1817 4672 2041 4746 scitote,
2072 4674 2214 4748 quia
2239 4675 2440 4734 nullus
2467 4678 2725 4752 speravit
2748 4679 2814 4738 in
2836 4682 2956 4740 Deo
2976 4724 2998 4754 ,
3026 4684 3085 4740 et
3109 4687 3195 4741 est
3217 4700 3358 4742 con·

1816 4764 2000 4824 fusus.
2021 4786 2051 4823 n
2100 4767 2215 4828 Sed
2242 4768 2376 4842 quis
2413 4785 2681 4845 unquam
2718 4774 2923 4846 evasit,
2963 4776 3270 4836 confidens
3294 4779 3358 4837 in

1820 4860 2078 4918 divitiis?
2103 4866 2248 4921 Nam
2263 4867 2321 4922 et
2338 4863 2487 4922 Vitis
2510 4866 2735 4925 Patr-um
2749 4868 3018 4936 habetur,
3042 4871 3210 4945 quod
3229 4872 3360 4947 qui-
3442 4904 3599 4948 Exom-

1820 4953 1961 5013 dam
1988 4954 2097 5013 suit
2132 4955 2310 5015 frater
2343 4972 2594 5034 pauper,
2632 4961 2735 5034 qui
2773 4961 2849 5021 de
2875 4963 3005 5022 solo
3030 4966 3150 5024 Deo
3178 4966 3360 5023 confl-
3384 4967 3509 5023 1³¹⁸oe

1820 5048 1990 5123 dens,
2027 5049 2263 5110 divitias
2301 5068 2610 5128 respuens,
2645 5059 2889 5130 propter
2926 5057 3091 5131 quod
3126 5059 3359 5131 omnia,

1819 5161 1956 5221 quae
1994 5145 2211 5206 lucrari
2247 5151 2500 5222 poterat,
2535 5151 2899 5226 pauperibus
2938 5151 3155 5223 dabat3
3194 5155 3362 5227 cuius

1818 5293 1970 5403 resp.¹
1981 5283 2033 5346 8,
2062 5285 2115 5333 et
2139 5281 2333 5348 antiph.
2363 5287 2473 5335 2.-
2498 5284 2521 5322 ⁸
2545 5286 2582 5336 ΙΙ
2614 5285 2750 5351 Req„
2774 5298 2906 5352 1111,
2926 5289 3031 5338 2-3.
3053 5314 3114 5325 —
3136 5287 3157 5323 ⁸
3181 5288 3360 5356 Eccli„

1827 5365 1889 5416 11,
1921 5360 1938 5403 1
1983 5393 1996 5404 .

1891 5441 1961 5502 (a)
1986 5439 2101 5492 Del.
2129 5441 2214 5491 ad.

3047 5540 3127 5599 34
