4059 6317
732 469 813 531 62
1830 461 2251 534 SERHONES
2291 460 2394 529 DE
2428 461 2826 533 TEMPORE.

731 597 891 664 Joab
916 602 1121 666 tenuit
1147 605 1436 667 mentum
1464 602 1718 668 Amasae
1728 650 1750 683 ,
1789 602 1975 686 quasi
2001 602 2264 667 deoscu-

732 706 875 772 lans
898 727 1071 790 enm,
1096 712 1160 773 et
1176 711 1483 793 percussit
1505 728 1659 775 eum
1681 710 1751 774 in
1768 709 1989 787 latere,
2017 712 2082 774 et
2102 724 2270 773 mor-

733 816 886 878 tuus
913 819 1030 880 est.
1081 814 1473 898 Gregorius¹
1504 817 1722 895 :Quos
1758 817 2053 880 viventes
2095 815 2270 878 blan-

730 919 911 985 diens
934 921 1195 1006 decipit,
1222 921 1343 987 hos
1368 924 1708 988 morientes
1725 923 1999 988 saeviens
2018 921 2207 1004 rapit.
2227 941 2260 980 ι

732 1024 965 1092 Contra
987 1028 1134 1109 hoc,
1161 1027 1446 1096 Christus
1472 1049 1587 1114 per
1614 1031 1783 1096 latus
1808 1031 2162 1096 crucifixus
2183 1029 2263 1111 (α)

729 1139 848 1198 est.

808 1240 898 1306 De
923 1244 1201 1309 secundo
1226 1251 1294 1287 ¹·
1278 1267 1364 1309 ,α
1392 1244 1593 1310 Vivus
1631 1250 1729 1310 est
1755 1262 1966 1310 sermo
2005 1245 2264 1321 Christi,

729 1353 792 1413 et
816 1350 1077 1429 efficax,
1108 1355 1173 1416 et
1196 1353 1648 1435 penetrabilior
1683 1354 1858 1419 omni
1889 1353 2104 1435 gladio
2147 1372 2268 1418 an-

728 1456 905 1539 cipiti
931 1505 950 1537 ‚
1000 1463 1064 1523 et
1104 1461 1474 1542 pertingens
1517 1478 1722 1544 usque
1759 1461 1842 1525 ad
1887 1460 2267 1526 divisionem

729 1564 967 1631 animae
993 1570 1055 1630 et
1074 1568 1379 1650 corporis.
1402 1590 1434 1627 n
1457 1565 1676 1632 Gladio
1700 1567 1823 1632 isto
1843 1567 2042 1632 homo
2064 1568 2270 1632 accin-

730 1671 935 1753 gitur,
960 1672 1116 1737 dum
1140 1691 1255 1755 per
1277 1675 1555 1740 verbum
1580 1673 1690 1738 Dei
1711 1674 1967 1739 animus
1987 1673 2266 1739 luxuriae

728 1781 1105 1843 coarctatur.
1126 1779 1459 1845 Psalmista
1471 1786 1495 1823 ⁸
1515 1802 1530 1845 z
1555 1781 1903 1863 Accingere
1918 1782 2133 1864 gladio
2154 1785 2267 1847 tuo

728 1903 924 1968 super
948 1886 1179 1951 femur.
1203 1909 1235 1947 ι
1261 1886 1421 1952 Item
1442 1905 1644 1953 manu
1658 1892 1936 1968 tenetur,
1966 1889 2126 1954 dum
2151 1908 2266 1972 per

725 1992 997 2058 verbum
1054 1992 1160 2058 Dei
1226 2013 1418 2078 opere
1479 1996 1650 2061 bono
1708 1995 2034 2081 impletur.
2087 1996 2262 2062 Psal-

724 2099 916 2165 mista
943 2100 969 2136 ⁶
998 2122 1015 2165 ι
1053 2124 1085 2162 α
1113 2100 1315 2167 Gladii
1363 2103 1666 2186 ancipitoe
1712 2103 1783 2167 in
1828 2103 2127 2169 manibus
2153 2123 2259 2169 eo·

724 2225 898 2272 rum.
932 2230 964 2268 n
1001 2207 1157 2273 Item
1185 2227 1296 2274 cor
1321 2214 1689 2293 penetratur
1705 2257 1725 2287 ‚
1753 2210 1907 2275 dum
1959 2229 2074 2295 per
2111 2230 2262 2277 ver-

723 2315 881 2380 bum
937 2315 1045 2380 Dei
1103 2317 1562 2400 compnngitur
1588 2366 1605 2398 ,
1673 2322 1738 2383 et
1801 2317 2075 2383 carnalis
2129 2320 2264 2384 vita

722 2421 1096 2488 trucidatur.
1130 2422 1309 2488 Unde
1348 2424 1497 2489 hic:
1544 2447 1576 2486 ιι
1607 2424 2061 2490 Penetrabilior
2085 2426 2263 2491 omni

723 2529 937 2611 gladio
954 2529 1233 2614 ancipiti.
1253 2552 1285 2591 ι
1312 2529 1421 2595 Et·
1444 2551 1461 2595 z
1484 2554 1516 2593 α
1531 2531 1760 2615 Accipe
1777 2531 2066 2614 gladium
2090 2550 2263 2597 sanc-

720 2641 863 2703 tum
890 2655 1130 2703 munus
1156 2656 1195 2702 a
1223 2636 1350 2703 Deo
1371 2686 1390 2718 ‚
1420 2638 1487 2703 in
1515 2657 1645 2723 quo
1671 2640 1884 2721 ejicies
1910 2639 2123 2705 hostes
2146 2658 2257 2723 po-

718 2743 859 2826 puli
897 2744 1024 2808 mei
1051 2742 1241 2809 Israel
1264 2794 1281 2823 ,
1306 2765 1339 2804 ι
1369 2744 1435 2810 id
1468 2749 1594 2823 est,
1626 2744 1794 2809 mala
1836 2762 2029 2829 opera
2055 2750 2121 2810 et
2143 2765 2257 2811 vo-

719 2850 1016 2915 luntates.
1063 2849 1215 2929 Sed,
1257 2851 1423 2916 heu!
1471 2856 1691 2916 contra
1733 2853 1932 2917 istum
1969 2852 2260 2934 gladium

720 2959 971 3021 astutus
992 2956 1075 3038 (b)
1102 2956 1543 3037 obstinatione,
1567 2958 1952 3041 deceptione,
1970 2959 2126 3025 falsa
2149 2979 2260 3026 so-

722 3062 943 3127 cietate
970 3066 1259 3128 armatur
1284 3063 1481 3129 homo
1510 3064 1884 3146 designatus
1916 3083 2031 3148 per
2056 3084 2260 3131 arma·

720 3171 861 3234 tum
899 3170 1084 3235 illum
1128 3170 1207 3236 de
1253 3176 1425 3255 quo⁸
1456 3193 1472 3235 ε
1504 3170 1716 3237 «Cum
1754 3171 1934 3237 fortis
1971 3178 2259 3239 armatus

723 3276 998 3343 custodit
1037 3277 1276 3343 atrium
1321 3294 1513 3344 suum
1530 3326 1553 3358 ,
1585 3279 1654 3343 in
1682 3297 1835 3362 pace
1862 3284 2015 3345 sunt
2041 3282 2258 3346 omnia

720 3402 867 3468 quae
914 3386 1231 3470 possidet;
1274 3407 1305 3446 n
1340 3386 1512 3451 unde
1549 3404 1758 3470 neque
1813 3388 2009 3453 ictum
2057 3388 2256 3470 gladii

719 3493 927 3558 sentit.
959 3492 1010 3560 Ο
1033 3494 1089 3557 si
1114 3493 1230 3558 uni
1271 3492 1521 3559 homini
1548 3498 1738 3577 caput
1761 3512 1955 3560 suum
1972 3545 1990 3575 ‚
2025 3494 2090 3560 id
2117 3501 2252 3577 est,

720 3599 1044 3666 diabolum
1090 3601 1214 3666 hoc
1259 3601 1477 3683 gladio
1521 3604 1854 3686 amputare
1894 3606 2190 3687 possem!
2229 3606 2253 3642 ⁷

729 3728 761 3767 α
780 3707 1149 3773 Percussisti
1170 3712 1362 3792 caput
1382 3708 1462 3773 de
1486 3708 1677 3774 domo
1697 3709 1902 3793 impii,
1919 3709 2254 3776 denudasti

718 3813 1203 3879 fundamentum
1224 3832 1431 3899 usque
1456 3815 1538 3880 ad
1556 3815 1815 3880 collum.
1836 3838 1868 3876 n
1894 3814 1945 3882 Ο
1972 3817 2029 3881 si
2054 3836 2252 3882 unam

719 3938 944 3987 aurem
982 3921 1055 4006 (c)
1084 3921 1529 3988 inobedientiae
1567 3941 1716 3988 cum
1762 3921 1950 3988 Petro
1973 3929 1997 3965 ⁸
2021 3942 2254 4009 ampu-

717 4030 960 4094 tarem!

798 4134 886 4201 De
913 4136 1097 4201 tertio
1116 4136 1140 4173 ⁹
1172 4157 1188 4201 ε
1231 4159 1262 4198 α
1285 4135 1499 4202 Exivit
1524 4135 1688 4202 alius
1713 4154 1921 4220 equus
1942 4137 2157 4218 rufus,
2189 4143 2255 4204 et

715 4242 831 4327 qui
875 4242 1132 4308 sedebat
1167 4261 1361 4327 super
1403 4242 1630 4323 illum,
1660 4243 1879 4309 datum
1917 4248 2016 4309 est
2051 4245 2143 4309 illi
2177 4249 2253 4311 ut

716 4352 999 4415 sumeret
1021 4367 1243 4433 pacem
1260 4350 1338 4414 de
1355 4354 1557 4429 terra,
1581 4353 1647 4415 et
1667 4354 1742 4415 ut
1765 4350 2041 4416 invicem
2063 4370 2133 4417 se
2158 4352 2252 4417 in-

716 4458 1076 4524 terficerent
1104 4457 1175 4541 (c)
1207 4479 1224 4521 ε
1271 4459 1337 4522 et
1370 4456 1555 4522 datus
1590 4459 1686 4521 est
1717 4457 1776 4521 ei
1818 4456 2072 4538 gladius
2112 4477 2250 4524 ma-

715 4581 908 4647 gnus.
928 4585 961 4626 ι
998 4562 1123 4628 Iste
1150 4562 1406 4646 gladius
1442 4562 1629 4628 datus
1664 4567 1757 4627 est
1792 4561 2060 4646 Neroni,
2100 4565 2244 4631 Dio-

717 4673 983 4739 cletiano
993 4721 1015 4754 ,
1042 4672 1224 4738 Decio
1243 4720 1261 4751 ,
1292 4675 1357 4737 et
1381 4670 1523 4737 aliis
1546 4671 2060 4752 persecutoribus
2084 4672 2246 4738 flde-

712 4780 869 4848 lium
888 4828 905 4858 ‚
928 4784 993 4846 et
1018 4780 1202 4845 datus
1221 4782 1318 4843 est
1338 4779 1484 4861 regi
1509 4777 1918 4844 Tartarorum
1933 4826 1951 4856 ,
1975 4784 2040 4844 et
2060 4779 2249 4845 datus

712 4893 806 4954 est
833 4904 1003 4970 saepe
1028 4885 1246 4950 multis
1274 4885 1566 4968 tyrannis
1591 4884 2022 4968 affligentibus
2064 4886 2243 4953 Chri·

714 4996 973 5060 stianos.

772 5159 790 5196 ¹
833 5159 1009 5222 Greg„
1046 5153 1230 5205 Mor-al.
1262 5151 1352 5205 lib.
1394 5154 1527 5218 xlv,
1555 5166 1602 5204 c.
1636 5163 1767 5217 xvn,
1794 5153 1861 5203 al.
1895 5165 1969 5219 ιι,
1996 5167 2049 5206 n.
2075 5158 2157 5207 20.
2183 5181 2246 5197 -

710 5229 731 5261 ²
754 5226 923 5291 Helm,
949 5239 1018 5291 ιν,
1054 5229 1130 5278 12.
1148 5249 1210 5264 --
1236 5225 1260 5262 ⁸
1286 5223 1422 5275 Psal.
1455 5234 1599 5288 mv,
1629 5227 1675 5276 ι.
1692 5248 1753 5262 -
1774 5224 1798 5260 ⁴
1820 5225 1958 5277 Peal.
1988 5238 2174 5292 cxi-11,
2191 5229 2242 5279 6.

709 5323 774 5338 -
800 5299 824 5336 ο
850 5299 892 5347 ιι
937 5296 1119 5356 uach„
1148 5308 1231 5359 xv,
1270 5297 1348 5347 16.
1375 5320 1438 5333 -
1463 5295 1487 5330 ⁸
1516 5295 1652 5356 Luc„
1678 5305 1760 5358 ιι,
1790 5297 1871 5347 ιι.
1900 5323 1959 5335 -
1988 5298 2006 5329 ²
2034 5298 2243 5358 nahae„

712 5371 1006 5504 3¹32...ss
1024 5367 1599 5503 ᾧῗιὲῗζίᾜὲὲῐ
1625 5365 2049 5501 {uim-‘imai'
2062 5371 2242 5506 12:302·

2457 599 2722 677 Quando
2741 600 3708 686 aeomafflicufsoompatoeis,
3731 600 3917 684 quasi

2377 705 2616 772 vulnus
2653 708 2891 774 doloris
2913 709 2984 773 in
3017 710 3237 774 anima
3273 709 3547 792 recipis,
3593 712 3664 772 et
3704 707 3919 790 gladio

2377 812 2501 878 isto
2524 816 3081 881 transverberatis.
3107 816 3290 882 Unde
3311 817 3477 881 bene
3502 816 3584 881 de
3606 815 3811 881 Maria
3832 815 3922 880 di-

2377 918 2544 983 citur
2588 940 2606 985 ε
2651 922 2849 987 stam
2894 923 3110 1005 ipsius
3163 925 3455 989 animam
3495 922 3923 1006 pertransibit

2377 1025 2657 1108 alodius.
2688 1028 2810 1093 Sed
2845 1033 3068 1095 contra
3113 1030 3405 1112 gladium
3446 1030 3883 1096 tribulationis
3899 1078 3918 1110 ,

2377 1138 2633 1199 scutum
2659 1136 2896 1220 duplex
2921 1154 3242 1221 opponere
3275 1138 3588 1203 debemus
3619 1160 3637 1203 ε
3667 1138 3911 1220 primo,

2376 1240 2743 1324 exemplum
2771 1244 3085 1326 passionis
3111 1249 3176 1309 et
3208 1244 3509 1310 laborum
3535 1244 3774 1309 Christi
3795 1293 3817 1322 ,
3850 1248 3925 1310 ιιι

2377 1364 2458 1411 ex
2476 1347 2896 1431 bocpretium
2922 1350 3335 1416 habeamus¹⁶
3363 1373 3379 1415 ε
3414 1375 3446 1413 ι
3472 1351 3664 1416 Dabis
3685 1352 3750 1415 ei
3777 1369 3926 1416 scu-

2375 1456 2516 1518 turn
2555 1455 2764 1521 cordis
2801 1456 3083 1523 laborem
3125 1462 3344 1524 tuum.
3371 1481 3404 1518 t
3438 1456 3794 1540 Gregorius
3819 1460 3860 1495 ¹¹
3903 1476 3921 1521 ε

2384 1581 2414 1619 ι
2442 1558 2596 1637 Quis
2618 1560 2904 1627 laborem
2936 1582 3411 1646 supervacuum
3439 1564 3543 1630 vel
3566 1582 3924 1630 onerosum

2374 1667 2734 1748 reputabit,
2764 1670 2877 1752 qui
2905 1669 3141 1736 Filium
3179 1670 3291 1736 Dei
3330 1689 3450 1754 pro
3491 1689 3562 1737 se
3593 1671 3927 1737 Christum

2375 1773 2755 1841 crucifixum
2780 1776 3040 1842 recolit!
3060 1797 3090 1836 n
3117 1777 3278 1842 Item
3302 1781 3557 1842 scutum
3584 1780 3921 1861 orationis,

2373 1896 2502 1961 quo
2547 1880 2743 1946 ictum
2791 1882 2989 1964 gladii
3032 1883 3437 1968 repellamus.
3471 1886 3519 1927 ¹¹
3546 1908 3578 1948 ι
3615 1884 3766 1952 Νοιι
3812 1888 3923 1954 diu

2374 1987 2721 2068 permansit
2767 1988 2867 2052 ira
2903 1993 3016 2053 tua
3059 2012 3076 2054 ε
3113 2008 3462 2074 properans
3495 1993 3670 2058 enim
3724 1995 3926 2061 homo

2377 2093 2518 2159 sine
2540 2095 2801 2178 querela
2817 2095 3140 2180 deprecari
3157 2117 3276 2182 pro
3292 2099 3565 2181 populis,
3587 2101 3926 2183 proferens

2373 2200 2699 2265 servitutis
2724 2219 2862 2267 suae
2885 2207 3143 2269 scutum
3158 2251 3177 2280 ‚
3207 2205 3598 2288 orationem,
3625 2230 3658 2269 a
3697 2213 3830 2276 etc.

2451 2306 2540 2371 De
2559 2312 2788 2390 quarto
2814 2309 2858 2346 ¹⁸
2890 2326 2909 2373 t
2950 2333 2982 2372 α
3010 2308 3080 2375 Si
3116 2329 3351 2378 acuero
3390 2317 3465 2378 ut
3496 2314 3732 2397 fulgur
3773 2319 3922 2401 gla-

2371 2415 2551 2481 dium
2579 2425 2797 2481 meum
2817 2464 2836 2493 ‚
2863 2420 2930 2482 et
2968 2418 3316 2502 arripuerit
3334 2421 3653 2502 judicium
3683 2443 3928 2492 manus

2371 2540 2548 2602 mea,
2578 2523 2842 2590 reddam
2864 2524 3170 2591 ultionem
3199 2527 3488 2594 hostibus
3516 2531 3700 2597 meis.
3726 2555 3758 2593 ι
3801 2533 3928 2600 Iste

2369 2628 2624 2710 gladius
2655 2635 2753 2696 est
2783 2633 3097 2698 sententia
3129 2634 3397 2716 judiciS,
3434 2655 3566 2720 qua
3610 2638 3784 2705 dicet
3817 2641 3865 2682 ¹⁸
3904 2663 3922 2706 t

2376 2757 2411 2796 ι
2435 2736 2740 2804 Discedite
2763 2757 2806 2803 a
2831 2756 2970 2819 me,
2999 2740 3339 2822 maledicti,
3358 2765 3390 2803 ι
3423 2747 3541 2809 etc.
3557 2746 3606 2786 ¹⁸
3627 2745 3780 2812 «Ex
3808 2767 3927 2815 ore

2368 2846 2508 2926 ejus
2525 2843 2779 2926 gladius
2794 2850 3021 2911 acutus
3035 2866 3118 2911 ex
3132 2852 3406 2932 utraque
3422 2854 3604 2934 parte
3617 2853 3870 2920 exibat.
3881 2878 3917 2916 ι

2368 2951 2491 3017 Iste
2519 2953 2773 3034 gladius
2797 2973 2928 3020 non
2953 2956 3163 3021 solum
3201 2957 3365 3023 sicut
3391 2959 3646 3041 gladius
3681 2969 3926 3030 acutus

2366 3059 2515 3141 erit,
2543 3060 2656 3125 sed
2684 3062 2865 3127 omni
2899 3062 3162 3145 fulgure
3190 3066 3457 3131 acutior.
3489 3065 3718 3135 Nonne
3745 3071 3921 3137 mal-

2363 3166 2497 3232 lent
2532 3167 2748 3248 gladio
2765 3217 2784 3249 ‚
2817 3168 2955 3234 sive
2981 3169 3250 3236 fulmine
3281 3172 3458 3238 feriri
3479 3221 3499 3253 ,
3527 3175 3773 3257 quibus
3817 3179 3923 3243 di-

2364 3277 2541 3338 cetur
2568 3274 2639 3339 in
2677 3275 2808 3340 fine
2843 3276 2888 3318 ¹⁶
2932 3298 2948 3341 :
2984 3299 3015 3338 α
3043 3276 3173 3358 lte,
3203 3278 3551 3370 maledicti,
3578 3282 3648 3346 in
3682 3282 3924 3365 ignem

2364 3387 2699 3451 aeteruum.
2743 3407 2775 3447 a
2814 3386 2901 3452 De
2944 3387 3067 3452 hoc
3106 3387 3322 3471 gladio
3361 3392 3618 3475 require
3660 3393 3732 3459 in
3777 3415 3924 3463 ser-

2360 3510 2555 3559 mone
2577 3492 2787 3576 primo
2811 3492 3150 3560 Doctorum
3177 3495 3247 3560 ¹⁷.

2901 3671 3190 3743 SERMO
3233 3675 3353 3747 IV.

2437 3814 2604 3881 Puer
2619 3818 2834 3881 autem
2858 3815 3171 3883 crescebat
3183 3817 3253 3897 ¹⁸,
3274 3821 3394 3883 etc.
3415 3818 3587 3886 Bene
3610 3839 3783 3904 puer
3808 3825 3916 3890 di·
3958 3843 4053 3888 cns

2359 3921 2526 3988 citur
2552 3921 2838 3988 Christus
2857 3945 2873 3987 :
2891 3923 3056 3988 sicut
3083 3924 3258 3990 enim
3284 3926 3469 4009 pueri
3489 3945 3641 3993 cum
3665 3935 3915 4013 matre,
3943 3917 4053 3962 Μ

2356 4048 2521 4114 puer
2546 4048 2698 4095 cum
2732 4030 2948 4113 pueris
2968 4078 2985 4111 ‚
3024 4049 3188 4114 puer
3225 4050 3374 4098 cum
3399 4033 3669 4101 floribus
3684 4083 3710 4116 ,
3741 4057 3922 4121 puer

2357 4155 2508 4203 cum
2529 4136 2808 4202 brachiis
2830 4136 3097 4202 libenter
3124 4155 3263 4204 esse
3287 4140 3527 4221 solent,
3554 4143 3646 4207 sic
3669 4145 3920 4230 utique

2355 4260 2518 4327 puer
2538 4242 2573 4307 J
2575 4261 2721 4308 esus
2745 4242 3037 4308 Christus
3060 4243 3406 4312 delectatur
3425 4247 3497 4312 in
3521 4250 3754 4317 matris
3781 4251 3915 4318 Ec·

2356 4348 2563 4415 clesiae
2591 4349 2884 4415 felicitate
2903 4397 2922 4427 ‚
2974 4351 3044 4414 in
3072 4369 3422 4433 puerorum
3451 4372 3564 4437 per
3595 4354 3920 4425 innoeen-

2355 4457 2512 4520 tiam
2521 4456 2839 4534 societate,
2858 4456 2927 4520 in
2938 4456 3178 4522 florum
3193 4458 3511 4525 virtutum
3525 4467 3906 4546 venustate,

2355 4565 2425 4628 in
2451 4564 2860 4629 brachiorum
2886 4582 3160 4648 operum
3188 4565 3519 4633 charitate.

2435 4670 2730 4737 Primum
2755 4674 2956 4755 patet,
2993 4671 3306 4756 quoniam
3335 4673 3609 4756 angelus
3641 4693 3916 4763 semper

2354 4796 2505 4844 cum
2531 4796 2731 4862 puero
2760 4777 2897 4843 tolli
2929 4779 3115 4860 jubet
3145 4783 3417 4846 matrem
3443 4781 3489 4818 ¹⁸
3487 4783 3729 4866 ,quasi
3755 4786 3912 4856 sine

2353 4889 2557 4951 matre
2575 4904 2740 4970 puer
2756 4903 2893 4951 esse
2917 4885 3136 4952 nollet.
3162 4885 3322 4953 Item
3338 4887 3422 4927 ²⁹·
3406 4911 3484 4953 ,α
3485 4829 3912 5043 :Invenerunt

2350 5003 2553 5069 Horal„
2588 5003 2676 5055 lib.
2723 5004 2884 5067 xxii,
2912 5019 2957 5055 c.
3004 5016 3142 5069 xvxi,
3182 5019 3234 5056 ιι.
3273 5010 3353 5057 42.
3388 5033 3451 5046 -
3485 5008 3706 5074 ¹²„Sap
3740 5023 3909 5082 xm

2351 5079 2434 5126 20·
2438 5079 2517 5128 21.
2546 5103 2612 5114 -
2656 5076 2699 5113 ¹⁸
2735 5077 2906 5137 Dent,
2937 5088 3113 5142 xxxn,
3150 5081 3228 5129 tl.
3256 5079 3613 5141 -1Matth.,
3647 5094 3780 5146 xxv,
3810 5090 3906 5139 4¹

2348 5171 2412 5185 —
2435 5148 3241 5213 ¹⁸‚,.Apoc.116-¹⁸Matth.,
3265 5153 3906 5215 nv,.41—¹²serm0

2348 5218 2637 5271 illedeesee
2662 5219 2972 5270 videtur.—
3005 5219 3201 5286 ¹⁸Luc„
3231 5233 3289 5286 11,
3316 5227 3397 5275 10.
3423 5249 3488 5263 -
3519 5226 3800 5295 ”Mami
3833 5244 3904 5295 ιι,

2350 5291 2432 5352 13,
2457 5292 2538 5341 20.
2559 5289 2916 5352 -ἏΜαιίΙιἿ
2943 5302 3002 5355 11,
3035 5295 3114 5342 11.

2413 5369 2485 5435 (α)
2511 5370 2628 5435 Leq,
2653 5369 2977 5423 confixus-
3010 5370 3074 5434 (ὁ)
3102 5373 3217 5438 Lm.
3241 5374 3507 5429 astutia.—
3530 5379 3594 5443 (c)
3627 5379 3773 5446 7⁸19.
3794 5395 3900 5434 au·

2347 5439 2660 5494 riculamoe-
2596 5443 2758 5507 —(d)
2787 5443 2910 5494 Item
2934 5441 3255 5498 interficiant.
