4059 6317
690 614 905 697 ptione
933 626 1243 697 personae,
1270 611 1529 696 propter
1557 626 1843 675 amorem
1862 608 2131 692 justitiae.
2171 610 2236 673 et

689 720 1046 804 aequitatis3
1094 717 1281 784 tertio
1349 721 1642 802 appetere
1704 717 2232 782 inhabitationem

688 827 956 893 coelestis
1001 827 1224 910 patriae
1247 875 1265 906 ,
1322 830 1580 910 propter
1619 825 1936 889 visionem
1989 825 2233 890 divinae

686 935 1054 1017 majestatis.
1086 932 1375 998 Primum
1394 938 1491 998 est
1512 937 1803 1017 respectu
1830 933 1929 997 sui
1952 953 1968 1011 ;
2002 950 2233 997 secun-

686 1040 846 1106 dum
892 1044 1183 1125 respectu
1232 1039 1508 1123 proximi
1549 1062 1567 1120 3
1621 1040 1885 1105 tertium
1938 1043 2232 1122 respectu

686 1147 819 1214 Dei.
848 1147 928 1214 Et
951 1149 1060 1229 sic,
1085 1165 1233 1212 cum
1248 1147 1468 1212 doceat
1487 1147 1607 1213 iste
1632 1146 1904 1230 Spiritus
1923 1146 2230 1228 fugienda

685 1256 857 1322 mala
898 1261 1154 1340 propter
1188 1255 1426 1321 divinae
1469 1255 1850 1321 reverentiae
1902 1256 2225 1334 timorem,

684 1363 1006 1448 operanda
1031 1364 1114 1446 (a)
1135 1364 1306 1429 bona
1329 1368 1589 1447 propter
1613 1379 1900 1428 amorem
1932 1363 2225 1446 justitiae,

682 1474 748 1536 et
771 1470 1121 1555 appetenda
1145 1469 1424 1536 coeiestia
1456 1474 1715 1554 propter
1742 1471 2106 1536 fmitionem
2133 1488 2230 1534 sa·

682 1577 961 1660 pientiae,
992 1580 1057 1642 et
1084 1594 1200 1660 per
1224 1577 1364 1641 haec
1400 1576 1527 1641 tria
1564 1578 1895 1642 ordinetur
1917 1576 2114 1642 homo
2144 1576 2227 1642 ad

680 1686 963 1768 seipsum
981 1730 1003 1763 ,
1032 1684 1113 1750 ad
1152 1684 1522 1767 proximum
1566 1689 1632 1750 et
1665 1684 1746 1750 ad
1770 1684 1974 1750 Deum
2005 1706 2022 1749 τ
2055 1689 2225 1752 recte

679 1794 889 1874 potest
927 1792 1052 1857 dici
1094 1792 1267 1876 quod
1313 1793 1495 1858 docet
1547 1811 1807 1859 omnem
1861 1793 2219 1858 veritatem.

679 1896 897 1963 Primo
938 1899 1119 1965 docet
1153 1899 1387 1982 fugere
1428 1899 1601 1964 mala
1643 1904 1901 1984 propter
1925 1901 2226 1965 timorem

677 2004 915 2071 divinae
931 2005 1344 2085 reverentiae3
1373 2006 1546 2071 unde
1568 2006 1638 2070 in
1666 2005 1937 2072 Psalmis
1958 2008 1978 2044 ¹
2014 2028 2029 2073 ε
2057 2030 2091 2069 ι
2113 2005 2226 2072 Ve-

677 2112 849 2192 nite,
873 2113 1023 2195 filii,
1054 2114 1270 2180 audite
1302 2131 1409 2179 me
1444 2136 1461 2177 :
1491 2113 1792 2179 timorem
1827 2114 2080 2180 Domini
2108 2114 2222 2180 do-

672 2219 834 2286 cebo
888 2239 1025 2286 vos.
1063 2242 1096 2281 n
1145 2220 1225 2285 Et
1271 2221 1562 2305 sequitur
1591 2243 1608 2286 ε
1648 2242 1679 2283 α
1705 2221 1959 2287 Declina
1985 2240 2027 2286 a
2053 2221 2224 2287 malo

677 2328 743 2424 et
766 2327 866 2392 fac
891 2329 1158 2408 bonum,
1184 2327 1441 2411 inquire
1482 2346 1706 2410 pacem
1739 2333 1804 2393 et
1841 2345 2222 2411 persequere

677 2454 844 2502 eam.
883 2459 915 2499 n
960 2439 1121 2516 Quia
1159 2438 1354 2504 timor
1394 2437 1650 2503 Domini
1690 2441 1783 2504 est
1823 2438 2114 2516 initium,
2158 2443 2223 2503 et

676 2545 1057 2628 primarium
1086 2545 1571 2611 fundamentum
1602 2545 1811 2612 omnis
1851 2545 2004 2611 boni
2023 2592 2046 2625 ,
2081 2545 2223 2610 ideo

676 2647 953 2734 Spiritus
977 2655 1232 2716 sanctus
1251 2701 1268 2732 ,
1309 2654 1621 2734 tanquam
1656 2670 1851 2718 verus
1885 2645 2217 2733 magister,

673 2756 881 2839 primo
937 2756 1119 2822 docet
1176 2756 1530 2840 quemlibet
1576 2776 1769 2822 suum
1835 2756 2220 2840 discipulum

670 2862 969 2928 timorem
998 2862 1271 2944 Domini,
1298 2881 1413 2946 per
1439 2882 1634 2947 quem
1659 2863 1934 2930 declinat
1958 2862 2156 2929 homo
2180 2883 2221 2928 a

671 2970 865 3049 malo,
893 2974 959 3034 et
983 2970 1132 3034 facit
1168 2971 1414 3035 bonum
1434 2970 1744 3053 justitias,
1773 2974 1838 3035 et
1862 2970 2133 3054 inquirit
2154 2975 2220 3036 et

670 3078 959 3159 sequitur
993 3078 1238 3143 bonum
1265 3077 1439 3160 pacis
1464 3078 1534 3141 in
1560 3077 2062 3143 conversatione.
2098 3076 2215 3142 Se-

671 3184 880 3248 cundo
922 3184 1103 3249 docet
1138 3184 1341 3248 facere
1367 3184 1613 3248 bonum
1642 3187 1902 3267 propter
1929 3198 2216 3249 amorem

661 3295 974 3379 justitiam
1029 3295 1202 3362 unde
1228 3295 1302 3360 ²:
1345 3317 1378 3357 α
1412 3294 1831 3373 Sobrietatem
1879 3296 2053 3361 enim
2080 3342 2102 3375 ,
2150 3299 2217 3360 et

659 3402 977 3486 justitiam
994 3401 1197 3482 docet,
1216 3402 1521 3467 virtutem
1545 3402 1621 3485 (b)
1651 3407 1714 3467 et
1737 3403 2205 3485 prudentiam.»

669 3510 830 3588 Quia
850 3509 1091 3593 duplex
1112 3512 1208 3575 est
1235 3508 1507 3592 justitia,
1537 3509 1603 3574 id
1625 3514 1751 3587 est,
1781 3515 2098 3591 quantum
2133 3511 2212 3576 ad

668 3617 951 3700 seipsum
970 3663 991 3695 ‚
1039 3619 1103 3681 et
1144 3617 1459 3698 quantum
1503 3614 1583 3679 ad
1625 3614 2028 3698 proximum3
2069 3616 2213 3683 ideo

666 3722 938 3807 Spiritus
963 3728 1225 3788 sanctus
1249 3722 1458 3805 primo
1485 3721 1667 3787 docet
1692 3722 2120 3805 prudentiam,
2149 3728 2213 3789 et

664 3832 1065 3899 sobrietatem
1105 3830 1435 3896 modestiae
1473 3830 1545 3894 in
1581 3830 1819 3896 utendo
1838 3879 1859 3910 ‚
1891 3836 2205 3915 quantum

666 3939 747 4004 ad
806 3940 1127 4023 seipsum;
1188 3937 1468 4003 secundo
1533 3937 1713 4003 docet
1773 3939 2079 4004 virtutem
2135 3939 2211 4024 (b)

658 4047 931 4130 Justitiae
972 4047 1047 4111 in
1087 4046 1405 4112 reddendo
1421 4094 1440 4124 ,
1482 4050 1802 4128 quantum
1847 4045 1927 4110 ad
1982 4048 2207 4129 proxi-

667 4171 875 4222 mum.
898 4154 1009 4221 His
1026 4153 1445 4221 duobusnihil
1468 4154 1697 4219 utilius
1722 4159 1818 4219 est
1842 4154 2211 4221 hominibus

666 4264 746 4330 ad
776 4262 1388 4330 consummationem
1415 4263 1568 4328 vitae
1594 4261 1960 4345 spiritualis.
1998 4261 2210 4328 Tertio

665 4372 847 4437 docet
873 4375 1166 4455 appetere
1190 4370 1490 4449 coelestia,
1526 4372 1784 4453 propter
1810 4369 2204 4450 degustatio-

661 4486 816 4543 nem
862 4478 1100 4543 divinae
1146 4477 1470 4561 sapientiae
1494 4475 1560 4539 ⁸:
1597 4497 1630 4538 α
1674 4475 1954 4540 Docuisti
1992 4479 2208 4540 autem

663 4585 978 4669 populum
1030 4589 1217 4650 tuum
1267 4602 1381 4668 per
1418 4583 1572 4649 talia
1628 4600 1821 4666 opera
1841 4632 1860 4661 ‚
1900 4583 2208 4665 quoniam

662 4696 910 4775 oportet
946 4693 1203 4775 justum
1239 4703 1374 4756 esse
1413 4694 1477 4755 et
1510 4689 1893 4767 humanum,
1925 4693 1990 4754 et
2016 4690 2205 4755 bonae

661 4800 797 4883 spei
838 4799 1041 4865 fecisti
1071 4797 1241 4866 filios
1266 4803 1432 4863 tuos.
1468 4817 1500 4856 n
1541 4794 1965 4879 Spiritualiter
1989 4800 2205 4860 autem

664 4905 789 4970 ista
831 4905 1173 4971 auctoritas
1215 4901 1555 4982 intellecta,
1584 4905 1790 4983 potest
1814 4901 1895 4967 ad
1921 4919 2206 4986 praesens

661 5012 754 5078 sic
779 5012 1038 5096 exponi,
1064 5016 1142 5077 ut
1164 5010 1482 5091 dirigatur
1496 5008 1769 5074 verbum
1792 5007 1870 5073 ad
1891 5008 2204 5091 Spiritum

663 5123 956 5186 sanctum
996 5138 1014 5184 ε
1061 5116 1355 5186 nocuisti
1392 5113 1700 5200 populum
1748 5120 1968 5196 tuum,
2002 5116 2069 5179 id
2111 5122 2207 5182 est

676 5235 683 5242 ⁸
724 5246 747 5282 ἱ
774 5242 912 5296 Psal.
942 5252 1132 5308 xxxlu,
1165 5242 1246 5306 12,
1276 5243 1356 5293 15.
1384 5268 1447 5281 —
1470 5240 1493 5277 ἱ
1516 5242 1659 5306 Sap„
1687 5249 1799 5303 vm,
1832 5237 1881 5289 7.
1911 5265 1975 5277 —
2006 5238 2028 5274 ⁸
2056 5240 2203 5305 Sap„

662 5328 772 5382 111,
804 5321 884 5370 ¹9.
912 5341 975 5356 --
1000 5316 1018 5347 ⁴
1060 5316 1081 5365 Ι
1111 5316 1282 5378 loom,
1302 5326 1365 5378 11,
1389 5317 1469 5365 27.
1496 5340 1559 5353 -
1579 5315 1602 5349 ὓ
1633 5312 1785 5363 Hunc
1809 5310 1964 5362 habet
1995 5325 2203 5377 quoque

664 5389 786 5441 edit.
826 5388 986 5440 Paris.
1019 5398 1107 5438 an.
1139 5386 1285 5437 1521.
1311 5410 1377 5424 -
1402 5385 1424 5416 ⁸
1446 5383 1614 5448 loun„
1644 5394 1762 5448 xv1,
1790 5384 1871 5434 13.
1897 5407 1963 5421 -
1994 5383 2011 5414 ⁷
2040 5384 2203 5444 loun..

665 5469 748 5527 νι,
782 5465 861 5516 45.
891 5485 948 5499 —
987 5459 1007 5492 ⁸
1044 5460 1215 5522 prov„
1246 5455 1333 5522 vs,
1362 5458 1411 5508 6.
1445 5482 1502 5496 -
1545 5456 1569 5492 ⁸
1607 5454 1810 5516 natm„
1846 5465 2000 5518 xxvt,
2033 5457 2112 5505 55.
2137 5482 2203 5494 -

1790 472 2210 541 summulis
2229 453 2351 537 'ort
2390 468 2785 539 TEMPORE.

2342 605 2766 671 christianum
2788 623 2903 672 seu
2925 605 3175 673 fidelem
3216 607 3315 691 (c),
3340 623 3458 692 per
3491 610 3654 678 talia
3688 625 3864 695 opera

2343 712 2754 789 miraculosa,
2788 715 3108 796 quomodo
3135 717 3389 799 justum
3416 722 3511 782 est
3550 722 3615 783 et
3648 719 3864 784 huma-

2340 806 2525 902 num,
2544 825 2619 886 ut
2631 839 2747 904 per
2755 821 3050 887 effectum
3061 822 3476 889 deveniamus
3484 824 3555 888 in
3577 826 3871 906 cognitio-

2338 945 2490 992 nem
2504 945 2737 1008 causae,
2755 931 2820 993 et
2836 947 2951 1012 per
2970 929 3247 994 visibilia
3264 931 3345 995 ad
3364 930 3727 1012 invisibilia,
3736 937 3867 1002 tan,-

2336 1052 2537 1118 quam
2582 1037 2890 1102 animales
2934 1041 3013 1102 etv
3036 1038 3368 1103 sensibiles
3388 1087 3408 1118 ,
3446 1039 3864 1104 reducamur:

2337 1159 2414 1206 eo
2439 1142 2612 1226 quod
2639 1160 2796 1209 vera
2821 1144 3101 1226 cognitio
3133 1143 3201 1207 in
3226 1144 3334 1209 via
3358 1146 3581 1228 incipit
3604 1163 3646 1209 a
3673 1148 3868 1228 poste-

2334 1250 2491 1316 riori
2508 1299 2524 1332 ,
2558 1255 2622 1319 et
2649 1252 2827 1319 bonoe
2858 1254 3001 1333 spei
3046 1252 3261 1331 fecisti
3301 1252 3474 1333 filios
3501 1259 3646 1320 tuos
3668 1254 3736 1317 in
3762 1271 3868 1318 ex-

2332 1359 2642 1443 pectando
2686 1379 2836 1425 cum
2879 1361 3193 1427 desiderio
3240 1363 3525 1428 futuram
3578 1363 3868 1446 gloriam.

2336 1465 2494 1551 Spes
2529 1469 2703 1532 enim
2746 1467 3016 1533 coelestis
3063 1468 3285 1553 patriae
3330 1470 3563 1534 excitat
3607 1470 3679 1534 in
3730 1468 3872 1534 filiis

2333 1573 2445 1641 Dei
2471 1576 3013 1660 concupiscentias
3033 1580 3324 1642 aeternas.
3356 1575 3434 1642 Et
3458 1577 3536 1642 de
3561 1577 3688 1642 hoc
3713 1577 3875 1641 simi-

2336 1680 2487 1747 liter
2512 1683 2743 1749 dicitur
2769 1689 2795 1728 ⁴
2825 1704 2841 1749 ε
2873 1708 2903 1744 «
2933 1683 3109 1750 Sicut
3134 1683 3350 1749 docuit
3373 1700 3512 1761 vos,
3543 1688 3793 1749 manete
3806 1683 3873 1747 iu

2333 1807 2436 1870 ee,
2458 1793 2556 1870 ut,
2583 1809 2732 1856 cum
2760 1793 3148 1875 apparuerit,
3178 1791 3530 1856 habeamus
3552 1790 3871 1870 fiduciam,

2333 1899 2396 1960 et
2419 1913 2551 1962 non
2576 1897 3049 1964 confundamur
3069 1898 3152 1964 ab
3174 1915 3253 1964 eo
3277 1898 3346 1963 in
3369 1898 3650 1965 adventu
3672 1900 3866 1980 eius.»

2331 2001 2656 2086 Rogemus
2678 2023 2861 2088 ergo,
2891 2010 3012 2071 etc.

2848 2184 3139 2256 SERMO
3192 2185 3289 2257 IV
3316 2194 3363 2256 ⁸.

2417 2327 2718 2410 Spiritus
2755 2330 3054 2397 veritatis
3089 2328 3338 2398 docebit
3370 2341 3486 2396 vos
3509 2344 3758 2397 omnem
3779 2343 3877 2397 oe·

2335 2435 2595 2502 ritatem
2622 2441 2669 2500 ⁸.
2699 2435 2973 2501 Attende
3012 2437 3181 2520 quis,
3212 2454 3395 2520 quos,
3441 2437 3598 2521 quid
3633 2437 3871 2503 doceat.

2332 2540 2532 2618 Quis?
2567 2551 2701 2606 no'n
2729 2543 2949 2624 homo,
2977 2562 3109 2610 non
3139 2544 3436 2627 angelus,
3467 2543 3578 2609 sed
3606 2542 3878 2628 Spiritus

2329 2652 2608 2713 sanctus.
2656 2649 2872 2727 Quos?
2909 2667 3040 2715 non
3081 2650 3316 2716 bestias
3333 2698 3352 2729 ,
3392 2669 3525 2717 non
3561 2652 3879 2735 quoslibet

2330 2755 2651 2838 indignos,
2702 2757 2813 2821 sed
2861 2775 2981 2822 vos
3012 2758 3331 2840 apostolos
3352 2807 3370 2838 ,
3417 2777 3536 2824 vos
3568 2758 3873 2825 humiles.

2330 2860 2537 2938 Quid?
2567 2881 2700 2928 non
2738 2863 2992 2944 falsum,
3039 2883 3174 2930 non
3207 2883 3406 2936 unam
3441 2868 3698 2932 tantum
3722 2916 3738 2947 ,
3771 2863 3877 2931 sed

2327 2984 2589 3034 omnem
2613 2971 2973 3037 veritatem.

2407 3075 2582 3141 Circa
2607 3078 2914 3160 primum,
2932 3083 3084 3144 nota
3100 3080 3270 3162 quod
3288 3078 3474 3148 Pater
3489 3099 3607 3147 nos
3622 3082 3840 3148 doeet’
3859 3104 3874 3148 ε

2335 3203 2367 3243 u
2394 3181 2604 3248 Erunt
2625 3203 2849 3250 omnes
2866 3172 3167 3252 docibiles
3188 3187 3318 3253 Dei.
3358 3188 3599 3269 Omnis,
3628 3191 3745 3272 qui
3771 3209 3881 3255 au-

2324 3290 2484 3356 divit
2511 3311 2551 3356 a
2581 3291 2766 3357 Patre
2780 3298 2843 3358 et
2863 3294 3110 3374 didicit,
3140 3297 3320 3361 venit
3344 3297 3426 3362 ad
3455 3315 3580 3362 me.
3599 3316 3631 3359 a
3648 3297 3721 3363 Si
3749 3316 3879 3364 non

2324 3399 2424 3463 vis
2456 3399 2700 3465 discere
2721 3420 2761 3465 a
2787 3401 2975 3467 Patre
3012 3407 3254 3470 aeterno
3276 3452 3294 3481 ,
3335 3404 3538 3470 discas
3572 3406 3802 3472 saltem
3841 3425 3881 3471 a

2329 3506 2445 3571 vili
2475 3508 2826 3573 vermiculo
2853 3509 2876 3546 ⁸
2905 3527 2920 3572 t
2961 3533 2992 3571 α
3018 3508 3188 3576 Vade
3212 3511 3292 3577 ad
3318 3512 3681 3594 formicam,
3714 3532 3756 3579 o
3783 3514 3882 3597 pi-

2329 3630 2473 3696 ger,
2503 3617 2569 3678 et
2591 3614 2921 3681 considera
2944 3615 3081 3682 vias
3102 3620 3159 3701 ej
3167 3636 3266 3698 us,
3309 3622 3374 3683 et
3415 3618 3587 3685 disee
3616 3621 3879 3704 sapien·

2320 3721 2501 3802 tiam,
2521 3743 2553 3782 n
2580 3726 2699 3786 etc.
2728 3741 2932 3806 usque
2964 3737 2983 3786 t
3020 3747 3054 3785 α
3077 3729 3429 3806 congregat
3453 3727 3523 3791 in
3550 3745 3762 3793 messe
3789 3727 3878 3792 ci·

2321 3828 2483 3894 bum
2521 3828 2667 3893 sibi.
2704 3850 2737 3889 n
2786 3827 2890 3895 Sic
2917 3834 2981 3895 et
3020 3848 3139 3896 nos
3165 3831 3334 3898 bona
3367 3850 3572 3916 opera
3609 3839 3674 3899 et
3708 3835 3881 3900 bona

2326 3935 2556 4000 merita
2579 3953 2979 4019 congregare
2997 3936 3394 4019 deberemus,
3414 3940 3590 4006 unde
3607 3945 3880 4006 aeterna-

2327 4042 2474 4108 liter
2516 4043 2900 4109 cibaremur.
2949 4043 3108 4110 Item
3161 4043 3365 4111 Filius
3417 4065 3536 4114 nos
3586 4049 3777 4115 docet
3801 4049 3825 4085 ⁹
3858 4069 3875 4111 ε

2329 4173 2361 4211 ι
2404 4149 2698 4228 Quotidie
2742 4151 2911 4234 apud
2967 4169 3084 4217 vos
3122 4171 3300 4218 eram
3358 4155 3428 4219 in
3468 4156 3714 4240 templo
3753 4156 3879 4221 do·

2319 4265 2492 4322 cens.
2525 4280 2557 4319 ι)
2591 4255 2732 4323 Non
2759 4257 2942 4323 docet
2972 4260 3044 4323 in
3071 4260 3347 4339 stabulo,
3394 4280 3515 4327 nec
3548 4264 3622 4328 in
3659 4263 3878 4329 cloaca

2318 4364 2591 4445 diaboli,
2632 4364 2699 4429 id
2722 4365 2913 4429 estin
2937 4365 3133 4432 corde
3160 4367 3413 4433 sordido
3428 4390 3446 4448 ;
3483 4370 3594 4435 sed
3623 4374 3699 4435 in
3726 4376 3879 4438 tem-

2316 4471 2421 4554 plo
2444 4471 2651 4537 cordis
2674 4472 2909 4554 devoti,
2941 4473 3009 4537 in
3037 4492 3168 4556 quo
3190 4474 3589 4542 adorationes
3606 4496 3686 4543 ac
3699 4478 3879 4545 obla·

2315 4578 2522 4644 tiones
2575 4582 2875 4645 votorum
2912 4582 2979 4645 et
3018 4581 3482 4648 desideriorum
3542 4583 3877 4653 bonorum

2316 4687 2498 4752 flunt.
2529 4683 2960 4771 Hieronymus
2986 4688 3071 4753 ¹⁰:
3102 4711 3136 4750 α
3158 4686 3408 4757 Bonum
3433 4689 3671 4757 Christi
3701 4699 3875 4759 tem-

2315 4793 2498 4877 plum
2542 4798 2636 4858 est
2681 4794 2896 4859 anima
2939 4794 3249 4861 credentis
3298 4817 3314 4860 :
3362 4796 3540 4863 illam
3590 4813 3870 4883 exorna,

2313 4901 2490 4965 illam
2532 4901 2730 4982 vesti,
2761 4901 2831 4966 in
2879 4902 2989 4968 illa
3031 4902 3191 4968 offer
3230 4903 3493 4969 donaria
3509 4950 3532 4984 ‚
3570 4906 3644 4971 in
3687 4907 3874 4973 illam
3957 4907 3960 4910 ’

2313 5007 2634 5074 Christum
2674 5010 2944 5093 suscipe.
2989 5027 3021 5071 ι»
3067 5009 3343 5094 Spiritus
3381 5017 3638 5080 sanctus
3682 5015 3878 5082 docet

2310 5133 2452 5196 nos,
2499 5117 2663 5181 sicut
2709 5117 2815 5182 hic
2856 5119 3088 5183 dicitur
3108 5120 3150 5156 ¹¹
3182 5141 3199 5183 z
3239 5142 3273 5181 α
3301 5119 3527 5186 Uncfio
3561 5123 3710 5202 ejus
3748 5141 3875 5191 vos

2311 5234 2352 5354 ἴ
2393 5232 2628 5297 Hieron„
2662 5231 2733 5283 ud
2765 5232 3068 5297 Paulinum,
3107 5234 3258 5299 epist.
3288 5248 3435 5289 xux.
3476 5265 3533 5276 -
3571 5238 3610 5274 ¹¹
3643 5240 3662 5289 Ι
3693 5242 3872 5307 loun„

2335 5305 2593 5448 ι’(αῗὸωί.
2630 5384 2754 5436 edit.
2787 5383 3071 5449 operando.
3110 5413 3167 5424 —
3195 5382 3280 5454 ’(ὸ)
3311 5389 3439 5440 Item
3469 5388 3772 5444 veritatem.
3805 5418 3870 5432 —

2311 5458 2373 5523 (c)
2406 5457 2531 5509 uem
2559 5457 2904 5510 Christianum
2933 5457 3106 5509 fldem.
