4059 6317
923 495 1304 568 DOMINICA
1345 494 1427 564 IX
1467 493 1665 562 POST
1708 491 2290 562 PENTECOSTEN.
2334 492 2598 561 SERMO
2639 492 2744 563 lv.

242 633 358 715 sit,
395 637 466 702 et
501 635 787 719 gustabit
825 638 1235 718 sensibiliter,
1278 635 1600 721 quomodo
1644 636 1785 715 ejus

244 746 476 825 gustus
497 749 593 810 est
619 763 814 830 super
834 746 961 811 mel
988 746 1192 812 dulcis
1216 763 1235 809 ε
1265 746 1451 828 cujus
1472 745 1786 812 immensa

244 850 628 932 magnitudo
655 851 1038 932 dulcedinis,
1066 870 1215 937 quae
1240 853 1312 917 in
1347 871 1424 918 eo
1457 849 1784 917 abscondi-

246 962 353 1021 tur
384 957 491 1041 (α),
523 960 875 1043 appetitum
914 952 1148 1025 animae
1162 1007 1179 1038 ‚
1210 977 1361 1043 quae
1394 962 1494 1023 est
1528 958 1608 1023 ad
1634 957 1783 1021 infl-

244 1065 403 1143 nita,
430 1066 728 1132 absorbet
751 1073 816 1132 et
841 1068 1103 1150 quietat.
1136 1067 1210 1131 In
1241 1067 1424 1131 nullo
1459 1066 1632 1132 enim
1660 1065 1787 1129 alio

244 1173 620 1240 fluxibilitas
657 1177 1009 1260 appetitus,
1047 1180 1111 1241 et
1150 1174 1523 1239 instabilitas
1558 1173 1788 1237 mentis

245 1286 453 1365 potest
487 1283 851 1363 terminari,
891 1288 954 1348 et
989 1282 1285 1366 quietari.
1326 1280 1488 1346 Nam
1516 1299 1626 1345 cor
1660 1280 1788 1345 hu-

245 1406 512 1454 manum
556 1389 649 1456 sic
699 1389 1016 1455 lubricum
1070 1393 1135 1455 et
1186 1387 1480 1454 instabile
1531 1391 1789 1472 propter

243 1496 678 1562 diversitatem
731 1497 1051 1581 appetitus
1103 1497 1186 1562 ad
1240 1496 1445 1561 multa
1497 1500 1560 1560 et
1605 1496 1789 1560 varia

243 1603 563 1669 fluxibilis
578 1654 598 1685 ,
626 1624 712 1671 ne
734 1608 879 1689 ejus
904 1606 1219 1690 appetitus
1257 1605 1330 1670 ιιι
1351 1603 1568 1687 aliquo
1596 1605 1784 1668 satie·

242 1714 377 1790 tur,
405 1712 708 1778 continue
735 1712 1102 1777 dissolvitur
1122 1712 1204 1777 ad
1220 1712 1499 1777 carnalia
1526 1709 1790 1776 delecta-

246 1821 468 1882 menta
498 1819 724 1901 plura;
764 1822 843 1885 ut
873 1820 1230 1886 stabilietur
1271 1821 1341 1884 in
1381 1820 1581 1900 bono,
1625 1819 1791 1884 Deus

243 1924 422 1990 dedit
461 1925 712 1992 homini
745 1945 982 2010 panem
1007 1927 1078 1992 in
1103 1945 1236 2011 quo
1275 1927 1560 1993 inveniet
1585 1925 1788 2010 pleni·

243 2032 538 2098 tudinem
563 2035 931 2116 sami-itatis,
960 2039 1025 2100 et
1053 2034 1422 2102 ebrietatem
1447 2034 1785 2118 sapientia-

243 2138 328 2202 lis
355 2139 718 2224 voluptatis.
747 2140 925 2207 Unde
950 2142 1021 2206 in
1050 2139 1303 2208 Psalmo
1332 2144 1352 2178 ¹
1385 2159 1402 2204 t
1443 2165 1474 2203 α
1504 2140 1787 2206 Inebria-

243 2248 491 2314 buntur
521 2250 603 2315 ab
632 2251 919 2316 ubertate
944 2250 1176 2315 domus
1208 2253 1371 2330 tuae,
1409 2253 1474 2314 et
1509 2253 1789 2315 torrente

241 2357 592 2441 voluptatis
607 2363 736 2425 tuae
757 2358 1005 2443 potabis
1021 2377 1153 2424 eos.
1185 2357 1501 2436 Quoniam
1527 2357 1701 2439 apud
1721 2360 1788 2421 te

241 2469 342 2529 est
380 2463 522 2529 fons
560 2466 736 2546 vitae,
774 2470 839 2534 et
874 2466 944 2530 in
988 2464 1233 2531 lumine
1273 2470 1388 2530 tuo
1426 2464 1790 2530 videbimus

239 2570 488 2636 lumen.
518 2593 550 2632 n

323 2677 657 2746 Secundo
639 2697 710 2744 ιιι
734 2679 932 2746 verbo
958 2678 1279 2762 proposito
1297 2681 1558 2742 notatur
1583 2677 1790 2742 inten-

239 2785 334 2851 tio
369 2786 656 2851 sacrificii
689 2787 760 2850 iu
799 2789 1142 2870 conspectu
1167 2785 1316 2864 Dci;
1347 2785 1429 2849 ad
1470 2784 1644 2868 quod
1672 2802 1791 2864 ne-

239 2910 426 2959 cesse
443 2896 597 2958 sunt
623 2898 752 2957 tres
783 2892 1196 2960 conditiones.
1233 2889 1396 2957 Nam
1432 2892 1644 2975 primo
1672 2892 1789 2957 de·-

238 3000 352 3065 bet
396 3000 630 3083 praeire
670 3000 1025 3066 orationem
1065 2977 1396 3065 humilitas
1437 2999 1677 3079 animi,
1722 2998 1790 3062 in

246 3106 684 3189 reputatione3
714 3106 996 3172 secundo
1019 3107 1307 3171 comitari
1333 3105 1518 3171 debet
1552 3104 1786 3170 sancti-

245 3217 347 3277 tas
385 3214 705 3294 desiderii,
744 3214 814 3278 in
847 3213 1215 3293 affectione3
1261 3213 1451 3278 tertio
1485 3212 1792 3296 subsequi

244 3319 553 3384 sedulitas
577 3320 770 3385 studii
795 3322 868 3386 in
893 3321 1389 3387 continuatione.

325 3425 545 3492 Primo
581 3427 934 3493 orationem
972 3429 1158 3494 debet
1187 3427 1419 3512 praeire
1458 3428 1790 3493 humilitas

241 3535 449 3600 animi
487 3535 559 3602 in
601 3536 1021 3619 reputatione.
1064 3534 1145 3604 Et
1181 3536 1261 3604 de
1301 3536 1428 3603 hoc
1474 3536 1791 3602 habemus

239 3641 612 3725 exemplum
655 3642 734 3707 de
763 3641 1084 3708 Pharisaeo
1122 3648 1185 3708 et
1225 3642 1572 3710 Publicano
1596 3645 1642 3726 ¹,
1675 3643 1790 3728 qui

112 3735 123 3745 ’
248 3772 283 3811 ι
305 3749 726 3815 ascenderunt
751 3749 821 3813 in
844 3749 1190 3834 templum,
1211 3753 1286 3815 ut
1302 3755 1560 3817 orarent
1569 3772 1588 3832 ;
1616 3773 1649 3812 n
1679 3751 1792 3816 sed

239 3857 450 3922 oratio
473 3856 808 3922 Publicani
833 3857 993 3924 adeo
1019 3859 1374 3941 reputantis
1394 3876 1463 3923 sc
1488 3875 1626 3924 esse
1658 3876 1793 3923 ma-

244 3963 426 4042 lum,
470 3967 546 4028 ut
602 3980 737 4028 non
789 3964 1052 4030 auderet
1111 3963 1445 4045 accedere,
1505 3967 1638 4031 imo
1682 3989 1716 4028 ι
1751 3983 1793 4030 a

238 4069 441 4152 longe
475 4074 652 4136 stans
670 4117 689 4150 ,
731 4092 765 4136 s
817 4089 968 4137 cum
1011 4072 1241 4138 timore
1277 4077 1344 4138 et
1386 4074 1787 4155 reverentia,

247 4200 282 4236 ιι
308 4175 570 4242 nolebat
596 4195 720 4243 nec-
740 4179 958 4244 ocialos
984 4180 1065 4244 ad
1089 4179 1323 4245 coelum
1351 4181 1566 4248 levare
1589 4203 1621 4243 a
1653 4200 1792 4266 prae

238 4269 652 4365 verecundia,
682 4279 1039 4369 penetravit
1064 4292 1129 4352 et
1156 4289 1441 4354 ascendit
1464 4289 1645 4355 velut
1681 4290 1791 4355 fu—

155 4401 168 4414 ·
235 4409 391 4460 mm
416 4398 780 4459 aromatum
805 4393 875 4459 in
900 4399 1243 4479 conspectu
1270 4395 1406 4477 Dei,
1433 4398 1786 4463 secundnm

231 4500 415 4583 quod
448 4500 681 4567 dicitur
707 4501 774 4567 ⁸:
812 4524 844 4564 α
872 4501 1087 4568 Oratio
1126 4502 1529 4569 humiliantis
1564 4524 1634 4571 se
1660 4525 1784 4572 nu-

233 4609 356 4673 bes
388 4613 677 4693 penetrat
704 4608 805 4692 (b).
837 4630 871 4670 ι
907 4608 1086 4675 Unde
1119 4611 1440 4677 descendit
1468 4612 1785 4695 justifica-

232 4721 349 4782 tus
368 4717 439 4784 iu
462 4718 728 4783 domum
747 4718 1148 4800 conscientiae
1165 4737 1207 4784 a
1227 4717 1573 4801 Pharisaeo,
1603 4723 1792 4804 qu'us

231 4825 444 4894 oratio
483 4830 623 4891 erat
661 4844 810 4892 cum
852 4826 1086 4892 timore
1126 4828 1443 4911 superbiae
1452 4876 1475 4909 ‚
1515 4833 1579 4894 et
1616 4847 1782 4913 prae-

231 4933 604 5016 sumptione
630 4933 898 5017 iustitiae
925 4934 1010 4999 de
1032 4935 1306 5018 propriis
1327 4936 1603 5016 meritis3
1634 4936 1788 5020 qnia

235 5041 448 5108 neum
503 5059 638 5107 non
699 5040 957 5121 orabat,
1014 5041 1149 5106 imo
1208 5061 1277 5107 se
1322 5042 1661 5125 laudabat,
1726 5049 1791 5112 et

307 5204 325 5233 ¹
359 5203 494 5254 Psal.
532 5214 695 5268 xxxv,
723 5205 863 5254 94⁰.
889 5228 953 5241 -
988 5203 1006 5233 ²
1044 5204 1180 5270 luc„
1214 5218 1374 5271 xvm,
1408 5210 1464 5258 {0
1501 5210 1554 5258 et
1587 5221 1697 5274 seq.
1727 5235 1789 5247 —

235 5275 261 5311 ⁸
292 5274 476 5340 Eccli„
506 5287 667 5338 mv,
696 5279 775 5327 21.
805 5302 866 5313 —
891 5275 911 5305 ⁴
937 5277 1091 5340 Aug„
1113 5278 1183 5326 ad
1208 5279 1396 5341 Dioec„
1423 5279 1574 5345 epist.
1605 5292 1789 5342 cxvm,

235 5346 311 5398 al.
346 5355 451 5411 tvi,
477 5359 532 5397 n.
560 5352 640 5399 22.
664 5372 726 5384 -
751 5347 771 5378 ⁸
803 5348 819 5396 Ι
850 5346 998 5410 Tim„
1027 5359 1092 5413 11,
1112 5351 1162 5401 8.
1184 5375 1247 5387 —
1272 5351 1293 5381 ⁸
1317 5352 1524 5415 Manli„
1554 5364 1623 5413 vi,
1656 5357 1704 5405 6.
1727 5379 1789 5391 —

235 5420 257 5452 ⁷
288 5420 464 5484 apoc..
494 5431 606 5485 vin,
635 5422 683 5472 t.
709 5444 773 5457 —
796 5419 817 5449 ⁸
840 5420 976 5482 Luc„
1007 5430 1162 5485 xvus,
1194 5426 1214 5473 ¹
1251 5425 1304 5473 ct
1328 5436 1439 5489 seq.
1469 5449 1532 5461 —
1553 5424 1577 5461 ⁹
1598 5425 1789 5491 Eccle„

234 5499 343 5554 vu,
373 5492 423 5542 9.

528 5599 677 5648 Tou.
717 5596 853 5646 xm.

3212 581 3215 582 ⁷
3313 499 3432 564 385

1894 633 2103 696 oranti
2142 633 2507 698 insultabat.
2546 631 2635 710 Et,
2661 632 2922 716 propter
2954 629 3078 698 hoc
3110 630 3266 697 dicit
3295 632 3434 698 Au-

1899 739 2204 821 gustinus
2248 739 2329 804 ad
2369 739 2742 808 Dioscorum
2768 739 2791 775 ⁸
2822 761 2837 804 ε
2878 763 2908 802 α
2934 738 3067 806 Nisi
3104 740 3268 806 bene
3305 740 3433 805 hu-

1897 846 2132 911 militas
2165 849 2408 927 omnia,
2441 866 2591 930 quae
2633 848 2798 913 bene
2823 847 3115 930 agimus,
3162 864 3435 931 praeces-

1895 956 2083 1032 serit,
2114 955 2217 1019 vel
2257 956 2595 1021 comitetur
2610 1003 2627 1033 ‚
2678 955 2783 1021 vel
2828 956 3173 1021 subsecuta
3215 955 3434 1034 fuerit,

1895 1062 2220 1145 proposita
2260 1080 2391 1144 qua
2423 1074 2805 1129 moveamur
2847 1064 2920 1146 (c)
2939 1110 2962 1143 ‚
3005 1063 3292 1147 apposita
3331 1064 3471 1131 cui.

1896 1170 2339 1236 adhaereamus
2356 1219 2375 1250 ,
2433 1171 2732 1255 imposita
2782 1190 2913 1255 qua
2964 1171 3396 1255 reprimamur
3415 1217 3435 1250 ,

1888 1281 2029 1359 jam
2056 1277 2135 1342 de
2175 1279 2389 1361 aliquo
2425 1280 2731 1345 beneficio
2772 1280 2957 1345 nobis
2983 1279 3433 1364 gaudentibus,

1897 1390 2100 1450 totum
2131 1389 2468 1470 extorquet
2494 1386 2572 1452 de
2599 1405 2799 1453 manu
2825 1391 3034 1455 vestra
3056 1388 3376 1472 superbia.
3398 1411 3431 1450 n

1976 1491 2271 1559 Secundo
2295 1495 2646 1560 orationem
2666 1495 2855 1560 debet
2879 1495 3171 1560 comitari
3196 1496 3440 1578 puritas

1895 1600 2232 1665 desiderii
2215 1621 2286 1666 ιιι
2310 1601 2661 1668 affectione.
2697 1602 2876 1668 Unde
2902 1607 2975 1643 ⁸·
2956 1625 3046 1668 ,α
3072 1603 3229 1669 Volo
3268 1603 3438 1668 viros

1896 1725 2082 1773 orare
2120 1709 2188 1773 in
2230 1710 2405 1774 omni
2440 1709 2598 1792 loco,
2643 1711 2931 1777 levantes
2973 1729 3168 1793 puras
3205 1727 3438 1775 manus

1895 1814 2034 1879 sine
2050 1815 2149 1880 ira
2163 1819 2230 1881 et
2245 1816 2718 1900 disceptatione.
2734 1841 2766 1881 n
2794 1817 2929 1883 Hoc
2953 1820 3070 1895 est,
3092 1818 3252 1884 utin
3277 1821 3437 1882 tem·

1895 1941 2050 2006 pore
2101 1924 2405 1989 orationis
2452 1925 2631 1990 nulla
2674 1929 2971 1991 occurrat
3016 1926 3134 1991 irae
3187 1925 3398 2008 passio
3415 1973 3435 2006 ,

1895 2030 2078 2095 nulla
2101 2031 2558 2099 fantasmatum
2600 2032 2834 2099 illusio.
2867 2032 3097 2111 Quales
3136 2050 3295 2116 ergo
3320 2050 3441 2099 vo-

1894 2137 2114 2204 lumus
2137 2139 2413 2206 inveniri
2441 2140 2512 2205 in
2537 2141 2843 2220 oratione,
2871 2143 2937 2205 et
2962 2140 3317 2223 allegantes
3350 2139 3436 2224 (d)

1896 2246 2249 2311 orationem
2289 2247 2596 2314 debemus
2630 2267 2991 2332 praeparare
3026 2266 3160 2314 cor.
3191 2246 3443 2314 Secun-

1895 2353 2051 2418 dum
2067 2353 2527 2438 Augustinum‚
2548 2356 2862 2440 quidquid
2875 2359 3025 2422 ante
3040 2360 3294 2441 tempus
3305 2375 3447 2423 ora-

1896 2460 2087 2526 tionis
2122 2479 2234 2545 per
2260 2481 2486 2527 sensus
2526 2463 2888 2544 hausimus,
2928 2466 3138 2529 totum
3164 2464 3235 2528 in
3275 2467 3443 2529 tem-

1895 2586 2051 2651 pore
2080 2569 2386 2635 oratiouis
2401 2571 2695 2636 occurrit.
2724 2570 2805 2635 Et
2820 2575 3157 2654 propterea
3173 2572 3335 2637 bene
3350 2572 3444 2637 di-

1896 2678 2078 2742 cebat
2102 2677 2411 2746 Dominus
2425 2679 2449 2714 ⁸
2477 2700 2493 2743 ε
2524 2701 2555 2741 α
2583 2678 2681 2744 Tu
2709 2683 2925 2744 autem
2953 2697 3104 2745 cum
3130 2680 3436 2760 oraveris,

1895 2785 2067 2850 intra
2103 2785 2173 2850 in
2209 2786 2576 2851 cubiculum
2618 2790 2832 2868 tuum,
2883 2790 2948 2852 et
2974 2786 3203 2852 ¹clauso
3242 2786 3435 2867 ostio,

1896 2911 2014 2957 ora
2040 2896 2290 2975 patrem
2316 2898 2529 2959 tuum.
2560 2914 2594 2954 ι
2630 2893 2763 2959 Hoc
2786 2898 2911 2971 est,
2941 2898 3019 2959 ut
3045 2898 3442 2978 praeparetur

1894 3004 2211 3065 secretum
2237 3002 2559 3081 cordis,·et
2578 3000 2957 3066 claudantur
2976 3018 3199 3066 semus
3222 3018 3441 3085 corpo-

1893 3104 2006 3186 ris,
2050 3111 2127 3172 ut
2170 3125 2355 3172 mens
2393 3108 2766 3173 transcessis
2800 3107 3094 3173 sensibus
3134 3107 3440 3173 humanis

1895 3220 1960 3280 et
1984 3214 2509 3281 similitudinibus
2530 3215 2957 3298 imaginariis,
2987 3233 3119 3280 non
3145 3231 3305 3280 sono
3331 3232 3441 3281 vo-

1896 3325 1987 3388 cis
2007 3330 2074 3389 et
2110 3323 2361 3407 linguae
2392 3329 2606 3405 motu,
2654 3324 2834 3389 nulla
2872 3323 3267 3408 syllabarum
3306 3322 3438 3388 dis-

1889 3430 2247 3513 junctione,
2277 3431 2388 3496 sed
2416 3432 2813 3514 conglobatis
2849 3431 3315 3497 desideriorum
3337 3432 3438 3496 ar·-

1893 3539 2163 3604 fectibus
2204 3540 2275 3604 in
2306 3539 2415 3604 Dei
2455 3558 2745 3606 amorem
2774 3543 2840 3605 et
2870 3539 3131 3605 laudem
3156 3540 3436 3605 resolva-

1894 3651 2038 3726 tur3
2083 3647 2237 3732 quia
2270 3650 2424 3713 tunc
2466 3647 2851 3731 adimpletur
2893 3648 3066 3731 quod
3115 3647 3433 3713 dicitur⁷.

1903 3778 1936 3818 α
1980 3755 2278 3821 Ascendit
2333 3756 2551 3821 tumus
2604 3756 3015 3821 incensorum
3061 3756 3141 3821 de
3194 3756 3438 3821 oratio-

1893 3862 2089 3928 nibus
2142 3867 2511 3929 sanctorum
2555 3863 2635 3930 de
2688 3881 2888 3929 manu
2934 3862 3171 3945 Angeli
3220 3881 3437 3930 coram

1895 3969 2047 4035 Deo.
2076 3990 2110 4030 a

1972 4076 2186 4144 Tertio
2208 4077 2565 4143 orationem
2592 4078 2779 4144 debet
2807 4076 3112 4162 subsequi
3136 4077 3440 4143 sedulitas

1891 4185 2089 4250 studii
2134 4185 2205 4249 in
2249 4185 2749 4251 continuatione.
2782 4183 2962 4250 Unde
2993 4183 3064 4250 ⁸:
3099 4206 3134 4247 ι
3180 4182 3438 4268 Oportet

1893 4310 2147 4377 semper
2174 4312 2382 4374 orare,
2420 4298 2486 4359 et
2518 4311 2651 4359 nou
2676 4292 2946 4359 deficere
2991 4310 3069 4357 :a
3104 4292 3320 4366 dicens
3336 4292 3437 4357 cis

1890 4400 2262 4484 exemplum
2304 4400 2640 4484 cujusdam
2686 4399 2900 4467 viduae
2921 4447 2942 4480 ,
2996 4416 3147 4483 quae
3187 4398 3435 4464 ratione

1891 4525 2033 4574 suae
2059 4507 2559 4592 importunitatis
2584 4508 2885 4574 exaudita
2909 4511 3007 4573 est
3041 4507 3213 4591 apud
3250 4506 3433 4589 judi-

1893 4631 2057 4679 cem.
2086 4614 2187 4680 Ad
2217 4614 2519 4696 litteram,
2556 4615 2651 4680 illi
2670 4615 2966 4698 exemplo
3008 4614 3184 4679 illius
3218 4613 3434 4680 viduae

1893 4725 2226 4786 merentur
2252 4722 2543 4789 exaudiri
2569 4723 2637 4788 in
2663 4725 2968 4804 oratione,
2999 4722 3115 4806 qui
3149 4740 3281 4787 uon
3306 4722 3431 4785 im-

1893 4828 2241 4912 pediuntur
2303 4830 2518 4914 aliqua
2581 4831 2908 4913 superflua
2980 4831 3392 4913 occupatione
3408 4877 3428 4908 ,

1893 4954 2143 5020 semper
2170 4936 2309 5004 sine
2331 4927 2823 5018 intermissione,
2854 4943 3093 5003 etcum
3112 4937 3433 5021 importu-

1893 5045 2091 5109 nitate
2115 5063 2321 5127 orare,
2356 5064 2694 5131 quousque
2719 5047 3049 5136 obtineant
3077 5047 3249 5130 quod
3266 5046 3435 5111 desi·
3518 5109 3526 5116 .

1891 5150 3003 5237 derant.Etpropterhocdicit11r⁹:
3040 5153 3438 5222 «Meliorcst

1955 5354 2023 5417 (a)
2058 5353 2183 5405 Goet.
2212 5352 2334 5405 edin
2363 5353 2738 5405 abscondita·
2772 5352 2836 5418 (b)
2872 5352 3021 5419 Vulq.
3048 5354 3356 5420 penetrabit..
3373 5382 3438 5394 -

1893 5425 1940 5490 (c
1938 5428 1952 5488 )
1976 5426 2126 5490 Apud
2147 5427 2277 5490 Any.
2299 5439 2453 5491 quam
2481 5426 2789 5478 intueamur.
2794 5451 2857 5465 —
2881 5425 2950 5491 (d)
2976 5426 3131 5478 Forte
3152 5425 3250 5492 leq.
3273 5426 3442 5538 tenter

3090 5597 3166 5657 25
