4059 6317
709 494 832 554 516

711 639 1084 700 consequens
1117 625 1224 697 est,
1263 638 1337 682 eo
1384 621 1551 699 quod
1595 636 1784 681 unum
1819 623 1989 682 alteri
2023 626 2257 682 contra·

710 720 954 780 dictoris
988 717 1330 795 oppositum
1373 717 1491 787 est3
1539 716 1808 775 dicamus
1841 722 1899 776 et
1938 720 2254 776 tractemus

710 813 912 870 omnia
938 812 1135 870 simul.
1166 816 1262 870 Est
1292 811 1469 884 igitur
1507 812 1837 870 notandum
1874 811 2044 886 quod
2073 811 2257 869 debe·

708 924 841 964 mus
871 923 996 965 esse
1035 907 1231 982 primo
1268 906 1477 964 fideles
1513 905 1690 978 servi,
1719 922 1827 980 per
1863 906 2257 982 comparatio-

706 1014 847 1057 nem
883 1000 964 1058 ad
1005 1001 1357 1071 Dominum;
1389 1000 1653 1058 secundo
1680 1000 1886 1058 fideles
1921 1000 2118 1070 amici,
2148 1015 2255 1073 per

707 1094 1212 1168 comparationem
1267 1094 1345 1151 ad
1389 1110 1765 1168 proximum3
1822 1092 1991 1151 tertio
2046 1092 2256 1150 fideles

706 1187 1027 1261 oeconomi,
1066 1189 1190 1246 sive
1228 1188 1435 1259 villici,
1481 1203 1590 1263 per
1627 1186 2137 1261 comparationem
2174 1184 2255 1243 ad

705 1300 940 1354 aurum,
966 1282 1091 1341 sive
1119 1281 1311 1352 adid,
1341 1282 1508 1357 quod
1536 1284 1623 1340 est
1654 1280 2146 1355 dispensandum.

775 1379 970 1438 Primo
1007 1378 1142 1436 dico
1186 1377 1356 1453 quod
1384 1377 1672 1436 debemus
1708 1392 1834 1435 esse
1864 1375 2073 1433 fideles
2099 1375 2254 1432 servi

706 1492 812 1551 per
830 1474 1337 1550 comparationem
1352 1474 1430 1531 ad
1449 1473 1786 1531 Dominum.
1811 1471 2067 1545 Dignum
2093 1469 2253 1527 enim

706 1572 811 1640 est,
854 1573 918 1628 nt
959 1569 1155 1628 fidelis
1201 1568 1480 1626 dominus
1525 1566 1734 1625 fideles
1768 1565 1988 1623 habeat
2029 1578 2250 1622 servos.

703 1663 817 1722 Sed
863 1663 997 1738 quis
1041 1677 1310 1738 unquam
1354 1660 1440 1719 sic
1483 1658 1678 1717 fidelis
1719 1658 1829 1716 fuit
1855 1663 1920 1717 ut
1948 1657 2251 1727 Dominus,

705 1758 808 1833 qui
836 1774 947 1833 pro
976 1773 1174 1829 servo,
1205 1760 1263 1814 et
1288 1772 1400 1831 pro
1427 1755 1590 1813 malo
1624 1757 1682 1812 et
1717 1753 1950 1828 ingrato
1979 1767 2153 1809 servo
2190 1766 2253 1808 se

705 1852 872 1912 dedit
906 1852 970 1910 in
1008 1854 1299 1911 mortem?
1335 1849 1543 1909 Multos
1582 1848 1742 1906 enim
1780 1863 1984 1905 servos
2022 1847 2162 1919 lego
2191 1861 2253 1904 se

702 1946 766 2005 in
793 1950 1044 2005 mortem
1089 1944 1398 2004 tradidisse
1440 1959 1553 2018 pro
1591 1941 1885 2014 dominis3
1921 1940 2028 1999 sed
2055 1939 2253 1997 nullos

704 2040 983 2099 dominos
1016 2038 1217 2098 recolo
1259 2054 1355 2096 me
1392 2037 1626 2111 legisse,
1655 2036 1761 2111 qui
1788 2051 1901 2110 pro
1931 2033 2116 2093 servis
2147 2033 2253 2091 de-

702 2133 898 2192 derint
930 2150 992 2192 se
1028 2133 1090 2192 in
1131 2137 1402 2191 mortem.
1445 2135 1599 2203 Ergo
1638 2130 1777 2187 vide
1816 2144 1998 2204 quam
2041 2127 2249 2186 fideles

700 2245 900 2287 servos
940 2228 1186 2287 deberet
1217 2226 1442 2284 habere
1483 2223 1772 2295 Christus,
1801 2223 1906 2298 qui
1932 2239 2069 2280 cum
2105 2225 2256 2279 esset

701 2323 973 2383 omnium
1011 2322 1394 2381 dominorum
1428 2320 1728 2385 Dominus,
1770 2321 1828 2375 et
1869 2332 2081 2389 regum
2128 2319 2251 2374 Rex

700 2434 1002 2490 summus,
1046 2434 1157 2491 pro
1196 2416 1382 2474 servis
1422 2414 1663 2487 ingratis
1707 2415 1914 2488 sponte
1961 2414 2048 2468 est
2094 2425 2252 2468 mor-

701 2517 855 2570 tuuS.
877 2511 1182 2570 Psalmista
1200 2509 1217 2543 ¹
1242 2528 1255 2566 :
1288 2529 1316 2560 «ι
1335 2507 1551 2566 Fidelis
1579 2506 1859 2564 Dominus
1881 2505 1941 2562 in
1971 2504 2250 2563 omnibus

699 2607 812 2664 viis
838 2606 980 2662 suiS.
1007 2627 1036 2661 υ
1085 2607 1150 2662 In
1190 2605 1431 2661 omnibus
1463 2604 1573 2659 viis
1603 2600 1766 2671 dicit,
1803 2598 1946 2674 quia
1987 2598 2051 2656 in
2093 2598 2251 2655 redi-

699 2698 945 2771 mendo,
983 2700 1045 2756 in
1087 2696 1489 2769 defendendo,
1521 2696 1584 2752 in
1629 2693 2040 2752 custodIendo.
2073 2694 2252 2765 Apos-

698 2794 855 2851 tolus
871 2794 896 2829 ²
929 2811 944 2850 :
982 2814 1008 2847 ιι
1029 2791 1243 2849 Fidelis
1264 2789 1567 2860 Dominus,
1590 2787 1693 2863 qui
1718 2804 1839 2845 non
1859 2786 2153 2861 permittet
2172 2786 2246 2859 (a)

696 2902 806 2944 vos
834 2885 1040 2944 tentari
1071 2900 1250 2959 supra
1276 2885 1337 2941 id
1367 2881 1535 2959 quod
1555 2881 1796 2956 potestis
1807 2900 1825 2954 ς
1854 2879 1958 2937 sed
1983 2879 2156 2937 faciet
2173 2877 2247 2953 (b)

697 2997 836 3040 cum
883 2981 1203 3040 tentatione
1251 2984 1628 3054 proventum,
1676 2979 1743 3034 ut
1793 2973 2027 3050 possitis
2081 2972 2247 3029 susti·

695 3091 856 3134 nere.
878 3096 906 3130 n
933 3076 1189 3148 Dignum
1217 3073 1396 3148 igitur
1415 3077 1520 3144 est,
1542 3075 1606 3129 ut
1623 3070 1833 3128 fideles
1857 3067 2010 3126 servi
2043 3070 2247 3136 simus,

696 3186 834 3228 cum
865 3172 984 3227 tam
1010 3168 1253 3226 fidelem
1292 3165 1606 3224 Dominum
1644 3163 1990 3222 habeamus.
2034 3162 2249 3219 Dicitur

696 3263 895 3321 enim⁸
937 3280 952 3319 z
1008 3263 1268 3320 «Servus
1299 3259 1523 3317 ·fidelis
1574 3257 1647 3315 sit
1702 3257 1811 3314 tibi
1858 3256 2006 3314 sicut
2049 3256 2249 3313 anima

695 3360 818 3415 tua.
850 3376 878 3409 n
929 3355 1045 3415 Sed
1087 3355 1221 3430 quis
1260 3352 1443 3412 hodie
1479 3353 1651 3425 Juxta
1691 3349 2121 3423 Evangelium⁸
2164 3354 2248 3408 est

703 3471 733 3505 ιι
757 3449 950 3508 fidelis
972 3452 1030 3507 et
1057 3448 1321 3524 prudens
1347 3447 1590 3504 servus?
1617 3465 1645 3500 ιο
1679 3443 1881 3502 Plures
1908 3445 2088 3502 valde
2112 3447 2251 3501 sunt

697 3545 803 3620 qui
843 3543 1103 3603 serviunt
1143 3541 1410 3611 mundo,
1459 3541 1514 3596 et
1555 3538 1756 3613 plures
1809 3538 1915 3613 qui
1971 3535 2243 3605 diabolo,

698 3654 884 3713 quam
922 3637 1029 3712 qui
1071 3635 1317 3697 Christo.
1373 3633 1603 3691 Utinam
1658 3631 1859 3690 miseri
1907 3635 2246 3706 peccatores

693 3731 1078 3802 attenderent,
1098 3734 1318 3804 quanta
1345 3730 1432 3785 est
1458 3725 1715 3784 fidelitas
1738 3742 1954 3784 canum
1981 3728 2040 3783 et
2060 3740 2245 3798 equo-

692 3844 828 3887 rum
857 3826 939 3887 ad
955 3827 1253 3897 dominos,
1280 3828 1503 3899 quanta
1540 3824 1786 3882 leonum
1815 3821 1894 3880 ad
1918 3820 2243 3891 beneficos,

694 3924 760 3979 ut
779 3922 865 3980 sic
889 3920 1097 3979 saltem
1123 3922 1570 3993 cognoscerent,
1599 3918 1823 3992 quanta
1846 3915 2093 3972 deberet
2119 3928 2243 3971 esse

692 4014 949 4073 fidelitas
973 4013 1179 4083 curati,
1206 4016 1263 4071 et
1288 4010 1578 4086 redempti
1605 4025 1731 4069 non
1757 4024 1937 4078 auro,
1971 4007 2079 4065 sed
2107 4021 2243 4063 san·

614 4093 625 4106 ⁹
694 4107 874 4183 guine
916 4109 1014 4167 Dei
1049 4108 1191 4180 vivi,
1227 4106 1351 4165 sive
1390 4110 1514 4163 tam
1550 4103 1798 4162 sollicite
1838 4100 2132 4171 custoditi,
2164 4098 2243 4155 ad

696 4202 1010 4260 Dominum
1032 4204 1367 4261 Creatorem
1394 4201 1453 4257 et
1479 4199 1964 4271 gubernatorem.
1983 4196 2029 4252 Ο
2048 4194 2244 4266 ingra-

695 4294 884 4354 titudo
912 4295 1377 4353 Christianorum
1399 4291 1670 4350 omnium
1696 4288 2070 4350 detestanda!
2100 4288 2244 4362 quia

697 4389 890 4462 major
917 4394 1004 4447 est
1028 4388 1267 4469 inventa
1291 4385 1547 4444 fidelitas
1574 4386 1636 4442 in
1668 4383 1850 4441 servis
1882 4382 2135 4457 paganis
2163 4380 2242 4438 ad

698 4483 978 4541 dominos
1002 4480 1383 4556 temporariae,
1406 4496 1588 4553 quam
1607 4478 1680 4535 sit
1707 4478 1768 4534 in
1795 4475 2134 4536 Christianis
2162 4475 2242 4532 ad

509 4584 671 4627 Exem-
697 4579 1015 4637 Dominum
1041 4577 1397 4636 aeternalem.
1437 4579 1641 4634 Narrat
1667 4573 1828 4632 enim
1853 4572 2100 4629 historia
2125 4574 2243 4629 Ro-

456 4645 598 4703 plum.

698 4689 878 4731 mana
906 4671 1073 4746 quod
1098 4671 1344 4745 quidam
1372 4669 1615 4727 nomine
1651 4666 2011 4738 Machonius,
2043 4669 2243 4723 orator

697 4766 1076 4837 clarissimus,
1107 4764 1181 4823 de
1209 4764 1433 4822 incestu
1475 4762 1639 4837 apud
1664 4761 1897 4835 judices
1930 4760 2044 4817 fuit
2068 4775 2242 4817 accu-

696 4868 873 4920 satus.
906 4862 994 4919 Ad
1018 4860 1185 4936 quod
1213 4858 1567 4929 testandum,
1599 4856 1846 4931 quidam
1875 4855 2003 4928 ejus
2039 4871 2242 4914 servus

697 4959 784 5013 est
810 4955 1167 5025 advocatus,
1196 4959 1482 5027 tanquam
1512 4950 1639 5023 ejus
1669 4948 1929 5007 criminis
1956 4954 2081 5006 erat
2107 4964 2242 5005 con-

693 5051 870 5109 scius.
901 5052 1168 5123 Cumque
1204 5045 1401 5105 fidelis
1436 5060 1640 5102 servus
1672 5042 1904 5101 videret
1929 5042 2242 5101 dominum

759 5226 777 5260 ¹
819 5222 959 5273 Psal.
1000 5234 1173 5285 cunr,
1214 5222 1291 5271 13.
1329 5244 1390 5255 —
1426 5217 1446 5249 ²
1483 5217 1668 5281 icon,
1707 5229 1772 5280 x,
1801 5220 1881 5268 13.
1916 5243 1980 5253 —
2012 5217 2036 5252 ⁸
2068 5214 2237 5269 Eech‘..

697 5307 895 5355 xxxin,
925 5297 1004 5346 3¹.
1036 5320 1096 5333 -
1125 5294 1144 5324 ⁴
1172 5292 1307 5353 Luc..
1339 5302 1447 5353 xu,
1485 5292 1565 5340 42.
1593 5316 1656 5327 —
1692 5290 1715 5324 ⁸
1741 5288 1923 5353 Eccli„
1953 5300 2038 5350 vr,
2070 5290 2145 5338 ¹5.
2182 5313 2235 5323 -

697 5368 721 5404 ⁶
743 5367 914 5418 valer.
954 5366 1111 5427 Max„
1144 5364 1234 5414 lib.
1266 5363 1352 5425 tv,
1381 5375 1428 5413 c.
1463 5373 1558 5426 vu,
1587 5361 1641 5411 in
1673 5373 1975 5426 prooem.—
2002 5359 2020 5393 ⁷
2055 5361 2236 5411 Senec.

695 5465 764 5491 ,-
790 5442 809 5471 ⁸
837 5436 1004 5490 valer.
1041 5439 1199 5500 Max„
1232 5434 1319 5485 ubi
1346 5447 1459 5497 sup.
1488 5459 1550 5471 —
1575 5434 1596 5465 ⁹
1623 5433 1732 5484 ibid
1756 5469 1773 5496 ,
1803 5446 1858 5484 n.
1887 5436 1934 5484 1.

1759 484 2175 554 SERMONES
2216 485 2339 553 DE·
2358 486 2703 555 SANCTIS.
2749 488 2859 557 xl.

2363 622 2539 682 valde
2565 623 2887 696 dolentem,
2914 628 2973 684 et
2994 624 3247 684 nimium
3275 610 3815 702 pertimescentem,
3832 630 3907 691 ait

2363 718 2442 776 ad
2481 736 2665 777 eum:
2705 718 2834 778 Noli
2871 719 3097 792 timere,
3125 721 3207 778 mi
3244 723 3514 795 Domine,
3560 723 3672 782 sed
3712 741 3904 784 secura

2364 827 2460 870 me
2489 812 2793 885 judicibus
2836 813 3026 885 trade,
3052 818 3242 873 certus
3283 817 3456 891 quod
3498 818 3656 875 nihil
3692 817 3904 877 dicam.

2362 907 2624 964 Tradidit
2662 924 2797 965 eum
2840 908 3162 981 ,iudicibus
3204 911 3316 979 Qui
3353 912 3512 969 adeo
3556 912 3672 970 fuit
3702 912 3906 983 fidelis,

2362 1005 2429 1057 ut
2452 999 2653 1059 multis
2682 1001 3025 1060 verberibus
3058 1002 3370 1075 laceratus,
3400 1004 3619 1063 aculeo
3649 1005 3759 1063 diu
3790 1022 3906 1063 sus·

2361 1110 2602 1168 pensus,
2630 1095 2868 1153 laternis
2904 1096 3248 1156 ardentibus
3290 1103 3448 1156 totus
3486 1099 3763 1171 adustus
3790 1116 3906 1159 om-

2362 1189 2529 1246 nium
2570 1191 2974 1249 accusationes
3019 1192 3137 1250 fide
3192 1191 3272 1250 ad
3319 1194 3648 1251 Dominum
3686 1200 3904 1252 servata

2362 1282 2664 1342 subvertit.
2710 1289 2776 1343 Et
2821 1285 2990 1343 addit
3031 1286 3575 1362 historiographus,
3624 1289 3793 1363 quasi
3838 1288 3903 1346 ds

2361 1379 2522 1434 tanta
2548 1376 2667 1435 fide
2695 1378 3033 1437 admirans:
3057 1399 3084 1433 α
3100 1380 3277 1452 Argui
3301 1380 3551 1438 fortuna
3574 1382 3791 1439 merito
3811 1398 3905 1455 po·

2363 1474 2489 1540 test,
2527 1487 2600 1528 eo
2642 1472 2805 1546 quod
2852 1475 3075 1531 tantam
3106 1472 3459 1532 fidelitatem
3500 1475 3709 1533 servili
3753 1475 3903 1535 cordi

2360 1562 2673 1638 impressit.
2696 1585 2725 1621 ν
2770 1565 2908 1636 Quis
2947 1567 3145 1641 itaque
3197 1567 3379 1626 hodie
3426 1569 3798 1627 Christianus
3832 1570 3903 1627 sic

2362 1662 2450 1715 est
2486 1659 2681 1718 fidelis
2724 1661 2803 1719 ad
2843 1661 3172 1720 Christum?
3214 1662 3381 1720 Tales
3428 1663 3584 1721 olim
3630 1670 3903 1739 martyres

2360 1749 2615 1825 fuerunt,
2646 1754 2778 1811 talis
2805 1754 2984 1813 ethic
3025 1759 3260 1814 sanctus
3295 1757 3625 1832 Apostolus
3660 1757 3791 1827 fuit,
3813 1759 3902 1832 qui

2360 1862 2473 1919 pro
2512 1847 2736 1906 Christo
2780 1849 2933 1911 mori
2975 1866 3097 1908 non
3128 1849 3341 1907 timuit.
3384 1851 3555 1909 Unde
3592 1856 3653 1909 et
3694 1852 3901 1910 Christo

2358 1940 2580 1999 volenti
2609 1958 2748 2000 eum
2773 1942 3000 2001 mittere
3041 1942 3121 2001 ad
3158 1943 3359 2015 lndoS,
3385 1945 3709 2019 respondit
3736 1965 3753 2003 ε
3786 1949 3901 2003 «Tu

2360 2050 2423 2093 es
2451 2036 2733 2094 Dominus
2768 2053 2958 2110 meus,
2988 2042 3045 2095 et
3071 2053 3186 2110 ego
3214 2054 3348 2096 sum
3372 2043 3744 2097 servustuus
3771 2038 3902 2098 :ssat

2360 2129 2632 2187 voluntas
2654 2134 2776 2189 tua.
2806 2150 2835 2185 »

2430 2224 2703 2283 Secundo
2724 2224 3014 2284 debemus
3032 2242 3156 2285 esse
3175 2226 3385 2286 fideles
3412 2227 3597 2286 amici
3622 2243 3733 2302 per
3759 2244 3902 2286 com·

2355 2320 2724 2391 parationem
2753 2321 2832 2378 ad
2856 2322 3209 2395 proximum.
3250 2330 3395 2383 Nam
3422 2325 3581 2383 sicut
3608 2325 3895 2383 dicitur-⁸:

2362 2431 2391 2465 α
2418 2412 2621 2470 Amico
2652 2413 2817 2472 fideli
2852 2431 2976 2474 non
3016 2422 3102 2474 est
3138 2418 3533 2492 comparatio,
3576 2424 3637 2476 et
3676 2435 3799 2477 non
3828 2424 3904 2476 est

2358 2505 2542 2579 digna
2566 2508 2920 2581 ponderatio
2946 2511 3076 2567 auri
3105 2516 3162 2568 et
3182 2512 3411 2583 argenti
3441 2515 3656 2571 contra
3682 2513 3901 2571 bonita-

2358 2601 2474 2657 tem
2502 2599 2641 2658 fidei
2669 2600 2851 2659 illius.
2873 2623 2901 2657 n
2935 2604 3091 2662 Sicut
3119 2604 3278 2662 enim
3304 2605 3370 2663 in
3402 2605 3565 2664 libro
3596 2623 3710 2665 suo
3739 2606 3902 2665 docet

2355 2692 2618 2751 Valerius
2646 2695 2987 2769 Maximus⁶,
3030 2702 3087 2756 et
3119 2700 3295 2756 etiam
3335 2700 3645 2758 Seneca⁷z
3682 2701 3900 2773 «nujus

2354 2794 2441 2845 est
2482 2790 2789 2849 vinculum
2831 2793 3120 2863 amicitiae,
3160 2811 3346 2868 quam
3387 2795 3463 2852 sit
3503 2796 3839 2870 parentelae.
3864 2816 3893 2851 »

2354 2885 2501 2941 Nam
2529 2900 2564 2942 a
2590 2886 2893 2959 parentela
2932 2891 3123 2962 potest
3165 2888 3431 2963 separari
3462 2888 3895 2962 benevolentia,

2356 2979 2412 3033 et
2459 2977 2815 3037 intervenire
2865 2980 3218 3039 inimicitia:
3264 2986 3461 3056 potest
3514 2982 3681 3041 enim
3724 2984 3897 3042 homo

2354 3072 2831 3144 consanguineus
2870 3090 2993 3132 esse
3038 3074 3334 3134 inimicus.
3365 3079 3513 3134 Item
3552 3078 3897 3151 consangui-

2352 3164 2504 3222 nitas
2547 3166 2910 3224 contrahitur
2944 3183 3018 3224 ex
3055 3171 3311 3240 natura;
3358 3169 3467 3227 sed
3510 3171 3792 3243 amicitia,
3829 3187 3897 3228 ex

2352 3257 2655 3317 voluntate
2692 3259 2879 3318 libera
2913 3278 2928 3317 ε
2960 3276 3145 3335 quare
3188 3260 3421 3321 facilius
3454 3280 3493 3321 a
3534 3266 3893 3340 propinquo,

2352 3368 2536 3426 quam
2574 3354 2652 3412 ab
2694 3354 2910 3427 amico,
2949 3359 3141 3429 potest
3175 3372 3239 3414 se
3284 3356 3471 3416 homo
3512 3364 3799 3418 avertere.
3836 3362 3897 3417 Et

2351 3445 2523 3504 addit
2568 3448 2828 3505 Valerius
2841 3449 2887 3517 ⁸,
2936 3449 3100 3523 quod
3150 3449 3423 3508 amicitiae
3467 3452 3777 3510 vinculum
3817 3459 3895 3511 te-

2352 3558 2512 3601 mere
2541 3543 2762 3600 assumi
2794 3559 2917 3602 non
2955 3544 3152 3617 debet,
3183 3545 3288 3603 sed
3316 3547 3505 3605 semel
3533 3552 3895 3623 assumptum

2349 3636 2594 3694 ulterius
2635 3636 2812 3696 debet
2859 3654 3089 3713 semper
3133 3639 3375 3699 servari.
3420 3644 3489 3699 Et
3525 3641 3697 3700 addit
3737 3641 3895 3718 quod

2348 3745 2489 3787 vera
2518 3729 2669 3788 fides
2707 3731 2881 3789 amici
2912 3733 3171 3790 maxime
3199 3736 3582 3807 cognoscitur
3607 3736 3673 3794 in
3697 3737 3897 3794 adver·

2348 3823 2448 3881 sis.
2482 3828 2546 3883 Et
2562 3826 2644 3882 ita
2670 3825 2874 3883 omnia
2903 3826 3233 3900 probamus
3258 3826 3465 3885 multis
3490 3830 3802 3905 exemplis,
3824 3830 3891 3888 de

2348 3918 2569 3992 quibus
2595 3935 2783 3976 unum
2810 3919 3001 3978 refero
3030 3920 3093 3978 in
3120 3936 3244 3995 quo
3276 3922 3357 3979 ad
3382 3922 3731 3996 proximum
3756 3924 3892 3981 fide-

2346 4009 2421 4069 lis
2447 4013 2871 4087 comprobatur
2897 4014 3176 4073 amicitia.
3200 4017 3349 4073 Nam
3366 4016 3535 4089 apud
3564 4018 3890 4076 Romanos·
3958 4026 4059 4067 b·

2348 4106 2595 4178 quidam
2633 4107 2875 4164 nomine
2915 4107 3209 4166 Gracchus
3253 4109 3433 4166 morti
3474 4110 3813 4182 damnatus,
3840 4115 3891 4167 et
3912 4089 4021 4145 μ

2341 4198 2469 4270 jam
2497 4198 2672 4256 bonis
2691 4200 2971 4259 omnibus
2998 4200 3304 4275 spoliatus,
3336 4203 3502 4260 omni
3525 4208 3655 4262 erat
3679 4205 3887 4263 auxilio

2347 4291 2685 4365 destitutus3
2729 4293 2850 4352 duo
2894 4299 3093 4351 tamen
3136 4295 3266 4367 eJus
3308 4296 3485 4354 amici
3514 4298 3887 4373 Pomponius,

2347 4388 2405 4443 et
2430 4387 2705 4445 Laetorius
2747 4389 2811 4462 (c)
2851 4389 2979 4446 telis
3015 4388 3277 4447 hostium
3298 4391 3574 4466 undique
3602 4393 3889 4451 ruentium

2347 4496 2409 4537 se
2447 4485 2870 4555 opposuerunt,
2910 4486 2966 4539 et
3010 4487 3077 4540 ut
3117 4484 3344 4542 amicus
3372 4485 3671 4559 evaderet,
3698 4486 3891 4544 effece-

2345 4578 2504 4631 runt.
2530 4577 2677 4632 Nam
2704 4576 3086 4651 Pomponius,
3116 4580 3183 4633 ut
3205 4577 3305 4635 ille
3333 4578 3563 4637 facilius
3600 4580 3890 4651 evaderet,

2348 4683 2409 4725 se
2436 4670 2934 4744 persequentibus
2957 4687 3096 4728 eum
3130 4671 3193 4727 in
3222 4678 3398 4746 porta
3436 4674 3687 4732 civitatis
3716 4690 3891 4750 oppo-

2347 4765 2479 4833 suit,
2542 4778 2650 4821 nec
2706 4780 2781 4821 ex
2831 4780 2903 4822 ea
2954 4763 3098 4838 pelli
3149 4766 3364 4839 potuit,
3410 4768 3525 4824 nisi
3578 4773 3889 4844 postquam

2346 4857 2544 4914 multis
2587 4856 2937 4915 vulneribus
2984 4856 3317 4932 perforatus
3364 4860 3667 4934 occubuit,
3696 4869 3757 4920 et
3790 4878 3890 4937 per

2347 4950 2601 5007 cadaver
2639 4966 2815 5008 suum
2860 4951 3019 5008 viam
3070 4951 3427 5011 adversariis
3490 4954 3677 5014 dedit.
3726 4959 3891 5015 ἱείσ-

2344 5042 2466 5099 rius
2492 5042 2594 5116 (c),
2622 5042 2850 5100 amicus
2888 5043 3058 5116 alter,
3086 5045 3151 5102 in
3178 5052 3363 5120 ponte
3402 5063 3584 5121 super
3622 5048 3890 5124 Tyberim

2342 5136 2515 5209 stetit3
2546 5140 2789 5205 etcum,
2820 5136 3015 5197 donec
3054 5139 3347 5199 Gracchus
3374 5142 3670 5215 transiret,
3698 5144 3765 5201 in
3799 5158 3893 5201 ar-

2346 5228 2490 5289 dore
2519 5230 2759 5305 spiritus
2785 5233 2879 5290 sui
2914 5237 3121 5292 contra
3157 5251 3366 5293 omnes
3403 5235 3691 5295 defendit.
3724 5239 3893 5297 Cum·

2408 5358 2476 5419 (a)
2502 5356 2626 5409 Coet.
2653 5358 2779 5410 edit.
2808 5359 3072 5424 permittit.
3098 5387 3159 5398 —
3186 5360 3254 5425 (b)
3284 5361 3408 5412 Item
3430 5362 3571 5415 facit.
3590 5390 3655 5403 -
3674 5366 3737 5431 (c)
3767 5367 3887 5417 Item

2346 5430 2625 5483 Lectorius.
