<?xml version="1.0" encoding="UTF-8"?>
<!DOCTYPE html PUBLIC "-//W3C//DTD XHTML 1.0 Transitional//EN"
    "http://www.w3.org/TR/xhtml1/DTD/xhtml1-transitional.dtd">
<html xmlns="http://www.w3.org/1999/xhtml" xml:lang="en" lang="en">
 <head>
  <title>
</title>
<meta http-equiv="Content-Type" content="text/html;charset=utf-8" />
  <meta name='ocr-system' content='tesseract 3.04.00' />
  <meta name='ocr-capabilities' content='ocr_page ocr_carea ocr_par ocr_line ocrx_word'/>
</head>
<body>
  <div class='ocr_page' id='page_1' title='image "./srecardinalissb02peltgoog_0294.png"; bbox 0 0 4059 6317; ppageno 0'>
   <div class='ocr_carea' id='block_1_1' title="bbox 568 420 692 490">
    <p class='ocr_par' dir='ltr' id='par_1_1' title="bbox 568 420 692 490">
     <span class='ocr_line' id='line_1_1' title="bbox 568 420 692 490; baseline 0 0"><span class='ocrx_word' id='word_1_1' title='bbox 568 420 692 490; x_wconf 70' lang='lat'>286</span> 
     </span>
    </p>
   </div>
   <div class='ocr_carea' id='block_1_2' title="bbox 466 556 2106 5484">
    <p class='ocr_par' dir='ltr' id='par_1_2' title="bbox 559 556 2106 946">
     <span class='ocr_line' id='line_1_2' title="bbox 562 556 2105 641; baseline -0.001 -17"><span class='ocrx_word' id='word_1_2' title='bbox 562 556 1139 641; x_wconf 82' lang='lat' dir='ltr'>concupiscentiam</span> <span class='ocrx_word' id='word_1_3' title='bbox 1196 558 1547 639; x_wconf 85' lang='lat' dir='ltr'>provocet,</span> <span class='ocrx_word' id='word_1_4' title='bbox 1592 556 1894 622; x_wconf 85' lang='lat' dir='ltr'>describit</span> <span class='ocrx_word' id='word_1_5' title='bbox 1950 576 2105 622; x_wconf 90' lang='lat' dir='ltr'>eum</span> 
     </span>
     <span class='ocr_line' id='line_1_3' title="bbox 560 663 2106 749; baseline -0.001 -19"><span class='ocrx_word' id='word_1_6' title='bbox 560 668 875 749; x_wconf 90' lang='lat' dir='ltr'>quantum</span> <span class='ocrx_word' id='word_1_7' title='bbox 930 665 1011 729; x_wconf 89' lang='lat' dir='ltr'>ad</span> <span class='ocrx_word' id='word_1_8' title='bbox 1051 663 1370 748; x_wconf 82' lang='lat' dir='ltr'>triplicem</span> <span class='ocrx_word' id='word_1_9' title='bbox 1422 664 1904 747; x_wconf 71' lang='lat' dir='ltr'>proprietatem,</span> <span class='ocrx_word' id='word_1_10' title='bbox 1954 683 2106 748; x_wconf 83' lang='lat' dir='ltr'>quae</span> 
     </span>
     <span class='ocr_line' id='line_1_4' title="bbox 562 772 2104 839; baseline -0.001 0"><span class='ocrx_word' id='word_1_11' title='bbox 562 791 818 839; x_wconf 91' lang='lat' dir='ltr'>omnem</span> <span class='ocrx_word' id='word_1_12' title='bbox 866 773 1148 839; x_wconf 89' lang='lat' dir='ltr'>animam</span> <span class='ocrx_word' id='word_1_13' title='bbox 1199 772 1511 838; x_wconf 90' lang='lat' dir='ltr'>desiderio</span> <span class='ocrx_word' id='word_1_14' title='bbox 1564 773 1664 838; x_wconf 85' lang='lat' dir='ltr'>sui</span> <span class='ocrx_word' id='word_1_15' title='bbox 1709 773 1777 837; x_wconf 92' lang='lat' dir='ltr'>iu</span> <span class='ocrx_word' id='word_1_16' title='bbox 1816 791 2104 839; x_wconf 83' lang='lat' dir='ltr'>amorem</span> 
     </span>
     <span class='ocr_line' id='line_1_5' title="bbox 559 880 779 946; baseline 0 -2"><span class='ocrx_word' id='word_1_17' title='bbox 559 880 779 946; x_wconf 88' lang='lat' dir='ltr'>trahit.</span> 
     </span>
    </p>

    <p class='ocr_par' dir='ltr' id='par_1_3' title="bbox 552 986 2106 3331">
     <span class='ocr_line' id='line_1_6' title="bbox 639 986 2100 1072; baseline -0.001 -18"><span class='ocrx_word' id='word_1_18' title='bbox 639 987 858 1054; x_wconf 90' lang='lat' dir='ltr'>Primo</span> <span class='ocrx_word' id='word_1_19' title='bbox 900 988 1202 1054; x_wconf 81' lang='lat' dir='ltr'>describit</span> <span class='ocrx_word' id='word_1_20' title='bbox 1246 1004 1399 1053; x_wconf 89' lang='lat' dir='ltr'>eum</span> <span class='ocrx_word' id='word_1_21' title='bbox 1441 991 1756 1072; x_wconf 85' lang='lat' dir='ltr'>quantum</span> <span class='ocrx_word' id='word_1_22' title='bbox 1801 987 1882 1052; x_wconf 91' lang='lat' dir='ltr'>ad</span> <span class='ocrx_word' id='word_1_23' title='bbox 1917 986 2100 1052; x_wconf 91' lang='lat' dir='ltr'>beni-</span> 
     </span>
     <span class='ocr_line' id='line_1_7' title="bbox 561 1094 2104 1179; baseline 0.001 -20"><span class='ocrx_word' id='word_1_24' title='bbox 561 1094 876 1176; x_wconf 87' lang='lat' dir='ltr'>gnitatem</span> <span class='ocrx_word' id='word_1_25' title='bbox 899 1144 918 1177; x_wconf 92' lang='lat'>,</span> <span class='ocrx_word' id='word_1_26' title='bbox 977 1098 1238 1179; x_wconf 89' lang='lat' dir='ltr'>propter</span> <span class='ocrx_word' id='word_1_27' title='bbox 1284 1096 1885 1161; x_wconf 80' lang='lat' dir='ltr'>communicativam</span> <span class='ocrx_word' id='word_1_28' title='bbox 1934 1112 2104 1178; x_wconf 84' lang='lat' dir='ltr'>prae·</span> 
     </span>
     <span class='ocr_line' id='line_1_8' title="bbox 560 1202 2106 1286; baseline -0.001 -19"><span class='ocrx_word' id='word_1_29' title='bbox 560 1202 830 1268; x_wconf 80' lang='lat' dir='ltr'>sentiam</span> <span class='ocrx_word' id='word_1_30' title='bbox 850 1203 1195 1286; x_wconf 84' lang='lat' dir='ltr'>majestatis</span> <span class='ocrx_word' id='word_1_31' title='bbox 1206 1202 1533 1268; x_wconf 80' lang='lat' dir='ltr'>altissimae</span> <span class='ocrx_word' id='word_1_32' title='bbox 1551 1223 1568 1283; x_wconf 91' lang='grc'><strong>;</strong></span> <span class='ocrx_word' id='word_1_33' title='bbox 1585 1203 1887 1276; x_wconf 62' lang='lat' dir='ltr'>secundo,</span> <span class='ocrx_word' id='word_1_34' title='bbox 1906 1220 2106 1286; x_wconf 91' lang='lat' dir='ltr'>quan·</span> 
     </span>
     <span class='ocr_line' id='line_1_9' title="bbox 556 1311 2101 1397; baseline -0.001 -21"><span class='ocrx_word' id='word_1_35' title='bbox 556 1315 701 1377; x_wconf 88' lang='lat' dir='ltr'>tum</span> <span class='ocrx_word' id='word_1_36' title='bbox 725 1312 806 1377; x_wconf 90' lang='lat' dir='ltr'>ad</span> <span class='ocrx_word' id='word_1_37' title='bbox 832 1312 1224 1377; x_wconf 76' lang='lat' dir='ltr'>nobilitatem</span> <span class='ocrx_word' id='word_1_38' title='bbox 1254 1317 1513 1397; x_wconf 76' lang='lat' dir='ltr'>propter</span> <span class='ocrx_word' id='word_1_39' title='bbox 1541 1311 1978 1377; x_wconf 87' lang='lat' dir='ltr'>excellentiam</span> <span class='ocrx_word' id='word_1_40' title='bbox 2004 1311 2101 1375; x_wconf 90' lang='lat' dir='ltr'>di-</span> 
     </span>
     <span class='ocr_line' id='line_1_10' title="bbox 559 1420 2099 1504; baseline 0.001 -20"><span class='ocrx_word' id='word_1_41' title='bbox 559 1420 825 1502; x_wconf 83' lang='lat' dir='ltr'>gnitatis</span> <span class='ocrx_word' id='word_1_42' title='bbox 841 1438 1161 1504; x_wconf 81' lang='lat' dir='ltr'>persouae3</span> <span class='ocrx_word' id='word_1_43' title='bbox 1193 1422 1405 1502; x_wconf 90' lang='lat' dir='ltr'>tertio,</span> <span class='ocrx_word' id='word_1_44' title='bbox 1436 1425 1749 1504; x_wconf 88' lang='lat' dir='ltr'>quantum</span> <span class='ocrx_word' id='word_1_45' title='bbox 1768 1421 1850 1485; x_wconf 90' lang='lat' dir='ltr'>ad</span> <span class='ocrx_word' id='word_1_46' title='bbox 1870 1420 2099 1485; x_wconf 85' lang='lat' dir='ltr'>libera-</span> 
     </span>
     <span class='ocr_line' id='line_1_11' title="bbox 557 1527 2103 1612; baseline 0 -22"><span class='ocrx_word' id='word_1_47' title='bbox 557 1527 822 1608; x_wconf 84' lang='lat' dir='ltr'>litatem,</span> <span class='ocrx_word' id='word_1_48' title='bbox 882 1533 1137 1612; x_wconf 89' lang='lat' dir='ltr'>propter</span> <span class='ocrx_word' id='word_1_49' title='bbox 1177 1528 1666 1594; x_wconf 87' lang='lat' dir='ltr'>redundantiam</span> <span class='ocrx_word' id='word_1_50' title='bbox 1717 1527 2103 1611; x_wconf 85' lang='lat' dir='ltr'>copiositatis</span> 
     </span>
     <span class='ocr_line' id='line_1_12' title="bbox 559 1634 2104 1718; baseline 0 -19"><span class='ocrx_word' id='word_1_51' title='bbox 559 1634 885 1701; x_wconf 83' lang='lat' dir='ltr'>doctrinae.</span> <span class='ocrx_word' id='word_1_52' title='bbox 917 1636 1134 1702; x_wconf 91' lang='lat' dir='ltr'>Primo</span> <span class='ocrx_word' id='word_1_53' title='bbox 1155 1635 1452 1701; x_wconf 86' lang='lat' dir='ltr'>describit</span> <span class='ocrx_word' id='word_1_54' title='bbox 1487 1654 1640 1701; x_wconf 89' lang='lat' dir='ltr'>eum</span> <span class='ocrx_word' id='word_1_55' title='bbox 1666 1641 1741 1701; x_wconf 91' lang='lat' dir='ltr'>ut</span> <span class='ocrx_word' id='word_1_56' title='bbox 1769 1634 2104 1718; x_wconf 90' lang='lat' dir='ltr'>benignis-</span> 
     </span>
     <span class='ocr_line' id='line_1_13' title="bbox 555 1742 2100 1826; baseline 0.001 -21"><span class='ocrx_word' id='word_1_57' title='bbox 555 1742 819 1822; x_wconf 90' lang='lat' dir='ltr'>simum,</span> <span class='ocrx_word' id='word_1_58' title='bbox 869 1746 1125 1826; x_wconf 87' lang='lat' dir='ltr'>propter</span> <span class='ocrx_word' id='word_1_59' title='bbox 1173 1743 1780 1809; x_wconf 85' lang='lat' dir='ltr'>communicativam</span> <span class='ocrx_word' id='word_1_60' title='bbox 1818 1760 2100 1826; x_wconf 85' lang='lat' dir='ltr'>praesen·</span> 
     </span>
     <span class='ocr_line' id='line_1_14' title="bbox 556 1850 2103 1933; baseline 0.002 -19"><span class='ocrx_word' id='word_1_61' title='bbox 556 1850 711 1915; x_wconf 89' lang='lat' dir='ltr'>tiam</span> <span class='ocrx_word' id='word_1_62' title='bbox 755 1850 1079 1916; x_wconf 86' lang='lat' dir='ltr'>altissimae</span> <span class='ocrx_word' id='word_1_63' title='bbox 1123 1851 1504 1933; x_wconf 87' lang='lat' dir='ltr'>majestatis,</span> <span class='ocrx_word' id='word_1_64' title='bbox 1538 1869 1686 1915; x_wconf 90' lang='lat' dir='ltr'>cum</span> <span class='ocrx_word' id='word_1_65' title='bbox 1714 1851 1864 1916; x_wconf 89' lang='lat' dir='ltr'>dicit</span> <span class='ocrx_word' id='word_1_66' title='bbox 1892 1873 1909 1916; x_wconf 72' lang='grc' dir='ltr'>ε</span> <span class='ocrx_word' id='word_1_67' title='bbox 1946 1850 2103 1917; x_wconf 86' lang='lat' dir='ltr'>Cum</span> 
     </span>
     <span class='ocr_line' id='line_1_15' title="bbox 556 1958 2101 2042; baseline -0.002 -17"><span class='ocrx_word' id='word_1_68' title='bbox 556 1958 819 2027; x_wconf 66' lang='lat' dir='ltr'>venmt.</span> <span class='ocrx_word' id='word_1_69' title='bbox 863 1958 1024 2025; x_wconf 88' lang='lat' dir='ltr'>Vere</span> <span class='ocrx_word' id='word_1_70' title='bbox 1055 1977 1298 2042; x_wconf 86' lang='lat' dir='ltr'>magna</span> <span class='ocrx_word' id='word_1_71' title='bbox 1326 1959 1727 2041; x_wconf 84' lang='lat' dir='ltr'>benignitas,</span> <span class='ocrx_word' id='word_1_72' title='bbox 1759 1959 1914 2042; x_wconf 88' lang='lat' dir='ltr'>quia</span> <span class='ocrx_word' id='word_1_73' title='bbox 1952 1959 2101 2023; x_wconf 89' lang='lat' dir='ltr'>talis</span> 
     </span>
     <span class='ocr_line' id='line_1_16' title="bbox 560 2065 2100 2149; baseline -0.001 -19"><span class='ocrx_word' id='word_1_74' title='bbox 560 2069 626 2130; x_wconf 88' lang='lat' dir='ltr'>et</span> <span class='ocrx_word' id='word_1_75' title='bbox 664 2070 880 2132; x_wconf 83' lang='lat' dir='ltr'>tantus</span> <span class='ocrx_word' id='word_1_76' title='bbox 921 2067 1140 2133; x_wconf 88' lang='lat' dir='ltr'>doctor</span> <span class='ocrx_word' id='word_1_77' title='bbox 1175 2084 1306 2132; x_wconf 90' lang='lat' dir='ltr'>non</span> <span class='ocrx_word' id='word_1_78' title='bbox 1345 2066 1733 2149; x_wconf 83' lang='lat' dir='ltr'>dedignatur</span> <span class='ocrx_word' id='word_1_79' title='bbox 1776 2066 1998 2132; x_wconf 87' lang='lat' dir='ltr'>venire</span> <span class='ocrx_word' id='word_1_80' title='bbox 2019 2065 2100 2130; x_wconf 92' lang='lat' dir='ltr'>ad</span> 
     </span>
     <span class='ocr_line' id='line_1_17' title="bbox 559 2172 2101 2257; baseline 0.001 -20"><span class='ocrx_word' id='word_1_81' title='bbox 559 2191 710 2240; x_wconf 89' lang='lat' dir='ltr'>suos</span> <span class='ocrx_word' id='word_1_82' title='bbox 736 2173 1112 2257; x_wconf 89' lang='lat' dir='ltr'>discipulos,</span> <span class='ocrx_word' id='word_1_83' title='bbox 1145 2178 1364 2239; x_wconf 87' lang='lat' dir='ltr'>contra</span> <span class='ocrx_word' id='word_1_84' title='bbox 1389 2172 1912 2239; x_wconf 90' lang='lat' dir='ltr'>consuetudinem</span> <span class='ocrx_word' id='word_1_85' title='bbox 1941 2172 2101 2238; x_wconf 86' lang='lat' dir='ltr'>alio-</span> 
     </span>
     <span class='ocr_line' id='line_1_18' title="bbox 559 2279 2098 2362; baseline -0.001 -16"><span class='ocrx_word' id='word_1_86' title='bbox 559 2298 707 2346; x_wconf 88' lang='lat' dir='ltr'>rum</span> <span class='ocrx_word' id='word_1_87' title='bbox 748 2280 1232 2362; x_wconf 84' lang='lat' dir='ltr'>magistrorum.</span> <span class='ocrx_word' id='word_1_88' title='bbox 1277 2279 1567 2347; x_wconf 89' lang='lat' dir='ltr'>Secundo</span> <span class='ocrx_word' id='word_1_89' title='bbox 1605 2280 1907 2346; x_wconf 86' lang='lat' dir='ltr'>describit</span> <span class='ocrx_word' id='word_1_90' title='bbox 1947 2298 2098 2345; x_wconf 89' lang='lat' dir='ltr'>eum</span> 
     </span>
     <span class='ocr_line' id='line_1_19' title="bbox 560 2386 2101 2471; baseline -0.001 -18"><span class='ocrx_word' id='word_1_91' title='bbox 560 2393 633 2453; x_wconf 91' lang='lat' dir='ltr'>ut</span> <span class='ocrx_word' id='word_1_92' title='bbox 669 2387 1134 2453; x_wconf 86' lang='lat' dir='ltr'>nobilissimum</span> <span class='ocrx_word' id='word_1_93' title='bbox 1153 2437 1171 2467; x_wconf 89' lang='lat'>‚</span> <span class='ocrx_word' id='word_1_94' title='bbox 1222 2393 1480 2471; x_wconf 90' lang='lat' dir='ltr'>propter</span> <span class='ocrx_word' id='word_1_95' title='bbox 1521 2386 1960 2453; x_wconf 81' lang='lat' dir='ltr'>excellentiam</span> <span class='ocrx_word' id='word_1_96' title='bbox 2002 2388 2101 2453; x_wconf 90' lang='lat' dir='ltr'>di-</span> 
     </span>
     <span class='ocr_line' id='line_1_20' title="bbox 557 2493 2099 2578; baseline 0.001 -19"><span class='ocrx_word' id='word_1_97' title='bbox 557 2494 819 2577; x_wconf 87' lang='lat' dir='ltr'>gnitatis</span> <span class='ocrx_word' id='word_1_98' title='bbox 845 2512 1153 2578; x_wconf 80' lang='lat' dir='ltr'>personae,</span> <span class='ocrx_word' id='word_1_99' title='bbox 1188 2512 1354 2558; x_wconf 90' lang='lat' dir='ltr'>cum·</span> <span class='ocrx_word' id='word_1_100' title='bbox 1369 2494 1587 2560; x_wconf 90' lang='lat' dir='ltr'>subdit</span> <span class='ocrx_word' id='word_1_101' title='bbox 1615 2512 1633 2558; x_wconf 73' lang='grc' dir='ltr'><strong><em>ε</em></strong></span> <span class='ocrx_word' id='word_1_102' title='bbox 1660 2493 1775 2561; x_wconf 77' lang='lat' dir='ltr'>ule</span> <span class='ocrx_word' id='word_1_103' title='bbox 1799 2495 2099 2576; x_wconf 76' lang='lat' dir='ltr'>Spiritus</span> 
     </span>
     <span class='ocr_line' id='line_1_21' title="bbox 556 2600 2099 2685; baseline -0.001 -17"><span class='ocrx_word' id='word_1_104' title='bbox 556 2602 877 2670; x_wconf 76' lang='lat' dir='ltr'>veritatis.</span> <span class='ocrx_word' id='word_1_105' title='bbox 904 2600 1077 2666; x_wconf 90' lang='lat' dir='ltr'>Nihil</span> <span class='ocrx_word' id='word_1_106' title='bbox 1101 2601 1278 2666; x_wconf 88' lang='lat' dir='ltr'>euim</span> <span class='ocrx_word' id='word_1_107' title='bbox 1299 2601 1730 2681; x_wconf 87' lang='lat' dir='ltr'>excellentius,</span> <span class='ocrx_word' id='word_1_108' title='bbox 1756 2601 1920 2666; x_wconf 91' lang='lat' dir='ltr'>nihil</span> <span class='ocrx_word' id='word_1_109' title='bbox 1944 2619 2099 2685; x_wconf 89' lang='lat' dir='ltr'>pre-</span> 
     </span>
     <span class='ocr_line' id='line_1_22' title="bbox 556 2708 2098 2793; baseline 0.001 -20"><span class='ocrx_word' id='word_1_110' title='bbox 556 2710 800 2788; x_wconf 87' lang='lat' dir='ltr'>tiosius,</span> <span class='ocrx_word' id='word_1_111' title='bbox 834 2709 997 2774; x_wconf 87' lang='lat' dir='ltr'>nihil</span> <span class='ocrx_word' id='word_1_112' title='bbox 1022 2709 1300 2775; x_wconf 78' lang='lat' dir='ltr'>nobilius</span> <span class='ocrx_word' id='word_1_113' title='bbox 1336 2709 1580 2793; x_wconf 85' lang='lat' dir='ltr'>Spiritu</span> <span class='ocrx_word' id='word_1_114' title='bbox 1613 2713 1851 2774; x_wconf 85' lang='lat' dir='ltr'>sancto.</span> <span class='ocrx_word' id='word_1_115' title='bbox 1882 2708 2098 2775; x_wconf 90' lang='lat' dir='ltr'>Tertio</span> 
     </span>
     <span class='ocr_line' id='line_1_23' title="bbox 555 2808 2102 2902; baseline 0.001 -19"><span class='ocrx_word' id='word_1_116' title='bbox 555 2817 849 2883; x_wconf 87' lang='lat' dir='ltr'>describit</span> <span class='ocrx_word' id='word_1_117' title='bbox 878 2835 1031 2882; x_wconf 91' lang='lat' dir='ltr'>eum</span> <span class='ocrx_word' id='word_1_118' title='bbox 1058 2823 1135 2883; x_wconf 92' lang='lat' dir='ltr'>ut</span> <span class='ocrx_word' id='word_1_119' title='bbox 1153 2808 1699 2898; x_wconf 85' lang='lat' dir='ltr'>liberalissimum,</span> <span class='ocrx_word' id='word_1_120' title='bbox 1722 2822 1983 2902; x_wconf 90' lang='lat' dir='ltr'>propter</span> <span class='ocrx_word' id='word_1_121' title='bbox 2001 2838 2102 2885; x_wconf 88' lang='lat' dir='ltr'>re-</span> 
     </span>
     <span class='ocr_line' id='line_1_24' title="bbox 555 2924 2100 3008; baseline 0.001 -19"><span class='ocrx_word' id='word_1_122' title='bbox 555 2924 972 2990; x_wconf 86' lang='lat' dir='ltr'>dundantiam</span> <span class='ocrx_word' id='word_1_123' title='bbox 1011 2924 1392 3008; x_wconf 84' lang='lat' dir='ltr'>copiositatis</span> <span class='ocrx_word' id='word_1_124' title='bbox 1416 2925 1745 3006; x_wconf 70' lang='lat' dir='ltr'>doctrinae,</span> <span class='ocrx_word' id='word_1_125' title='bbox 1769 2944 1918 2990; x_wconf 92' lang='lat' dir='ltr'>cum</span> <span class='ocrx_word' id='word_1_126' title='bbox 1948 2926 2100 2991; x_wconf 90' lang='lat' dir='ltr'>sub·</span> 
     </span>
     <span class='ocr_line' id='line_1_25' title="bbox 552 3031 2098 3101; baseline 0.003 -5"><span class='ocrx_word' id='word_1_127' title='bbox 552 3032 746 3097; x_wconf 86' lang='lat' dir='ltr'>infert</span> <span class='ocrx_word' id='word_1_128' title='bbox 782 3053 797 3095; x_wconf 71' lang='grc' dir='ltr'><strong><em>ε</em></strong></span> <span class='ocrx_word' id='word_1_129' title='bbox 844 3031 1102 3099; x_wconf 73' lang='lat' dir='ltr'>nocebit</span> <span class='ocrx_word' id='word_1_130' title='bbox 1150 3046 1264 3099; x_wconf 78' lang='lat' dir='ltr'>vos</span> <span class='ocrx_word' id='word_1_131' title='bbox 1311 3047 1557 3099; x_wconf 83' lang='lat' dir='ltr'>omnem</span> <span class='ocrx_word' id='word_1_132' title='bbox 1597 3033 1948 3101; x_wconf 80' lang='lat' dir='ltr'>veritatem.</span> <span class='ocrx_word' id='word_1_133' title='bbox 2008 3034 2098 3100; x_wconf 89' lang='lat' dir='ltr'>De</span> 
     </span>
     <span class='ocr_line' id='line_1_26' title="bbox 555 3141 2098 3208; baseline 0.003 -4"><span class='ocrx_word' id='word_1_134' title='bbox 555 3141 675 3205; x_wconf 90' lang='lat' dir='ltr'>isto</span> <span class='ocrx_word' id='word_1_135' title='bbox 700 3146 832 3206; x_wconf 86' lang='lat' dir='ltr'>tam</span> <span class='ocrx_word' id='word_1_136' title='bbox 871 3141 1212 3207; x_wconf 81' lang='lat' dir='ltr'>fortissimo</span> <span class='ocrx_word' id='word_1_137' title='bbox 1245 3142 1501 3207; x_wconf 87' lang='lat' dir='ltr'>doctore</span> <span class='ocrx_word' id='word_1_138' title='bbox 1546 3160 1770 3207; x_wconf 91' lang='lat' dir='ltr'>omnes</span> <span class='ocrx_word' id='word_1_139' title='bbox 1810 3143 1934 3206; x_wconf 85' lang='lat' dir='ltr'>rivi</span> <span class='ocrx_word' id='word_1_140' title='bbox 1984 3162 2098 3208; x_wconf 88' lang='lat' dir='ltr'>sa-</span> 
     </span>
     <span class='ocr_line' id='line_1_27' title="bbox 556 3247 1652 3331; baseline 0.001 -20"><span class='ocrx_word' id='word_1_141' title='bbox 556 3248 834 3331; x_wconf 81' lang='lat' dir='ltr'>pientiae,</span> <span class='ocrx_word' id='word_1_142' title='bbox 862 3253 925 3313; x_wconf 87' lang='lat' dir='ltr'>et</span> <span class='ocrx_word' id='word_1_143' title='bbox 950 3247 1228 3313; x_wconf 81' lang='lat' dir='ltr'>scientiae</span> <span class='ocrx_word' id='word_1_144' title='bbox 1254 3248 1652 3314; x_wconf 82' lang='lat' dir='ltr'>derivantur.</span> 
     </span>
    </p>

    <p class='ocr_par' dir='ltr' id='par_1_4' title="bbox 466 3355 2099 5484">
     <span class='ocr_line' id='line_1_28' title="bbox 632 3355 2099 3438; baseline 0.001 -19"><span class='ocrx_word' id='word_1_145' title='bbox 632 3355 792 3420; x_wconf 83' lang='lat' dir='ltr'>Dicit</span> <span class='ocrx_word' id='word_1_146' title='bbox 839 3374 1000 3438; x_wconf 85' lang='lat' dir='ltr'>ergo</span> <span class='ocrx_word' id='word_1_147' title='bbox 1044 3378 1059 3420; x_wconf 75' lang='grc' dir='ltr'><strong>ε</strong></span> <span class='ocrx_word' id='word_1_148' title='bbox 1109 3356 1266 3422; x_wconf 83' lang='lat' dir='ltr'>Cum</span> <span class='ocrx_word' id='word_1_149' title='bbox 1305 3358 1574 3422; x_wconf 76' lang='lat' dir='ltr'>venerit.</span> <span class='ocrx_word' id='word_1_150' title='bbox 1628 3355 1748 3421; x_wconf 85' lang='lat' dir='ltr'>Ubi</span> <span class='ocrx_word' id='word_1_151' title='bbox 1800 3356 2099 3421; x_wconf 80' lang='lat' dir='ltr'>describit</span> 
     </span>
     <span class='ocr_line' id='line_1_29' title="bbox 554 3461 2098 3545; baseline -0.001 -18"><span class='ocrx_word' id='word_1_152' title='bbox 554 3479 706 3527; x_wconf 88' lang='lat' dir='ltr'>eum</span> <span class='ocrx_word' id='word_1_153' title='bbox 731 3467 1048 3545; x_wconf 89' lang='lat' dir='ltr'>quantum</span> <span class='ocrx_word' id='word_1_154' title='bbox 1065 3461 1142 3526; x_wconf 89' lang='lat' dir='ltr'>ad</span> <span class='ocrx_word' id='word_1_155' title='bbox 1164 3461 1624 3543; x_wconf 82' lang='lat' dir='ltr'>benignitatem</span> <span class='ocrx_word' id='word_1_156' title='bbox 1654 3466 1908 3545; x_wconf 85' lang='lat' dir='ltr'>propter</span> <span class='ocrx_word' id='word_1_157' title='bbox 1927 3479 2098 3527; x_wconf 88' lang='lat' dir='ltr'>com·</span> 
     </span>
     <span class='ocr_line' id='line_1_30' title="bbox 557 3562 2098 3653; baseline 0.001 -19"><span class='ocrx_word' id='word_1_158' title='bbox 557 3570 1012 3637; x_wconf 86' lang='lat' dir='ltr'>municativam</span> <span class='ocrx_word' id='word_1_159' title='bbox 1056 3570 1461 3653; x_wconf 81' lang='lat' dir='ltr'>praesentiam</span> <span class='ocrx_word' id='word_1_160' title='bbox 1508 3562 1833 3635; x_wconf 68' lang='lat' dir='ltr'>altissimae</span> <span class='ocrx_word' id='word_1_161' title='bbox 1862 3572 2098 3652; x_wconf 84' lang='lat' dir='ltr'>majes-</span> 
     </span>
     <span class='ocr_line' id='line_1_31' title="bbox 555 3676 2092 3762; baseline -0.002 -19"><span class='ocrx_word' id='word_1_162' title='bbox 555 3679 725 3744; x_wconf 77' lang='lat' dir='ltr'>tatis,</span> <span class='ocrx_word' id='word_1_163' title='bbox 765 3678 834 3744; x_wconf 87' lang='lat' dir='ltr'>Si</span> <span class='ocrx_word' id='word_1_164' title='bbox 856 3683 1185 3762; x_wconf 85' lang='lat' dir='ltr'>quaeratur</span> <span class='ocrx_word' id='word_1_165' title='bbox 1208 3677 1369 3742; x_wconf 89' lang='lat' dir='ltr'>ratio</span> <span class='ocrx_word' id='word_1_166' title='bbox 1398 3684 1598 3761; x_wconf 84' lang='lat' dir='ltr'>quare</span> <span class='ocrx_word' id='word_1_167' title='bbox 1626 3676 1732 3741; x_wconf 87' lang='lat' dir='ltr'>ille</span> <span class='ocrx_word' id='word_1_168' title='bbox 1757 3676 2092 3759; x_wconf 89' lang='lat' dir='ltr'>benignis-</span> 
     </span>
     <span class='ocr_line' id='line_1_32' title="bbox 555 3783 2095 3869; baseline -0.002 -18"><span class='ocrx_word' id='word_1_169' title='bbox 555 3786 762 3851; x_wconf 88' lang='lat' dir='ltr'>simus</span> <span class='ocrx_word' id='word_1_170' title='bbox 803 3785 1079 3869; x_wconf 86' lang='lat' dir='ltr'>Spiritus</span> <span class='ocrx_word' id='word_1_171' title='bbox 1110 3786 1416 3867; x_wconf 77' lang='lat' dir='ltr'>dignatur</span> <span class='ocrx_word' id='word_1_172' title='bbox 1444 3784 1525 3848; x_wconf 90' lang='lat' dir='ltr'>ad</span> <span class='ocrx_word' id='word_1_173' title='bbox 1560 3801 1709 3849; x_wconf 89' lang='lat' dir='ltr'>suos</span> <span class='ocrx_word' id='word_1_174' title='bbox 1750 3783 2095 3867; x_wconf 89' lang='lat' dir='ltr'>discipulos</span> 
     </span>
     <span class='ocr_line' id='line_1_33' title="bbox 557 3891 2096 3977; baseline -0.001 -20"><span class='ocrx_word' id='word_1_175' title='bbox 557 3895 775 3959; x_wconf 89' lang='lat' dir='ltr'>venire</span> <span class='ocrx_word' id='word_1_176' title='bbox 795 3942 816 3973; x_wconf 93' lang='lat'>,</span> <span class='ocrx_word' id='word_1_177' title='bbox 847 3894 1086 3977; x_wconf 84' lang='lat' dir='ltr'>optime</span> <span class='ocrx_word' id='word_1_178' title='bbox 1122 3891 1543 3975; x_wconf 87' lang='lat' dir='ltr'>respondetur</span> <span class='ocrx_word' id='word_1_179' title='bbox 1573 3892 1745 3975; x_wconf 87' lang='lat' dir='ltr'>quod</span> <span class='ocrx_word' id='word_1_180' title='bbox 1773 3910 1893 3956; x_wconf 90' lang='lat' dir='ltr'>sua</span> <span class='ocrx_word' id='word_1_181' title='bbox 1922 3891 2096 3956; x_wconf 89' lang='lat' dir='ltr'>beni-</span> 
     </span>
     <span class='ocr_line' id='line_1_34' title="bbox 555 3997 2091 4084; baseline 0 -19"><span class='ocrx_word' id='word_1_182' title='bbox 555 4003 767 4084; x_wconf 86' lang='lat' dir='ltr'>gnitas</span> <span class='ocrx_word' id='word_1_183' title='bbox 795 4005 888 4065; x_wconf 89' lang='lat' dir='ltr'>est</span> <span class='ocrx_word' id='word_1_184' title='bbox 922 4000 1084 4064; x_wconf 87' lang='lat' dir='ltr'>ratio</span> <span class='ocrx_word' id='word_1_185' title='bbox 1128 3999 1473 4083; x_wconf 83' lang='lat' dir='ltr'>praecipua.</span> <span class='ocrx_word' id='word_1_186' title='bbox 1504 3997 1666 4065; x_wconf 89' lang='lat' dir='ltr'>Nam</span> <span class='ocrx_word' id='word_1_187' title='bbox 1693 4001 1940 4064; x_wconf 86' lang='lat' dir='ltr'>ratione</span> <span class='ocrx_word' id='word_1_188' title='bbox 1978 4000 2091 4065; x_wconf 90' lang='lat' dir='ltr'>be-</span> 
     </span>
     <span class='ocr_line' id='line_1_35' title="bbox 553 4106 2096 4191; baseline 0.001 -19"><span class='ocrx_word' id='word_1_189' title='bbox 553 4107 835 4191; x_wconf 89' lang='lat' dir='ltr'>nignatis</span> <span class='ocrx_word' id='word_1_190' title='bbox 866 4124 1005 4173; x_wconf 81' lang='lat' dir='ltr'>suae</span> <span class='ocrx_word' id='word_1_191' title='bbox 1041 4108 1220 4174; x_wconf 83' lang='lat' dir='ltr'>venit</span> <span class='ocrx_word' id='word_1_192' title='bbox 1249 4107 1368 4171; x_wconf 89' lang='lat' dir='ltr'>iste</span> <span class='ocrx_word' id='word_1_193' title='bbox 1412 4106 1683 4188; x_wconf 89' lang='lat' dir='ltr'>Spiritus</span> <span class='ocrx_word' id='word_1_194' title='bbox 1720 4129 1736 4171; x_wconf 92' lang='lat'>:</span> <span class='ocrx_word' id='word_1_195' title='bbox 1769 4109 1979 4190; x_wconf 90' lang='lat' dir='ltr'>primo</span> <span class='ocrx_word' id='word_1_196' title='bbox 2019 4112 2096 4173; x_wconf 90' lang='lat' dir='ltr'>ut</span> 
     </span>
     <span class='ocr_line' id='line_1_36' title="bbox 553 4213 2092 4296; baseline -0.001 -17"><span class='ocrx_word' id='word_1_197' title='bbox 553 4214 840 4281; x_wconf 90' lang='lat' dir='ltr'>medicus</span> <span class='ocrx_word' id='word_1_198' title='bbox 875 4214 1073 4279; x_wconf 88' lang='lat' dir='ltr'>totius</span> <span class='ocrx_word' id='word_1_199' title='bbox 1116 4213 1550 4296; x_wconf 70' lang='lat' dir='ltr'>experientiae,</span> <span class='ocrx_word' id='word_1_200' title='bbox 1596 4217 1855 4296; x_wconf 87' lang='lat' dir='ltr'>propter</span> <span class='ocrx_word' id='word_1_201' title='bbox 1895 4213 2092 4279; x_wconf 88' lang='lat' dir='ltr'>colla-</span> 
     </span>
     <span class='ocr_line' id='line_1_37' title="bbox 553 4322 2096 4406; baseline 0 -18"><span class='ocrx_word' id='word_1_202' title='bbox 553 4324 794 4390; x_wconf 90' lang='lat' dir='ltr'>tionem</span> <span class='ocrx_word' id='word_1_203' title='bbox 823 4322 1170 4406; x_wconf 88' lang='lat' dir='ltr'>spiritualis</span> <span class='ocrx_word' id='word_1_204' title='bbox 1196 4327 1260 4387; x_wconf 92' lang='lat' dir='ltr'>et</span> <span class='ocrx_word' id='word_1_205' title='bbox 1286 4322 1630 4406; x_wconf 89' lang='lat' dir='ltr'>corporalis</span> <span class='ocrx_word' id='word_1_206' title='bbox 1656 4324 1840 4402; x_wconf 84' lang='lat' dir='ltr'>vitae;</span> <span class='ocrx_word' id='word_1_207' title='bbox 1873 4341 2096 4390; x_wconf 85' lang='lat' dir='ltr'>secun·</span> 
     </span>
     <span class='ocr_line' id='line_1_38' title="bbox 550 4430 2094 4516; baseline 0.002 -21"><span class='ocrx_word' id='word_1_208' title='bbox 550 4430 635 4496; x_wconf 90' lang='lat' dir='ltr'>do</span> <span class='ocrx_word' id='word_1_209' title='bbox 661 4437 735 4495; x_wconf 88' lang='lat' dir='ltr'>ut</span> <span class='ocrx_word' id='word_1_210' title='bbox 761 4432 1068 4513; x_wconf 85' lang='lat' dir='ltr'>magister</span> <span class='ocrx_word' id='word_1_211' title='bbox 1097 4431 1290 4496; x_wconf 88' lang='lat' dir='ltr'>totius</span> <span class='ocrx_word' id='word_1_212' title='bbox 1323 4430 1648 4513; x_wconf 81' lang='lat' dir='ltr'>sapientiae</span> <span class='ocrx_word' id='word_1_213' title='bbox 1663 4479 1679 4502; x_wconf 83' lang='lat'><strong>.</strong></span> <span class='ocrx_word' id='word_1_214' title='bbox 1709 4436 1966 4516; x_wconf 86' lang='lat' dir='ltr'>propter</span> <span class='ocrx_word' id='word_1_215' title='bbox 1990 4433 2094 4497; x_wconf 89' lang='lat' dir='ltr'>in·</span> 
     </span>
     <span class='ocr_line' id='line_1_39' title="bbox 550 4537 2091 4617; baseline 0.001 -14"><span class='ocrx_word' id='word_1_216' title='bbox 550 4538 964 4604; x_wconf 85' lang='lat' dir='ltr'>structionem</span> <span class='ocrx_word' id='word_1_217' title='bbox 1008 4537 1184 4603; x_wconf 85' lang='lat' dir='ltr'>utilis</span> <span class='ocrx_word' id='word_1_218' title='bbox 1226 4537 1533 4603; x_wconf 79' lang='lat' dir='ltr'>doctrinae</span> <span class='ocrx_word' id='word_1_219' title='bbox 1547 4561 1564 4617; x_wconf 92' lang='lat'>;</span> <span class='ocrx_word' id='word_1_220' title='bbox 1611 4540 1797 4603; x_wconf 86' lang='lat' dir='ltr'>tertio</span> <span class='ocrx_word' id='word_1_221' title='bbox 1849 4544 1923 4603; x_wconf 90' lang='lat' dir='ltr'>ut</span> <span class='ocrx_word' id='word_1_222' title='bbox 1973 4557 2091 4604; x_wconf 82' lang='lat' dir='ltr'>rex</span> 
     </span>
     <span class='ocr_line' id='line_1_40' title="bbox 548 4644 2093 4728; baseline 0.001 -17"><span class='ocrx_word' id='word_1_223' title='bbox 548 4646 744 4711; x_wconf 89' lang='lat' dir='ltr'>totius</span> <span class='ocrx_word' id='word_1_224' title='bbox 771 4644 1114 4728; x_wconf 69' lang='lat' dir='ltr'>opulentiae</span> <span class='ocrx_word' id='word_1_225' title='bbox 1129 4693 1146 4725; x_wconf 91' lang='lat'>,</span> <span class='ocrx_word' id='word_1_226' title='bbox 1176 4649 1435 4728; x_wconf 87' lang='lat' dir='ltr'>propter</span> <span class='ocrx_word' id='word_1_227' title='bbox 1465 4646 1854 4711; x_wconf 85' lang='lat' dir='ltr'>amotionem</span> <span class='ocrx_word' id='word_1_228' title='bbox 1882 4647 2093 4712; x_wconf 89' lang='lat' dir='ltr'>totalis</span> 
     </span>
     <span class='ocr_line' id='line_1_41' title="bbox 466 4752 2091 4837; baseline 0.002 -20"><span class='ocrx_word' id='word_1_229' title='bbox 466 4771 476 4780; x_wconf 92' lang='lat'><strong>·</strong></span> <span class='ocrx_word' id='word_1_230' title='bbox 548 4752 947 4834; x_wconf 64' lang='lat' dir='ltr'>indigentiae.</span> <span class='ocrx_word' id='word_1_231' title='bbox 983 4752 1275 4818; x_wconf 89' lang='lat' dir='ltr'>Primum</span> <span class='ocrx_word' id='word_1_232' title='bbox 1319 4758 1415 4818; x_wconf 86' lang='lat' dir='ltr'>est</span> <span class='ocrx_word' id='word_1_233' title='bbox 1462 4758 1747 4837; x_wconf 85' lang='lat' dir='ltr'>respectu</span> <span class='ocrx_word' id='word_1_234' title='bbox 1798 4754 2091 4821; x_wconf 84' lang='lat' dir='ltr'>infirmo·</span> 
     </span>
     <span class='ocr_line' id='line_1_42' title="bbox 548 4860 2092 4947; baseline 0.001 -22"><span class='ocrx_word' id='word_1_235' title='bbox 548 4878 738 4940; x_wconf 81' lang='lat' dir='ltr'>rum3</span> <span class='ocrx_word' id='word_1_236' title='bbox 772 4860 1125 4925; x_wconf 87' lang='lat' dir='ltr'>secuudum</span> <span class='ocrx_word' id='word_1_237' title='bbox 1153 4864 1443 4942; x_wconf 85' lang='lat' dir='ltr'>respectu</span> <span class='ocrx_word' id='word_1_238' title='bbox 1459 4861 1937 4947; x_wconf 80' lang='lat' dir='ltr'>ignorantium3</span> <span class='ocrx_word' id='word_1_239' title='bbox 1969 4866 2092 4927; x_wconf 89' lang='lat' dir='ltr'>ter-</span> 
     </span>
     <span class='ocr_line' id='line_1_43' title="bbox 547 4966 2092 5051; baseline 0.002 -19"><span class='ocrx_word' id='word_1_240' title='bbox 547 4968 709 5032; x_wconf 86' lang='lat' dir='ltr'>tium</span> <span class='ocrx_word' id='word_1_241' title='bbox 754 4971 1049 5051; x_wconf 87' lang='lat' dir='ltr'>respectu</span> <span class='ocrx_word' id='word_1_242' title='bbox 1100 4984 1475 5050; x_wconf 88' lang='lat' dir='ltr'>pauperum.</span> <span class='ocrx_word' id='word_1_243' title='bbox 1535 4966 1752 5034; x_wconf 89' lang='lat' dir='ltr'>Primo</span> <span class='ocrx_word' id='word_1_244' title='bbox 1792 4970 1970 5035; x_wconf 85' lang='lat' dir='ltr'>venit</span> <span class='ocrx_word' id='word_1_245' title='bbox 2016 4974 2092 5037; x_wconf 89' lang='lat' dir='ltr'>ut</span> 
     </span>
     <span class='ocr_line' id='line_1_44' title="bbox 549 5074 2089 5159; baseline 0.004 -21"><span class='ocrx_word' id='word_1_246' title='bbox 549 5074 834 5141; x_wconf 90' lang='lat' dir='ltr'>medicus</span> <span class='ocrx_word' id='word_1_247' title='bbox 852 5075 1047 5141; x_wconf 81' lang='lat' dir='ltr'>totius</span> <span class='ocrx_word' id='word_1_248' title='bbox 1072 5075 1502 5159; x_wconf 59' lang='lat' dir='ltr'>experiemini,</span> <span class='ocrx_word' id='word_1_249' title='bbox 1524 5080 1783 5159; x_wconf 87' lang='lat' dir='ltr'>propter</span> <span class='ocrx_word' id='word_1_250' title='bbox 1807 5077 2089 5144; x_wconf 85' lang='lat' dir='ltr'>collatio·</span> 
     </span>
     <span class='ocr_line' id='line_1_45' title="bbox 546 5181 2089 5270; baseline 0.004 -25"><span class='ocrx_word' id='word_1_251' title='bbox 546 5199 696 5246; x_wconf 88' lang='lat' dir='ltr'>nem</span> <span class='ocrx_word' id='word_1_252' title='bbox 735 5181 1082 5266; x_wconf 88' lang='lat' dir='ltr'>spiritualis</span> <span class='ocrx_word' id='word_1_253' title='bbox 1125 5186 1189 5246; x_wconf 85' lang='lat' dir='ltr'>et</span> <span class='ocrx_word' id='word_1_254' title='bbox 1225 5182 1571 5267; x_wconf 87' lang='lat' dir='ltr'>corporalis</span> <span class='ocrx_word' id='word_1_255' title='bbox 1601 5184 1778 5251; x_wconf 84' lang='lat' dir='ltr'>vitae.</span> <span class='ocrx_word' id='word_1_256' title='bbox 1812 5184 1862 5250; x_wconf 91' lang='grc' dir='ltr'>Ο</span> <span class='ocrx_word' id='word_1_257' title='bbox 1891 5204 2089 5270; x_wconf 85' lang='lat' dir='ltr'>quam</span> 
     </span>
     <span class='ocr_line' id='line_1_46' title="bbox 545 5278 2088 5378; baseline 0.003 -25"><span class='ocrx_word' id='word_1_258' title='bbox 545 5289 788 5371; x_wconf 77' lang='lat' dir='ltr'>peritus</span> <span class='ocrx_word' id='word_1_259' title='bbox 823 5293 919 5357; x_wconf 89' lang='lat' dir='ltr'>est</span> <span class='ocrx_word' id='word_1_260' title='bbox 955 5278 1408 5370; x_wconf 66' lang='lat' dir='ltr'>ille&#39;medicus,</span> <span class='ocrx_word' id='word_1_261' title='bbox 1436 5290 1552 5374; x_wconf 83' lang='lat' dir='ltr'>qui</span> <span class='ocrx_word' id='word_1_262' title='bbox 1577 5296 1864 5358; x_wconf 87' lang='lat' dir='ltr'>mortuos</span> <span class='ocrx_word' id='word_1_263' title='bbox 1896 5294 2088 5378; x_wconf 89' lang='lat' dir='ltr'>spiri-</span> 
     </span>
     <span class='ocr_line' id='line_1_47' title="bbox 545 5396 2089 5484; baseline 0.005 -23"><span class='ocrx_word' id='word_1_264' title='bbox 545 5396 799 5463; x_wconf 79' lang='lat' dir='ltr'>tualiter</span> <span class='ocrx_word' id='word_1_265' title='bbox 842 5402 908 5471; x_wconf 81' lang='lat' dir='ltr'>et</span> <span class='ocrx_word' id='word_1_266' title='bbox 948 5398 1370 5484; x_wconf 85' lang='lat' dir='ltr'>corporaliter.</span> <span class='ocrx_word' id='word_1_267' title='bbox 1395 5398 1708 5481; x_wconf 81' lang='lat' dir='ltr'>vivificat,</span> <span class='ocrx_word' id='word_1_268' title='bbox 1739 5405 1804 5465; x_wconf 84' lang='lat' dir='ltr'>et</span> <span class='ocrx_word' id='word_1_269' title='bbox 1828 5418 2089 5468; x_wconf 87' lang='lat' dir='ltr'>omnem</span> 
     </span>
    </p>
   </div>
   <div class='ocr_carea' id='block_1_3' title="bbox 1664 414 2663 491">
    <p class='ocr_par' dir='ltr' id='par_1_5' title="bbox 1664 414 2663 491">
     <span class='ocr_line' id='line_1_48' title="bbox 1664 414 2663 491; baseline 0.002 -5"><span class='ocrx_word' id='word_1_270' title='bbox 1664 415 2085 488; x_wconf 81' lang='lat' dir='ltr'>SERMONES</span> <span class='ocrx_word' id='word_1_271' title='bbox 2125 414 2229 488; x_wconf 86' lang='lat' dir='ltr'>DE</span> <span class='ocrx_word' id='word_1_272' title='bbox 2270 417 2663 491; x_wconf 84' lang='lat' dir='ltr'><strong>TEMPORE.</strong></span> 
     </span>
    </p>
   </div>
   <div class='ocr_carea' id='block_1_4' title="bbox 2201 556 3772 3655">
    <p class='ocr_par' dir='ltr' id='par_1_6' title="bbox 2201 556 3772 3655">
     <span class='ocr_line' id='line_1_49' title="bbox 2214 556 3760 645; baseline 0.005 -23"><span class='ocrx_word' id='word_1_273' title='bbox 2214 556 2597 641; x_wconf 86' lang='lat' dir='ltr'>languorem</span> <span class='ocrx_word' id='word_1_274' title='bbox 2618 562 2801 624; x_wconf 90' lang='lat' dir='ltr'>curat</span> <span class='ocrx_word' id='word_1_275' title='bbox 2825 559 2963 626; x_wconf 89' lang='lat' dir='ltr'>sine</span> <span class='ocrx_word' id='word_1_276' title='bbox 2984 558 3152 626; x_wconf 86' lang='lat' dir='ltr'>ferro</span> <span class='ocrx_word' id='word_1_277' title='bbox 3181 563 3246 627; x_wconf 88' lang='lat' dir='ltr'>et</span> <span class='ocrx_word' id='word_1_278' title='bbox 3269 560 3405 626; x_wconf 88' lang='lat' dir='ltr'>sine</span> <span class='ocrx_word' id='word_1_279' title='bbox 3427 561 3610 645; x_wconf 89' lang='lat' dir='ltr'>igne,</span> <span class='ocrx_word' id='word_1_280' title='bbox 3646 564 3760 630; x_wconf 86' lang='lat' dir='ltr'>sed</span> 
     </span>
     <span class='ocr_line' id='line_1_50' title="bbox 2216 664 3753 752; baseline 0.005 -24"><span class='ocrx_word' id='word_1_281' title='bbox 2216 664 2350 729; x_wconf 92' lang='lat' dir='ltr'>solo</span> <span class='ocrx_word' id='word_1_282' title='bbox 2397 684 2531 731; x_wconf 81' lang='lat' dir='ltr'>suae</span> <span class='ocrx_word' id='word_1_283' title='bbox 2585 665 2931 734; x_wconf 89' lang='lat' dir='ltr'>voluntatis</span> <span class='ocrx_word' id='word_1_284' title='bbox 2966 667 3361 752; x_wconf 88' lang='lat' dir='ltr'>beneplacito</span> <span class='ocrx_word' id='word_1_285' title='bbox 3410 686 3429 732; x_wconf 76' lang='lat' dir='ltr'>t</span> <span class='ocrx_word' id='word_1_286' title='bbox 3474 670 3654 737; x_wconf 88' lang='lat' dir='ltr'>Unde</span> <span class='ocrx_word' id='word_1_287' title='bbox 3681 678 3700 714; x_wconf 89' lang='lat'>¹</span> <span class='ocrx_word' id='word_1_288' title='bbox 3735 693 3753 736; x_wconf 75' lang='lat' dir='ltr'>t</span> 
     </span>
     <span class='ocr_line' id='line_1_51' title="bbox 2224 770 3759 860; baseline 0.007 -26"><span class='ocrx_word' id='word_1_289' title='bbox 2224 795 2256 833; x_wconf 79' lang='grc' dir='ltr'><strong>α</strong></span> <span class='ocrx_word' id='word_1_290' title='bbox 2284 770 2467 851; x_wconf 87' lang='lat' dir='ltr'>Veni,</span> <span class='ocrx_word' id='word_1_291' title='bbox 2498 773 2782 856; x_wconf 74' lang='lat' dir='ltr'>spiritua,</span> <span class='ocrx_word' id='word_1_292' title='bbox 2814 779 2879 839; x_wconf 90' lang='lat' dir='ltr'>et</span> <span class='ocrx_word' id='word_1_293' title='bbox 2905 774 3164 840; x_wconf 86' lang='lat' dir='ltr'>insuffla</span> <span class='ocrx_word' id='word_1_294' title='bbox 3188 794 3382 860; x_wconf 85' lang='lat' dir='ltr'>super</span> <span class='ocrx_word' id='word_1_295' title='bbox 3397 776 3759 843; x_wconf 79' lang='lat' dir='ltr'>interfectos</span> 
     </span>
     <span class='ocr_line' id='line_1_52' title="bbox 2215 879 3757 969; baseline 0.003 -24"><span class='ocrx_word' id='word_1_296' title='bbox 2215 879 2391 959; x_wconf 89' lang='lat' dir='ltr'>istos,</span> <span class='ocrx_word' id='word_1_297' title='bbox 2423 886 2487 946; x_wconf 89' lang='lat' dir='ltr'>et</span> <span class='ocrx_word' id='word_1_298' title='bbox 2513 881 2917 963; x_wconf 86' lang='lat' dir='ltr'>reviviscant,</span> <span class='ocrx_word' id='word_1_299' title='bbox 2946 904 2979 943; x_wconf 69' lang='lat' dir='ltr'><strong>n</strong></span> <span class='ocrx_word' id='word_1_300' title='bbox 3013 883 3247 949; x_wconf 87' lang='lat' dir='ltr'>scilicet</span> <span class='ocrx_word' id='word_1_301' title='bbox 3263 903 3302 949; x_wconf 90' lang='lat' dir='ltr'>a</span> <span class='ocrx_word' id='word_1_302' title='bbox 3319 889 3524 949; x_wconf 89' lang='lat' dir='ltr'>morte</span> <span class='ocrx_word' id='word_1_303' title='bbox 3550 885 3757 969; x_wconf 82' lang='lat' dir='ltr'>culpae</span> 
     </span>
     <span class='ocr_line' id='line_1_53' title="bbox 2214 987 3758 1076; baseline 0.004 -25"><span class='ocrx_word' id='word_1_304' title='bbox 2214 1006 2332 1071; x_wconf 89' lang='lat' dir='ltr'>per</span> <span class='ocrx_word' id='word_1_305' title='bbox 2366 987 2766 1055; x_wconf 86' lang='lat' dir='ltr'>collationem</span> <span class='ocrx_word' id='word_1_306' title='bbox 2813 989 3064 1071; x_wconf 81' lang='lat' dir='ltr'>gratiae.</span> <span class='ocrx_word' id='word_1_307' title='bbox 3116 989 3293 1057; x_wconf 83' lang='lat' dir='ltr'>Unde</span> <span class='ocrx_word' id='word_1_308' title='bbox 3333 991 3497 1055; x_wconf 85' lang='lat' dir='ltr'>sicut</span> <span class='ocrx_word' id='word_1_309' title='bbox 3522 1010 3758 1076; x_wconf 87' lang='lat' dir='ltr'>corpus</span> 
     </span>
     <span class='ocr_line' id='line_1_54' title="bbox 2214 1096 3760 1177; baseline 0.003 -18"><span class='ocrx_word' id='word_1_310' title='bbox 2214 1101 2311 1159; x_wconf 89' lang='lat' dir='ltr'>est</span> <span class='ocrx_word' id='word_1_311' title='bbox 2337 1100 2665 1161; x_wconf 87' lang='lat' dir='ltr'>mortuum</span> <span class='ocrx_word' id='word_1_312' title='bbox 2706 1096 2846 1162; x_wconf 88' lang='lat' dir='ltr'>sine</span> <span class='ocrx_word' id='word_1_313' title='bbox 2890 1098 3107 1162; x_wconf 87' lang='lat' dir='ltr'>anima</span> <span class='ocrx_word' id='word_1_314' title='bbox 3127 1146 3144 1177; x_wconf 92' lang='lat'>,</span> <span class='ocrx_word' id='word_1_315' title='bbox 3174 1097 3264 1163; x_wconf 88' lang='lat' dir='ltr'>sic</span> <span class='ocrx_word' id='word_1_316' title='bbox 3290 1103 3354 1164; x_wconf 91' lang='lat' dir='ltr'>et</span> <span class='ocrx_word' id='word_1_317' title='bbox 3377 1098 3593 1164; x_wconf 88' lang='lat' dir='ltr'>anima</span> <span class='ocrx_word' id='word_1_318' title='bbox 3618 1100 3760 1164; x_wconf 89' lang='lat' dir='ltr'>sine</span> 
     </span>
     <span class='ocr_line' id='line_1_55' title="bbox 2214 1201 3759 1289; baseline 0.003 -22"><span class='ocrx_word' id='word_1_319' title='bbox 2214 1201 2457 1285; x_wconf 87' lang='lat' dir='ltr'>Spiritu</span> <span class='ocrx_word' id='word_1_320' title='bbox 2501 1209 2742 1270; x_wconf 85' lang='lat' dir='ltr'>sancto.</span> <span class='ocrx_word' id='word_1_321' title='bbox 2785 1204 3076 1271; x_wconf 87' lang='lat' dir='ltr'>Secundo</span> <span class='ocrx_word' id='word_1_322' title='bbox 3120 1205 3296 1272; x_wconf 89' lang='lat' dir='ltr'>venit</span> <span class='ocrx_word' id='word_1_323' title='bbox 3331 1210 3406 1270; x_wconf 89' lang='lat' dir='ltr'>ut</span> <span class='ocrx_word' id='word_1_324' title='bbox 3454 1207 3759 1289; x_wconf 82' lang='lat' dir='ltr'>magister</span> 
     </span>
     <span class='ocr_line' id='line_1_56' title="bbox 2216 1310 3760 1396; baseline 0.003 -22"><span class='ocrx_word' id='word_1_325' title='bbox 2216 1310 2411 1375; x_wconf 90' lang='lat' dir='ltr'>totius</span> <span class='ocrx_word' id='word_1_326' title='bbox 2434 1312 2696 1395; x_wconf 89' lang='lat' dir='ltr'>sapienti</span> <span class='ocrx_word' id='word_1_327' title='bbox 2703 1330 2781 1392; x_wconf 82' lang='lat' dir='ltr'>ae,</span> <span class='ocrx_word' id='word_1_328' title='bbox 2808 1317 3064 1396; x_wconf 89' lang='lat' dir='ltr'>propter</span> <span class='ocrx_word' id='word_1_329' title='bbox 3080 1313 3560 1379; x_wconf 85' lang='lat' dir='ltr'>instructionem</span> <span class='ocrx_word' id='word_1_330' title='bbox 3581 1314 3760 1379; x_wconf 88' lang='lat' dir='ltr'>utilis</span> 
     </span>
     <span class='ocr_line' id='line_1_57' title="bbox 2212 1417 3759 1505; baseline 0.003 -24"><span class='ocrx_word' id='word_1_331' title='bbox 2212 1417 2544 1483; x_wconf 83' lang='lat' dir='ltr'>doctrinae.</span> <span class='ocrx_word' id='word_1_332' title='bbox 2587 1419 2727 1502; x_wconf 88' lang='lat' dir='ltr'>Ipse</span> <span class='ocrx_word' id='word_1_333' title='bbox 2766 1419 2939 1484; x_wconf 90' lang='lat' dir='ltr'>enim</span> <span class='ocrx_word' id='word_1_334' title='bbox 2977 1422 3076 1485; x_wconf 90' lang='lat' dir='ltr'>est</span> <span class='ocrx_word' id='word_1_335' title='bbox 3103 1420 3339 1485; x_wconf 85' lang='lat' dir='ltr'>fontale</span> <span class='ocrx_word' id='word_1_336' title='bbox 3372 1419 3759 1505; x_wconf 89' lang='lat' dir='ltr'>principium</span> 
     </span>
     <span class='ocr_line' id='line_1_58' title="bbox 2212 1525 3764 1610; baseline 0.003 -21"><span class='ocrx_word' id='word_1_337' title='bbox 2212 1525 2425 1589; x_wconf 89' lang='lat' dir='ltr'>omnis</span> <span class='ocrx_word' id='word_1_338' title='bbox 2452 1526 2756 1606; x_wconf 74' lang='lat' dir='ltr'>scientiae,</span> <span class='ocrx_word' id='word_1_339' title='bbox 2777 1529 2843 1592; x_wconf 90' lang='lat' dir='ltr'>et</span> <span class='ocrx_word' id='word_1_340' title='bbox 2866 1526 3219 1610; x_wconf 83' lang='lat' dir='ltr'>specialiter</span> <span class='ocrx_word' id='word_1_341' title='bbox 3234 1527 3595 1594; x_wconf 65' lang='lat' dir='ltr'>christianes</span> <span class='ocrx_word' id='word_1_342' title='bbox 3617 1529 3764 1594; x_wconf 90' lang='lat' dir='ltr'>doc-</span> 
     </span>
     <span class='ocr_line' id='line_1_59' title="bbox 2212 1632 3756 1718; baseline 0.005 -23"><span class='ocrx_word' id='word_1_343' title='bbox 2212 1632 2424 1712; x_wconf 83' lang='lat' dir='ltr'>trinae‚</span> <span class='ocrx_word' id='word_1_344' title='bbox 2455 1633 2591 1698; x_wconf 87' lang='lat' dir='ltr'>sive</span> <span class='ocrx_word' id='word_1_345' title='bbox 2608 1634 3016 1717; x_wconf 64' lang='lat' dir='ltr'>propheticae,</span> <span class='ocrx_word' id='word_1_346' title='bbox 3045 1635 3185 1700; x_wconf 90' lang='lat' dir='ltr'>sive</span> <span class='ocrx_word' id='word_1_347' title='bbox 3201 1635 3558 1718; x_wconf 84' lang='lat' dir='ltr'>apostolicae</span> <span class='ocrx_word' id='word_1_348' title='bbox 3593 1656 3609 1699; x_wconf 72' lang='grc' dir='ltr'><strong>ε</strong></span> <span class='ocrx_word' id='word_1_349' title='bbox 3640 1637 3756 1702; x_wconf 91' lang='lat' dir='ltr'>do-</span> 
     </span>
     <span class='ocr_line' id='line_1_60' title="bbox 2214 1741 3757 1826; baseline 0.003 -22"><span class='ocrx_word' id='word_1_350' title='bbox 2214 1742 2311 1804; x_wconf 88' lang='lat' dir='ltr'>cet</span> <span class='ocrx_word' id='word_1_351' title='bbox 2332 1741 2505 1805; x_wconf 90' lang='lat' dir='ltr'>euim</span> <span class='ocrx_word' id='word_1_352' title='bbox 2532 1745 2774 1806; x_wconf 89' lang='lat' dir='ltr'>rectam</span> <span class='ocrx_word' id='word_1_353' title='bbox 2802 1742 3040 1824; x_wconf 86' lang='lat' dir='ltr'>legem.</span> <span class='ocrx_word' id='word_1_354' title='bbox 3071 1742 3148 1807; x_wconf 87' lang='lat' dir='ltr'>Et</span> <span class='ocrx_word' id='word_1_355' title='bbox 3173 1746 3428 1826; x_wconf 87' lang='lat' dir='ltr'>propter</span> <span class='ocrx_word' id='word_1_356' title='bbox 3453 1745 3574 1809; x_wconf 88' lang='lat' dir='ltr'>hoc</span> <span class='ocrx_word' id='word_1_357' title='bbox 3594 1744 3757 1810; x_wconf 84' lang='lat' dir='ltr'>dici-</span> 
     </span>
     <span class='ocr_line' id='line_1_61' title="bbox 2214 1846 3760 1933; baseline 0.005 -23"><span class='ocrx_word' id='word_1_358' title='bbox 2214 1849 2322 1911; x_wconf 88' lang='lat' dir='ltr'>tur</span> <span class='ocrx_word' id='word_1_359' title='bbox 2347 1854 2372 1889; x_wconf 78' lang='lat'><em>²</em></span> <span class='ocrx_word' id='word_1_360' title='bbox 2403 1869 2420 1912; x_wconf 75' lang='grc' dir='ltr'><strong>ε</strong></span> <span class='ocrx_word' id='word_1_361' title='bbox 2461 1846 2757 1933; x_wconf 74' lang='lat' dir='ltr'>«Optavi,</span> <span class='ocrx_word' id='word_1_362' title='bbox 2787 1853 2852 1914; x_wconf 86' lang='lat' dir='ltr'>et</span> <span class='ocrx_word' id='word_1_363' title='bbox 2874 1849 3062 1914; x_wconf 87' lang='lat' dir='ltr'>datus</span> <span class='ocrx_word' id='word_1_364' title='bbox 3087 1854 3184 1916; x_wconf 90' lang='lat' dir='ltr'>est</span> <span class='ocrx_word' id='word_1_365' title='bbox 3208 1850 3369 1915; x_wconf 86' lang='lat' dir='ltr'>mihi</span> <span class='ocrx_word' id='word_1_366' title='bbox 3396 1869 3654 1932; x_wconf 81' lang='lat' dir='ltr'>sensus3</span> <span class='ocrx_word' id='word_1_367' title='bbox 3693 1855 3760 1917; x_wconf 89' lang='lat' dir='ltr'>et</span> 
     </span>
     <span class='ocr_line' id='line_1_62' title="bbox 2214 1953 3752 2042; baseline 0.004 -24"><span class='ocrx_word' id='word_1_368' title='bbox 2214 1953 2508 2021; x_wconf 88' lang='lat' dir='ltr'>invocavi</span> <span class='ocrx_word' id='word_1_369' title='bbox 2532 2003 2549 2033; x_wconf 91' lang='lat'><strong>‚</strong></span> <span class='ocrx_word' id='word_1_370' title='bbox 2580 1961 2644 2021; x_wconf 89' lang='lat' dir='ltr'>et</span> <span class='ocrx_word' id='word_1_371' title='bbox 2670 1956 2943 2022; x_wconf 88' lang='lat' dir='ltr'>venitin</span> <span class='ocrx_word' id='word_1_372' title='bbox 2969 1974 3074 2021; x_wconf 91' lang='lat' dir='ltr'>me</span> <span class='ocrx_word' id='word_1_373' title='bbox 3100 1957 3360 2040; x_wconf 86' lang='lat' dir='ltr'>spiritus</span> <span class='ocrx_word' id='word_1_374' title='bbox 3386 1958 3752 2042; x_wconf 77' lang='lat' dir='ltr'>sapientiae3</span> 
     </span>
     <span class='ocr_line' id='line_1_63' title="bbox 2213 2063 3758 2146; baseline 0.005 -21"><span class='ocrx_word' id='word_1_375' title='bbox 2213 2065 2279 2125; x_wconf 89' lang='lat' dir='ltr'>et</span> <span class='ocrx_word' id='word_1_376' title='bbox 2297 2063 2624 2145; x_wconf 83' lang='lat' dir='ltr'>praeposui</span> <span class='ocrx_word' id='word_1_377' title='bbox 2650 2063 2829 2128; x_wconf 90' lang='lat' dir='ltr'>illam</span> <span class='ocrx_word' id='word_1_378' title='bbox 2853 2063 3072 2146; x_wconf 88' lang='lat' dir='ltr'>reguis</span> <span class='ocrx_word' id='word_1_379' title='bbox 3096 2067 3161 2128; x_wconf 89' lang='lat' dir='ltr'>et</span> <span class='ocrx_word' id='word_1_380' title='bbox 3187 2064 3443 2129; x_wconf 85' lang='lat' dir='ltr'>sedibus</span> <span class='ocrx_word' id='word_1_381' title='bbox 3463 2087 3480 2145; x_wconf 91' lang='lat'>;</span> <span class='ocrx_word' id='word_1_382' title='bbox 3512 2069 3576 2130; x_wconf 88' lang='lat' dir='ltr'>et</span> <span class='ocrx_word' id='word_1_383' title='bbox 3601 2065 3758 2134; x_wconf 84' lang='lat' dir='ltr'>divi-</span> 
     </span>
     <span class='ocr_line' id='line_1_64' title="bbox 2209 2170 3748 2253; baseline 0.001 -21"><span class='ocrx_word' id='word_1_384' title='bbox 2209 2171 2333 2234; x_wconf 84' lang='lat' dir='ltr'>tias</span> <span class='ocrx_word' id='word_1_385' title='bbox 2360 2170 2524 2235; x_wconf 89' lang='lat' dir='ltr'>nihil</span> <span class='ocrx_word' id='word_1_386' title='bbox 2549 2188 2686 2237; x_wconf 88' lang='lat' dir='ltr'>esse</span> <span class='ocrx_word' id='word_1_387' title='bbox 2722 2171 2881 2237; x_wconf 86' lang='lat' dir='ltr'>duxi</span> <span class='ocrx_word' id='word_1_388' title='bbox 2909 2172 2974 2235; x_wconf 90' lang='lat' dir='ltr'>iu</span> <span class='ocrx_word' id='word_1_389' title='bbox 3001 2172 3472 2253; x_wconf 86' lang='lat' dir='ltr'>comparatione</span> <span class='ocrx_word' id='word_1_390' title='bbox 3501 2172 3692 2238; x_wconf 84' lang='lat' dir='ltr'>illius.</span> <span class='ocrx_word' id='word_1_391' title='bbox 3715 2194 3748 2234; x_wconf 72' lang='lat' dir='ltr'>n</span> 
     </span>
     <span class='ocr_line' id='line_1_65' title="bbox 2213 2276 3772 2362; baseline 0.002 -19"><span class='ocrx_word' id='word_1_392' title='bbox 2213 2276 2375 2356; x_wconf 85' lang='lat' dir='ltr'>Quia</span> <span class='ocrx_word' id='word_1_393' title='bbox 2421 2277 2695 2362; x_wconf 85' lang='lat' dir='ltr'>Spiritus</span> <span class='ocrx_word' id='word_1_394' title='bbox 2733 2283 3022 2359; x_wconf 87' lang='lat' dir='ltr'>sanctus,</span> <span class='ocrx_word' id='word_1_395' title='bbox 3062 2278 3207 2344; x_wconf 88' lang='lat' dir='ltr'>licet</span> <span class='ocrx_word' id='word_1_396' title='bbox 3250 2279 3334 2343; x_wconf 87' lang='lat' dir='ltr'>sit</span> <span class='ocrx_word' id='word_1_397' title='bbox 3374 2279 3651 2344; x_wconf 87' lang='lat' dir='ltr'>liberalis</span> <span class='ocrx_word' id='word_1_398' title='bbox 3690 2286 3772 2357; x_wconf 55' lang='lat' dir='ltr'>et,</span> 
     </span>
     <span class='ocr_line' id='line_1_66' title="bbox 2208 2386 3756 2470; baseline 0.001 -19"><span class='ocrx_word' id='word_1_399' title='bbox 2208 2387 2439 2468; x_wconf 86' lang='lat' dir='ltr'>largus</span> <span class='ocrx_word' id='word_1_400' title='bbox 2472 2388 2541 2451; x_wconf 91' lang='lat' dir='ltr'>iu</span> <span class='ocrx_word' id='word_1_401' title='bbox 2580 2386 2820 2467; x_wconf 89' lang='lat' dir='ltr'>dando,</span> <span class='ocrx_word' id='word_1_402' title='bbox 2849 2387 3001 2470; x_wconf 86' lang='lat' dir='ltr'>quia</span> <span class='ocrx_word' id='word_1_403' title='bbox 3033 2386 3227 2452; x_wconf 81' lang='lat' dir='ltr'>etiam</span> <span class='ocrx_word' id='word_1_404' title='bbox 3264 2391 3362 2451; x_wconf 87' lang='lat' dir='ltr'>est</span> <span class='ocrx_word' id='word_1_405' title='bbox 3385 2386 3665 2468; x_wconf 87' lang='lat' dir='ltr'>prudens</span> <span class='ocrx_word' id='word_1_406' title='bbox 3691 2392 3756 2453; x_wconf 91' lang='lat' dir='ltr'>et</span> 
     </span>
     <span class='ocr_line' id='line_1_67' title="bbox 2208 2493 3753 2578; baseline 0 -19"><span class='ocrx_word' id='word_1_407' title='bbox 2208 2493 2520 2559; x_wconf 87' lang='lat' dir='ltr'>discretus</span> <span class='ocrx_word' id='word_1_408' title='bbox 2545 2494 2614 2558; x_wconf 90' lang='lat' dir='ltr'>iu</span> <span class='ocrx_word' id='word_1_409' title='bbox 2639 2494 3086 2578; x_wconf 85' lang='lat' dir='ltr'>dispensando,</span> <span class='ocrx_word' id='word_1_410' title='bbox 3117 2494 3261 2560; x_wconf 90' lang='lat' dir='ltr'>ideo</span> <span class='ocrx_word' id='word_1_411' title='bbox 3283 2494 3365 2560; x_wconf 90' lang='lat' dir='ltr'>ad</span> <span class='ocrx_word' id='word_1_412' title='bbox 3390 2495 3535 2575; x_wconf 89' lang='lat' dir='ltr'>hoc,</span> <span class='ocrx_word' id='word_1_413' title='bbox 3557 2499 3631 2561; x_wconf 91' lang='lat' dir='ltr'>ut</span> <span class='ocrx_word' id='word_1_414' title='bbox 3643 2495 3753 2560; x_wconf 90' lang='lat' dir='ltr'>ali-</span> 
     </span>
     <span class='ocr_line' id='line_1_68' title="bbox 2207 2601 3749 2687; baseline 0.001 -21"><span class='ocrx_word' id='word_1_415' title='bbox 2207 2601 2357 2686; x_wconf 87' lang='lat' dir='ltr'>quis</span> <span class='ocrx_word' id='word_1_416' title='bbox 2383 2602 2465 2667; x_wconf 90' lang='lat' dir='ltr'>ab</span> <span class='ocrx_word' id='word_1_417' title='bbox 2494 2603 2631 2686; x_wconf 86' lang='lat' dir='ltr'>ipso</span> <span class='ocrx_word' id='word_1_418' title='bbox 2658 2620 2976 2686; x_wconf 92' lang='lat' dir='ltr'>magnum</span> <span class='ocrx_word' id='word_1_419' title='bbox 3010 2604 3392 2669; x_wconf 81' lang='lat' dir='ltr'>beneficium</span> <span class='ocrx_word' id='word_1_420' title='bbox 3429 2604 3749 2687; x_wconf 86' lang='lat' dir='ltr'>impetret,</span> 
     </span>
     <span class='ocr_line' id='line_1_69' title="bbox 2207 2710 3753 2795; baseline 0.002 -22"><span class='ocrx_word' id='word_1_421' title='bbox 2207 2710 2561 2793; x_wconf 87' lang='lat' dir='ltr'>requiritur</span> <span class='ocrx_word' id='word_1_422' title='bbox 2601 2711 3043 2777; x_wconf 86' lang='lat' dir='ltr'>convenientia</span> <span class='ocrx_word' id='word_1_423' title='bbox 3068 2712 3300 2778; x_wconf 81' lang='lat' dir='ltr'>debitae</span> <span class='ocrx_word' id='word_1_424' title='bbox 3325 2711 3753 2795; x_wconf 87' lang='lat' dir='ltr'>dispositionis</span> 
     </span>
     <span class='ocr_line' id='line_1_70' title="bbox 2208 2817 3753 2902; baseline 0.003 -21"><span class='ocrx_word' id='word_1_425' title='bbox 2208 2834 2292 2881; x_wconf 84' lang='lat' dir='ltr'>ex</span> <span class='ocrx_word' id='word_1_426' title='bbox 2322 2821 2499 2900; x_wconf 84' lang='lat' dir='ltr'>parte</span> <span class='ocrx_word' id='word_1_427' title='bbox 2525 2818 2648 2882; x_wconf 90' lang='lat' dir='ltr'>sui.</span> <span class='ocrx_word' id='word_1_428' title='bbox 2681 2817 2762 2882; x_wconf 89' lang='lat' dir='ltr'>Et</span> <span class='ocrx_word' id='word_1_429' title='bbox 2788 2822 3046 2901; x_wconf 88' lang='lat' dir='ltr'>propter</span> <span class='ocrx_word' id='word_1_430' title='bbox 3068 2818 3193 2884; x_wconf 85' lang='lat' dir='ltr'>hoc</span> <span class='ocrx_word' id='word_1_431' title='bbox 3216 2817 3451 2883; x_wconf 90' lang='lat' dir='ltr'>dicitur</span> <span class='ocrx_word' id='word_1_432' title='bbox 3480 2839 3496 2879; x_wconf 78' lang='lat' dir='ltr'><em>z</em></span> <span class='ocrx_word' id='word_1_433' title='bbox 3528 2820 3753 2902; x_wconf 80' lang='lat' dir='ltr'>optavi</span> 
     </span>
     <span class='ocr_line' id='line_1_71' title="bbox 2206 2922 3750 3004; baseline 0.002 -16"><span class='ocrx_word' id='word_1_434' title='bbox 2206 2922 2571 2990; x_wconf 84' lang='lat' dir='ltr'>vehementi</span> <span class='ocrx_word' id='word_1_435' title='bbox 2635 2924 2951 2990; x_wconf 89' lang='lat' dir='ltr'>desiderio</span> <span class='ocrx_word' id='word_1_436' title='bbox 3007 2924 3244 2990; x_wconf 91' lang='lat' dir='ltr'>amoris</span> <span class='ocrx_word' id='word_1_437' title='bbox 3260 2971 3283 3004; x_wconf 94' lang='lat'>,</span> <span class='ocrx_word' id='word_1_438' title='bbox 3334 2930 3396 2993; x_wconf 78' lang='lat' dir='ltr'>et</span> <span class='ocrx_word' id='word_1_439' title='bbox 3444 2925 3750 2991; x_wconf 78' lang='lat' dir='ltr'>invocavi</span> 
     </span>
     <span class='ocr_line' id='line_1_72' title="bbox 2206 3031 3751 3099; baseline 0.002 -3"><span class='ocrx_word' id='word_1_440' title='bbox 2206 3050 2356 3097; x_wconf 91' lang='lat' dir='ltr'>cum</span> <span class='ocrx_word' id='word_1_441' title='bbox 2383 3032 2720 3098; x_wconf 85' lang='lat' dir='ltr'>devotione</span> <span class='ocrx_word' id='word_1_442' title='bbox 2741 3034 2809 3096; x_wconf 92' lang='lat' dir='ltr'>in</span> <span class='ocrx_word' id='word_1_443' title='bbox 2830 3032 3137 3099; x_wconf 89' lang='lat' dir='ltr'>oratione.</span> <span class='ocrx_word' id='word_1_444' title='bbox 3167 3031 3249 3097; x_wconf 87' lang='lat' dir='ltr'>Et</span> <span class='ocrx_word' id='word_1_445' title='bbox 3273 3036 3429 3098; x_wconf 89' lang='lat' dir='ltr'>tunc</span> <span class='ocrx_word' id='word_1_446' title='bbox 3452 3034 3636 3098; x_wconf 90' lang='lat' dir='ltr'>datus</span> <span class='ocrx_word' id='word_1_447' title='bbox 3651 3037 3751 3099; x_wconf 88' lang='lat' dir='ltr'>est</span> 
     </span>
     <span class='ocr_line' id='line_1_73' title="bbox 2205 3139 3750 3223; baseline 0.002 -20"><span class='ocrx_word' id='word_1_448' title='bbox 2205 3139 2369 3203; x_wconf 90' lang='lat' dir='ltr'>mihi</span> <span class='ocrx_word' id='word_1_449' title='bbox 2415 3158 2643 3205; x_wconf 88' lang='lat' dir='ltr'>sensus</span> <span class='ocrx_word' id='word_1_450' title='bbox 2682 3141 3078 3205; x_wconf 90' lang='lat' dir='ltr'>discretionis</span> <span class='ocrx_word' id='word_1_451' title='bbox 3096 3188 3117 3220; x_wconf 94' lang='lat'>,</span> <span class='ocrx_word' id='word_1_452' title='bbox 3148 3145 3212 3204; x_wconf 90' lang='lat' dir='ltr'>et</span> <span class='ocrx_word' id='word_1_453' title='bbox 3237 3140 3593 3223; x_wconf 66' lang='lat' dir='ltr'>prudentiae</span> <span class='ocrx_word' id='word_1_454' title='bbox 3614 3189 3633 3219; x_wconf 89' lang='lat'>‚</span> <span class='ocrx_word' id='word_1_455' title='bbox 3681 3144 3750 3206; x_wconf 89' lang='lat' dir='ltr'>et</span> 
     </span>
     <span class='ocr_line' id='line_1_74' title="bbox 2206 3248 3742 3333; baseline -0.001 -19"><span class='ocrx_word' id='word_1_456' title='bbox 2206 3250 2387 3316; x_wconf 78' lang='lat' dir='ltr'>venit</span> <span class='ocrx_word' id='word_1_457' title='bbox 2413 3250 2490 3314; x_wconf 81' lang='lat' dir='ltr'>in</span> <span class='ocrx_word' id='word_1_458' title='bbox 2513 3264 2609 3316; x_wconf 81' lang='lat' dir='ltr'>me</span> <span class='ocrx_word' id='word_1_459' title='bbox 2633 3250 2912 3333; x_wconf 74' lang='lat' dir='ltr'>spiritus</span> <span class='ocrx_word' id='word_1_460' title='bbox 2937 3248 3352 3314; x_wconf 82' lang='lat' dir='ltr'>illuminantis</span> <span class='ocrx_word' id='word_1_461' title='bbox 3377 3250 3742 3332; x_wconf 68' lang='lat' dir='ltr'>sapimioe.</span> 
     </span>
     <span class='ocr_line' id='line_1_75' title="bbox 2205 3355 3744 3439; baseline -0.003 -17"><span class='ocrx_word' id='word_1_462' title='bbox 2205 3358 2297 3423; x_wconf 82' lang='lat' dir='ltr'>Et</span> <span class='ocrx_word' id='word_1_463' title='bbox 2314 3360 2642 3439; x_wconf 73' lang='lat' dir='ltr'>proeposui</span> <span class='ocrx_word' id='word_1_464' title='bbox 2669 3356 2849 3423; x_wconf 72' lang='lat' dir='ltr'>mam</span> <span class='ocrx_word' id='word_1_465' title='bbox 2889 3356 3188 3421; x_wconf 90' lang='lat' dir='ltr'>omnibus</span> <span class='ocrx_word' id='word_1_466' title='bbox 3214 3355 3405 3420; x_wconf 90' lang='lat' dir='ltr'>rebus</span> <span class='ocrx_word' id='word_1_467' title='bbox 3423 3358 3744 3439; x_wconf 66' lang='lat' dir='ltr'>tempora-</span> 
     </span>
     <span class='ocr_line' id='line_1_76' title="bbox 2201 3462 3751 3547; baseline 0.003 -20"><span class='ocrx_word' id='word_1_468' title='bbox 2201 3462 2392 3543; x_wconf 87' lang='lat' dir='ltr'>libus,</span> <span class='ocrx_word' id='word_1_469' title='bbox 2434 3481 2510 3528; x_wconf 89' lang='lat' dir='ltr'>eo</span> <span class='ocrx_word' id='word_1_470' title='bbox 2551 3463 2721 3547; x_wconf 91' lang='lat' dir='ltr'>quod</span> <span class='ocrx_word' id='word_1_471' title='bbox 2764 3463 2940 3530; x_wconf 74' lang='lat' dir='ltr'>nihil</span> <span class='ocrx_word' id='word_1_472' title='bbox 2982 3465 3134 3528; x_wconf 87' lang='lat' dir='ltr'>sunt</span> <span class='ocrx_word' id='word_1_473' title='bbox 3172 3464 3248 3529; x_wconf 78' lang='lat' dir='ltr'>in</span> <span class='ocrx_word' id='word_1_474' title='bbox 3273 3466 3751 3545; x_wconf 77' lang='lat' dir='ltr'>comparatione</span> 
     </span>
     <span class='ocr_line' id='line_1_77' title="bbox 2203 3569 3750 3655; baseline -0.001 -19"><span class='ocrx_word' id='word_1_475' title='bbox 2203 3570 2408 3655; x_wconf 79' lang='lat' dir='ltr'>illius.</span> <span class='ocrx_word' id='word_1_476' title='bbox 2438 3569 2600 3636; x_wconf 90' lang='lat' dir='ltr'>Nam</span> <span class='ocrx_word' id='word_1_477' title='bbox 2631 3572 2685 3634; x_wconf 88' lang='lat' dir='ltr'>si</span> <span class='ocrx_word' id='word_1_478' title='bbox 2715 3569 3042 3652; x_wconf 88' lang='lat' dir='ltr'>Scriptura</span> <span class='ocrx_word' id='word_1_479' title='bbox 3070 3570 3283 3636; x_wconf 78' lang='lat' dir='ltr'>sileret</span> <span class='ocrx_word' id='word_1_480' title='bbox 3296 3617 3318 3650; x_wconf 94' lang='lat'>,</span> <span class='ocrx_word' id='word_1_481' title='bbox 3354 3570 3750 3653; x_wconf 83' lang='lat' dir='ltr'>experientia</span> 
     </span>
    </p>
   </div>
   <div class='ocr_carea' id='block_1_5' title="bbox 2203 3676 3849 3761">
    <p class='ocr_par' dir='ltr' id='par_1_7' title="bbox 2203 3676 3849 3761">
     <span class='ocr_line' id='line_1_78' title="bbox 2203 3676 3849 3761; baseline -0.002 -18"><span class='ocrx_word' id='word_1_482' title='bbox 2203 3678 2472 3759; x_wconf 86' lang='lat' dir='ltr'>doceret,</span> <span class='ocrx_word' id='word_1_483' title='bbox 2505 3679 2657 3761; x_wconf 89' lang='lat' dir='ltr'>quia</span> <span class='ocrx_word' id='word_1_484' title='bbox 2682 3681 2933 3743; x_wconf 82' lang='lat' dir='ltr'>cunctae</span> <span class='ocrx_word' id='word_1_485' title='bbox 2950 3694 3059 3741; x_wconf 88' lang='lat' dir='ltr'>res</span> <span class='ocrx_word' id='word_1_486' title='bbox 3084 3693 3210 3742; x_wconf 93' lang='lat' dir='ltr'>non</span> <span class='ocrx_word' id='word_1_487' title='bbox 3238 3678 3471 3742; x_wconf 88' lang='lat' dir='ltr'>satiant</span> <span class='ocrx_word' id='word_1_488' title='bbox 3495 3676 3745 3760; x_wconf 86' lang='lat' dir='ltr'>appeti·</span> <span class='ocrx_word' id='word_1_489' title='bbox 3838 3688 3849 3697; x_wconf 88' lang='lat'><strong>·</strong></span> 
     </span>
    </p>
   </div>
   <div class='ocr_carea' id='block_1_6' title="bbox 2196 3783 3751 5269">
    <p class='ocr_par' dir='ltr' id='par_1_8' title="bbox 2196 3783 3751 5269">
     <span class='ocr_line' id='line_1_79' title="bbox 2200 3783 3748 3867; baseline 0 -20"><span class='ocrx_word' id='word_1_490' title='bbox 2200 3787 2342 3848; x_wconf 90' lang='lat' dir='ltr'>tum</span> <span class='ocrx_word' id='word_1_491' title='bbox 2367 3786 2600 3849; x_wconf 80' lang='lat' dir='ltr'>animae</span> <span class='ocrx_word' id='word_1_492' title='bbox 2627 3784 2953 3849; x_wconf 87' lang='lat' dir='ltr'>rationalis</span> <span class='ocrx_word' id='word_1_493' title='bbox 2967 3830 2984 3861; x_wconf 90' lang='lat'>‚</span> <span class='ocrx_word' id='word_1_494' title='bbox 3013 3800 3092 3848; x_wconf 88' lang='lat' dir='ltr'>eo</span> <span class='ocrx_word' id='word_1_495' title='bbox 3118 3784 3288 3867; x_wconf 91' lang='lat' dir='ltr'>quod</span> <span class='ocrx_word' id='word_1_496' title='bbox 3320 3783 3614 3849; x_wconf 76' lang='lat' dir='ltr'>homines</span> <span class='ocrx_word' id='word_1_497' title='bbox 3639 3783 3748 3848; x_wconf 88' lang='lat' dir='ltr'>his</span> 
     </span>
     <span class='ocr_line' id='line_1_80' title="bbox 2200 3891 3743 3974; baseline -0.001 -18"><span class='ocrx_word' id='word_1_498' title='bbox 2200 3891 2501 3957; x_wconf 90' lang='lat' dir='ltr'>omnibus</span> <span class='ocrx_word' id='word_1_499' title='bbox 2535 3891 2779 3974; x_wconf 85' lang='lat' dir='ltr'>adeptis</span> <span class='ocrx_word' id='word_1_500' title='bbox 2814 3891 3206 3955; x_wconf 87' lang='lat' dir='ltr'>ardentiores</span> <span class='ocrx_word' id='word_1_501' title='bbox 3230 3893 3379 3955; x_wconf 88' lang='lat' dir='ltr'>sunt</span> <span class='ocrx_word' id='word_1_502' title='bbox 3418 3891 3486 3955; x_wconf 87' lang='lat' dir='ltr'>in</span> <span class='ocrx_word' id='word_1_503' title='bbox 3518 3891 3743 3974; x_wconf 77' lang='lat' dir='ltr'>acqui-</span> 
     </span>
     <span class='ocr_line' id='line_1_81' title="bbox 2198 3997 3745 4081; baseline 0 -19"><span class='ocrx_word' id='word_1_504' title='bbox 2198 3998 2398 4063; x_wconf 90' lang='lat' dir='ltr'>rendo</span> <span class='ocrx_word' id='word_1_505' title='bbox 2430 4021 2446 4064; x_wconf 88' lang='lat'><strong>:</strong></span> <span class='ocrx_word' id='word_1_506' title='bbox 2476 4002 2540 4064; x_wconf 87' lang='lat' dir='ltr'>et</span> <span class='ocrx_word' id='word_1_507' title='bbox 2567 3998 2708 4064; x_wconf 90' lang='lat' dir='ltr'>ideo</span> <span class='ocrx_word' id='word_1_508' title='bbox 2739 3998 2901 4063; x_wconf 87' lang='lat' dir='ltr'>nihil</span> <span class='ocrx_word' id='word_1_509' title='bbox 2930 3997 3356 4079; x_wconf 79' lang='lat' dir='ltr'>manifestius,</span> <span class='ocrx_word' id='word_1_510' title='bbox 3395 4016 3592 4081; x_wconf 82' lang='lat' dir='ltr'>quam</span> <span class='ocrx_word' id='word_1_511' title='bbox 3621 3997 3745 4062; x_wconf 83' lang='lat' dir='ltr'>ho·</span> 
     </span>
     <span class='ocr_line' id='line_1_82' title="bbox 2199 4104 3749 4189; baseline -0.001 -19"><span class='ocrx_word' id='word_1_512' title='bbox 2199 4123 2347 4170; x_wconf 89' lang='lat' dir='ltr'>rum</span> <span class='ocrx_word' id='word_1_513' title='bbox 2373 4105 2727 4189; x_wconf 84' lang='lat' dir='ltr'>acquisitio,</span> <span class='ocrx_word' id='word_1_514' title='bbox 2751 4104 2854 4170; x_wconf 89' lang='lat' dir='ltr'>vel</span> <span class='ocrx_word' id='word_1_515' title='bbox 2886 4105 3219 4188; x_wconf 85' lang='lat' dir='ltr'>possessio,</span> <span class='ocrx_word' id='word_1_516' title='bbox 3250 4104 3395 4188; x_wconf 90' lang='lat' dir='ltr'>plus</span> <span class='ocrx_word' id='word_1_517' title='bbox 3420 4104 3612 4170; x_wconf 84' lang='lat' dir='ltr'>habet</span> <span class='ocrx_word' id='word_1_518' title='bbox 3646 4105 3749 4169; x_wconf 79' lang='lat' dir='ltr'>fa·—</span> 
     </span>
     <span class='ocr_line' id='line_1_83' title="bbox 2198 4211 3750 4295; baseline 0 -18"><span class='ocrx_word' id='word_1_519' title='bbox 2198 4213 2442 4277; x_wconf 87' lang='lat' dir='ltr'>tuitatis</span> <span class='ocrx_word' id='word_1_520' title='bbox 2489 4217 2552 4278; x_wconf 89' lang='lat' dir='ltr'>et</span> <span class='ocrx_word' id='word_1_521' title='bbox 2596 4211 2967 4294; x_wconf 86' lang='lat' dir='ltr'>indigentiae</span> <span class='ocrx_word' id='word_1_522' title='bbox 2990 4260 3010 4292; x_wconf 89' lang='lat'>,</span> <span class='ocrx_word' id='word_1_523' title='bbox 3060 4229 3259 4295; x_wconf 87' lang='lat' dir='ltr'>quam</span> <span class='ocrx_word' id='word_1_524' title='bbox 3304 4211 3633 4277; x_wconf 86' lang='lat' dir='ltr'>soliditatis</span> <span class='ocrx_word' id='word_1_525' title='bbox 3679 4216 3750 4277; x_wconf 90' lang='lat' dir='ltr'>et</span> 
     </span>
     <span class='ocr_line' id='line_1_84' title="bbox 2197 4318 3748 4402; baseline 0 -18"><span class='ocrx_word' id='word_1_526' title='bbox 2197 4321 2617 4386; x_wconf 76' lang='lat' dir='ltr'>sufficientiae.</span> <span class='ocrx_word' id='word_1_527' title='bbox 2676 4318 2855 4386; x_wconf 86' lang='lat' dir='ltr'>Unde</span> <span class='ocrx_word' id='word_1_528' title='bbox 2905 4320 2972 4383; x_wconf 90' lang='lat' dir='ltr'>in</span> <span class='ocrx_word' id='word_1_529' title='bbox 3034 4319 3129 4383; x_wconf 89' lang='lat' dir='ltr'>eis</span> <span class='ocrx_word' id='word_1_530' title='bbox 3191 4335 3527 4402; x_wconf 83' lang='lat' dir='ltr'>nunquam</span> <span class='ocrx_word' id='word_1_531' title='bbox 3579 4318 3748 4384; x_wconf 85' lang='lat' dir='ltr'>sistit</span> 
     </span>
     <span class='ocr_line' id='line_1_85' title="bbox 2198 4422 3747 4512; baseline -0.001 -20"><span class='ocrx_word' id='word_1_532' title='bbox 2198 4429 2542 4512; x_wconf 88' lang='lat' dir='ltr'>appetitus,</span> <span class='ocrx_word' id='word_1_533' title='bbox 2572 4427 2726 4511; x_wconf 87' lang='lat' dir='ltr'>quia</span> <span class='ocrx_word' id='word_1_534' title='bbox 2752 4445 2883 4491; x_wconf 89' lang='lat' dir='ltr'>non</span> <span class='ocrx_word' id='word_1_535' title='bbox 2909 4425 3156 4491; x_wconf 84' lang='lat' dir='ltr'>invenit</span> <span class='ocrx_word' id='word_1_536' title='bbox 3181 4422 3580 4489; x_wconf 90' lang='lat' dir='ltr'>soliditatem.</span> <span class='ocrx_word' id='word_1_537' title='bbox 3614 4424 3747 4491; x_wconf 83' lang='lat' dir='ltr'>Sed</span> 
     </span>
     <span class='ocr_line' id='line_1_86' title="bbox 2197 4530 3749 4619; baseline -0.001 -20"><span class='ocrx_word' id='word_1_538' title='bbox 2197 4536 2464 4619; x_wconf 88' lang='lat' dir='ltr'>spiritus</span> <span class='ocrx_word' id='word_1_539' title='bbox 2503 4534 2829 4619; x_wconf 72' lang='lat' dir='ltr'>sapientiae</span> <span class='ocrx_word' id='word_1_540' title='bbox 2863 4537 2961 4599; x_wconf 88' lang='lat' dir='ltr'>est</span> <span class='ocrx_word' id='word_1_541' title='bbox 2984 4532 3181 4599; x_wconf 89' lang='lat' dir='ltr'>totius</span> <span class='ocrx_word' id='word_1_542' title='bbox 3207 4531 3441 4597; x_wconf 80' lang='lat' dir='ltr'>animae</span> <span class='ocrx_word' id='word_1_543' title='bbox 3469 4530 3749 4615; x_wconf 89' lang='lat' dir='ltr'>comple-</span> 
     </span>
     <span class='ocr_line' id='line_1_87' title="bbox 2196 4639 3751 4721; baseline -0.001 -16"><span class='ocrx_word' id='word_1_544' title='bbox 2196 4641 2373 4708; x_wconf 86' lang='lat' dir='ltr'>tivus</span> <span class='ocrx_word' id='word_1_545' title='bbox 2400 4647 2465 4707; x_wconf 89' lang='lat' dir='ltr'>et</span> <span class='ocrx_word' id='word_1_546' title='bbox 2494 4642 2967 4721; x_wconf 81' lang='lat' dir='ltr'>moderativus3</span> <span class='ocrx_word' id='word_1_547' title='bbox 2999 4641 3089 4706; x_wconf 87' lang='lat' dir='ltr'>ita</span> <span class='ocrx_word' id='word_1_548' title='bbox 3111 4639 3286 4706; x_wconf 90' lang='lat' dir='ltr'>enim</span> <span class='ocrx_word' id='word_1_549' title='bbox 3313 4640 3585 4705; x_wconf 86' lang='lat' dir='ltr'>inebriat</span> <span class='ocrx_word' id='word_1_550' title='bbox 3608 4640 3751 4705; x_wconf 89' lang='lat' dir='ltr'>ani-</span> 
     </span>
     <span class='ocr_line' id='line_1_88' title="bbox 2199 4750 3751 4835; baseline -0.001 -17"><span class='ocrx_word' id='word_1_551' title='bbox 2199 4772 2395 4833; x_wconf 88' lang='lat' dir='ltr'>mam,</span> <span class='ocrx_word' id='word_1_552' title='bbox 2435 4754 2613 4817; x_wconf 80' lang='lat' dir='ltr'>utin</span> <span class='ocrx_word' id='word_1_553' title='bbox 2646 4752 2948 4817; x_wconf 87' lang='lat' dir='ltr'>omnibus</span> <span class='ocrx_word' id='word_1_554' title='bbox 2998 4752 3299 4835; x_wconf 85' lang='lat' dir='ltr'>operibus</span> <span class='ocrx_word' id='word_1_555' title='bbox 3333 4750 3604 4816; x_wconf 87' lang='lat' dir='ltr'>ducatur</span> <span class='ocrx_word' id='word_1_556' title='bbox 3635 4770 3751 4817; x_wconf 89' lang='lat' dir='ltr'>so-</span> 
     </span>
     <span class='ocr_line' id='line_1_89' title="bbox 2198 4859 3740 4944; baseline 0 -18"><span class='ocrx_word' id='word_1_557' title='bbox 2198 4861 2352 4926; x_wconf 84' lang='lat' dir='ltr'>brie.</span> <span class='ocrx_word' id='word_1_558' title='bbox 2405 4859 2615 4926; x_wconf 86' lang='lat' dir='ltr'>Tertio</span> <span class='ocrx_word' id='word_1_559' title='bbox 2657 4863 2834 4926; x_wconf 83' lang='lat' dir='ltr'>venit</span> <span class='ocrx_word' id='word_1_560' title='bbox 2873 4865 2948 4925; x_wconf 89' lang='lat' dir='ltr'>ut</span> <span class='ocrx_word' id='word_1_561' title='bbox 2987 4877 3107 4924; x_wconf 83' lang='lat' dir='ltr'>rex</span> <span class='ocrx_word' id='word_1_562' title='bbox 3148 4859 3345 4925; x_wconf 87' lang='lat' dir='ltr'>totius</span> <span class='ocrx_word' id='word_1_563' title='bbox 3369 4859 3740 4944; x_wconf 65' lang='lat' dir='ltr'>opulentiae,</span> 
     </span>
     <span class='ocr_line' id='line_1_90' title="bbox 2197 4967 3742 5055; baseline -0.002 -19"><span class='ocrx_word' id='word_1_564' title='bbox 2197 4975 2457 5055; x_wconf 86' lang='lat' dir='ltr'>propter</span> <span class='ocrx_word' id='word_1_565' title='bbox 2464 4971 2844 5036; x_wconf 88' lang='lat' dir='ltr'>amotionem</span> <span class='ocrx_word' id='word_1_566' title='bbox 2862 4969 3055 5034; x_wconf 87' lang='lat' dir='ltr'>totius</span> <span class='ocrx_word' id='word_1_567' title='bbox 3071 4968 3467 5051; x_wconf 63' lang='lat' dir='ltr'>indigentiae.</span> <span class='ocrx_word' id='word_1_568' title='bbox 3487 4967 3702 5036; x_wconf 83' lang='lat' dir='ltr'>Unde⁸</span> <span class='ocrx_word' id='word_1_569' title='bbox 3719 4990 3742 5033; x_wconf 75' lang='lat' dir='ltr'><strong><em>z</em></strong></span> 
     </span>
     <span class='ocr_line' id='line_1_91' title="bbox 2206 5075 3741 5161; baseline 0.002 -21"><span class='ocrx_word' id='word_1_570' title='bbox 2206 5102 2239 5140; x_wconf 72' lang='grc' dir='ltr'>α</span> <span class='ocrx_word' id='word_1_571' title='bbox 2264 5078 2493 5144; x_wconf 84' lang='lat' dir='ltr'>Factus</span> <span class='ocrx_word' id='word_1_572' title='bbox 2537 5083 2632 5144; x_wconf 89' lang='lat' dir='ltr'>est</span> <span class='ocrx_word' id='word_1_573' title='bbox 2672 5077 2752 5143; x_wconf 90' lang='lat' dir='ltr'>de</span> <span class='ocrx_word' id='word_1_574' title='bbox 2791 5075 2951 5143; x_wconf 85' lang='lat' dir='ltr'>coelo</span> <span class='ocrx_word' id='word_1_575' title='bbox 2983 5094 3181 5141; x_wconf 89' lang='lat' dir='ltr'>sonus</span> <span class='ocrx_word' id='word_1_576' title='bbox 3204 5080 3514 5161; x_wconf 85' lang='lat' dir='ltr'>tanquam</span> <span class='ocrx_word' id='word_1_577' title='bbox 3542 5076 3741 5144; x_wconf 85' lang='lat' dir='ltr'>adve-</span> 
     </span>
     <span class='ocr_line' id='line_1_92' title="bbox 2196 5182 3740 5269; baseline 0 -19"><span class='ocrx_word' id='word_1_578' title='bbox 2196 5184 2431 5253; x_wconf 85' lang='lat' dir='ltr'>nientis</span> <span class='ocrx_word' id='word_1_579' title='bbox 2448 5185 2709 5269; x_wconf 86' lang='lat' dir='ltr'>spiritus</span> <span class='ocrx_word' id='word_1_580' title='bbox 2729 5182 3148 5261; x_wconf 85' lang='lat' dir='ltr'>vehementis,</span> <span class='ocrx_word' id='word_1_581' title='bbox 3168 5186 3234 5248; x_wconf 89' lang='lat' dir='ltr'>et</span> <span class='ocrx_word' id='word_1_582' title='bbox 3249 5182 3520 5265; x_wconf 88' lang='lat' dir='ltr'>replevit</span> <span class='ocrx_word' id='word_1_583' title='bbox 3532 5186 3740 5250; x_wconf 86' lang='lat' dir='ltr'>totam</span> 
     </span>
    </p>
   </div>
   <div class='ocr_carea' id='block_1_7' title="bbox 2196 5343 3740 5485">
    <p class='ocr_par' dir='ltr' id='par_1_9' title="bbox 2196 5343 3740 5485">
     <span class='ocr_line' id='line_1_93' title="bbox 2196 5343 3740 5470; baseline 0 -73"><span class='ocrx_word' id='word_1_584' title='bbox 2196 5421 2226 5469; x_wconf 69' lang='lat'>2</span> <span class='ocrx_word' id='word_1_585' title='bbox 2262 5346 2507 5470; x_wconf 68' lang='lat' dir='ltr'>¹3Ezecle„</span> <span class='ocrx_word' id='word_1_586' title='bbox 2533 5358 2741 5408; x_wconf 78' lang='lat' dir='ltr'>xxxvn,</span> <span class='ocrx_word' id='word_1_587' title='bbox 2770 5348 2816 5397; x_wconf 84' lang='grc'>9.</span> <span class='ocrx_word' id='word_1_588' title='bbox 2845 5370 2908 5383; x_wconf 93' lang='lat'>-</span> <span class='ocrx_word' id='word_1_589' title='bbox 2945 5344 2969 5380; x_wconf 79' lang='lat'>²</span> <span class='ocrx_word' id='word_1_590' title='bbox 2999 5343 3145 5409; x_wconf 75' lang='lat' dir='ltr'>Sap..</span> <span class='ocrx_word' id='word_1_591' title='bbox 3173 5353 3277 5409; x_wconf 83' lang='lat' dir='ltr'>vn,</span> <span class='ocrx_word' id='word_1_592' title='bbox 3302 5346 3352 5394; x_wconf 86' lang='grc'>7.</span> <span class='ocrx_word' id='word_1_593' title='bbox 3376 5366 3441 5383; x_wconf 89' lang='lat'>--</span> <span class='ocrx_word' id='word_1_594' title='bbox 3467 5344 3489 5376; x_wconf 85' lang='lat'>⁸</span> <span class='ocrx_word' id='word_1_595' title='bbox 3512 5345 3648 5409; x_wconf 66' lang='lat' dir='ltr'>Act„</span> <span class='ocrx_word' id='word_1_596' title='bbox 3676 5355 3740 5413; x_wconf 76' lang='grc' dir='ltr'>ιι,</span> 
     </span>
     <span class='ocr_line' id='line_1_94' title="bbox 2228 5445 3099 5485; baseline 0 0"><span class='ocrx_word' id='word_1_597' title='bbox 2228 5456 2247 5485; x_wconf 74' lang='lat'><em>2</em></span> <span class='ocrx_word' id='word_1_598' title='bbox 2305 5451 2323 5473; x_wconf 76' lang='lat'>⁸</span> <span class='ocrx_word' id='word_1_599' title='bbox 3093 5445 3099 5451; x_wconf 85' lang='grc'><strong>”</strong></span> 
     </span>
    </p>
   </div>
  </div>
 </body>
</html>
