4059 6317
1205 556 1291 629 ΙΝ
1325 559 1807 632 ΑεοΕΝειοΝΕ
1846 562 2143 632 nomm.
2186 525 2447 631 saeuo
2487 566 2568 633 11.

302 690 441 775 pori
468 691 768 759 claritatis
799 710 959 761 suae.
979 714 1012 755 a
1047 694 1225 762 Tunc
1249 697 1505 782 plumas
1539 699 1835 783 antiquas

304 798 705 865 miseriarum
729 801 1147 885 praesentium'
1187 805 1633 887 projiciemus3
1681 810 1837 872 tunc

303 925 415 992 per
454 908 670 975 dotem
705 910 1013 992 agilitatis
1037 911 1368 978 celeriores
1404 915 1582 979 omni
1618 915 1838 998 aquila

303 1018 545 1083 alimus
592 1020 613 1056 ¹
666 1040 684 1084 t
724 1041 759 1081 c
794 1019 1136 1085 Assument
1174 1038 1418 1104 pennas
1456 1025 1533 1087 ut
1565 1023 1834 1105 aquilae3

303 1124 565 1191 current
583 1173 601 1205 ‚
642 1134 704 1191 et
743 1144 876 1192 non
918 1126 1329 1210 laborabunt,
1363 1150 1394 1189 ι
1424 1132 1545 1195 etc.
1596 1129 1838 1198 Revera

304 1233 477 1298 enim
527 1250 760 1316 corpus
810 1233 1239 1316 glorificatum
1299 1235 1491 1301 citius
1542 1239 1840 1304 transiret

303 1339 479 1404 mille
498 1340 798 1406 milliaria
813 1388 834 1421 ,
867 1360 1065 1424 quam
1085 1343 1304 1426 aquila
1318 1362 1527 1409 unum
1552 1364 1834 1428 passum.

302 1448 649 1515 Anselmffl
681 1455 707 1491 ⁸
748 1472 763 1515 :
805 1473 835 1511 α
868 1449 1178 1517 velocitas
1233 1452 1613 1536 agnitusque
1662 1457 1840 1519 tanta

303 1575 421 1623 nos
443 1559 996 1640 concomitabitur‚
1013 1565 1088 1624 ut
1097 1559 1252 1642 ipsis
1265 1560 1512 1643 angelis
1526 1561 1632 1626 Dei
1653 1579 1840 1644 aeque

302 1666 539 1731 celeres
580 1665 815 1745 simus,
846 1665 961 1749 qui
986 1666 1065 1731 de
1099 1666 1256 1732 coelo
1296 1667 1377 1732 ad
1420 1672 1649 1748 terras,
1699 1672 1765 1733 et
1804 1687 1841 1733 e

303 1789 635 1853 converso,
658 1773 821 1839 dicto
835 1774 1021 1838 citius
1039 1773 1478 1841 delabuntur.»
1501 1774 1660 1841 Nota
1669 1776 1842 1859 quod

303 1881 573 1963 aquina,-
602 1881 753 1964 quia
790 1883 1115 1947 senectute
1154 1899 1290 1964 prae
1332 1883 1534 1947 nimia
1574 1887 1842 1950 curvato

304 1993 511 2053 rostro
534 1988 753 2054 cibum
778 2006 1032 2053 sumere
1055 2006 1188 2055 non
1215 1988 1402 2070 valet,
1433 1988 1824 2072 languescit:

305 2096 479 2161 unde
492 2142 515 2175 ‚
553 2101 823 2178 cogente
863 2096 1074 2162 inedia
1088 2143 1110 2176 ‚
1155 2096 1412 2162 tandem
1449 2116 1688 2163 uncum
1731 2116 1841 2163 ro-

307 2203 420 2268 stri
436 2203 521 2269 ad
538 2207 786 2286 petram
802 2204 1061 2281 decutit,
1086 2207 1151 2269 et
1165 2207 1321 2269 tunc
1341 2222 1604 2269 sumens
1625 2205 1838 2271 cibum

306 2314 678 2378 renovatur.
726 2310 863 2377 mSed
920 2317 1088 2377 certe
1135 2313 1189 2376 si
1235 2314 1531 2379 renovari
1580 2315 1680 2378 vis
1732 2334 1845 2399 per

308 2417 659 2500 gloriosam
710 2419 1239 2483 resurrectionem
1267 2468 1289 2499 ,
1346 2423 1596 2504 oportet
1652 2425 1717 2487 te
1763 2423 1843 2487 ad

308 2526 539 2591 duram
564 2528 631 2590 et
657 2542 928 2618 gravem
954 2509 1343 2608 poenitcntiae
1365 2531 1610 2610 petram
1638 2527 1848 2593 curvi-

308 2636 499 2697 tatem
523 2633 718 2697 rostri
736 2681 754 2713 ‚
793 2632 861 2697 id
897 2636 995 2697 est
1031 2633 1482 2714 detractiones,
1523 2635 1842 2718 perjuria,

309 2740 632 2806 mendacia
656 2790 674 2820 ‚
717 2743 781 2805 et
828 2739 954 2805 alia
997 2743 1255 2824 peccata
1291 2741 1610 2805 labiorum
1652 2742 1843 2825 depo-

309 2864 483 2925 nere,
503 2848 637 2911 imo
652 2846 948 2912 omnium
966 2850 1366 2929 peccatorum
1388 2849 1769 2914 curvitatem
1783 2854 1808 2891 ⁸
1823 2867 1842 2915 ε

321 2976 353 3016 ι
378 2954 772 3038 Deponentes
807 2971 1063 3020 omnem
1099 2954 1408 3019 malitiam
1439 2974 1457 3021 t
1489 2977 1523 3016 n
1543 2956 1635 3020 sic
1672 2956 1847 3022 enim

312 3062 524 3128 cibum
549 3061 857 3127 doctrinae
901 3063 964 3126 et
1000 3060 1402 3127 eucharistiae
1439 3063 1847 3146 spiritualiter

313 3185 566 3234 sumere
585 3167 846 3251 poteris.

386 3275 475 3340 De
500 3275 688 3341 tertio
711 3274 943 3340 dicitnr
982 3274 1089 3339 hic
1119 3296 1137 3338 t
1169 3274 1504 3359 Numquid
1547 3278 1638 3345 ad
1669 3296 1846 3361 μα’-

313 3389 562 3466 ceptum
588 3388 794 3461 tuum,
815 3385 936 3446 etc.
961 3380 1260 3447 Elevatus
1277 3383 1502 3466 utique
1528 3385 1649 3450 fuit
1674 3379 1849 3452 Chri·

313 3494 444 3555 stus
468 3507 668 3573 super
691 3506 929 3555 novem
949 3488 1177 3554 choros
1202 3491 1584 3572 angelorum
1598 3493 1622 3531 ⁸
1649 3512 1667 3558 z
1695 3497 1847 3559 «As-

313 3597 519 3664 cendit
549 3614 744 3680 super
785 3595 1139 3675 Cherubin,
1165 3618 1197 3656 n
1232 3599 1353 3662 etc.
1397 3596 1670 3680 Nidum‚
1712 3603 1848 3669 sive

313 3704 521 3770 sedem
535 3752 561 3784 ,
584 3702 777 3767 habet
801 3702 881 3767 ad
908 3702 1236 3768 dexteram
1263 3707 1614 3789 majestatis
1643 3709 1712 3773 in
1739 3729 1847 3776 ex-

314 3810 507 3877 celsis.
544 3808 709 3875 Pulli
732 3809 930 3892 hujus
956 3809 1186 3875 dehent
1227 3811 1548 3878 addiscere
1573 3815 1699 3881 alte
1726 3836 1844 3882 vo-

311 3917 443 3984 lare
485 3917 712 4001 pennis
745 3917 1060 3983 virtutum
1100 3938 1119 3982 z
1156 3919 1233 3984 ad
1270 3920 1395 3985 hoc
1425 3922 1598 3986 enim
1633 3926 1847 4008 aquila

311 4032 526 4094 nostra
568 4025 854 4092 Christus
878 4043 1000 4091 nos
1034 4027 1309 4093 invitans
1345 4047 1539 4113 super
1583 4050 1702 4097 nos
1726 4052 1847 4100 vo-

310 4134 470 4200 lavit
511 4135 534 4171 ⁸
565 4156 583 4200 z
635 4155 668 4195 α
705 4132 885 4199 Sicut
944 4134 1160 4216 aquila
1216 4152 1601 4219 provocans,
1652 4161 1685 4200 ι»
1719 4145 1841 4206 etc.

309 4242 445 4309 Alae
471 4246 710 4322 autem,
736 4241 973 4325 quibus
996 4241 1345 4309 volandum
1373 4250 1490 4325 est,
1521 4252 1675 4314 sunt
1694 4251 1847 4317 cha·

308 4351 461 4416 ritas
482 4350 633 4428 Dei,
661 4348 1050 4430 et-proximi.
1081 4348 1489 4431 Augustinus
1509 4354 1532 4390 ⁸
1563 4376 1579 4418 ε
1607 4377 1639 4416 ι
1658 4356 1847 4434 Quis-

310 4457 455 4542 quis
480 4454 774 4522 dilexerit
799 4454 999 4520 Deum
1028 4461 1091 4520 et
1118 4457 1522 4539 proximum,
1560 4462 1843 4531 animam

310 4582 495 4630 suam
533 4563 731 4628 habet
761 4566 1139 4644 pennatam,
1182 4563 1397 4629 liberis
1439 4566 1584 4646 alis,
1630 4577 1845 4639 sancto

307 4671 543 4737 scilicet
574 4686 793 4735 amore
816 4667 1138 4733 volantem
1170 4669 1250 4751 (a)
1288 4671 1368 4735 ad
1408 4670 1774 4743 Dominum.
1802 4703 1837 4740 n

311 4776 713 4859 Quicumque
728 4774 814 4857 (b)
830 4773 1079 4839 alarum
1115 4775 1383 4841 istarum
1416 4782 1696 4846 carueris
1713 4831 1734 4864 ,
1764 4787 1844 4851 ad

309 4884 545 4949 coelum
569 4902 704 4948 non
729 4880 999 4948 velabis.
1032 4883 1145 4948 His
1189 4887 1405 4950 autem
1431 4886 1549 4951 alis
1575 4906 1705 4955 non
1747 4911 1846 4957 so-

306 4996 449 5058 lum
472 4993 770 5058 volamus
795 4992 877 5058 ad
906 4992 1250 5059 Dominum
1269 5041 1287 5074 ,
1318 4994 1428 5068 sed
1455 4997 1647 5063 etiam
1679 5002 1843 5068 effu-

309 5102 527 5184 gimus
551 5099 875 5165 diabolum
896 5100 919 5136 '¹
941 5121 956 5162 ε
978 5123 1010 5162 ι
1037 5098 1209 5164 Datae
1236 5104 1388 5165 sunt
1411 5103 1669 5171 mulieri
1696 5108 1844 5177 duae

309 5206 431 5272 alae
457 5207 695 5290 aquilae
718 5223 981 5289 magnae
999 5230 1060 5287 ,n
1080 5212 1199 5272 etc.
1223 5206 1335 5271 His
1362 5208 1478 5273 alis
1504 5211 1843 5283 draconem

372 5333 391 5366 ¹
417 5332 539 5385 1³0..
565 5342 667 5395 xz,
702 5332 779 5382 ⁸1.
807 5355 869 5368 —
896 5331 917 5363 ²
944 5331 1166 5383 Anselm.
1199 5357 1264 5369 —
1301 5332 1324 5368 ⁸
1356 5333 1374 5383 1
1402 5332 1561 5398 Petr„
1592 5348 1657 5402 11,
1699 5347 1744 5391 ι.
1778 5370 1844 5383 ..-

308 5404 334 5439 ⁸
362 5402 490 5454 Paul.
533 5405 784 5465 xvn,1t.
815 5430 870 5440 -
902 5404 924 5440 ⁸
963 5405 1130 5465 Dent,
1156 5415 1337 5467 xxxn,
1369 5408 1443 5454 Η.
1472 5433 1535 5445 -
1562 5409 1581 5441 ⁰
1604 5413 1843 5479 August„

313 5475 486 5525 Enarr.
527 5476 581 5525 in
620 5472 755 5524 Paul.
793 5485 922 5540 cm,
956 5487 1009 5525 n.
1052 5478 1129 5525 13.
1167 5500 1230 5513 —
1268 5474 1287 5509 ⁷
1321 5476 1491 5539 apoc..
1526 5492 1631 5544 ιιι,
1673 5487 1751 5536 14.
1784 5513 1838 5524 -

312 5546 335 5577 ⁸
357 5544 465 5610 Job,
493 5556 687 5613 mlx,
710 5548 791 5598 29.
820 5571 884 5587 —
910 5548 930 5578 ⁹
955 5545 1127 5607 Hebr„
1164 5558 1236 5612 ιν,
1262 5549 1343 5599 ta.
1370 5572 1432 5588 —
1456 5550 1498 5587 ¹⁰
1522 5551 1694 5620 Apoc„
1722 5568 1839 5626 vm,

3355 563 3476 628 281·

1938 703 2180 784 septem
2209 700 2417 784 capita
2455 701 2797 766 habentem
2817 748 2840 780 ,
2889 699 2957 764 id
2987 701 3083 763 est
3115 696 3469 779 diabolum,

1939 826 2087 873 cum
2115 811 2353 891 septem
2381 807 2757 892 capitalibus
2778 806 2952 873 vitiis
2978 805 3219 871 evadis.

2018 915 2108 980 De
2134 919 2363 998 quarto
2391 920 2577 995 nota,
2603 915 2776 999 quod
2792 912 3004 998 aquila
3022 915 3204 977 acute
3230 906 3472 978 videt':

1950 1044 1982 1084 ι
2006 1022 2091 1087 D'e
2114 1023 2311 1105 longe
2338 1022 2505 1088 oculi
2531 1024 2672 1107 eJus
2697 1021 3114 1105 prospiciunt.
3133 1041 3166 1079 n
3187 1019 3280 1084 lta
3307 1016 3481 1083 Chri-

1943 1135 2080 1196 stus
2123 1129 2486 1195 acutissime
2521 1127 2694 1195 videt
2731 1135 2756 1169 ·
2798 1145 2817 1193 t
2856 1151 2887 1189 α
2925 1125 3154 1193 Omnia
3198 1124 3369 1191 nuda
3416 1128 3483 1190 et

1943 1241 2163 1321 aperta
2186 1240 2334 1302 sunt
2359 1235 2558 1302 oculis
2584 1237 2744 1319 ejus.
2775 1255 2806 1295 n
2842 1233 3019 1299 Unde
3044 1251 3255 1316 neque
3285 1232 3353 1297 in
3381 1236 3484 1297 te·-

1941 1346 2155 1410 nebris
2171 1391 2188 1422 ,
2220 1359 2427 1427 neque
2467 1343 2536 1406 in
2574 1341 2832 1424 angulis
2879 1339 3321 1406 occultissimis
3369 1339 3486 1404 ali-

1944 1452 2099 1537 quid
2133 1453 2234 1532 nt,
2277 1451 2448 1533 quod
2480 1467 2612 1516 non
2653 1449 2866 1515 videat
2899 1472 2915 1514 ε
2963 1450 3095 1513 imo
3131 1452 3195 1514 et
3230 1448 3480 1532 cogita-

1941 1561 2148 1626 tiones
2173 1560 2377 1625 cordis
2402 1559 2623 1623 nostri.
2644 1557 2806 1624 Item
2835 1557 2998 1622 sicut
3027 1556 3132 1622 ille
3155 1605 3171 1637 ,
3203 1557 3315 1639 qui
3343 1573 3486 1620 ma-

1943 1666 2082 1732 lum
2118 1683 2250 1732 non
2275 1668 2355 1749 (c)
2382 1666 2554 1732 videt
2574 1714 2592 1745 ‚
2622 1669 2687 1730 et
2707 1664 3071 1743 detestatur,
3101 1664 3487 1746 quandoque

1945 1775 2099 1841 dicit
2124 1774 2378 1839 facienti
2408 1796 2424 1837 ε
2456 1771 2569 1839 Vae
2593 1773 2709 1838 tibi
2724 1821 2742 1852 ‚
2773 1772 2929 1855 quid
2953 1771 3109 1836 facis
3124 1772 3156 1834 ’ἓ
3190 1770 3280 1834 sic
3306 1769 3489 1834 Chri·

1947 1886 2085 1946 stus
2136 1879 2499 1946 acutissime
2548 1880 2771 1945 videns
2816 1877 2988 1943 mala
3028 1878 3367 1942 hominum
3417 1877 3487 1941 in

1946 1993 2149 2068 terra,
2189 1989 2419 2053 clamat
2457 1987 2894 2072 peccatoribus
2920 2002 3047 2065 voe,
3080 2001 3213 2065 υω,
3256 2001 3354 2051 voe
3386 1984 3433 2025 ¹⁰
3466 2005 3483 2049 ε

1957 2120 1988 2158 α
2009 2096 2242 2161 Audivi
2263 2113 2486 2162 vocem
2510 2095 2742 2178 aquilae
2760 2093 3035 2160 volantis
3057 2110 3173 2176 per
3197 2091 3485 2157 medium

1947 2204 2089 2270 coeli
2116 2204 2378 2270 dicentis
2402 2222 2646 2286 magna
2675 2220 2829 2268 voce
2863 2224 2878 2266 ε
2909 2200 3044 2268 Vae.
3073 2222 3106 2260 ι)
3140 2198 3378 2282 Aquila
3394 2203 3491 2263 est

1948 2310 2260 2389 Christus;
2295 2311 2647 2376 habitantes
2673 2297 2972 2388 interra,
2998 2306 3243 2372 terreni
3275 2323 3489 2389 pecca-

1946 2421 2119 2482 tores
2156 2422 2345 2500 sunt‚
2390 2418 2624 2501 quibus
2664 2416 2818 2482 dicit
2848 2438 2864 2481 ε
2920 2416 3032 2482 Voe
3077 2431 3195 2498 pro
3236 2417 3491 2496 peccato

1948 2526 2185 2606 cordis3
2216 2541 2312 2592 voe
2338 2543 2457 2609 pro
2482 2528 2736 2610 peccato
2768 2523 2937 2602 oris3
2968 2538 3066 2590 voe
3094 2537 3212 2605 pro
3237 2523 3492 2603 peccato

1950 2634 2179 2716 operis.
2208 2632 2321 2700 Vel
2347 2650 2443 2701 vae
2470 2634 2538 2696 in
2564 2631 2790 2697 mortis
2811 2634 3132 2709 extremm
3169 2645 3268 2696 vae
3292 2629 3360 2692 in
3381 2630 3491 2714 ju-

1950 2740 2114 2806 dicio
2136 2763 2154 2820 ;
2185 2756 2284 2808 voe
2306 2740 2374 2804 in
2400 2739 2675 2804 inferno.

2507 2916 2796 2988 SERMO
2849 2917 2933 2987 Π.

2034 3063 2155 3130 Hic
2193 3063 2375 3129 lesus
2419 3064 2539 3143 qui
2579 3066 2946 3144 assumptus
2994 3065 3086 3128 est
3122 3078 3167 3124 a
3202 3060 3381 3128 vobis
3415 3063 3493 3128 in
3611 3114 3616 3118 .

1953 3173 2252 3252 certumst,
2274 3177 2392 3237 etc.
2415 3171 2956 3237 Considerandum
2977 3174 3072 3236 est
3080 3170 3334 3254 quando
3348 3171 3493 3235 ierit

1953 3281 2019 3344 in
2048 3280 2281 3344 coelum
2305 3282 2517 3357 Jesus;
2566 3281 2631 3343 et
2665 3277 2756 3343 sic
2780 3277 3138 3343 videbimus
3168 3278 3493 3361 quomodo

1953 3388 2025 3451 in
2053 3386 2155 3452 die
2179 3385 2529 3452 novissimo
2545 3385 2780 3463 veniet,
2804 3385 3347 3468 quemadmodum
3372 3385 3494 3450 ivit

1956 3495 2024 3559 in
2051 3495 2304 3559 coelum.
2342 3492 2478 3570 „Ivit
2514 3512 2676 3576 ergo
2701 3493 2769 3558 in
2804 3493 3037 3558 coelum
3082 3491 3272 3557 hodie
3310 3491 3492 3558 Jesus

1955 3603 2025 3667 in
2049 3620 2205 3668 voce
2233 3602 2407 3667 tubae
2428 3651 2446 3682 ‚
2478 3606 2543 3667 et
2570 3600 2951 3684 suscipiente
2975 3601 3182 3680 nube,
3210 3602 3276 3665 et
3300 3600 3495 3664 comi-

1953 3715 2091 3776 tatu
2116 3710 2323 3775 turbae
2343 3757 2362 3790 ,
2391 3713 2455 3774 et
2479 3709 2625 3774 data
2649 3707 3103 3773 benedIctione.
3138 3706 3242 3772 Sic
3266 3707 3494 3790 utique

1956 3817 2169 3884 veniet
2196 3835 2344 3883 cum
2370 3817 2528 3881 tuba
2545 3814 2924 3900 judicandos
2948 3815 3293 3893 excitante,
3343 3833 3493 3879 cum

1953 3928 2128 3992 nube
2175 3925 2489 4009 judicium
2528 3926 2918 4008 approbante
2935 3971 2954 4004 ,
3002 3940 3151 3987 cum
3193 3921 3490 3986 benedic-

1954 4034 2127 4104 tione
2151 4033 2380 4098 electos
2410 4032 2787 4097 laetificante.

2034 4138 2125 4204 De
2137 4140 2358 4222 ⁷primo
2384 4139 2428 4175 ¹²
2463 4157 2534 4203 :a
2550 4136 2850 4202 Ascendit
2869 4137 3099 4221 (Jesus)
3123 4136 3192 4200 in
3207 4135 3484 4220 Jubilo,=›

1952 4253 2071 4311 etc.
2100 4245 2333 4311 Vocem
2363 4245 2535 4310 tubae
2554 4293 2574 4324 ,
2614 4262 2835 4309 vocem
2880 4243 3261 4325 angelorum
3289 4243 3490 4308 credi-

1954 4371 2102 4419 mus
2128 4353 2328 4419 Deum
2352 4351 2749 4418 laudantium
2780 4336 2804 4416 ε’
2828 4351 2919 4415 sic
2937 4350 3162 4434 utique
3187 4352 3398 4416 veniet
3424 4351 3493 4417 in

1954 4462 2132 4526 tuba.
2161 4463 2212 4501 ¹⁸
2250 4484 2281 4522 α
2310 4459 2448 4543 lpse
2477 4459 2786 4524 Dominus
2813 4458 2885 4522 in
2900 4459 3125 4541 Jussu,
3172 4462 3235 4520 et
3263 4457 3334 4520 in
3372 4473 3490 4520 vo-

1952 4586 2053 4648 ce,
2078 4587 2111 4628 »
2136 4570 2255 4632 etc.
2282 4565 2531 4631 Glossa:
2562 4587 2593 4628 α
2611 4563 2794 4632 Tuba
2816 4583 3059 4647 magna
3079 4563 3190 4629 Dei
3217 4563 3338 4628 erit
3361 4578 3493 4627 vox

1954 4676 2363 4757 angelorum.
2390 4694 2421 4734 υ
2446 4672 2638 4753 Item,
2660 4673 3011 4739 secundum
3026 4671 3326 4751 Glossam,
3349 4670 3493 4735 ideo

1953 4782 2079 4847 ait:
2105 4784 2183 4848 in
2198 4782 2352 4850 tuba
2368 4829 2386 4860 ‚
2408 4781 2560 4864 quia
2585 4781 2750 4845 sicut
2775 4780 2931 4845 tuba
2952 4780 3197 4845 utimur
3223 4779 3293 4841 in
3309 4775 3493 4842 bellis

1952 4895 2014 4957 et
2047 4891 2118 4955 in
2143 4891 2354 4969 festis,
2388 4890 2476 4954 ita
2501 4890 2569 4953 in
2603 4887 2845 4972 judicio
2876 4887 3155 4952 inimicis
3196 4885 3445 4951 Domini
3467 4932 3487 4964 ,

1953 4998 2187 5064 scilicet
2227 4996 2660 5081 peccatoribus
2684 5012 2886 5078 grave
2916 4994 3159 5060 bellum
3203 4992 3486 5057 instabit.

1957 5110 2005 5149 ¹⁸
2027 5108 2274 5172 «Acuet
2298 5107 2462 5170 iram
2489 5104 2692 5169 diram
2722 5104 2790 5167 in
2819 5103 3059 5183 lancea,
3089 5104 3153 5165 et
3178 5101 3493 5184 pugnabit

1952 5231 2100 5279 cum
2127 5230 2203 5278 eo
2231 5211 2404 5277 orbis
2429 5214 2748 5275 terrarum
2774 5215 2996 5273 contra
3039 5210 3388 5272 insensatos
3403 5253 3420 5287 ‚
3451 5228 3483 5265 n

1954 5344 2033 5392 ¹3.
2056 5365 2118 5378 -
2146 5340 2186 5375 ιι
2214 5339 2350 5398 Act„
2374 5349 2414 5400 1,
2444 5340 2522 5388 11.
2544 5360 2609 5375 -
2636 5336 2681 5371 12
2705 5333 2845 5385 pau·
2868 5344 3011 5397 mn,
3039 5334 3087 5384 Β.
3116 5358 3176 5371 —
3197 5332 3279 5382 ιη
3311 5330 3491 5397 Theca,

1950 5415 2132 5478 IV,15.
2165 5438 2229 5449 -
2259 5410 2304 5446 ιι
2327 5410 2470 5475 Sap„
2502 5420 2553 5469 v,
2588 5411 2667 5457 ss·

1957 5490 2423 5632 (ef‘sseccffdnfdff'
2463 5488 2686 5545 ”⁰¹⁸”¹⁶·
2716 5512 2779 5528 “··
2817 5484 2890 5551 (⁶)
2921 5483 3100 5554 Suppl-
3141 5484 3402 5540 alterum.
3431 5510 3487 5523 .-
