4059 6317
602 428 723 490 390

601 560 816 636 oleum
839 558 1181 624 charitatis,
1211 559 1310 625 Ad
1345 560 1499 644 quid
1533 562 1753 625 autem
1791 558 1987 624 homo
2021 557 2135 622 de·

602 667 901 732 scandere
938 667 1182 747 debeat,
1226 669 1428 745 docet,
1458 686 1607 733 cum
1629 666 1784 732 dicit
1810 668 1828 703 ¹
1863 683 1880 730 ε
1923 688 1954 727 α
1981 663 2142 732 Sede

601 774 670 840 in
696 774 983 857 pulvere,
1014 776 1182 840 mole
1206 776 1503 855 farinam,
1531 775 1784 841 denuda
1809 772 2145 857 turpitudi-

601 901 752 948 nem
791 884 997 961 tuam,
1039 882 1236 948 transi
1274 883 1568 947 flumina.
1608 903 1641 943 n
1698 879 1920 948 Sedere
1969 880 2145 944 enim

602 990 791 1056 debes
815 991 892 1057 in
912 989 1174 1073 pulvere
1199 1008 1314 1073 per
1339 991 1562 1056 mortis
1584 992 1815 1073 jugem
1849 987 2141 1054 recorda-

601 1097 865 1164 tionem.
914 1098 1037 1177 Qui
1081 1098 1279 1176 enim,
1319 1098 1491 1181 quod
1538 1098 1754 1180 pulvis
1791 1096 2012 1162 futura
2050 1097 2147 1159 est

602 1223 775 1286 caro,
803 1223 935 1271 non
963 1205 1296 1288 recogitat,
1319 1223 1451 1270 non
1480 1205 1641 1269 sedit
1656 1205 1740 1286 (a)
1764 1204 1833 1268 in
1857 1203 2147 1287 pulvere,

603 1312 715 1378 sed
753 1313 1001 1378 transit.
1047 1313 1278 1380 Molere
1313 1317 1529 1378 autem
1567 1311 1758 1376 debes
1790 1329 1905 1395 per
1937 1309 2148 1394 poeni-

602 1420 891 1500 tentiam,
919 1439 1034 1504 per
1058 1439 1279 1487 veram
1298 1419 1763 1486 contritionem.
1789 1417 1957 1483 Mola
1974 1417 2149 1482 enim

602 1529 867 1595 inferior
892 1532 987 1593 est
1011 1529 1204 1593 timor
1239 1529 1596 1610 gehennae;
1638 1526 1929 1609 superior
1967 1542 2147 1602 vero,

605 1654 750 1720 spes
777 1635 1004 1717 gloriae
1036 1651 1058 1708 z,
1087 1636 1253 1700 inter
1293 1655 1455 1718 quas
1480 1634 1876 1700 voluntatem
1911 1632 2151 1698 malam

604 1749 668 1812 e't
720 1744 1000 1809 carnalia
1046 1744 1355 1810 desideria
1399 1748 1724 1809 conterere
1765 1741 1990 1820 debes;
2041 1741 2153 1806 sed

605 1870 776 1935 aqua
800 1851 1234 1934 lacrymarum
1264 1850 1623 1916 necessaria
1658 1853 1755 1914 est
1788 1849 1870 1914 ad
1902 1847 2149 1913 molen-

607 1960 786 2024 dum.
820 1957 1159 2025 Denudare
1188 1976 1441 2042 quoque
1466 1959 1657 2024 debes
1682 1956 2153 2039 turpitudinem

610 2073 792 2136 tuam
818 2085 930 2149 per
955 2066 1441 2147 confessionem,
1475 2070 1540 2131 et
1571 2067 1851 2134 transire
1873 2066 2154 2147 flumina

610 2174 1265 2258 concupiscentiarum
1294 2192 1407 2257 per
1433 2174 1669 2240 bonam
1698 2174 1919 2255 vitam,
1949 2178 2013 2239 et
2039 2191 2155 2258 per

610 2282 1119 2347 satisfactionem.

691 2389 779 2454 De
819 2389 1030 2469 tertio,
1069 2387 1402 2454 Psalmista
1430 2395 1455 2430 ¹
1488 2410 1505 2455 ε
1551 2412 1583 2451 α
1619 2389 1774 2467 Quae
1811 2390 2054 2456 utilitas
2086 2392 2157 2456 in

613 2497 928 2578 sanguine
964 2515 1131 2577 meo,
1171 2497 1329 2562 dum
1369 2497 1681 2563 descendo
1705 2498 1774 2562 in
1801 2498 2156 2581 corruptio-

614 2607 813 2670 nem?
848 2626 879 2668 ι
911 2604 1089 2682 Quod
1124 2603 1390 2688 quilibet
1428 2604 1625 2669 homo
1659 2610 1864 2688 potest
1893 2606 2101 2671 dicere
2136 2627 2153 2672 ε

619 2714 770 2787 Ouoe
810 2712 1068 2779 utilitas
1108 2713 1183 2777 in
1216 2715 1532 2796 sanquine
1569 2729 1723 2793 meo,
1765 2717 1895 2778 tam
1936 2714 2156 2794 nobili,

617 2825 750 2885 tam
775 2820 1070 2902 superbo,
1103 2823 1234 2884 tam
1259 2819 1612 2898 luxurioso,
1638 2825 1770 2886 tam
1787 2822 2159 2902 furibundo,

618 2931 682 2992 et
719 2927 924 2992 multa
966 2928 1137 2991 mala
1175 2928 1484 3008 faciendO,
1532 2929 1689 2996 dum
1731 2929 2039 2998 descendo
2089 2934 2165 2998 in

619 3034 1141 3116 corruptionem?
1195 3034 1304 3098 sed
1360 3039 1607 3118 oportet
1647 3054 1800 3101 eum
1841 3040 2164 3122 corrumpi

622 3141 953 3226 putredine
981 3141 1005 3177 ⁸
1036 3159 1052 3204 ε
1092 3163 1124 3203 «
1162 3141 1352 3219 Quasi
1389 3144 1660 3225 putredo
1696 3147 2169 3212 consumendus

624 3269 794 3330 sum,
827 3273 859 3310 n
896 3253 1015 3314 etc.
1047 3249 1392 3316 Horrihiles
1421 3252 1612 3318 tineae
1635 3259 1789 3318 sunt
1815 3259 2165 3338 serpentes,

627 3363 692 3426 et
716 3375 990 3437 vermes,
1024 3358 1477 3425 vestimentum
1516 3361 1776 3441 animae,
1807 3363 1870 3427 id
1907 3368 2003 3428 est
2029 3382 2172 3429 cor-

628 3485 776 3551 pus,
806 3466 878 3530 in
903 3464 1192 3548 sepulcro
1219 3467 1640 3547 comedentes,
1671 3487 1883 3553 neque
1907 3472 2172 3555 imperi-

629 3574 738 3654 ali,
763 3591 970 3655 neque
986 3572 1195 3656 papali
1226 3573 1603 3640 vestimento
1631 3583 1972 3659 parcentes.
1996 3579 2175 3645 Unde

634 3679 979 3762 Gregorius
1016 3678 1188 3764 Papa
1226 3680 1304 3747 de
1345 3682 1555 3765 seipso
1588 3683 1678 3748 ait
1705 3687 1751 3762 ¹⁵,
1785 3686 1956 3768 quod
1991 3709 2022 3747 α
2048 3705 2175 3769 ego

634 3789 943 3862 nimirum
972 3807 1103 3855 non
1127 3789 1323 3872 longe
1340 3796 1482 3873 post
1501 3791 1779 3872 futurus,
1807 3799 1948 3876 post
1972 3794 2175 3859 homi·-

634 3914 788 3962 nem
822 3897 1098 3976 vermis,
1139 3901 1331 3979 atque
1365 3902 1507 3980 post
1547 3917 1834 3964 vermem
1873 3901 2107 3984 pulvis,
2137 3924 2168 3964 n

717 4003 806 4069 De
841 4006 1071 4087 quarto
1097 4003 1119 4039 ⁸
1152 4025 1168 4068 :
1208 4027 1238 4065 α
1270 4003 1566 4071 Dilatavit
1585 4005 1873 4072 infernus
1895 4008 2179 4075 animam

640 4130 848 4191 suam,
889 4116 953 4176 et
990 4130 1063 4178 os
1102 4130 1296 4178 suum
1338 4115 1588 4196 aperuit
1627 4116 1869 4201 absque
1894 4117 2027 4182 ullo
2052 4124 2179 4185 ter-

641 4221 844 4298 mino,
881 4224 947 4285 et
972 4220 1350 4284 descendent
1375 4221 1565 4287 fortes
1589 4227 1756 4307 ejus,
1787 4229 1851 4289 et
1877 4225 2184 4292 sublimes

645 4326 1036 4410 gloriosique
1075 4330 1132 4411 ej
1143 4346 1221 4392 us
1271 4328 1352 4393 ad
1406 4347 1580 4396 eum.
1624 4353 1656 4391 ι
1708 4332 1981 4398 Possunt
2021 4352 2183 4417 ergo

641 4435 1047 4516 peccatorum
1069 4432 1300 4498 animae
1329 4433 1395 4496 in
1427 4434 1831 4501 multitudine
1855 4455 2096 4519 magna
2116 4440 2185 4503 in

643 4540 895 4605 inferno
908 4540 1201 4618 hahitare
1216 4545 1360 4623 post
1384 4545 1523 4625 ejus
1548 4543 1980 4610 dilatationem
2002 4569 2018 4610 ε
2048 4565 2188 4630 pos-

565 4711 579 4722 ,
646 4650 802 4713 sunt
839 4647 1033 4712 etiam
1078 4648 1214 4712 sine
1261 4649 1587 4715 obstaculo
1627 4650 1867 4717 intrare
1907 4672 2020 4735 per
2059 4655 2188 4720 oris

648 4755 794 4835 eJus
837 4754 1252 4836 apertionem.
1295 4754 1692 4821 Descendunt
1736 4763 1951 4824 autem
1999 4760 2190 4824 fortes

650 4880 768 4945 per
800 4861 873 4944 (b)
907 4860 1282 4943 potentiam;
1312 4862 1616 4928 sublimes
1637 4881 1752 4946 per
1782 4865 1857 4948 (b)
1888 4865 2193 4931 excellen-

653 4968 842 5046 tiam3
882 4965 1144 5047 gloriosi
1181 4984 1296 5049 per
1337 4967 1415 5049 (b)
1450 4968 1866 5051 opulentiam,
1901 4972 2014 5054 qui
2043 4973 2190 5037 tali-

655 5072 781 5140 bus
818 5073 1170 5139 abutuntur
1210 5094 1227 5139 ε
1269 5074 1460 5139 fortes
1495 5076 1736 5160 utique,
1766 5079 1833 5142 in
1864 5081 2193 5163 proximo·

656 5200 805 5249 rum
859 5181 1303 5265 oppressione;
1365 5183 1690 5266 sublimes»,
1742 5186 1814 5251 in
1871 5188 2195 5254 honorum

723 5352 740 5387 ¹
769 5349 887 5415 lea„
913 5349 1002 5399 ubi
1027 5363 1139 5413 sup.
1172 5375 1232 5388 --
1261 5349 1279 5380 ²
1317 5349 1455 5401 Paul.
1490 5362 1640 5415 xxlx,
1668 5355 1747 5404 10.
1775 5376 1837 5390 ——
1869 5352 1892 5390 ⁸
1913 5351 2034 5414 lob,
2068 5364 2196 5416 1111,

662 5426 740 5475 28.
773 5449 827 5460 -
858 5422 878 5488 ’ξ
907 5424 1057 5487 Greg.
1089 5448 1151 5460 —
1181 5423 1203 5457 ⁸
1238 5423 1356 5485 Isa„
1387 5434 1436 5488 v,
1472 5427 1543 5475 24.
1572 5450 1635 5462 —
1671 5425 1693 5460 ⁸
1727 5424 1911 5489 Eaeod„
1939 5436 2027 5490 xv,
2056 5429 2104 5477 ὅ.
2134 5449 2196 5464 -

1701 420 2117 492 SERMONES
2155 420 2259 488 DE
2298 420 2691 488 TEMPORE.

2248 556 2635 637 ambitione;
2666 560 2996 641 generosi,
3024 561 3339 626 inrerum
3371 559 3787 643 pomieno.

2251 662 2416 741 Quid
2445 667 2703 746 mirum,
2732 667 2790 730 si
2819 671 3175 750 peccatores
3196 668 3606 744 descendunt,
3634 686 3795 732 cum

2251 770 2378 835 sint
2410 771 2690 854 lapides?
2723 774 2986 858 Lapides
3016 778 3190 840 enim
3233 776 3360 840 cito
3398 774 3798 839 descendunt

2251 877 2333 942 ad
2358 878 2654 944 fundum.
2684 882 2708 917 ‘
2743 903 2775 943 α
2796 880 3263 947 Descenderunt
3286 881 3367 946 in
3401 882 3792 965 profundum

2253 987 2436 1069 quasi
2461 986 2640 1071 lapis.
2669 1010 2701 1050 υ
2738 988 2824 1054 De
2848 1007 2979 1073 quo
3007 989 3322 1073 profundo
3345 985 3575 1054 dicimr
3601 988 3795 1053 Luci-

2253 1094 2388 1160 fero
2415 1101 2437 1136 '¹
2470 1118 2486 1161 ε
2510 1119 2546 1160 ι
2573 1097 3012 1163 Adinfernum
3032 1097 3305 1163 traheris
3320 1097 3390 1162 in
3404 1096 3797 1181 profundum

2256 1200 2400 1266 laci.
2438 1223 2470 1263 s

2771 1373 3060 1445 SERMO
3103 1375 3198 1448 IV
3235 1372 3281 1447 ⁸.

2344 1527 2470 1603 Oui
2520 1541 2585 1593 ee
2632 1527 2907 1606 exaltat,
2960 1528 3414 1598 humliabitur
3453 1536 3496 1596 ⁹.
3556 1530 3629 1595 ln
3678 1532 3807 1596 hoc

2259 1634 2486 1714 verbo,
2527 1635 2701 1718 quod
2736 1640 2833 1701 est
2870 1636 3196 1703 infallibile
3232 1637 3470 1704 divinae
3504 1639 3801 1721 justitiae,

2260 1742 2621 1808 continetur
2662 1759 2917 1808 summa
2958 1744 3158 1809 totius
3203 1745 3425 1810 salutis
3467 1745 3800 1824 humanae,

2260 1865 2409 1932 quae
2434 1849 2718 1914 consistit
2751 1851 2821 1915 in
2854 1851 3212 1917 humilitate
3248 1852 3482 1932 meriti,
3513 1855 3579 1918 et
3602 1853 3807 1917 subli-

2263 1957 2481 2022 mitate
2507 1955 2781 2039 praemii.
2827 1955 3006 2023 Unde
3030 1958 3101 2022 in
3124 1977 3201 2024 eo
3227 1960 3436 2042 primo
3460 1961 3809 2044 praemitti-

2262 2065 2371 2130 tur
2396 2063 2745 2142 humilitas,
2780 2063 2916 2130 sive
2942 2066 3383 2148 opportunitas
3396 2067 3647 2148 meriti,
3688 2087 3811 2150 per

2265 2172 2529 2238 modum
2578 2173 3040 2253 anteoedentis3
3098 2176 3373 2240 secundo
3427 2177 3808 2260 adiungitur

2264 2279 2617 2348 sublimitas
2653 2281 2927 2364 praemii,
2970 2300 3086 2365 per
3123 2283 3388 2349 modum
3423 2303 3808 2368 consequen-

2263 2389 2368 2454 tis.
2397 2386 2684 2453 Primum
2708 2392 2948 2469 ειυΐοω,
2966 2394 3279 2474 (plantum
3299 2393 3380 2457 ad
3399 2396 3634 2458 statum
3652 2396 3804 2476 viae,

2266 2495 2389 2561 sub
2415 2496 2660 2561 ratione
2685 2497 3167 2578 cognoscentis3
3196 2498 3573 2579 secundum,
3592 2519 3809 2583 quan-

2268 2607 2409 2672 tum
2449 2602 2531 2667 ad
2564 2605 2803 2668 statum
2836 2605 3081 2687 patriae,
3114 2606 3235 2670 suh
3258 2606 3504 2672 ratione
3530 2608 3811 2673 allicien-

2268 2711 2371 2775 tis.
2411 2710 2490 2776 Et
2533 2712 2744 2795 primo
2784 2713 3196 2795 praemittitur
3241 2713 3565 2780 humilitas
3600 2717 3811 2780 meriti

2269 2836 2384 2902 per
2407 2818 2669 2883 modum
2701 2819 3150 2897 antecedentis,
3186 2838 3337 2885 cum
3369 2821 3602 2888 dicitur
3635 2844 3650 2887 ε
3686 2823 3813 2897 Qui

2270 2941 2337 2993 se
2369 2923 2641 3005 exaltat,
2671 2926 2907 2992 scilicet
2925 2926 2996 2990 in
3020 2930 3193 2992 statu
3218 2928 3383 3008 viae3
3412 2929 3687 2995 oecundo
3708 2931 3815 2994 ad-

2264 3033 2571 3116 jungitur
2592 3032 2950 3097 sublimitas
2976 3034 3223 3115 praemii
3245 3053 3359 3118 per
3380 3035 3644 3101 modum
3666 3056 3812 3101 con-

2272 3140 2616 3223 sequentis,
2647 3157 2796 3206 cum
2822 3139 3120 3205 subditur
3146 3162 3179 3210 :⁴
3196 3141 3636 3222 manebitur,
3656 3146 3816 3209 scili·

2248 3252 2375 3316 ‚cet
2401 3248 2472 3311 in
2496 3250 2668 3312 statu
2695 3247 2942 3330 pau-iae.

2357 3355 2521 3420 Dicit
2544 3373 2743 3437 ergo:
2778 3357 2909 3433 Qui
2943 3371 3009 3423 sc
3045 3356 3391 3441 humiliat;
3417 3358 3534 3424 uhi
3559 3364 3817 3425 notatur

2279 3462 2610 3528 humilitas
2636 3464 2871 3529 meriti.
2903 3463 2985 3529 Ut
3012 3468 3229 3532 autem
3253 3466 3469 3531 verbis
3485 3466 3818 3549 Evangelii

2279 3589 2400 3640 nos
2423 3571 2916 3648 conformemus,
2945 3588 3284 3653 possumus
3298 3573 3506 3640 dicere
3524 3576 3696 3658 quod
3713 3575 3819 3640 ille

2281 3684 2377 3744 est
2402 3698 2555 3744 vere
2581 3680 2913 3763 poenitens,
2951 3683 3017 3743 et
3048 3677 3241 3744 habet
3273 3680 3663 3745 meritoriam
3692 3681 3819 3746 hu-

2284 3786 2638 3864 militatem,
2678 3787 2794 3870 qui
2828 3787 3120 3870 exemplo
3143 3786 3329 3852 istius
3344 3787 3676 3871 ‚publicani
3704 3789 3821 3853 ha-

2284 3894 2393 3959 bet
2416 3894 2843 3961 humilitatem
2868 3896 3100 3979 operis,
3132 3895 3263 3960 oris
3292 3899 3356 3960 et
3382 3897 3610 3962 cordis.
3651 3897 3822 3963 Unde

2286 4001 2393 4066 ille
2420 4003 2804 4085 quitatione
2832 4020 2969 4067 suae
2995 4003 3288 4085 perlectae
3309 4003 3691 4069 humilitatis
3712 4006 3819 4070 de-

2287 4109 2529 4198 scendit
2583 4110 2965 4192 justificatus
3026 4111 3094 4174 in
3151 4110 3344 4176 domo
3405 4113 3820 4195 conscientiae,

2288 4217 2498 4301 primo
2556 4216 2779 4282 hahuit
2844 4216 3271 4282 humilitatem
3333 4220 3705 4284 reverentiae
3760 4223 3824 4283 in

2290 4343 2480 4409 opere
2494 4343 2579 4390 ex
2593 4325 3090 4391 consideratione
3113 4324 3436 4390 altissimae
3460 4329 3820 4410 majestatis.

2292 4434 2370 4500 Et
2407 4433 2549 4499 ideo
2586 4433 2821 4498 dicitur
2854 4456 2869 4499 ι
2908 4433 3291 4501 publicanus
3334 4451 3379 4502 a
3423 4434 3605 4519 lonae
3645 4445 3826 4505 stam

2291 4533 2540 4609 nocebat
2565 4556 2679 4608 nec
2704 4539 2916 4620 oculos
2942 4539 3033 4606 ad
3056 4539 3274 4606 coelum
3296 4539 3528 4608 levare.
3561 4542 3819 4608 Glossa:

2303 4669 2335 4708 c
2360 4649 2415 4712 A
2451 4647 2629 4730 lonae
2664 4669 2680 4711 ε
2716 4647 2884 4711 sicut
2907 4646 3190 4726 humilis,
3226 4664 3356 4710 non
3381 4647 3574 4713 audet
3598 4667 3827 4733 appro-

2294 4760 2627 4842 pinquare,
2665 4762 2738 4822 ut
2773 4756 2854 4821 ad
2890 4773 3042 4822 eum
3080 4755 3653 4840 appropinquatum
3701 4775 3829 4824 non

2296 4866 2553 4948 aspicit,
2583 4868 2659 4930 ut
2682 4863 3045 4946 aspiciatur.
3080 4883 3111 4923 n
3142 4863 3432 4928 &cundo
3458 4864 3686 4929 habuit
3708 4867 3826 4929 hu-

2299 4973 2630 5038 militatem
2661 4971 3055 5038 contritionis
3078 4975 3143 5036 et
3178 4970 3569 5053 poenitentiae
3594 4972 3666 5036 in
3692 4989 3826 5037 cor·

2299 5080 2402 5162 de,
2444 5099 2525 5145 ex
2561 5078 2993 5145 recordatione
3036 5077 3393 5143 commissae
3445 5077 3825 5163 iniquitatis3

2301 5251 2323 5288 ‘¹
2366 5252 2487 5314 lea„
2537 5260 2644 5313 tw,
2695 5249 2772 5300 15.
2815 5275 2876 5287 --
2918 5250 2937 5280 ⁸
2978 5249 3126 5299 Hunc
3165 5259 3275 5297 non
3317 5246 3471 5299 hahet
3515 5219 3637 5302 edit.
3676 5250 3826 5303 Paris.

2304 5338 2388 5374 en.
2422 5323 2563 5374 1521.
2589 5347 2652 5359 —
2678 5319 2700 5356 ⁹
2728 5321 2866 5384 Luc„
2892 5331 3044 5382 xvlu,
3074 5320 3151 5371 14.

2370 5422 2437 5487 (α)
2465 5422 2578 5486 lay.
2607 5420 2768 5474 sedet.
2795 5445 2854 5457 -
2881 5417 2949 5485 (ὁ)
2974 5419 3089 5484 Lea.
3117 5422 3344 5485 propter.
