4059 6317
709 443 790 504 84
1813 436 2233 504 SERMONES
2274 437 2376 503 DE
2414 435 2806 504 TEMPORE.

710 571 1048 656 templum,
1074 573 1246 657 quod
1269 573 1590 655 significat
1613 591 1723 638 cor
1749 573 1955 639 fidele.
1987 572 2111 638 Sed
2137 591 2248 638 no-

711 682 780 744 ta
802 680 973 763 quod
1007 680 1078 744 in
1117 678 1514 746 Hierusalem
1550 686 1612 746 et
1651 681 1731 764 (α)
1777 682 1849 745 111
1882 681 2151 763 templo,
2182 684 2246 744 et

711 787 881 853 inter
907 788 1188 853 doctores
1216 790 1525 872 quaesitus
1549 790 1904 869 invenitur,
1934 789 2001 853 id
2026 793 2144 866 est,
2178 789 2248 852 in

712 895 1259 979 contemplatione,
1279 898 1346 960 in
1376 898 1681 977 oratione,
1697 900 1764 961 in
1778 897 2244 980 praedicatione.

713 1001 1107 1068 Hierusalem
1151 1004 1315 1069 visio
1353 1004 1524 1086 pacis
1549 1004 1998 1086 interpretatur
2029 1026 2044 1065 :
2079 1002 2248 1085 quod

711 1111 1009 1176 convenit
1033 1112 1268 1176 animae
1299 1108 1806 1189 contemplativae
1825 1158 1844 1189 ,
1874 1128 2021 1193 quae
2054 1110 2252 1174 nescit

711 1217 947 1282 hahere
982 1236 1238 1299 pacem,
1287 1216 1410 1281 nisi
1450 1216 1650 1282 Deum
1688 1218 1980 1282 videat¹:
2011 1241 2042 1277 11
2070 1214 2253 1281 Ν11116

712 1326 981 1391 dimittis
1006 1342 1297 1403 servum,
1333 1348 1364 1384 n
1391 1328 1455 1388 et
1479 1329 1710 1388 caetera
1735 1343 1942 1407 usque
1971 1344 1989 1390 ε
2033 1347 2063 1385 a
2092 1323 2253 1401 Quia

713 1432 1016 1497 viderunt
1046 1430 1235 1495 oculi.
1271 1430 1661 1513 »Templum
1700 1430 1877 1494 locus
1907 1430 2247 1495 orationis:

715 1540 1025 1622 templum
1061 1556 1214 1619 ergo
1256 1538 1365 1602 Dei
1392 1541 1490 1601 est
1526 1555 1635 1601 cor
1675 1543 2001 1617 nostrum,
2031 1539 2102 1601 in
2124 1555 2253 1620 quo

715 1644 956 1711 orando
1012 1663 1301 1728 quaerere
1343 1645 1649 1709 debemus
1693 1644 2060 1710 Dominum.
2103 1642 2256 1720 Quis

718 1753 891 1816 enim
919 1771 1175 1817 crucem
1200 1753 1272 1816 in
1310 1771 1423 1816 ara
1457 1770 1795 1835 porcorum
1812 1799 1829 1830 ‚
1860 1752 2006 1835 quis
2047 1770 2251 1815 sacer-

719 1860 928 1924 dotem
974 1862 1042 1923 in
1076 1860 1376 1942 spelunca
1418 1861 1740 1924 latronum
1796 1865 2144 1943 quaereret,
2195 1865 2257 1924 61

721 1986 850 2032 11011
875 1969 1181 2050 potiusin
1205 1968 1484 2050 templo?
1515 1967 1636 2045 Qui
1665 1974 1878 2031 autem
1906 1973 2055 2032 sunt
2074 1969 2259 2032 latro-

721 2098 869 2157 nes,
899 2081 1011 2162 qui
1041 2080 1120 2144 de
1144 2080 1348 2144 cordis
1375 2079 1678 2162 spelunca
1705 2086 1978 2160 exeunt,
2015 2081 2138 2144 nisi
2181 2081 2258 2144 de

722 2186 955 2269 quihus
1005 2187 1233 2250 dicitur
1264 2193 1334 2250 ²:
1372 2210 1402 2248 α
1429 2187 1518 2251 De
1563 2187 1750 2251 corde
1795 2187 1969 2250 enim
2020 2191 2261 2252 exeunt

721 2291 1137 2373 cogitationes
1174 2295 1384 2372 malae,
1414 2293 1775 2374 homicidia,
1802 2317 1834 2355 υ
1870 2297 2013 2359 etc?
2045 2296 2130 2360 De
2157 2296 2261 2359 his

721 2398 1077 2474 latronibus
1125 2400 1355 2465 dicitur
1392 2401 1459 2463 ⁸:
1502 2421 1534 2460 α
1571 2400 1888 2484 Scriptum
1929 2407 2063 2482 est,
2110 2404 2262 2485 quia

723 2505 985 2585 domus,
1014 2528 1046 2565 n
1101 2511 1162 2569 et
1209 2513 1436 2571 caetera
1478 2526 1682 2590 usque
1720 2530 1735 2573 :
1785 2531 1817 2568 «
1849 2509 2192 2573 latronum.
2222 2530 2254 2568 n

725 2610 895 2675 Inter
929 2611 1213 2675 doctores
1256 2631 1511 2696 quoque
1551 2615 1835 2678 Christus
1877 2616 2263 2697 quaerendus

726 2723 845 2797 est,
876 2718 1030 2800 quia
1056 2718 1126 2781 in
1152 2719 1457 2786 doctrinis
1479 2727 1542 2785 et
1567 2707 1895 2805 scripturis
1911 2723 2261 2801 invenitur,

726 2843 857 2889 non
883 2825 1046 2889 inter
1084 2832 1416 2907 cognatos.
1453 2827 1810 2893 Bernardus
1829 2835 1852 2870 ⁸
1886 2853 1902 2895 ε
1936 2830 2265 2908 Quomodo

728 2936 828 3010 te,
880 2932 1045 2996 bone
1084 2932 1276 3010 16511,
1319 2935 1487 2999 inter
1530 2940 1838 3017 cognatos
1877 2956 2054 3002 meos
2097 2938 2268 3001 inve-

730 3040 902 3103 niam
929 3088 948 3119 ,
979 3042 1092 3122 qui
1136 3043 1302 3106 inter
1338 3049 1482 3108 tuos
1527 3044 1790 3108 minime
1823 3063 1890 3109 es
1926 3046 2266 3110 inventus?

730 3147 1052 3229 quomodo
1096 3149 1400 3214 invenero
1443 3150 1510 3214 in
1553 3151 1788 3232 gaudio
1815 3199 1834 3230 ‚
1873 3170 2021 3216 cum
2066 3157 2270 3217 mater

733 3260 845 3319 tua
867 3255 1087 3321 dolens
1112 3259 1225 3323 vix
1251 3265 1312 3324 te
1335 3260 1702 3325 invenerit?
1730 3283 1763 3322 »

813 3360 899 3426 De
936 3364 1145 3438 terti0‚
1175 3365 1508 3430 Psalmista
1529 3371 1589 3432 ⁸:
1631 3391 1663 3428 11
1688 3368 1840 3446 Quis
1868 3370 2206 3434 ascendet?
2231 3391 2261 3428 ι)

733 3473 798 3534 61
809 3473 1037 3533 caetera
1046 3489 1287 3553 usque:
1317 3472 1508 3537 «Haec
1519 3479 1614 3538 est
1638 3476 1967 3556 generatio
1989 3495 2273 3558 quaeren-

733 3577 896 3640 tium
929 3576 1295 3642 Dominum.
1329 3602 1360 3639 »
1404 3580 1491 3645 De
1526 3582 1637 3645 tali
1691 3585 2107 3664 generatione
2156 3587 2273 3651 fuit

733 3683 934 3748 Maria
960 3685 1334 3766 Magdalena
1352 3735 1369 3766 ,
1401 3689 1508 3752 cui
1539 3687 1844 3754 Dominus
1871 3693 1960 3754 ait
1982 3690 2005 3726 ⁸
2027 3710 2045 3754 :
2080 3716 2111 3753 11
2132 3692 2275 3756 Μ11-

734 3791 875 3870 lter,
926 3791 1079 3873 quid
1122 3792 1374 3875 ploras?
1418 3813 1611 3876 quem
1653 3798 1937 3879 quaeris?
1967 3821 1997 3857 υ
2036 3798 2121 3863 De
2167 3799 2274 3862 tali

736 3915 994 3982 quoque
1020 3902 1430 3986 generatione
1455 3903 1574 3967 fuit
1596 3903 1630 3969 J
1633 3905 1829 3988 oseph
1858 3909 1922 3969 et
1949 3906 2169 3985 Maria,
2198 3906 2277 3971 de

736 4006 973 4087 quibus
1000 4006 1108 4070 hic
1146 4006 1378 4073 dicitur
1410 4009 1636 4077 :Pater
1661 4017 1811 4078 tuus
1838 4017 1897 4080 et
1923 4029 2034 4096 eqo
2060 4013 2277 4081 dolen-

739 4117 854 4190 tes,
883 4117 1003 4176 etc.
1039 4111 1113 4175 In
1139 4113 1516 4195 Magdalena
1555 4120 1954 4202 poenitentes,
1984 4123 2055 4186 in
2080 4122 2278 4187 Maria

738 4218 1104 4284 innocentes
1122 4269 1138 4300 ‚
1173 4223 1243 4285 in
1275 4222 1309 4288 J
1311 4225 1509 4307 oseph
1551 4231 1845 4308 regentes
1878 4247 1994 4292 seu
2034 4230 2275 4311 praelati

739 4325 1185 4406 significantur
1214 4350 1229 4392 :
1261 4330 1382 4394 fuit
1410 4331 1579 4395 enim
1619 4336 1920 4400 nutritius
1951 4340 2015 4401 et
2046 4355 2272 4418 procu-

740 4436 912 4496 rator
938 4431 1190 4498 Domini
1217 4439 1282 4500 et
1309 4440 1528 4502 matris
1567 4441 1726 4522 ejus.
1768 4441 1879 4506 Vel
1906 4443 1976 4507 in
2015 4444 2280 4525 Magda-

740 4539 906 4618 lena,
923 4539 1320 4623 incipientes3
1346 4544 1416 4608 in
1439 4545 1472 4610 J
1476 4547 1695 4629 oseph,
1725 4550 2147 4632 proficientes,
2176 4554 2273 4615 in·

739 4649 1125 4728 terpretatur
1149 4651 1325 4713 enim
1358 4658 1789 4735 auqmentwm
1816 4655 1884 4718 in
1911 4656 2105 4721 Maria
2138 4676 2279 4739 per·

743 4752 906 4816 fecti.
937 4752 1050 4818 Vel
1070 4754 1141 4818 in
1164 4755 1558 4839 Magdalena‚
1583 4762 1906 4839 conversi3
1936 4764 1998 4827 in
2019 4762 2054 4828 J
2057 4766 2274 4847 oseph,

743 4859 931 4923 activi
950 4883 967 4938 3
992 4861 1059 4924 in
1080 4861 1300 4942 Maria,
1318 4867 1815 4949 contemplativi.
1835 4868 2069 4953 Joseph
2082 4874 2310 4936 nutri·-

741 4964 868 5030 tius
894 4966 1144 5031 Domini
1166 4970 1326 5035 bene
1351 4971 1672 5053 significat
1696 4976 1954 5057 activos,
1976 4979 2091 5061 qui
2118 4979 2282 5044 sicut

810 5127 822 5155 ¹
859 5127 994 5188 Luc„
1028 5140 1103 5192 11,
1134 5130 1293 5180 29-30.
1328 5157 1391 5167 -
1415 5131 1438 5165 ²
1471 5133 1672 5191 Manli„
1704 5146 1790 5198 xv,
1827 5140 1903 5187 19.
1936 5164 1997 5175 -
2024 5138 2048 5173 ⁸
2074 5139 2278 5201 Manli„

743 5206 865 5260 xxi,
895 5200 971 5250 13.
1001 5226 1064 5236 -
1102 5200 1120 5230 ⁴
1162 5202 1312 5250 Bern.
1340 5227 1404 5237 —
1437 5203 1459 5238 ⁸
1486 5204 1624 5254 Psal.
1657 5219 1821 5270 xxiii,
1851 5212 1930 5258 36.
1962 5235 2022 5245 —
2063 5215 2082 5240 ⁸
2115 5211 2279 5277 Joan„

742 5276 843 5330 xx,
888 5271 965 5318 13.
993 5296 1057 5307 -
1093 5272 1116 5307 7
1152 5272 1358 5332 matth„
1397 5285 1520 5337 xxv,
1556 5278 1615 5324 35
1650 5281 1701 5327 61
1740 5292 1850 5343 seq.
1876 5305 1939 5316 —
1973 5279 1996 5314 ⁸
2034 5282 2186 5333 Bern.
2219 5311 2281 5322 -

745 5335 767 5364 ⁹
794 5336 840 5386 ΙΙ
870 5338 1064 5405 Parae„
1093 5354 1179 5406 xv,
1206 5346 1253 5393 2.
1284 5369 1347 5379 —
1383 5346 1422 5378 ¹⁰
1449 5347 1623 5410 Greg.‚
1658 5349 1710 5396 in
1739 5350 1954 5413 Evanq„
1982 5350 2123 5403 hom.
2153 5366 2276 5415 xxv,

742 5418 798 5459 n·
844 5411 891 5459 2.
937 5438 990 5446 -
1039 5414 1075 5447 ¹¹
1119 5415 1253 5478 Luc„
1309 5427 1375 5479 11,
1422 5420 1500 5467 51.
1541 5444 1602 5454 --
1647 5420 1690 5452 ¹¹
1728 5421 1928 5483 Mutila„
1972 5434 2095 5487 vm,
2134 5430 2181 5475 6.
2215 5452 2277 5464 -

2360 573 2697 638 Dominum
2727 573 2794 637 in
2831 573 3135 638 membris
3169 574 3303 639 suis
3344 572 3672 653 nutriunt,
3703 572 3793 636 1111
3828 572 3892 635 111

2358 680 2663 745 membris
2703 699 2854 746 eum
2909 684 3238 765 quaerunt,
3283 680 3352 743 in
3401 679 3705 745 membris
3744 697 3895 742 eum

2358 788 2715 854 inveniunt.
2769 790 2945 855 Unde
2987 791 3009 825 ⁷
3051 814 3066 854 :
3121 814 3153 852 11
3188 788 3463 870 Esurivi,
3506 811 3538 848 n
3581 792 3700 852 etc.
3742 787 3898 851 Ecce

2358 898 2563 980 qualis
2612 900 2833 963 debeat
2897 917 3034 964 esse
3087 899 3415 981 generatio
3471 896 3897 980 quaerentium

2360 1004 2698 1070 Dominum
2747 1029 2762 1070 ε
2811 1026 2943 1070 11011
2991 1006 3297 1083 carnalis,
3358 1005 3469 1069 sed
3525 1003 3898 1086 spiritualis.

2359 1111 2718 1178 Bernardus
2739 1117 2762 1152 ⁸
2793 1137 2808 1178 :
2849 1138 2880 1174 «
2906 1113 3045 1179 Non
3075 1117 3305 1178 curant
3330 1111 3613 1177 carnales
3647 1128 3901 1193 quaere-

2361 1240 2430 1285 re
2449 1271 2466 1301 ‚
2496 1240 2686 1305 quem
2721 1226 2937 1287 tamen
2982 1203 3340 1287 desiderant
3379 1219 3671 1284 invenire
3719 1239 3737 1281 ι
3788 1236 3902 1281 cu·-

2362 1330 2604 1411 pientes
2629 1331 2951 1413 consequi,
2985 1331 3094 1394 sed
3123 1348 3251 1395 non
3281 1326 3553 1409 insequi.
3582 1347 3613 1384 ι

2442 1436 2529 1501 De
2561 1442 2785 1519 quarto
2817 1443 2838 1478 ⁹
2872 1463 2886 1503 :
2924 1460 2955 1499 11
2984 1437 3292 1502 Dominus
3336 1435 3700 1512 vobiscum,
3751 1434 3909 1516 quia

2363 1543 2569 1608 fuistis
2608 1562 2759 1607 cum
2793 1563 2870 1609 60
2916 1566 2932 1608 :
2983 1544 3038 1608 si
3074 1540 3453 1626 quaesieritis
3487 1557 3637 1603 eum
3656 1584 3672 1616 ,
3718 1539 3906 1602 inve-

2364 1652 2588 1730 nietis;
2637 1652 2692 1716 si
2742 1657 2958 1717 autem
3010 1648 3470 1732 dereliqueritis
3535 1664 3686 1711 eum
3705 1693 3727 1718 ‚
3794 1647 3907 1710 de-

2364 1757 2683 1843 relinquet
2698 1779 2836 1826 vos.
2880 1782 2911 1819 »
2956 1759 3112 1824 Ε666
3149 1757 3384 1822 utilitas
3420 1754 3755 1838 quaerendi
3784 1754 3910 1817 Do-

2367 1869 2619 1933 minum
2651 1891 2665 1933 :
2696 1869 2776 1933 ad
2802 1869 2929 1933 hoc
2954 1869 3129 1933 enim
3158 1882 3447 1949 quaerere
3471 1864 3807 1942 debemus,
3844 1866 3917 1925 ut

2366 1977 2660 2040 inventus
2682 1978 3017 2042 nobiscum
3056 1977 3139 2040 sit
3167 1992 3279 2057 per
3314 1973 3622 2054 gratiam3
3666 1975 3734 2035 et
3778 1989 3915 2034 11011

2367 2084 2904 2169 derelinquamus,
2924 2086 3056 2162 sed,
3082 2103 3165 2148 ne
3191 2101 3308 2147 nos
3333 2080 3755 2163 derelinquat,
3780 2081 3916 2143 for-

2367 2193 2515 2258 titer
2536 2197 2890 2259 teneamus.
2935 2192 3284 2274 Gregorius
3325 2192 3415 2253 ¹⁰:
3468 2211 3499 2249 11
3543 2188 3731 2253 Prius
3780 2207 3918 2252 nun

2368 2300 2668 2365 inventus
2707 2301 3041 2384 quaeritur‚
3078 2304 3153 2364 ut
3194 2302 3336 2381 post
3380 2297 3682 2360 iuventus
3726 2296 3915 2359 stric-

2368 2405 2500 2469 tius
2559 2410 2869 2471 teneatur.
2933 2429 2964 2466 »
3030 2406 3164 2470 Ηο6
3227 2405 3419 2469 etiarn
3471 2404 3540 2467 iu
3607 2401 3920 2485 praesenti

2372 2511 2725 2593 Evangelio
2785 2513 3187 2594 significatur
3222 2556 3244 2588 ,
3319 2510 3429 2574 ubi
3515 2508 3753 2573 dicitur
3794 2509 3838 2543 ¹¹
3899 2530 3916 2571 t

2381 2643 2413 2680 11
2452 2619 2780 2685 Descendit
2827 2638 2974 2684 cum
3019 2619 3177 2698 illis,
3223 2622 3288 2682 et
3339 2618 3515 2682 venit
3550 2615 3917 2696 Nazareth,
3979 2621 3985 2626 ”

2372 2732 2437 2791 61
2478 2731 2614 2791 erat
2662 2728 2951 2793 subditus
2994 2727 3139 2791 illis.
3200 2747 3231 2785 n
3280 2724 3707 2807 Spiritualiter
3766 2724 3925 2787 des-

2373 2835 2582 2899 cendit
2638 2834 2921 2899 Christus
2988 2834 3055 2897 in
3113 2832 3559 2915 justificatione
3620 2835 3920 2912 peccato-

2374 2960 2524 3006 rum
2555 2949 2601 2986 ¹¹
2619 2966 2633 3008 :
2666 2967 2697 3004 11
2710 2944 2867 3007 Cum
2896 2941 3319 3008 descendisset
3337 2939 3605 3004 Jesusde
3622 2944 3871 3018 monte,
3892 2961 3923 2998 ι

2376 3052 2498 3114 616.
2536 3073 2551 3114 :
2583 3051 2651 3113 in
2679 3069 2810 3133 quo
2840 3050 3141 3114 descensu
3168 3047 3515 3130 leprosum,
3547 3046 3609 3110 id
3646 3049 3741 3110 est
3770 3063 3925 3127 pec-

2377 3162 2653 3221 catorem
2681 3162 2883 3222 sanat.
2916 3157 3073 3221 Item
3107 3156 3284 3221 venit
3304 3152 3615 3218 Nazareth
3640 3152 3709 3214 in
3736 3151 3929 3215 mul-

2377 3266 2760 3349 tiplicatione
2806 3266 3116 3330 virtutum
3168 3287 3182 3328 :
3236 3263 3691 3344 interpretatur
3736 3258 3928 3322 enim

2376 3375 2496 3457 flos
2524 3395 2548 3439 .·
2575 3376 2761 3440 flores
2788 3380 3001 3439 autem
3028 3377 3180 3438 sunt
3215 3372 3501 3435 virtutes,
3542 3371 3590 3410 ¹⁸
3637 3390 3669 3428 α
3698 3366 3929 3432 Flores

2378 3489 2811 3565 apparuerunt
2833 3483 2902 3546 in
2928 3487 3101 3546 terra
3127 3483 3363 3544 nostra.
3396 3499 3427 3537 >³
3461 3476 3616 3540 item
3642 3479 3738 3540 est
3769 3476 3934 3539 sub·

2378 3591 2548 3655 ditus
2582 3591 2652 3654 in
2681 3588 3175 3673 promptitudine
3207 3585 3477 3650 faciendi
3517 3582 3932 3648 voluntatem

2379 3716 2676 3776 suorum3
2709 3697 3043 3762 Psalmista
3068 3697 3115 3735 ¹¹·
3149 3718 3165 3758 :
3197 3717 3228 3756 α
3264 3693 3666 3758 Voluntatem
3695 3690 3932 3755 timen-

2380 3806 2544 3869 tium
2563 3824 2632 3869 se
2655 3805 2861 3882 faciet,
2890 3826 2920 3863 n
2953 3804 3191 3887 quibus
3218 3803 3305 3865 ita
3330 3802 3663 3882 promptus
3681 3801 3747 3861 et
3777 3798 3933 3861 ohe-

2381 3914 2562 3979 diens
2586 3916 2703 3990 est,
2756 3911 2942 3995 quasi
2981 3909 3274 3975 subditus
3318 3923 3566 3971 eorum.
3610 3903 3794 3969 Unde
3847 3905 3934 3969 ad

2381 4025 2770 4104 praeceptum
2813 4020 3004 4086 Josue
3048 4018 3142 4083 sol
3183 4016 3354 4081 stetit
3386 4015 3430 4050 ¹⁸
3463 4035 3477 4075 :
3518 4037 3551 4076 α
3577 4011 3935 4079 obediente

2384 4128 2649 4192 Domino
2676 4127 2817 4192 voci
2840 4125 3143 4216 hominis.
3176 4147 3208 4184 n

2922 4302 3211 4372 SERMO
3258 4302 3372 4372 VI.

2463 4447 2647 4513 Pater
2695 4452 2848 4513 tuus
2892 4450 2954 4512 et
3010 4460 3120 4528 eqo
3164 4445 3444 4511 dolentes
3487 4441 3940 4525 quoerebamus

2387 4559 2445 4621 te
2472 4553 2536 4617 ¹⁶.
2568 4553 2633 4618 Si
2660 4558 2824 4618 esset
2850 4553 3034 4619 nobis
3057 4552 3239 4617 dolor
3262 4552 3340 4615 de
3366 4549 3596 4616 Christi
3610 4549 3935 4626 absentia,

2384 4666 2541 4726 tunc
2561 4679 2997 4744 quaereremus
3022 4678 3174 4724 eum
3203 4676 3354 4722 cum
3371 4655 3728 4737 diligentia,
3758 4656 3943 4720 sicut

2386 4773 2448 4832 et
2466 4768 2857 4849 Magdalena.
2884 4768 2928 4804 ¹⁷
2953 4791 2983 4828 11
3005 4767 3253 4846 Mulier,
3271 4764 3427 4848 quid
3449 4763 3660 4846 ploras
3673 4763 3704 4824 ’ἰ
3724 4780 3941 4844 quem

2387 4877 2621 4960 quaeris
2633 4878 2664 4939 ⁴?
2681 4898 2712 4936 n
2740 4874 3014 4940 Dolendo
3042 4892 3200 4956 ergo
3218 4872 3500 4938 etflendo
3512 4887 3805 4953 quaerere
3824 4870 3939 4934 de—

2388 4984 2613 5046 bemus
2642 4983 2985 5060 Christum,
3015 4981 3177 5046 sicut
3214 4983 3529 5063 quaereret
3552 4978 3796 5042 fontem
3823 4976 3945 5040 vel

2388 5106 2620 5171 aquam
2648 5092 2832 5172 cujus
2858 5091 3087 5154 domus
3113 5088 3388 5165 arderet3
3433 5102 3689 5168 panem,
3726 5100 3943 5164 quem

2386 5257 2430 5292 ¹³
2458 5258 2627 5319 Cant...
2656 5271 2717 5321 11,
2749 5261 2821 5309 12.
2841 5284 2904 5295 —
2933 5258 2969 5292 ¹⁸
2993 5256 3127 5307 Psal.
3159 5267 3331 5318 cxmv,
3365 5257 3438 5306 19.
3463 5279 3523 5291 -
3552 5253 3591 5288 ¹⁸
3612 5253 3736 5314 103„
3763 5263 3816 5307 x.
3852 5253 3939 5300 14.

2387 5354 2447 5366 —
2475 5329 2518 5364 ¹⁶
2544 5331 2680 5394 Luc„
2709 5342 2767 5392 11,
2796 5332 2873 5381 48.
2894 5355 2957 5366 —
2984 5330 3023 5364 ¹⁷
3052 5330 3219 5390 loun„
3249 5340 3335 5387 xx,
3367 5330 3441 5377 15.

2451 5427 2518 5492 (α)
2555 5428 2677 5480 Goet.
2703 5427 2828 5478 edit.
2855 5426 2909 5477 id
2933 5429 3026 5477 est.
