4059 6317
617 437 737 501 552

618 570 695 633 de
730 568 916 645 ipdus
950 568 1275 627 amatorem
1289 605 1309 637 ,
1355 562 1559 639 patrlae
1603 560 2006 635 defensorem,
2050 562 2157 637 qui

617 679 743 724 non
768 679 877 721 suo
897 662 1086 735 ¹iussu,
1107 659 1213 719 sed
1240 660 1448 734 sponte
1476 656 1555 716 ad
1580 673 1859 734 campum
1885 671 2157 732 progres-

617 779 741 834 sus,
763 762 960 820 hostes
992 758 1320 832 fugaverat,
1349 756 1631 815 victorem
1675 756 2023 814 redeuntem
2061 769 2159 811 oc-

619 854 739 913 cidi
765 852 1072 912 mandavit
1096 855 1134 909 ¹.
1173 854 1349 924 Ergo,
1390 850 1441 908 si
1480 848 1563 908 sic
1607 848 2014 908 inobedientia
2053 847 2160 905 ho-

615 948 795 1009 minis
821 952 908 1007 est
932 946 1140 1021 punita
1174 960 1212 1002 a
1236 948 1402 1020 patre
1437 943 1502 1001 in
1526 942 1674 1013 filio,
1716 945 1940 1018 quanta
1980 957 2162 1017 poena

613 1046 706 1102 est
748 1040 1055 1119 punienda
1098 1037 1503 1098 inobedientia
1552 1042 1755 1097 contra
1796 1039 2021 1095 Deum?
2070 1035 2159 1095 oh

619 1153 804 1213 quam
825 1150 1067 1194 causam
1103 1133 1167 1191 hi
1205 1132 1328 1190 duo
1370 1130 1626 1207 apostoli
1661 1146 1785 1189 non
1819 1130 2014 1189 solum
2054 1129 2156 1188 ob·

617 1232 1001 1289 servaverunt
1018 1226 1223 1286 divina
1241 1226 1552 1300 praecepta,
1582 1224 1690 1281 sed
1717 1224 1846 1299 ipsa
1874 1222 2159 1282 consilia:

617 1340 778 1395 non,
824 1339 937 1398 pro
982 1325 1170 1381 morte
1214 1322 1342 1394 ejus
1378 1319 1453 1393 (a)
1484 1317 1738 1391 inflicta,
1777 1318 1926 1376 sicut
1962 1319 2164 1375 narrat

619 1418 927 1492 utriusque
962 1414 1257 1489 Legenda,
1295 1413 1659 1473 recesserunt
1687 1411 1764 1469 ab
1807 1425 2018 1469 eorum
2052 1410 2163 1470 ob-

618 1510 934 1569 servantia.

691 1606 908 1675 Quarto
938 1601 1260 1677 acquiritur
1284 1600 1492 1659 divina
1518 1598 1777 1659 amicitia
1803 1614 1910 1673 per
1932 1597 2159 1657 donum

619 1697 933 1774 patientiae.
976 1699 1104 1755 Boec
1149 1695 1368 1767 virtus,
1412 1711 1547 1768 quse
1593 1693 1808 1754 dicitur
1849 1691 2161 1766 patientia,

621 1792 747 1850 sive
773 1791 1070 1849 melorum
1096 1788 1436 1859 tolerantia,
1474 1792 1561 1847 est
1588 1785 1885 1856 amicitias,
1935 1786 1985 1843 si
2022 1801 2165 1845 vera

623 1886 717 1958 sit,
747 1884 1099 1961 probativa:
1130 1899 1254 1942 non
1280 1882 1440 1941 enim
1485 1882 1777 1940 dicendus
1804 1884 1890 1940 est
1915 1880 2162 1951 amicus,

622 1980 731 2039 sed
759 1978 1068 2038 simulator
1092 1978 1309 2053 potius,
1351 1976 1456 2051 qui
1500 1975 1714 2035 assistit
1738 1976 1801 2033 in
1844 1973 2164 2051 prosperis,

623 2078 680 2133 et
715 2073 867 2147 fugit
904 2073 967 2130 in
1002 2071 1287 2131 adversis.
1317 2074 1340 2108 ²
1385 2091 1414 2125 ι
1449 2070 1766 2130 simulator
1805 2085 1908 2128 ore
1947 2069 2167 2142 decipit

624 2169 880 2227 amicum
911 2182 1104 2227 suum.
1128 2186 1158 2224 ι
1189 2169 1334 2224 Nam
1352 2164 1457 2223 illa
1477 2180 1717 2238 magna,
1743 2180 1878 2240 quae
1904 2180 2009 2222 ore
2025 2180 2165 2239 pro-

617 2262 828 2333 mittit,
893 2276 1017 2318 non
1068 2261 1294 2330 servat,
1341 2264 1407 2317 ut
1459 2258 1719 2330 dixerat,
1763 2258 1828 2316 in
1875 2258 2161 2316 adversis.

625 2359 865 2430 Propter
917 2353 1084 2428 quod
1124 2352 1239 2411 viri
1292 2352 1579 2428 sapientia
1635 2351 1800 2427 pleni
1851 2367 2166 2425 nunquam

623 2449 795 2508 facile
823 2448 1081 2506 amicum
1105 2462 1230 2504 esse
1270 2445 1545 2516 credunt,
1588 2461 1772 2520 quem
1810 2445 1872 2502 in
1902 2445 2166 2503 adversis

625 2559 749 2602 non
774 2542 1197 2617 probaverunt.
1224 2558 1254 2593 α
1282 2540 1340 2598 Si
1367 2539 1656 2614 possides,
1696 2539 1942 2613 »inquit
1968 2538 2163 2598 Eccle-

624 2638 889 2697 siasticus
941 2638 985 2708 ⁸,
1035 2655 1066 2690 α
1116 2636 1403 2707 amicum,
1448 2635 1512 2692 in
1565 2634 1884 2692 tentatione
1926 2633 2166 2708 posside

624 2732 819 2802 illum,
848 2734 906 2790 et
930 2747 1006 2789 ne
1041 2729 1211 2788 facile
1253 2730 1461 2789 credas
1495 2729 1571 2787 ei.
1613 2749 1641 2783 ιι
1683 2729 1899 2788 Stultus
1927 2733 2035 2799 est,
2062 2728 2168 2803 qui

628 2826 771 2885 emit
799 2841 1021 2900 equum
1043 2824 1108 2880 in
1124 2823 1289 2881 nullo
1316 2823 1674 2899 probatum:
1699 2838 1843 2896 ergo
1866 2827 1925 2880 et
1949 2821 2164 2893 fatuus,

626 2919 734 2995 qui
759 2919 932 2977 illum
959 2918 1144 2976 credit
1177 2917 1471 2988 amicum,
1509 2918 1678 2990 cujus
1712 2931 2022 2990 nunquam
2060 2915 2167 2974 ha-

627 3013 758 3074 buit
798 3012 1282 3088 experimentum.
1314 3013 1456 3068 Nam
1487 3014 1544 3068 et
1567 3008 1891 3084 Philippus,
1916 3026 2023 3067 rex
2048 3014 2164 3069 hta-

629 3108 928 3166 cedonum
944 3148 964 3178 ,
1020 3105 1198 3163 valde
1248 3104 1440 3177 arguit
1489 3102 1692 3162 litteris
1753 3103 1944 3161 filium
1993 3120 2168 3163 suum

627 3200 1047 3271 Alexandrum,
1090 3199 1257 3273 quod
1289 3198 1424 3256 illos
1467 3198 1580 3256 sibi
1622 3198 1845 3257 amicos
1890 3198 2171 3257 credebat

623 3311 776 3366 esse,
805 3310 959 3368 quos
985 3292 1237 3368 pecunia
1262 3296 1319 3350 et
1345 3290 1520 3349 donis
1546 3291 1660 3350 sibi
1686 3290 2009 3350 familiares
2035 3292 2170 3351 effe-

628 3391 789 3447 cerat
824 3386 864 3445 ‘.
911 3387 1301 3461 Hieronymus
1344 3387 1366 3421 ⁸
1407 3403 1423 3443 ε
1476 3404 1506 3439 ι(
1549 3390 1700 3443 Vera
1744 3386 2002 3446 amicitia
2046 3403 2168 3447 non

630 3481 1058 3556 temporalibus
1116 3479 1635 3538 communionibus
1686 3484 1772 3538 est
1823 3481 2170 3555 pensanda,

630 3577 737 3635 sed
763 3592 966 3634 amore
1006 3574 1259 3649 gratuito
1304 3574 1723 3648 impendenda.
1770 3578 1977 3647 Nemo,
2011 3596 2041 3633 s
2075 3576 2168 3634 in-

632 3670 781 3746 quit,
816 3690 843 3725 α
872 3672 1065 3744 potest
1099 3684 1222 3727 esse
1270 3669 1492 3727 amicus
1530 3668 1811 3741 hominiS,
1852 3669 1966 3728 nisi
2006 3670 2172 3745 prius

630 3764 806 3822 fuerit
830 3763 1056 3822 amicus
1083 3762 1359 3821 veritatis,
1389 3783 1418 3818 ιο
1451 3765 1580 3821 Hoec
1622 3762 1800 3837 igitur
1832 3763 2081 3822 scientes
2109 3764 2173 3823 hi

633 3859 814 3916 sancti
842 3857 1127 3933 Apostoli,
1150 3856 1211 3914 in
1232 3856 1511 3915 omnibus
1535 3857 1812 3930 periculis
1836 3863 2026 3917 morte
2056 3876 2172 3934 que

633 3951 900 4028 probati,
929 3950 1268 4010 amicissimi
1301 3953 1438 4010 sunt
1475 3951 1713 4008 inventi.
1763 3954 1913 4024 Lege
1961 3969 2172 4012 eorum

632 4047 815 4117 vitas,
861 4049 920 4103 et
957 4044 1234 4120 proedica.
1281 4043 1552 4103 Sciebant
1595 4044 1755 4103 enim
1791 4046 2073 4120 scriptum
2099 4046 2121 4081 ⁶
2153 4066 2168 4105 ε

639 4162 667 4193 «
713 4139 1013 4198 Abraham
1054 4141 1222 4212 pater
1263 4142 1462 4196 noster
1509 4141 1759 4197 tentatus
1804 4144 1918 4211 est,
1959 4144 2017 4198 et
2065 4156 2174 4214 per

632 4234 849 4292 multas
875 4232 1284 4292 tribulationes
1301 4231 1610 4307 probatus,
1630 4232 1855 4291 amicus
1873 4233 1973 4292 Dei
2002 4233 2174 4293 effec-

635 4330 728 4384 tus
756 4330 861 4385 est.
893 4345 923 4382 π
955 4329 1084 4386 Non
1109 4326 1276 4385 timet
1299 4325 1527 4401 probus
1555 4326 1723 4383 miles
1752 4342 1977 4401 equum
1997 4328 2173 4387 amit-

636 4426 755 4480 tere
781 4423 844 4479 in
869 4420 1053 4493 bell0,
1081 4420 1229 4478 dum
1256 4419 1364 4478 scit
1397 4418 1512 4476 sibi
1541 4419 1916 4477 reddendum
1944 4436 1982 4478 a
2008 4436 2168 4494 rege.

635 4514 749 4575 Sed
777 4518 1023 4587 constat,
1042 4514 1204 4589 quod
1223 4514 1328 4588 qui
1352 4528 1568 4587 corpus
1580 4528 1754 4570 suum
1771 4512 1887 4570 hoc
1913 4516 2172 4573 terreum

633 4614 692 4668 et
716 4610 1057 4682 obscurum,
1087 4625 1266 4683 grave
1290 4613 1348 4667 et
1371 4624 1667 4682 grossum,
1692 4609 2000 4668 tradiderit
2029 4627 2171 4685 pro·

631 4707 763 4781 pter
790 4704 1101 4775 Christum,
1143 4703 1351 4776 recipit
1383 4701 1535 4760 illud
1569 4702 1930 4775 impassibile
1964 4708 2022 4762 et
2048 4704 2170 4762 cla-

629 4800 950 4858 rissimum.
982 4804 1131 4872 Ergo
1171 4797 1324 4855 illud
1361 4796 1537 4856 morti
1570 4813 1897 4871 exponere,
1934 4814 2059 4856 non
2086 4803 2173 4857 est

695 4947 714 4981 ¹
748 4944 914 4996 valer.
946 4945 1105 5005 Max„
1141 4938 1230 4993 lib.
1263 4943 1334 5006 11,
1369 4956 1416 4993 c.
1453 4952 1559 5001 vn,
1598 4956 1650 4994 n.
1694 4946 1752 5004 6,
1777 4942 1922 5006 ponit
1956 4943 2173 4993 Posthu-

634 5017 794 5069 mium
817 5017 1134 5078 dictatorem,
1153 5014 1240 5080 qui
1258 5014 1443 5064 Aulum
1463 5013 1816 5065 posthumium
1840 5014 1999 5064 fllium
2020 5029 2169 5065 suum

636 5089 802 5139 securi
839 5087 976 5138 feriri
1005 5086 1182 5151 jussit,
1212 5087 1447 5152 quamvis
1476 5085 1627 5150 paulo
1658 5090 1776 5150 post
1810 5086 1873 5137 de
1910 5088 2169 5153 Torquato

633 5161 787 5211 etiam
817 5160 1130 5211 mentionem
1154 5157 1336 5210 faeiat:
1364 5158 1456 5210 sed
1483 5160 1839 5209 Bonaventura
1865 5157 1928 5208 de
1961 5159 2172 5210 Postbu·

634 5232 738 5284 mio
782 5232 1024 5298 loquitur,
1061 5246 1177 5283 cum
1220 5232 1401 5282 eadem
1440 5231 1630 5283 Valerii
1672 5231 1832 5281 verba
1870 5230 2020 5283 dicat.
2060 5232 2171 5282 Hoc

633 5305 772 5356 idem
802 5305 874 5355 ait
909 5304 1095 5368 Livius,
1123 5304 1213 5355 lib.
1243 5304 1332 5367 tv,
1359 5308 1413 5355 et
1439 5304 1646 5367 Gellius,
1673 5302 1764 5355 lib.
1794 5304 1906 5368 xil,
1934 5317 2045 5368 cap.
2074 5302 2166 5355 ult.

634 5378 736 5429 Sed
773 5376 923 5428 Diod.
963 5377 1065 5429 Sic.
1107 5377 1159 5428 id
1200 5390 1307 5428 non
1348 5376 1525 5429 credit.
1555 5403 1615 5416 —
1656 5378 1678 5412 ²
1709 5376 1879 5440 Prov„
1913 5388 1988 5441 xi,
2028 5380 2076 5430 9.
2104 5401 2161 5414 —

1465 425 1885 495 SERMONES
1925 426 2028 492 DE
2070 424 2417 493 SANGTlS.
2462 426 2725 495 SERMO
2762 428 2947 496 m.

2262 562 2390 623 ullo
2424 564 2611 623 modo
2657 563 3004 625 timendum.
3040 565 3207 625 Unde
3248 567 3539 626 Dominus
3572 566 3715 627 dicit
3734 570 3797 627 ⁷:

2268 676 2299 712 α
2326 658 2533 732 (Amici
2558 659 2729 733 mei),
2755 658 2938 718 nolite
2981 659 3188 718 timere
3214 675 3352 733 eos,
3384 661 3492 735 qui
3527 660 3807 721 occidunt

2228 754 2479 827 ‘corpus
2498 794 2518 824 ,
2573 753 2836 811 animam
2899 757 3097 812 autem
3160 770 3287 813 non
3339 760 3592 829 possunt
3642 755 3804 814 occi-

2265 844 2427 904 dere.
2456 866 2486 901 »

2336 938 2550 1010 Quinto
2577 941 2898 1015 acquiritur
2920 941 3124 999 divina
3148 941 3410 1000 amicitia
3435 957 3548 1017 per
3576 943 3805 1000 donum

2266 1032 2703 1094 misericordiae.
2728 1035 3124 1094 Misericordia
3146 1035 3322 1103 enim,
3356 1036 3483 1093 sive
3511 1035 3703 1109 pietas
3728 1036 3809 1094 ad

2265 1143 2580 1203 pauperes,
2600 1128 2754 1187 miro
2780 1128 2966 1188 modo
2985 1128 3253 1188 divinam
3278 1129 3657 1189 iracundiam
3678 1129 3809 1205 pla·

2267 1225 2388 1293 cat,
2427 1221 2858 1295 indulgentiam
2902 1223 3186 1292 advocat,
3224 1225 3284 1281 et
3320 1223 3529 1282 omnia
3566 1226 3811 1299 peccata

2264 1314 2508 1373 relaxat.
2539 1315 2702 1373 Unde
2727 1314 2749 1350 ⁸
2780 1334 2795 1374 :
2832 1337 2863 1370 α
2898 1317 3055 1375 Sicut
3079 1332 3240 1392 aqua
3267 1317 3560 1391 extinguit
3585 1319 3807 1391 ignem,

2266 1408 2349 1467 ita
2374 1408 2754 1484 eleemosyna
2788 1410 3071 1483 extinguit
3106 1415 3436 1486 peccatum.
3475 1434 3505 1463 n
3534 1412 3694 1483 Quid
3730 1416 3812 1471 cst

2267 1503 2426 1561 enim
2462 1503 2888 1575 misericordia,
2931 1504 3045 1562 nisi
3077 1505 3325 1580 quidam
3364 1504 3610 1565 divinus
3638 1507 3813 1579 ignis,

2268 1598 2373 1672 qui
2409 1598 2679 1658 omnium
2715 1603 3093 1673 peccatorum
3124 1599 3465 1673 rubiginem
3508 1619 3548 1660 a
3592 1603 3812 1663 duritia

2268 1693 2451 1751 nostri
2485 1693 2684 1751 cordis
2710 1692 3029 1766 abstergit?
3069 1693 3224 1763 Quid
3250 1699 3336 1753 est
3372 1694 3541 1753 enim
3565 1712 3675 1754 cor
3702 1696 3816 1755 dn·

2268 1802 2424 1858 rum,
2452 1786 2567 1845 nisi
2594 1786 2909 1862 quoddam
2938 1786 3161 1845 sermm
3186 1786 3495 1861 frigidum,
3526 1790 3672 1862 igne
3700 1792 3813 1848 mi-

2268 1870 2602 1941 sericordiae
2627 1896 2754 1941 non
2775 1881 3113 1941 mollitum?
3154 1884 3304 1955 Ergo
3321 1923 3338 1950 ‚
3388 1882 3541 1941 dum
3585 1884 3817 1943 miseri·

2270 1975 2535 2034 cordiam
2564 1974 2890 2046 induimus,
2918 1975 3067 2035 dum
3098 1974 3327 2034 miseris
3352 1992 3495 2035 vere
3522 1979 3817 2052 compati·

2270 2086 2427 2140 mur,
2457 2073 2516 2128 et
2538 2085 2650 2144 pro
2675 2085 2851 2144 posse
2882 2085 3092 2128 eorum
3123 2070 3567 2129 necessitatibus
3594 2072 3817 2130 subve-

2270 2163 2466 2223 nimus
2492 2205 2508 2233 ,
2575 2163 2778 2235 ignem
2838 2162 2901 2219 in
2968 2162 3143 2221 nohis
3213 2163 3588 2224 incendimus
3613 2208 3639 2238 ,
3694 2182 3818 2242 qno

2271 2255 2606 2329 rubiginem
2661 2256 2930 2315 omnium
2970 2260 3346 2330 peccatorum
3394 2259 3817 2333 abstergimus.

2271 2353 2361 2411 Ad
2374 2353 2530 2411 hanc
2556 2351 3024 2411 misericordiam
3043 2353 3325 2411 monebat
3339 2355 3652 2428 Dominus,
3674 2374 3817 2415 eum

2272 2446 2420 2506 dixit
2445 2447 2468 2482 ⁹
2505 2462 2521 2502 ε
2569 2465 2599 2500 α
2638 2446 2827 2505 Facite
2867 2446 3043 2505 vobis
3084 2447 3310 2505 amicos
3339 2447 3416 2505 de
3462 2465 3825 2510 mammona

2272 2540 2594 2615 iniquitatis
2619 2581 2640 2612 ,
2702 2543 2769 2598 ut
2791 2584 2812 2614 ,
2890 2556 3032 2598 cum
3093 2540 3419 2600 defeceritis
3443 2585 3462 2614 ,
3522 2544 3825 2619 recipiant

2270 2650 2380 2692 vos
2427 2633 2493 2690 in
2538 2638 2755 2693 aeterna
2798 2633 3200 2693 tabernacula.
3245 2656 3275 2691 »
3310 2639 3376 2694 Et
3417 2640 3507 2695 est
3556 2653 3773 2696 sensus
3802 2657 3822 2696 ε

2271 2731 2604 2803 pauperum
2646 2731 2734 2786 est
2779 2743 3030 2801 regnum
3075 2728 3362 2787 coelorum
3404 2749 3420 2788 :
3480 2746 3625 2804 ergo
3672 2749 3789 2791 vos
3803 2777 3825 2805 ,

2271 2839 2411 2881 cum
2438 2822 2674 2881 divitias
2699 2821 2987 2893 habeatis,
3013 2822 3163 2880 nihil
3210 2823 3286 2881 de
3313 2827 3507 2883 vestro
3533 2824 3601 2882 in
3626 2842 3827 2900 regno

2273 2918 2561 2976 coelorum
2586 2916 2836 2975 habetis.
2867 2921 3043 2990 Ergo,
3083 2917 3135 2975 si
3167 2916 3320 2976 illud
3354 2917 3574 2977 habere
3603 2920 3823 2995 vultis,

2273 3012 2605 3070 necessario
2658 3010 2832 3069 vobis
2879 3010 3213 3083 incumbit,
3260 3015 3328 3069 nt
3374 3028 3412 3069 a
3448 3014 3829 3087 pauperibus

2273 3106 2426 3165 illud
2453 3104 2676 3164 ematis.
2712 3108 2863 3178 Ergo
2901 3104 2979 3162 de
3006 3120 3351 3163 mammona
3375 3104 3726 3180 iniquitatis,
3754 3109 3830 3167 id
3912 3117 4029 3159 aa·

2275 3205 2390 3272 est,
2425 3201 2502 3259 de
2548 3199 2767 3257 divitiis
2802 3198 3167 3273 inaequaliter
3206 3198 3491 3272 possessis
3527 3215 3566 3257 a
3606 3201 3827 3273 vobis,
3852 3178 4029 3296 ’ἓξ

2274 3294 2499 3353 amicos
2526 3308 2817 3368 pauperes
2857 3291 3081 3351 faciatis
3115 3292 3311 3351 vobis.
3352 3296 3500 3351 Nam
3532 3293 3665 3365 isti,
3707 3299 3829 3369 qui
3870 3304 3979 3361 qnia.

2276 3390 2357 3448 ad
2386 3388 2579 3446 curias
2600 3386 2756 3461 regis
2775 3385 3024 3457 vadunt,
3053 3386 3197 3461 quia
3221 3400 3405 3461 perse
3431 3386 3715 3445 accedere
3736 3390 3829 3447 ad

2275 3498 2478 3558 regem
2502 3498 2627 3542 non
2658 3485 2927 3557 possunt,
2968 3481 3048 3539 ad
3086 3497 3290 3540 servos
3321 3482 3473 3556 regis
3500 3483 3827 3557 accedunt,

2276 3576 2549 3653 portariis
2574 3592 2789 3635 aurum
2824 3575 3084 3647 tradunt,
3108 3576 3263 3649 regis
3288 3575 3681 3635 familiaribus
3702 3593 3832 3637 sua

2274 3671 2491 3742 ferunt,
2521 3686 2783 3745 quornm
2806 3669 3028 3728 auxilio
3050 3673 3109 3726 et
3130 3668 3335 3728 favore
3372 3669 3453 3728 ad
3479 3670 3635 3743 regis
3660 3687 3832 3745 ρω-

2278 3765 2525 3836 sentiam
2564 3763 2847 3823 accedere
2886 3763 3131 3838 possint.
3177 3765 3303 3820 Non
3345 3778 3487 3836 ergo
3520 3779 3655 3836 vos,
3692 3763 3834 3825 fra-

2277 3862 2417 3931 tres,
2442 3860 2644 3934 pigeat
2670 3856 2814 3916 dare
2848 3855 3173 3931 temporale
3198 3857 3449 3930 bonum,
3480 3859 3543 3915 ut
3578 3860 3835 3933 pomitis

2279 3955 2544 4029 accipere
2604 3966 2907 4010 summum
2956 3950 3213 4009 bonum.
3262 3951 3465 4010 Nullus
3515 3955 3605 4009 est
3657 3956 3834 4013 enim

2278 4051 2570 4107 mercator
2616 4046 2679 4103 in
2726 4043 2980 4115 mundo,
3029 4045 3133 4119 qui
3177 4060 3299 4102 non
3346 4044 3597 4103 libenter
3649 4046 3837 4108 daret

2278 4159 2390 4218 pro
2443 4157 2591 4199 auro
2644 4139 2990 4213 plumbum,
3045 4153 3157 4212 pro
3212 4143 3456 4211 argento
3508 4144 3834 4214 stannum,

2278 4252 2389 4311 pro
2416 4249 2621 4294 marca
2655 4232 2881 4306 argenti
2907 4230 3220 4290 denarium
3238 4272 3259 4303 ,
3287 4247 3399 4305 pro
3450 4231 3641 4291 tritico
3678 4233 3834 4293 hor-

2280 4330 2481 4401 deum,
2524 4332 2582 4387 et
2620 4343 2731 4402 pro
2772 4342 2963 4400 regno
3007 4326 3288 4395 domum,
3337 4329 3448 4383 etc.
3495 4325 3612 4385 lsta
3656 4329 3835 4387 enim

2280 4422 2483 4483 omnia
2542 4421 2893 4495 temporalia
2944 4419 3107 4478 bona
3158 4418 3389 4477 :eternis
3430 4419 3608 4482 bonis
3653 4436 3834 4482 com-

2275 4521 2484 4593 parata
2497 4557 2518 4586 ,
2561 4518 2697 4574 sunt
2741 4514 3027 4572 vilissima
3071 4517 3331 4573 stercora
3373 4512 3415 4549 ¹⁰
3444 4532 3460 4571 ι
3513 4533 3542 4568 α
3576 4514 3638 4573 Si
3669 4530 3835 4575 con-

2276 4613 2627 4681 sideremus,
2662 4608 2867 4667 fratres
2904 4606 3249 4679 charissimi,
3294 4622 3449 4681 quas,
3493 4611 3553 4666 et
3579 4618 3837 4683 ,quanta

2274 4709 2430 4777 sunt,
2462 4720 2596 4779 quas
2629 4702 2803 4761 nobis
2843 4701 3263 4777 promittuntur
3304 4701 3370 4759 in
3404 4701 3603 4769 coelis,
3644 4702 3836 4764 viles-

2276 4802 2419 4857 cunt
2443 4798 2646 4857 animo
2682 4796 2913 4868 omnia,
2961 4811 3094 4870 qum
3133 4794 3427 4855 habentur
3461 4796 3527 4855 in
3566 4797 3763 4856 terris.
3795 4820 3831 4855 ι

2277 4931 2300 4966 ⁸
2342 4929 2523 4990 Eccli„
2568 4941 2650 4992 vi,
2700 4928 2749 4976 7.
2785 4952 2847 4964 -
2889 4926 2909 4957 ⁴
2953 4926 3124 4977 valer.
3158 4926 3318 4990 Max„
3360 4924 3453 4979 lib.
3499 4928 3626 4986 vlt,
3668 4943 3719 4980 e.
3770 4942 3835 4995 ιι,

2278 5004 2507 5064 Extern„
2543 5014 2598 5051 n.
2629 5004 2676 5051 8.
2712 5025 2774 5037 —
2808 5001 2830 5036 ⁸
2857 5000 3070 5050 Hieron.
3106 5024 3168 5035 —
3210 4999 3233 5032 ⁶
3253 4997 3468 5061 ludim,
3497 5010 3622 5061 vm,
3650 5003 3738 5049 22.
3768 5028 3835 5041 --

2277 5078 2295 5109 ⁷
2321 5076 2457 5131 Luc..
2488 5083 2595 5136 ιιι,
2629 5076 2677 5124 7.
2708 5096 2768 5108 -
2805 5072 2827 5108 ⁸
2860 5070 3037 5131 Eccli„
3074 5082 3162 5133 ιιι,
3200 5071 3259 5120 33
3297 5084 3311 5123 2
3344 5071 3526 5135 ignem
3553 5072 3834 5124 ardentem

2277 5144 2527 5210 extinguit
2569 5156 2729 5210 aqua,
2773 5146 2824 5194 et
2867 5141 3197 5208 eleemosyna
3236 5141 3428 5192 resistit
3470 5143 3717 5205 peccatis.
3766 5172 3835 5183 -

2276 5218 2295 5249 ⁸
2324 5219 2459 5280 Luc„
2487 5228 2603 5280 xvi,
2633 5219 2680 5268 Ἰ.
2708 5242 2770 5254 -
2794 5216 2837 5253 ¹⁰
2860 5217 3095 5280 Gregor.,
3125 5214 3180 5265 in
3205 5213 3421 5277 Evanq„
3455 5212 3585 5265 hom
3611 5226 3833 5280 xxxvii,

2274 5304 2329 5340 n.
2366 5295 2406 5340 ι.

2340 5375 2405 5437 (a)
2439 5373 2552 5439 Leq.
2582 5372 2674 5425 eis.
