4059 6317
715 708 864 775 quae
894 688 975 772 (a)
1010 686 1273 752 insimul
1296 683 1492 750 habet
1518 698 1669 747 cum
1696 679 2026 746 affluentia
2050 678 2244 745 diffii-

714 795 944 875 sioniS‚
996 793 1155 859 nulli
1195 793 1305 857 dat
1332 809 1450 856 sua
1490 787 1767 871 pretiosa
1793 786 1965 852 dona
1992 785 2247 869 gratiae,

711 904 832 968 nisi
858 902 1198 983 diligenter
1234 917 1301 964 se
1355 898 1705 981 praeparet3
1752 894 1896 960 ideo
1940 893 2250 959 Dominus

710 1015 926 1075 noster
952 1008 1134 1075 Jesus
1184 1005 1474 1070 Christus
1498 1052 1516 1083 ,
1560 1002 1642 1067 ad
1685 1000 1808 1066 hoc
1848 1003 1923 1065 ut
1960 998 2251 1083 discipuli

712 1119 813 1182 sui
831 1116 1044 1182 idonei
1060 1118 1271 1181 essent
1286 1113 1366 1179 ad
1390 1109 1824 1194 recipiendum
1848 1106 2250 1172 influentiam

710 1223 1029 1290 diffusivae
1054 1222 1354 1288 bonitatis
1371 1269 1390 1300 ,
1419 1219 1488 1283 in
1526 1217 1728 1283 verbo
1757 1214 2076 1298 proposito
2102 1230 2211 1277 eos
2227 1259 2247 1291 ,

711 1335 774 1396 et
803 1331 872 1395 in
899 1331 992 1395 eis
1016 1328 1365 1413 quemlibet
1400 1329 1692 1391 nostrum
1740 1322 1992 1386 invitat.
2035 1318 2251 1384 Primo

623 1446 640 1459 '
710 1439 954 1504 inducit
978 1437 1059 1503 ad
1085 1434 1568 1502 convenientem
1609 1428 2098 1513 congruentiam
2136 1427 2252 1492 de-

710 1547 861 1611 hitae
883 1544 1362 1630 praeparationis
1380 1589 1401 1621 ,
1430 1558 1513 1606 ex
1545 1542 1722 1622 parte
1748 1536 1987 1616 nostri3
2018 1552 2250 1600 secun-

710 1654 793 1719 do
835 1653 1058 1717 asserit
1103 1651 1431 1716 liberalem
1485 1646 1880 1713 affluentiam
1951 1657 2248 1725 supernae

710 1758 1064 1825 diffusionis
1077 1807 1099 1838 ,
1129 1776 1212 1823 ex
1236 1760 1415 1840 parte
1450 1753 1595 1832 Dei;
1645 1750 1840 1817 tertio‘
1871 1748 2075 1834 aperit
2120 1746 2250 1813 uti-

711 1868 838 1933 lem
864 1867 1227 1946 efficaciam,
1257 1884 1337 1930 ex
1367 1868 1543 1948 parte
1569 1860 1743 1927 doni.
1775 1858 1995 1925 Primo
2019 1873 2249 1920 conve-

709 1975 950 2039 nientia
972 1973 1202 2040 debitae
1232 1967 1712 2055 praeparationis
1730 1985 1812 2032 ex
1839 1969 2017 2048 parte
2048 1961 2249 2028 nostri

709 2084 995 2160 notatur,
1042 2099 1193 2144 cum
1236 2078 1468 2142 dicitur
1500 2098 1516 2138 z
1549 2076 1747 2143 Petite
1787 2092 1811 2138 .·
1850 2071 2030 2137 nulla
2073 2069 2248 2135 enim

712 2188 934 2253 melior
958 2186 1337 2271 praeparatio
1358 2184 1439 2249 ad
1458 2180 1936 2265 impetrandum
1960 2177 2247 2244 divinam

714 2296 987 2378 gratiam
1006 2343 1028 2374 ,
1090 2311 1285 2377 quam
1340 2291 1560 2376 petitio
1608 2289 1855 2354 devotae
1914 2283 2246 2351 orationis.

712 2403 1002 2471 Secundo
1026 2407 1282 2469 notatur
1298 2398 1627 2465 affluentia
1644 2412 1939 2480 supernae
1967 2391 2250 2457 diffusio-

711 2514 813 2577 nis
836 2530 919 2576 ex
945 2514 1122 2595 parte
1144 2508 1288 2588 Dei,
1319 2525 1465 2573 cum
1495 2504 1791 2570 subditur
1817 2522 1834 2567 ε
1864 2502 1951 2567 Et
1975 2499 2249 2581 accipie-

716 2625 803 2688 tis
825 2620 1042 2704 :quasi
1068 2620 1304 2685 diceret
1331 2636 1350 2683 t
1381 2614 1603 2682 Tantae
1624 2610 2014 2678 liberalitatis
2040 2613 2103 2675 et
2131 2607 2248 2673 dif-

715 2728 981 2795 fusionis
1006 2731 1103 2793 est
1137 2726 1354 2792 divina
1391 2721 1644 2788 bonitas
1660 2769 1682 2801 ,
1719 2723 1796 2784 nt
1834 2718 1902 2782 in
1939 2715 2125 2782 nobis
2167 2713 2249 2778 sit

715 2837 1016 2920 accipere.
1062 2832 1273 2898 Tertio
1309 2834 1565 2896 notatur
1602 2826 1881 2893 efficacia
1918 2822 2251 2907 completae

715 2941 1113 3027 perfectionis
1137 2958 1221 3006 ex
1250 2943 1429 3022 parte
1443 2936 1620 3015 doni,
1640 2953 1791 3000 cum
1812 2931 2243 2998 subinfertur.

725 3052 802 3119 Ut
825 3048 1136 3135 aaudcum
1161 3051 1437 3114 vestrum
1463 3044 1725 3127 plenum
1749 3042 1863 3109 sit.

793 3157 955 3222 Dicit
1001 3172 1207 3237 ergo:
1249 3154 1513 3221 Petite:
1558 3149 1675 3215 ubi
1720 3165 1839 3213 nos
1880 3142 2125 3210 inducit
2167 3078 2249 3206 ad

714 3263 1193 3329 convenientem
1220 3255 1709 3341 congruentiam
1733 3252 1963 3319 dehitae
1987 3248 2251 3333 disposi-

716 3372 903 3437 tionis
944 3388 1029 3435 ex
1073 3372 1253 3452 parte
1288 3363 1512 3430 nostri.
1549 3363 1661 3427 Ille
1702 3361 1877 3425 enim
1928 3357 2137 3422 debite
2179 3374 2250 3420 se

716 3477 992 3561 disponit
1011 3475 1088 3540 ad
1110 3474 1396 3539 divinam
1416 3469 1693 3553 gratiam
1712 3470 2029 3551 quantum
2057 3467 2153 3529 est
2167 3463 2247 3528 de

503 3601 600 3653 Quo
574 3611 692 3644 omo-
717 3605 815 3667 se,
844 3585 957 3669 qui
986 3582 1178 3667 petit,
1210 3580 1452 3664 primo,
1494 3575 1842 3653 sinceriter,
1875 3591 2026 3637 cum
2065 3572 2249 3636 recti-

476 3662 579 3767 ‘¹3⁸
585 3665 691 3779 {ff
720 3693 935 3759 tudine
962 3686 1360 3755 conscientias
1404 3685 1474 3748 in
1507 3681 1877 3747 declinando
1907 3679 2110 3758 mala;
2146 3696 2247 3743 se-

477 3785 610 3830 ¹⁸¹¹⁶⁰
614 3798 677 3830 ¹¹¹·
717 3800 956 3879 cundo,
986 3795 1353 3881 prudenter,
1386 3802 1535 3857 cum
1563 3789 1938 3855 discretione
1967 3787 2247 3870 pruden-

716 3911 823 3974 tiae
872 3908 942 3971 iu
978 3902 1274 3985 eligendo
1314 3901 1516 3979 bona;
1563 3898 1794 3976 tertio,
1845 3894 2245 3975 fiducialiter,

715 4034 862 4082 cum
907 4010 1287 4081 certitudine
1326 4006 1723 4073 confidentiae
1756 4005 1823 4069 in
1857 4002 2249 4086 expectando

713 4124 952 4189 futura.
981 4119 1238 4198 Primo,
1269 4118 1471 4202 petite
1491 4113 1835 4192 sinceriter,
1867 4129 2015 4176 cum
2052 4110 2248 4175 recti-

713 4230 938 4297 tudine
963 4225 1367 4293 conscientiae
1393 4223 1461 4287 in
1491 4219 1863 4288 declinando
1889 4219 2096 4293 mala;
2128 4236 2247 4283 un-

713 4339 791 4403 de
811 4338 831 4374 ¹
857 4359 873 4402 ι
904 4360 934 4397 (ι
948 4330 1337 4410 charissimi,
1360 4330 1416 4393 si
1426 4345 1537 4394 cor
1552 4329 1844 4393 nostrum
1871 4342 1999 4391 non
2028 4343 2245 4408 repre-

712 4444 932 4511 hendit
963 4460 1111 4520 noS,
1145 4437 1448 4504 fiduciam
1477 4434 1788 4499 habemus
1817 4431 1892 4514 (b)
1922 4432 2243 4510 adDeum‚

711 4559 774 4617 et
794 4554 868 4633 (c)
892 4562 1314 4633 quaecumque
1344 4541 1734 4626 petierimus,
1764 4538 2247 4621 accipiemusab

712 4662 870 4744 ipso.
901 4678 934 4718 n
969 4651 1337 4721 sicutenim
1361 4645 1490 4726 sol,
1531 4663 1682 4710 cum
1709 4647 1804 4710 est
1828 4662 1940 4709 aer
1968 4644 2246 4728 depura-

712 4774 816 4834 tus
859 4782 974 4848 per
1011 4758 1463 4827 resolutionem
1501 4752 1774 4818 nubium
1789 4799 1811 4831 ,
1858 4750 2053 4814 mittit
2096 4769 2245 4816 suos

709 4874 919 4939 radios
934 4918 956 4950 ‚
1003 4872 1067 4933 et
1103 4864 1454 4930 claritatem
1493 4859 1595 4924 sui
1639 4857 1904 4923 luminis
1945 4874 2061 4940 per
2098 4875 2247 4923 aera

709 4978 1007 5048 diffundit
1033 4977 1530 5054 circumquaque
1548 5016 1567 5049 ,
1614 4968 1706 5032 sic
1732 4966 1897 5032 Deus
1922 4964 2016 5030 sol
2047 4964 2246 5047 justi-

707 5089 814 5153 tiae
840 5090 905 5152 in
932 5103 1042 5150 cor
1080 5079 1396 5146 mundum
1439 5081 1503 5140 et
1529 5078 1774 5139 rectum
1795 5119 1816 5151 ,
1845 5072 1915 5136 in
1954 5090 2084 5156 quo
2110 5089 2244 5137 non

704 5201 798 5262 est
819 5209 1140 5260 remorsus
1160 5183 1556 5252 conscientias
1570 5228 1588 5259 ‚
1614 5179 1889 5245 infundit
1913 5178 2082 5244 dona
2100 5196 2240 5243 suae

702 5302 931 5385 gratiae
982 5294 1398 5363 abundanter.
1452 5286 1595 5354 Non
1648 5290 1744 5352 est
1789 5284 1962 5350 enim
2003 5302 2238 5350 conve-

1817 5446 2041 5499 1⁸2.-
2065 5445 2231 5510 Esne..

1671 5520 2226 5583 -⁸1.10an.,v,u.

768 5463 1037 5524 ¹.,1.loan
1067 5471 1159 5521 m,
1187 5459 1267 5510 21.
1298 5454 1502 5503 -2111
1535 5452 1672 5515 Req
1698 5459 1789 5512 111,

704 5539 927 5601 v11,2·3.
956 5527 1396 5588 -10nxuama„
1427 5536 1531 5587 mn,
1560 5527 1640 5574 26.

1806 535 2224 611 SERMONES
2268 538 2368 610 DE
2408 543 2804 616 TEMPORE.

2362 680 2581 763 niens,
2609 688 2686 750 ut
2724 685 2972 751 coeleste
3014 703 3235 752 aroma
3269 685 3496 767 gratiae
3526 690 3795 769 ponatur
3822 685 3891 752 in

2360 789 2577 856 foetido
2606 808 2761 858 vase
2787 792 3014 859 cordis.
3047 792 3339 860 Secundo
3354 841 3372 872 ,
3400 794 3592 876 petite
3622 793 3895 876 pruden-

2361 899 2462 960 ter
2478 945 2497 973 ,
2557 917 2707 963 eum
2780 900 3157 967 discretione
3208 899 3568 984 prudentiae
3632 898 3703 963 in
3777 899 3891 964 eli-

2360 1004 2574 1083 gendo
2609 1005 2811 1087 bona;
2861 1007 3035 1071 unde
3073 1007 3153 1072 de
3188 1007 3525 1074 Salomone
3569 1006 3798 1072 dicitur
3819 1008 3844 1043 ²
3874 1026 3891 1070 ε

2370 1130 2402 1170 «1
2424 1109 2587 1186 Quia
2612 1110 2941 1194 postulasti
2971 1114 3236 1179 verbum
3261 1114 3406 1194 hoc,
3436 1118 3500 1179 et
3522 1131 3651 1179 non
3684 1112 3896 1196 petisti

2360 1217 2476 1281 tibi
2501 1217 2638 1282 dies
2667 1219 2943 1301 multos,
2994 1239 3112 1285 nec
3155 1221 3444 1300 divitiaS,
3494 1222 3608 1286 aut
3650 1221 3896 1285 animas

2358 1322 2767 1390 inimicorum
2793 1330 3054 1391 tuorum
3078 1373 3100 1406 ,
3129 1327 3240 1392 sed
3279 1328 3609 1411 postulasti
3639 1328 3892 1412 sapien-

2360 1430 2518 1495 tiam
2558 1432 2674 1496 tibi
2702 1432 2785 1498 ad
2828 1433 3314 1500 discernendum
3348 1434 3667 1518 judicium
3685 1482 3706 1514 ‚
3754 1452 3898 1500 ecce

2358 1537 2478 1601 feci
2506 1538 2855 1603 secundum
2883 1558 3211 1606 semones
3234 1544 3425 1607 tuos:
3454 1563 3487 1603 n
3522 1542 3705 1625 qnasi
3730 1541 3898 1606 dicat

2360 1642 2529 1709 Deus
2555 1666 2571 1708 z
2605 1643 2767 1723 Quia
2791 1664 2925 1713 non
2950 1647 3160 1730 petisti
3186 1647 3595 1714 dim-nitatem
3621 1648 3799 1729 vitae,
3830 1652 3900 1713 ut

2358 1751 2699 1818 elevareris
2740 1753 2809 1819 in
2853 1755 3259 1838 superbiam3
3320 1774 3439 1821 nec
3487 1756 3899 1839 cupiditatem

2357 1860 2671 1943 pecuniae,
2694 1864 2771 1926 nt
2795 1860 3237 1944 deprimereris
3257 1879 3370 1947 per
3395 1862 3755 1943 avaritiam
3785 1881 3901 1928 nec

2357 1966 2749 2050 impietatem
2795 1968 3093 2033 vindictae
3110 2015 3127 2045 ‚
3170 1973 3243 2034 ut
3283 1970 3741 2054 pervertereris
3790 1988 3902 2054 per

2358 2072 2702 2155 invidiam,
2733 2075 2843 2140 sed
2886 2075 3214 2158 postulasti
3240 2077 3357 2141 tibi
3404 2078 3784 2161 sapientiam
3821 2081 3899 2143 ad

2358 2182 2844 2251 discernendum
2871 2190 2934 2249 et
2972 2184 3341 2267 eligendum
3386 2186 3631 2251 honum
3672 2185 3902 2268 gratiae

2357 2309 2399 2356 a
2424 2292 2593 2359 malo
2627 2292 2831 2376 culpae
2866 2314 2883 2357 ι
2932 2293 3073 2357 ideo
3101 2293 3470 2376 petitionem
3498 2297 3680 2358 tuam
3709 2294 3899 2359 effec-

2357 2399 2452 2464 tui
2497 2399 2880 2483 mancipavi.
2913 2398 3001 2465 De
3040 2400 3164 2465 hoc
3207 2401 3501 2466 similiter
3545 2404 3758 2483 potest
3792 2418 3902 2466 ex-

2357 2506 2510 2589 poni
2536 2507 2693 2572 illud
2710 2508 2733 2544 ⁸
2771 2525 2789 2571 :
2829 2530 2861 2568 α
2888 2506 3042 2584 Quae
3072 2512 3168 2572 est
3201 2508 3423 2591 petitio
3463 2511 3612 2588 tua,
3645 2507 3897 2587 Esther,

2358 2616 2422 2678 et
2462 2613 2617 2695 quid
2663 2615 2763 2680 vis
2805 2614 2920 2678 tibi
2974 2614 3156 2679 fleri?
3211 2613 3420 2680 Etiam
3457 2615 3515 2679 si
3566 2615 3899 2682 dimidiam

2356 2723 2607 2794 partem
2646 2720 2836 2801 regni
2885 2721 3013 2786 mei
3061 2722 3319 2805 petieris
3338 2771 3355 2803 ,
3406 2721 3569 2788 dabo
3617 2721 3761 2787 tihi.
3822 2722 3901 2788 Et

2357 2824 2493 2890 ait:
2526 2824 2596 2891 Si
2628 2825 2850 2891 inveni
2894 2828 3171 2908 gratiam
3216 2847 3431 2894 coram
3467 2835 3569 2908 te,
3608 2830 3693 2894 da
3736 2830 3897 2895 mihi

2357 2933 2640 2999 animam
2668 2952 2903 3014 meam,
2935 2939 3000 2999 et
3024 2936 3334 3019 populum
3360 2953 3621 3020 proquo
3650 2954 3839 3019 rogo.
3857 2957 3889 2997 n

2358 3039 2426 3105 Si
2449 3058 2612 3123 ergo
2638 3041 2760 3106 ista
2786 3042 3038 3125 sapiens
3064 3042 3294 3107 mulier
3311 3043 3659 3126 praeposuit
3688 3043 3776 3127 (d)
3807 3061 3900 3108 sa·

2356 3144 2558 3212 lutem
2582 3148 2863 3231 corporis
2889 3148 2991 3213 sui
3013 3197 3031 3229 ‚
3077 3153 3141 3213 et
3166 3150 3645 3233 proximorum,
3676 3150 3902 3233 regnis

2357 3257 2420 3318 et
2447 3254 2703 3320 sedibus
2724 3302 2745 3334 ‚
2776 3254 2981 3320 multo
3014 3255 3239 3321 fortius
3265 3274 3383 3321 nos
3409 3255 3717 3322 debemus
3743 3275 3893 3340 prae-

2358 3378 2594 3443 ponere
2638 3362 2713 3446 (e)
2759 3361 3030 3426 salutem
3083 3362 3318 3429 animae
3361 3363 3667 3429 omnibus
3716 3364 3904 3429 honis

2357 3470 2627 3535 terrenis
2642 3517 2664 3550 ,
2697 3470 2776 3536 ad
2801 3469 2974 3553 quod
3000 3470 3146 3554 plus
3168 3474 3265 3535 est
3290 3470 3506 3536 anima
3531 3488 3732 3554 quam
3760 3490 3904 3539 cor-

2359 3594 2481 3659 pus
2506 3623 2524 3654 ‚
2557 3579 2580 3615 ⁸
2615 3598 2647 3638 α
2676 3594 2794 3642 nec
2820 3576 3078 3660 prodest
3121 3577 3477 3662 quidquam
3521 3577 3771 3644 homini
3792 3627 3814 3660 ,
3848 3579 3903 3643 si

2355 3680 2736 3750 universum
2775 3684 3091 3750 mundum
3128 3684 3427 3765 lucretur,
3466 3685 3703 3751 animm
3746 3704 3901 3751 vero

2357 3808 2494 3855 suae
2551 3790 3015 3856 detrimentum
3058 3811 3090 3851 n
3144 3790 3371 3855 mortis
3421 3814 3455 3853 ι
3491 3791 3776 3875 patiatur
3795 3840 3817 3872 ,
3858 3815 3890 3854 n

2356 3897 2510 3981 quia
2555 3920 2587 3958 α
2634 3896 2815 3963 nulla
2861 3897 3275 3963 commutatio
3320 3900 3529 3980 potest
3579 3898 3724 3964 dari
3782 3918 3899 3984 pro

2357 4006 2595 4069 anima.
2634 4027 2665 4064 n
2694 4002 2908 4070 Tertio
2927 4050 2950 4082 ,
2977 4005 3170 4087 petite
3195 4003 3571 4070 fiducialiter
3591 4024 3742 4070 cum
3769 4025 3897 4072 cer-

2353 4111 2625 4176 titudine
2649 4111 3050 4176 confldentiae
3070 4158 3088 4190 ,
3118 4111 3188 4175 in
3215 4111 3608 4194 expectando
3648 4113 3889 4192 futura3

2355 4218 2526 4283 unde
2547 4218 2571 4253 ⁸
2608 4238 2625 4281 ε
2660 4239 2693 4280 ι
2721 4216 2873 4282 Haec
2922 4222 3018 4283 est
3062 4218 3295 4283 fiducia
3337 4236 3536 4302 quam
3582 4218 3894 4286 habemus

2354 4325 2434 4390 ad
2461 4323 2661 4389 Deum
2687 4372 2704 4406 ,
2739 4324 2910 4407 quod
2944 4342 3370 4408 quaecumque
3392 4326 3770 4409 petierimus
3794 4346 3890 4394 se-

2354 4431 2636 4497 cundum
2680 4431 3078 4497 voluntatem
3122 4433 3291 4514 ejus,
3343 4432 3562 4499 audiet
3603 4452 3719 4499 nos
3768 4456 3786 4500 ε
3830 4440 3894 4500 et

2353 4539 2622 4619 scimus,
2666 4539 2820 4622 quia
2867 4539 3082 4605 audiet
3126 4557 3243 4604 nos
3259 4588 3280 4620 ,
3322 4558 3749 4626 quaecumque
3784 4562 3892 4626 pe·

2350 4641 2683 4706 tierimus.-
2714 4662 2746 4702 n
2783 4641 3046 4719 Quando
3066 4646 3194 4706 ‘est
3238 4642 3470 4726 aliquis
3521 4645 3893 4711 naturaliter

2351 4753 2642 4819 diffidens
2667 4753 2746 4819 de
2771 4772 2889 4819 sua
2916 4754 3287 4837 impotentia
3308 4804 3326 4836 ,
3370 4756 3765 4823 confidenter
3789 4775 3893 4822 re·

2351 4862 2556 4925 currit
2580 4860 2661 4927 ad
2686 4861 2971 4929 divinam
2997 4862 3439 4928 clementiam:
3469 4865 3682 4930 statim
3706 4864 3891 4929 mise-

2350 4968 2548 5032 ricors
2575 4967 2738 5033 Deus
2764 4986 2952 5033 aures
2979 4986 3116 5034 suae
3145 4969 3396 5053 pietatis
3425 4970 3506 5036 ad
3541 4970 3886 5037 exaudien-

2349 5074 2506 5140 dum
2551 5077 2691 5157 eius
2731 5093 2948 5159 preces
2991 5075 3335 5142 clementer
3384 5076 3692 5159 inclinat,
3728 5077 3885 5145 dnm

2348 5184 2563 5247 tamen
2588 5200 2722 5247 non
2750 5187 3002 5265 petatur
3025 5182 3199 5267 quod
3226 5184 3310 5248 sit
3349 5185 3739 5251 contrarium
3784 5204 3882 5251 sa·

2343 5289 2467 5354 luti
2516 5307 2692 5370 suae,
2737 5289 2842 5356 vel
2892 5291 3227 5372 proximi·
3270 5291 3429 5376 quia
3476 5290 3619 5356 talis
3663 5292 3879 5376 petitio

2408 5452 2478 5517 (α)
2510 5453 2623 5516 leq.
2652 5466 2827 5517 quam.
2827 5478 2893 5492 -
2909 5452 2978 5518 (b)
2998 5454 3122 5506 Cat.
3150 5452 3270 5506 edit.
3290 5453 3589 5506 habemus.
3590 5479 3655 5495 —
3672 5456 3736 5521 (c)
3754 5455 3872 5508 lton

2342 5527 2499 5576 ιιι.-
2433 5522 2594 5589 -(d)
2611 5522 2986 5589 pmpomn—
3012 5526 3076 5587 (e)
3105 5524 3231 5576 Item
3254 5536 3560 5590 proponere.
