4059 6317
0 2143 168 2189 Miseria

898 479 1287 549 DOMINIGA
1329 480 1414 552 111
1456 480 1657 550 POET
1700 479 2292 554 PEHTEGOSTEN.
2338 483 2603 555 SERMO
2645 486 2747 556 lv.

199 616 542 697 catorum,
573 619 883 701 tanqum
922 635 1115 686 causa
1152 616 1429 699 motiva,
1458 617 1763 702 praecedit

201 723 523 804 gaudium
549 725 955 807 angelorum.
999 725 1215 791 Primo
1252 741 1416 808 ergo
1454 728 1525 790 in
1557 725 1758 830 verbo

198 832 534 913 proposito
559 831 975 914 praemittitur
1015 832 1272 898 miseria
1307 832 1667 898 humanae
1648 851 1757 897 m-

199 938 551 1019 flrmitatis‚
579 957 731 1006 cum
761 940 963 1006 dicit:
992 942 1196 1023 Sum·
1220 955 1350 1007 zmo
1375 945 1751 1023 peccatore·

201 1051 503 1129 peccator
524 1047 697 1113 enim
722 1047 896 1112 idem
924 1050 1016 1112 est
1039 1048 1214 1131 quod
1238 1048 1540 1116 infirmus
1565 1047 1758 1131 spiri-

198 1155 478 1221 tualiter.
514 1155 808 1221 Secundo
830 1156 1087 1223 additur
1113 1157 1392 1224 efficacia
1419 1156 1755 1224 medicinae

197 1262 658 1353 poenitentialis
683 1311 702 1342 ,
748 1282 901 1330 cum
950 1264 1169 1330 subdit
1220 1282 1239 1329 ε
1299 1265 1756 1332 Poenitemiam

196 1376 427 1455 saeue
457 1391 481 1434 .-
508 1371 879 1455 poenitentia
903 1373 1101 1452 enim,
1135 1391 1285 1456 quae
1308 1372 1539 1438 dicitur
1552 1389 1758 1437 sacra·

196 1481 521 1558 mentum,
565 1481 662 1544 est
690 1478 989 1561 quaedam
1025 1479 1343 1546 medicina
1381 1479 1751 1562 spiritualia,

195 1606 351 1672 qnae
377 1588 584 1654 multo
614 1587 846 1653 melius
871 1590 1054 1656 curat
1084 1588 1382 1672 spiritum
1401 1608 1442 1654 a
1468 1589 1756 1672 qualibet

194 1697 574 1763 infirmitate
588 1745 611 1778 ,
643 1717 841 1779 qnam
874 1698 1193 1764 medicina
1233 1698 1577 1764 materialis
1612 1715 1758 1763 cor-

194 1822 350 1889 pus.
372 1802 587 1870 Tertio
603 1804 1007 1889 adjungitur,
1029 1809 1340 1890 tanquam
1359 1823 1755 1890 consequens

194 1932 287 1979 ex
308 1913 437 1994 his,
471 1911 694 1978 laetitia
718 1931 1020 1996 supernae
1044 1914 1342 1994 civitatiS,
1365 1933 1518 1981 cum
1541 1915 1758 1982 subin·

195 2023 377 2087 fert:
400 2021 533 2089 Est
555 2021 804 2104 anoctis
826 2022 975 2090 Dei.

280 2125 447 2194 Dicit
470 2146 675 2211 ergo·
714 2128 919 2212 Super
953 2143 1083 2196 uno
1103 2133 1459 2213 peccator&
1488 2131 1605 2197 ubi
1628 2148 1754 2197 no-

194 2239 380 2301 tatur
405 2235 661 2302 miseria
691 2236 998 2302 humanm
1033 2236 1448 2303 infirmitatis.
1479 2237 1756 2305 Incurrit

194 2348 419 2411 autem
447 2344 643 2410 homo
660 2343 848 2408 istam
868 2343 1266 2426 spiritualem
1285 2344 1750 2424 infirmitatem,

193 2473 315 2540 per
339 2470 540 2538 quam
567 2451 763 2517 miser
789 2452 1064 2517 efficitur
1086 2452 1521 2536 spiritualiter,
1552 2453 1755 2537 tripli-

193 2563 394 2641 citer,
436 2559 791 2626 secundum
841 2560 1015 2643 quod
1059 2560 1131 2625 in
1185 2560 1313 2625 tria
1354 2560 1524 2625 bona
1562 2560 1755 2626 habet

191 2672 531 2752 peccatum
587 2666 922 2732 committi.
974 2665 1138 2731 Nam
1184 2684 1375 2732 omne
1420 2673 1753 2751 peccatum

196 2777 492 2861 (obscure
517 2774 854 2859 loquendo)
887 2780 1002 2842 aut
1042 2779 1139 2841 est
1168 2776 1236 2840 in
1273 2776 1500 2856 Deum,
1531 2781 1643 2842 aut
1681 2777 1752 2841 in

192 2884 597 2969 proximum,
625 2885 740 2948 aut
768 2883 839 2947 in
864 2883 1224 2966 subiectum
1250 2884 1611 2966 proprium.
1641 2883 1753 2950 In-

192 2993 482 3059 cun-rien
500 3008 660 3073 ergo
678 2990 1160 3073 istaspiritualis
1181 2989 1525 3055 infirmitas
1540 2991 1751 3073 primo

191 3102 460 3183 propter
492 3099 730 3164 fastum
771 3097 1068 3164 mentalis
1109 3096 1427 3180 superbiae
1444 3144 1465 3176 ,
1507 3115 1748 3181 provo·

191 3207 399 3274 cantis
416 3205 617 3273 Deum
634 3227 652 3285 ;
683 3205 963 3271 secundo
979 3209 1243 3289 propter
1265 3204 1598 3272 defluxum
1618 3223 1750 3271 car-

190 3315 365 3382 nalis
405 3314 685 3382 lasciviae
727 3314 1142 3398 deprimentis
1189 3313 1331 3396 subj
1339 3316 1552 3379 ectum
1596 3332 1745 3398 pro·

189 3422 446 3507 prium3
477 3421 667 3487 tertio
692 3426 952 3505 propter
976 3421 1200 3488 odium
1224 3421 1519 3487 cordialis
1543 3421 1745 3487 male-

192 3530 497 3595 volentiae
521 3528 900 3596 offendentis
924 3530 1319 3613 proximum.

274 3637 496 3704 Primo
538 3638 736 3702 homo
784 3637 1058 3702 efficitur
1102 3635 1516 3720 spiritualiter
1559 3637 1748 3702 infir-

190 3761 378 3824 mus,
408 3742 515 3808 vel
539 3746 860 3827 peccator,
889 3747 1151 3828 propter
1176 3746 1416 3818 tastum
1453 3744 1749 3810 mentalis

190 3850 537 3936 superbiae,
570 3851 976 3934 provocantis
1007 3851 1229 3918 Deum.
1249 3850 1430 3917 Unde
1451 3852 1472 3888 ¹
1505 3872 1522 3916 z
1558 3874 1591 3914 ι
1625 3850 1750 3931 Qui

188 3961 347 4028 tacit
370 3963 723 4044 peccatum,
763 3977 847 4024 ex
882 3959 1130 4025 diabolo
1167 3963 1281 4040 est,
1320 3960 1631 4043 quoniam
1665 3960 1749 4025 ab

187 4069 381 4136 initio
436 4066 729 4133 diabolus
780 4068 1084 4150 peccavit.
1142 4065 1217 4132 In
1269 4067 1392 4132 hoc
1450 4068 1748 4152 apparuit

188 4176 397 4246 Filius
430 4175 571 4254 Dei,
616 4178 690 4240 ut
730 4174 1036 4240 dissolvat
1070 4192 1267 4258 opera
1305 4175 1538 4241 diaboli
1580 4197 1612 4236 n
1665 4176 1747 4241 ad

189 4284 547 4362 hominem,
575 4282 734 4367 quia
772 4282 888 4366 qui
919 4282 1070 4347 facit
1106 4284 1460 4365 peccatum,
1489 4300 1574 4348 ex
1606 4282 1743 4347 dia-

188 4392 341 4460 bolo
366 4395 484 4471 est,
514 4408 647 4457 non
674 4409 790 4476 per
816 4392 1226 4473 creationem,
1259 4391 1371 4456 sed
1396 4409 1513 4475 per
1537 4392 1748 4456 imita-

188 4501 457 4566 tionem.
499 4521 530 4561 «
568 4499 709 4582 lpse
741 4499 919 4568 enim
959 4499 985 4535 ¹
1016 4502 1247 4581 reg-nat
1287 4516 1481 4582 super
1522 4517 1747 4564 omnes

189 4607 362 4689 filios
390 4608 729 4691 superbiae,
758 4627 792 4668 ι
825 4607 1133 4691 quoniam
1171 4606 1255 4671 ab
1296 4606 1479 4672 initio
1518 4606 1747 4673 diabo-

189 4715 295 4782 lus
319 4715 609 4800 peccavit
630 4718 886 4799 peccato
917 4715 1258 4799 superbiae.
1294 4713 1458 4780 Nam
1496 4715 1519 4751 ⁸
1559 4738 1593 4777 α
1614 4716 1742 4780 ini·

189 4823 363 4889 tium
388 4820 599 4886 omnis
625 4823 865 4905 peccati
902 4821 1225 4906 superbia.
1252 4842 1286 4883 s
1328 4820 1508 4886 Unde
1549 4821 1749 4889 Filius

191 4929 308 4996 Dei
341 4930 414 4995 in
446 4929 573 4995 hoc
613 4928 912 5013 apparuit
955 4929 1295 4996 visibiliter
1313 4975 1332 5007 ,
1362 4930 1746 4997 assumendo

192 5035 426 5102 limum
452 5041 692 5102 nostrae
714 5037 1117 5102 mortalitatis
1144 5038 1213 5101 in
1235 5036 1482 5102 unitate
1509 5037 1746 5106 divinae

193 5162 512 5229 personae,
540 5146 615 5210 ιιι
645 5145 923 5228 superba
960 5162 1155 5228 opera
1179 5143 1417 5210 diaboli
1442 5144 1748 5214 dissolvat

265 5272 278 5302 ¹
304 5272 324 5320 l
347 5269 514 5332 loen„
540 5281 623 5334 ιιι,
651 5274 700 5324 8.
723 5295 785 5309 -
811 5271 836 5306 ¹
858 5268 967 5334 lob,
999 5281 1109 5334 ιιι,
1130 5272 1210 5322 25.
1232 5296 1297 5308 —
1324 5270 1347 5306 ⁸
1372 5269 1554 5335 Βαὰλ,
1580 5284 1636 5337 x,
1665 5273 1745 5323 15.

196 5367 265 5382 -
302 5341 326 5377 ὅ
358 5343 516 5407 Aug„
550 5354 708 5394 serm.
746 5352 918 5405 cccw,
945 5340 1016 5392 al.
1041 5340 1102 5392 de
1144 5341 1339 5392 Βίωνι.
1367 5352 1576 5406 xxxvn,
1604 5356 1660 5394 ιι.
1694 5347 1745 5394 3.

197 5413 317 5452 --ι
369 5414 495 5464 Haec
538 5425 655 5478 quo
698 5415 1123 5478 sequnntur,ex
1174 5412 1429 5468 slioloco
1479 5413 1749 5480 desumpta

205 5482 471 5541 'mouture
508 5510 559 5523 ⁸-
610 5486 631 5517 ⁸
661 5486 681 5537 ι
720 5485 860 5548 coro,
900 5495 974 5551 Vl,
1016 5486 1095 5540 180
1129 5508 1193 5523 ⁸¹-
1230 5483 1254 5520 Ἰ
1280 5484 1458 5553 Remo,
1487 5486 1542 5536 in
1577 5484 1748 5553 cant„

3295 491 3414 563 Μ

1867 636 1984 702 per
2028 636 2213 686 stiam
2253 620 2706 694 humifflatem.
2757 621 2939 690 Certe
2980 621 3417 696 verecundum

1866 729 2003 806 est,
2051 745 2142 794 ex
2192 746 2324 811 quo
2374 745 2493 794 rex
2535 747 2771 811 regum
2813 728 3105 798 Christus
3151 729 3419 800 humitis

1865 833 2068 898 factus
2105 837 2239 915 est,
2267 837 2342 899 ut
2380 835 2575 900 homo
2616 836 2775 902 cinis
2809 840 2872 901 et
2907 835 3148 901 vermis
3191 853 3419 920 stipor

1866 941 2017 1006 biat.
2055 941 2233 1008 Unde
2258 942 2665 1024 Augustinus
2687 944 2744 981 ⁸·
2730 993 2745 1009 .
2785 967 2816 1006 α
2842 944 3167 1012 Habemus
3195 943 3414 1010 humi

1865 1049 2060 1115 litatis
2083 1051 2472 1133 exemplum,
2504 1051 2820 1136 superbiae
2845 1052 3411 1122 medicamentum.

1868 1156 2030 1234 Quid
2049 1156 2438 1238 intumescis,
2458 1175 2498 1222 o
2515 1158 2752 1226 homo?
2776 1157 2824 1224 Ο
2842 1159 3024 1244 pellis
3050 1159 3410 1241 morticina,

1866 1264 2021 1348 quid
2057 1264 2415 1330 extenderis
2453 1265 2582 1348 (a)?
2623 1266 2673 1334 Ο
2716 1267 2924 1332 sanies
2964 1266 3183 1333 fintida
3197 1315 3220 1348 ,
3257 1267 3416 1351 quid

1865 1372 2154 1437 inflaris?
2180 1378 2203 1413 ⁸
2231 1371 2534 1456 Princeps
2577 1377 2728 1440 tuus
2769 1374 3035 1441 humills
3076 1379 3202 1456 est,
3244 1380 3308 1441 et
3344 1379 3418 1442 tu

1865 1479 2200 1562 superbis?
2217 1484 2410 1563 caput
2423 1481 2691 1562 humile,
2718 1486 2782 1550 et
2805 1483 3172 1550 membrum
3198 1502 3416 1567 super·

1864 1587 2064 1652 bum?
2091 1608 2124 1648 ιι
2173 1587 2369 1666 Quasi
2411 1588 2580 1654 dicat
2623 1608 2642 1655 ε
2691 1587 2889 1658 Valde
2914 1590 3414 1676 reprehensibile

1863 1700 1983 1763 est.

1944 1803 2236 1870 Secundo
2265 1804 2463 1872 homo
2497 1804 2771 1871 efficitur
2802 1809 3118 1889 peccator,
3148 1807 3286 1872 sive
3309 1806 3413 1872 in-

1862 1915 2095 1980 firmus
2125 1914 2558 1997 spiritualiter,
2603 1918 2861 1998 propter
2896 1917 3231 1982 defluxum
3265 1934 3411 1982 car-

1862 2020 2028 2086 nalis
2066 2021 2368 2098 lasciviae,
2405 2020 2824 2104 deprimentis
2859 2022 3223 2106 subjectum
3257 2040 3411 2107 pro·

1861 2128 2079 2214 prium
2127 2128 2151 2164 ⁶
2193 2150 2210 2193 t
2271 2151 2304 2191 ιι
2344 2127 2579 2210 Fugite
2620 2127 3101 2194 fornicationem
3151 2152 3168 2193 ι
3222 2145 3415 2196 omne

1861 2239 2191 2321 peccatum
2232 2236 2684 2320 quodcumque
2708 2236 2927 2302 iecerit
2967 2237 3164 2303 homo
3183 2284 3203 2315 ,
3232 2242 3417 2304 extra

1862 2362 2098 2427 corpus
2124 2349 2246 2423 est;
2277 2344 2394 2427 qui
2418 2347 2637 2410 autem
2671 2342 3046 2423 fornicatur,
3081 2344 3150 2408 in
3177 2362 3414 2428 corpus

1862 2469 2058 2517 suum
2095 2454 2331 2535 peccat.
2361 2472 2395 2513 ιο
2441 2450 2610 2517 Bene
2645 2451 2802 2542 dicit
2837 2455 3055 2518 autem
3083 2473 3105 2517 ε
3154 2455 3411 2537 Facite,

1862 2563 1925 2628 et
1958 2576 2093 2624 non
2119 2558 2272 2625 dicit
2301 2581 2318 2625 ε
2351 2557 2400 2624 F
2401 2558 2778 2626 ornicationi
2799 2559 3098 2641 resistite,
3127 2561 3284 2644 quia
3306 2560 3410 2626 vi-
3465 2591 3661 2637 „um-5.

1859 2668 2028 2734 tium
2084 2667 2365 2733 luxuriat
2421 2667 2654 2732 melius
2719 2666 3001 2734 vincitur
3063 2668 3372 2751 fugiendo
3393 2716 3411 2747 ,
3443 2664 3659 2762 d?ffi‚

1860 2794 2062 2859 quam
2089 2775 2463 2841 resistendo.
2498 2774 2696 2841 Omne
2720 2779 3049 2859 peccatum
3075 2774 3418 2858 quodcum-
3443 2780 3533 2823 ²¹²¹·-

1859 2897 1981 2965 que
2006 2883 2227 2962 fecerit
2266 2882 2473 2962 homo,
2501 2887 2695 2951 extra
2732 2898 2964 2965 corpus
2995 2890 3117 2963 cst,
3145 2879 3364 2948 Glossa
3391 2903 3412 2946 z

1867 3012 1899 3051 α
1944 2987 2016 3055 Id
2059 2991 2192 3068 est,
2237 2989 2377 3053 sine
2421 2990 2993 3069 contaminatione;
3036 2991 3164 3074 qui
3204 2997 3418 3058 autem

1860 3098 2243 3178 fornicatur,
2275 3099 2353 3165 in
2387 3113 2620 3181 corpus
2649 3113 2840 3165 suum
2866 3104 3112 3182 peccat,
3141 3097 3409 3165 Glossa:

1868 3227 1902 3266 a
1944 3205 2186 3272 Gaetera
2221 3209 2477 3290 peccata
2521 3206 2733 3271 solum
2776 3207 3061 3272 animam
3102 3205 3412 3271 contami-

1857 3317 2051 3395 nant3
2088 3313 2423 3380 fornicatio
2467 3331 2625 3380 vero
2665 3331 2800 3378 non
2837 3312 3050 3380 solum
3090 3314 3374 3380 animam
3389 3362 3412 3395 ,

1860 3420 1971 3488 scd
2010 3421 2209 3486 etiam
2259 3439 2494 3504 corpus
2533 3420 2946 3487 contaminat.
2993 3442 3027 3484 ι
3078 3420 3414 3488 Peccatum

1859 3529 2034 3594 enim
2059 3528 2343 3595 luxuriae
2359 3528 2518 3594 adeo
2535 3528 2735 3594 foedat
2750 3529 3082 3595 bominem
3099 3534 3414 3614 quantum

1859 3637 1940 3704 ad
1958 3655 2215 3721 corpus,
2237 3643 2300 3702 et
2316 3635 2649 3702 deordinat
2665 3639 2982 3720 quantum
3002 3637 3085 3702 ad
3101 3638 3410 3720 animam,

1860 3749 1935 3810 ut
1952 3746 2096 3828 J’am
2122 3761 2254 3809 non
2280 3741 2517 3808 animal
2546 3743 2880 3825 rationale,
2912 3743 3023 3809 sed
3048 3743 3261 3828 potius
3279 3745 3413 3810 ani-
3541 3763 3550 3778 ·

1856 3853 1987 3918 mal
2034 3852 2300 3920 brutum
2346 3850 2571 3916 debeat
2615 3850 2958 3934 appellari,
2999 3869 3079 3917 eo
3117 3851 3289 3936 quod
3330 3852 3413 3917 ad

1857 3958 2127 4024 modum
2173 3957 2432 4038 bestiae,
2478 3958 2651 4042 quod
2701 3964 2799 4024 est
2831 3958 3133 4040 inferius,
3179 3959 3414 4025 scilicet

1858 4065 2274 4145 sensualitas,
2329 4065 2480 4130 facit
2523 4069 2598 4130 ut
2644 4053 3010 4132 dominetur
3056 4067 3408 4151 superiori,

1854 4174 2094 4240 scilicet
2113 4173 2368 4240 rationi.
2402 4172 2584 4239 Unde
2612 4171 2976 4240 Bernardus
2999 4174 3071 4241 “’.
3114 4193 3145 4236 ιι
3175 4173 3404 4240 Bestia·

1854 4282 1985 4347 lius
2009 4281 2172 4347 nihil
2210 4280 2473 4346 homine
2508 4280 2827 4347 rationem
2862 4224 3166 4362 habente,
3194 4285 3261 4347 et
3300 4300 3407 4348 ra·

1855 4389 2027 4455 tione
2054 4405 2186 4454 non
2210 4391 2457 4453 utente.
2487 4408 2519 4448 n
2561 4387 2642 4453 Et
2670 4387 2813 4454 ideo
2854 4389 3042 4472 quasi
3075 4389 3277 4455 bestia
3299 4407 3406 4455 re·

1856 4500 2145 4582 putatur,
2173 4499 2238 4561 et
2262 4495 2342 4562 ad
2370 4494 2759 4579 pascendum
2789 4494 3129 4562 immunda
3154 4496 3404 4562 anima·-

1854 4605 1945 4669 lia
1980 4604 2414 4688 mancipatur,
2437 4602 2796 4670 secundum
2827 4604 2997 4688 quod
3022 4604 3251 4669 dicitur
3274 4610 3298 4646 ⁸
3331 4605 3411 4670 de

1854 4711 1989 4776 filio
2021 4711 2336 4795 prodigo,
2366 4711 2482 4796 qui
2517 4714 2857 4794 postquam
2895 4710 3224 4795 diaeipavit
3262 4729 3409 4777 om-

1854 4836 2005 4883 nem
2034 4818 2456 4883 substantiam
2501 4836 2686 4883 snam
2730 4818 3008 4885 vivendo
3046 4818 3404 4900 luxuriose,

1852 4924 2102 5011 positus
2126 4925 2248 4992 fuit
2274 4943 2423 4990 cum
2466 4925 2675 5007 porcis
2721 4924 2802 4991 ad
2843 4925 3232 5008 pascendum
3271 4943 3402 4992 eoa.

1854 5032 2034 5098 Unde
2059 5031 2270 5115 inquit
2295 5032 2430 5116 ipse
2458 5032 2482 5067 ⁷
2510 5054 2526 5098 ε
2568 5054 2601 5094 ι
2627 5029 2939 5113 Surgam,
2970 5035 3034 5097 et
3060 5031 3166 5096 ibo
3191 5030 3272 5096 ad
3300 5051 3409 5116 pa-

1851 5143 2019 5206 trem
2061 5157 2284 5205 meum
2305 5187 2324 5222 ,
2371 5142 2437 5205 et
2473 5139 2683 5204 dicam
2731 5160 2748 5204 ε
2789 5137 2997 5219 Pater,
3041 5139 3296 5223 peccavi
3336 5138 3407 5206 in

1852 5325 2014 5437 geli-{nd
2036 5322 2197 5436 xxv,
2225 5324 2280 5362 n.
2308 5313 2359 5376 8,
2379 5310 2551 5376 quoad
2576 5321 2806 5361 sensum.
2828 5334 2891 5348 —
2917 5309 2941 5345 ⁸
2959 5309 3101 5376 Luc„
3121 5319 3212 5380 ιν,
3237 5311 3317 5370 15.
3340 5334 3405 5359 «-

1962 5400 1980 5437 ι
2018 5421 2056 5450 .,
2149 5419 2163 5433 .

1920 5484 1986 5552 (α)
2018 5481 2168 5555 Apud
2190 5480 2321 5556 Anq-
2355 5477 2599 5540 tenderis·
