4059 6317
1323 511 1426 578 DE
1468 511 1534 577 S.
1578 508 2004 577 MA'I'rflAEO.
2053 507 2318 575 SERMO
2358 508 2409 573 1.

264 648 473 708 Solum
492 648 609 707 hoc
630 652 768 724 peto
795 664 832 707 a
855 652 930 721 te,
960 653 1027 707 ut
1042 652 1099 707 te
1123 663 1511 722 recognoscas
1528 648 1593 706 in
1612 646 1808 705 virum

263 745 459 813 tuum,
490 759 586 800 me
613 742 930 801 Dominum
947 746 1136 816 tuum,
1157 741 1496 801 offendisse.
1521 740 1681 801 Unde
1698 743 1811 798 sta-

264 835 375 893 tim
401 835 603 894 subdit
628 835 853 894 ibidem
880 835 898 871 ¹
927 852 944 893 x
988 854 1016 890 α
1044 838 1197 895 Leva
1232 835 1437 895 oculos
1463 838 1598 893 tuos
1626 835 1689 891 in
1723 833 1810 890 di-

263 934 511 1002 rectum,
533 932 590 988 et
615 929 754 988 vide
778 928 884 987 ubi
918 944 1040 987 non
1065 931 1355 1006 prostrata
1382 928 1479 987 sis.
1509 949 1540 984 ι)
1569 931 1615 988 Ο
1646 944 1809 985 sum-

265 1040 373 1082 ma
396 1027 455 1082 et
492 1021 902 1083 inenarrabilis
939 1023 1125 1099 pietas
1168 1023 1395 1082 Domini
1442 1023 1543 1080 Dei
1583 1021 1802 1079 nostri!

263 1116 591 1176 fornicatur
615 1134 770 1177 uxor
792 1117 1039 1191 alicujus
1068 1116 1348 1186 hominis,
1374 1120 1434 1175 et
1460 1114 1654 1174 statim
1674 1130 1807 1172 eam

267 1212 530 1287 expellit,
556 1215 614 1270 et
637 1212 740 1268 vix
764 1227 1032 1286 unquam
1065 1209 1444 1285 ei·parcitur;
1475 1207 1583 1268 sed
1604 1212 1813 1282 peccat

267 1306 470 1365 anima
509 1305 714 1364 Christi
758 1320 975 1379 sponsa
994 1345 1013 1377 ,
1066 1319 1177 1362 nec
1216 1320 1340 1363 nno
1397 1306 1657 1377 tantum,
1699 1317 1811 1360 nec

264 1399 541 1475 pluribus
574 1398 860 1475 peccatis,
898 1397 1006 1456 sed
1049 1397 1246 1457 modis
1283 1396 1634 1470 innumeris,
1670 1412 1807 1454 cum

266 1493 522 1565 mundo,
547 1509 721 1551 earne
751 1497 808 1551 et
835 1489 1081 1551 diabolo
1116 1510 1130 1549 t
1172 1495 1227 1550 et
1266 1491 1462 1549 statim
1497 1490 1547 1548 si
1583 1490 1808 1563 redeat,

268 1587 465 1646 statim
486 1602 621 1645 eam
651 1588 825 1644 vocat
850 1585 930 1643 ad
956 1602 1041 1657 se,
1071 1588 1129 1643 et
1158 1587 1361 1644 omnia
1393 1588 1635 1660 peccata
1665 1598 1811 1642 con-

271 1681 486 1750 donat,
513 1679 636 1741 imo
678 1680 845 1755 quod
882 1680 1076 1753 majus
1116 1682 1232 1751 est,
1278 1679 1581 1738 nolentem
1615 1678 1810 1736 redire

270 1779 443 1835 vocat
453 1794 471 1848 3
519 1777 585 1832 ut
621 1773 826 1832 redeat
868 1779 926 1833 et
966 1775 1319 1845 revertatur,
1365 1788 1640 1832 revocare
1686 1788 1811 1829 non

271 1872 477 1928 cessat.
505 1868 667 1926 Unde
695 1867 909 1927 dicitur
936 1870 961 1905 ¹
986 1889 1004 1924 ε
1037 1886 1066 1921 α
1103 1867 1543 1939 convertimini,
1575 1865 1685 1923 filii
1723 1882 1815 1923 re-

270 1965 593 2033 vertentes,
632 1962 774 2037 quia
815 1978 928 2035 ego
971 1962 1063 2019 vir
1101 1966 1292 2020 vester
1336 1978 1351 2019 ε
1410 1963 1469 2020 et
1512 1976 1810 2019 assumam

271 2072 383 2114 vos
443 2073 458 2113 :
510 2075 539 2110 n
592 2061 649 2114 et
691 2055 879 2113 multa
921 2058 1223 2131 ponuntur
1265 2054 1351 2112 ibi
1401 2054 1478 2112 de
1520 2053 1633 2112 hac
1683 2068 1810 2112 ma-

271 2150 439 2208 teria.

345 2242 638 2313 Secundo,
668 2243 750 2301 ad
788 2242 1238 2330 conversionem
1280 2257 1393 2300 nos
1432 2257 1672 2300 movere
1713 2241 1814 2300 de·

49 2360 249 2402 Exem-
274 2339 379 2397 bet
419 2337 626 2412 gratia,
674 2353 858 2413 quam
895 2336 1199 2412 peccando
1245 2335 1632 2411 perdidimuS.
1676 2334 1815 2406 Quis

0 2421 158 2478 plan.

276 2432 437 2491 enim
473 2448 597 2490 non
637 2431 888 2503 doleret,
932 2431 981 2488 si
1036 2430 1307 2505 perderet
1353 2429 1713 2488 frumentum
1751 2430 1816 2488 in

275 2526 504 2584 horreis
527 2526 825 2601 positum?
851 2525 1012 2597 QuiS,
1035 2526 1083 2582 si
1112 2524 1383 2599 perderet
1393 2524 1601 2582 vinum
1619 2524 1682 2581 in
1711 2524 1817 2583 do-

274 2620 372 2678 liis
396 2622 844 2679 conservatum?
872 2619 1033 2691 Quis,
1062 2619 1113 2676 si
1138 2619 1399 2677 amiserit
1421 2620 1677 2688 asinum,
1709 2619 1817 2676 bo·

275 2731 414 2772 vem
442 2713 538 2772 vel
578 2715 844 2789 equum?
878 2713 1017 2784 Quis
1050 2713 1293 2787 insuper
1329 2728 1453 2771 non
1492 2711 1718 2783 doleat,
1767 2712 1817 2770 si

275 2807 490 2882 perdat
522 2807 860 2865 thesaurum
888 2807 993 2865 diu
1019 2807 1084 2863 in
1108 2806 1335 2864 scriniis
1362 2809 1818 2864 conservatum?

276 2900 393 2959 Sed
441 2903 697 2974 quantus
753 2900 1084 2959 credendus
1129 2903 1214 2958 est
1264 2899 1455 2958 omnis
1510 2900 1818 2958 thesaurus

277 2994 638 3069 corporalis,
696 2998 1070 3068 comparatus
1117 2993 1454 3070 spirituali?
1516 2993 1671 3063 Quid
1734 2996 1822 3051 est

277 3090 440 3148 enim
467 3104 681 3163 corpus
708 3087 788 3145 ad
812 3088 1074 3146 animam
1092 3095 1120 3142 *τ
1145 3091 1298 3162 Ergo
1330 3091 1553 3163 quanto
1580 3091 1666 3145 est
1695 3087 1820 3145 ani-

277 3198 380 3240 ma
426 3196 674 3256 corpore
711 3180 1002 3252 nobilior,
1051 3183 1215 3239 tanto
1253 3181 1562 3240 thesaurus
1608 3181 1820 3240 animae

277 3278 367 3333 est
396 3275 669 3333 thesauro
716 3274 1012 3350 corporali
1054 3275 1311 3333 melior:
1343 3279 1520 3349 atque
1567 3275 1642 3351 (a)
1688 3275 1817 3333 the-

277 3386 489 3430 saurus
528 3370 741 3429 animae
786 3372 892 3441 est,
936 3387 1059 3444 quo
1097 3370 1225 3428 solo
1262 3370 1462 3428 anima
1497 3370 1662 3428 dives
1689 3375 1817 3429 est:

280 3481 425 3539 ergo
464 3463 511 3521 si
559 3468 790 3522 tantum
840 3463 1011 3522 doles
1051 3480 1165 3538 pro
1210 3464 1526 3522 amissione
1564 3463 1822 3522 thesauri

279 3557 628 3633 corporalis,
659 3561 949 3632 quantum
972 3557 1244 3616 dolorem
1272 3558 1441 3615 decet
1465 3557 1687 3617 habere
1708 3574 1820 3632 pro

281 3651 601 3710 amissione
637 3652 894 3711 thesauri
937 3651 1254 3727 spiritualis
1273 3654 1303 3709 ?
1353 3655 1503 3725 Ergo
1536 3650 1587 3709 si
1627 3651 1823 3726 perdi·

286 3744 444 3815 disti,
469 3759 705 3804 necesse
735 3746 924 3804 habes
959 3745 1038 3804 ad
1072 3750 1254 3804 Deum
1288 3743 1573 3816 converti,
1617 3749 1683 3803 ut
1718 3745 1822 3803 de-

284 3852 453 3896 mum
487 3854 798 3913 recuperes
834 3839 1002 3914 quod
1046 3840 1327 3897 amissum
1364 3844 1467 3897 est.
1513 3841 1656 3897 Item
1684 3856 1824 3897 con-

81 3952 256 3995 Μ
283 3931 480 3989 sidera
511 3932 675 3992 aliud
711 3951 725 3990 :
770 3933 825 3990 Si
869 3933 1028 3990 enim
1060 3933 1272 4008 aliquis
1316 3933 1562 3991 haberet
1604 3949 1640 3991 a
1683 3949 1822 4007 rege

17 4011 169 4067 plum.

281 4026 537 4084 Francioe
558 4025 804 4100 aliquod
831 4026 1088 4099 signum,
1120 4042 1242 4101 quo
1270 4026 1473 4085 habito
1497 4029 1645 4085 esset
1673 4027 1822 4085 ami-

284 4136 387 4178 cus
413 4120 588 4193 regis,
613 4136 735 4194 quo
771 4123 1004 4179 ostenso
1039 4122 1266 4194 pateret
1298 4119 1374 4192 ei,
1417 4120 1823 4195 quandocum-

282 4229 404 4288 que
436 4212 631 4286 vellet,
674 4214 971 4286 ingressus
1006 4212 1085 4270 ad
1120 4228 1355 4286 regem,
1397 4218 1453 4272 et
1493 4231 1614 4289 quo
1652 4214 1822 4287 signo

282 4310 515 4365 servato
543 4306 786 4365 deberet
822 4323 856 4365 a
887 4322 1024 4380 rege
1067 4322 1319 4379 regnum
1358 4322 1645 4381 magnum
1674 4308 1824 4366 acci-

281 4417 425 4476 pere
452 4400 605 4472 :dic,
626 4401 674 4458 si
702 4403 890 4474 potes,
923 4402 1208 4474 quantum
1239 4399 1487 4474 doleret,
1513 4401 1564 4458 si
1587 4401 1824 4476 signum

282 4495 399 4554 hoc
423 4493 742 4569 perderet?
769 4492 1009 4554 Multum
1036 4493 1196 4551 enim
1222 4493 1466 4553 doleret.
1501 4497 1570 4552 Et
1604 4510 1827 4571 paupe-

282 4605 401 4659 res,
429 4588 478 4645 si
513 4588 811 4661 contingat
839 4603 941 4645 eos
968 4586 1218 4661 perdere
1245 4587 1482 4660 signum
1523 4604 1632 4663 per
1658 4589 1826 4663 quod

284 4681 673 4740 admittuntur
703 4681 780 4739 ad
808 4681 1252 4755 eleemosynam
1288 4683 1478 4756 Papoe,
1516 4686 1826 4755 quantum,

281 4780 480 4851 putas,
508 4774 813 4834 dolerent?
843 4775 955 4834 Sed
969 4777 1157 4848 gratia
1180 4778 1268 4833 est
1283 4775 1396 4833 tale
1426 4775 1685 4850 signum,
1703 4794 1825 4852 quo

283 4868 514 4940 habito,
541 4868 716 4928 amici
741 4883 945 4926 sumus
990 4867 1162 4941 Regis
1200 4868 1422 4940 aeterni,
1453 4874 1528 4927 .et
1573 4886 1695 4943 quo
1736 4886 1829 4929 os·

287 4969 478 5038 tenso,
508 4965 588 5023 ad
606 4965 814 5023 intima
832 4968 1054 5022 secreta
1069 4965 1198 5037 ejus
1225 4962 1608 5036 admittimur,
1630 4968 1689 5023 et
1706 4981 1827 5040 quo

287 5064 544 5131 servato,
562 5062 847 5117 aeternum
863 5072 1117 5131 regnum
1144 5057 1484 5132 accipimus
1512 5061 1661 5132 Ergo
1682 5074 1830 5117 non-

288 5170 367 5213 ne
395 5151 625 5211 dolebit
646 5168 719 5211 ex
741 5151 1020 5210 omnibus
1039 5151 1438 5211 medullarum
1465 5152 1827 5227 praecordiis,

357 5304 601 5362 nemra„
632 5313 722 5365 111,
749 5304 796 5352 2.
828 5329 884 5339 -
915 5300 1111 5367 ²1bid.‚
1143 5303 1219 5353 14.
1251 5329 1310 5340 —
1336 5302 1358 5337 ⁸
1381 5301 1529 5365 Joel„
1567 5314 1633 5366 ιι,
1664 5306 1737 5354 12.
1767 5327 1831 5340 —

293 5376 314 5408 ⁴
339 5376 540 5433 Jerem„
569 5384 716 5436 xxxi,
734 5374 811 5423 19.
837 5394 900 5411 -
919 5374 939 5404 ⁸
962 5373 1073 5432 lob.
1103 5385 1235 5437 xm,
1259 5377 1306 5426 6.
1331 5400 1395 5413 -
1422 5375 1442 5406 ⁶
1470 5376 1484 5425 i
1516 5374 1656 5439 eor„
1688 5387 1756 5440 nv,
1781 5378 1827 5426 9.

171 5457 176 5463 -
293 5474 356 5490 --
382 5446 578 5510 naid„
608 5448 763 5499 11.-—
795 5445 815 5476 ⁸
839 5446 1040 5503 Jerem..
1070 5448 1244 5511 usm-

3339 506 3451 569 em

1915 643 2021 720 qui
2047 644 2164 703 hoc
2187 643 2428 719 signum
2450 658 2560 717 per
2598 640 3017 717 negligentiam
3059 655 3229 699 suam
3263 636 3461 714 perdi-

1895 738 2113 815 ‚derit?
2139 740 2312 812 Ergo,
2341 737 2547 795 fratres
2581 736 2728 808 mei,
2772 735 2999 794 ratione
3044 733 3197 808 signi
3244 731 3458 809 perditi

1915 832 2203 890 debemus
2243 847 2382 889 cum
2418 830 2701 905 Apostolo
2728 829 2807 888 ad
2835 829 3124 888 Christum
3173 825 3453 886 converti.

1913 926 2077 983 Unde
2106 923 2316 982 dicitur
2340 923 2518 983 nobis
2545 925 2570 961 ⁸
2601 941 2616 981 t
2655 944 2683 976 α
2722 920 3141 982 convertimini
3169 921 3249 979 ad
3275 936 3373 979 me
3398 919 3462 978 in

1914 1021 2038 1077 toto
2063 1018 2246 1076 corde
2272 1021 2504 1089 vestre,
2527 1016 2592 1075 in
2625 1016 2883 1091 J'ejnnio,
2922 1015 3063 1074 fletu
3102 1019 3160 1073 et
3195 1014 3461 1089 planctu,

1916 1116 1974 1170 et
2014 1111 2261 1170 scindite
2305 1110 2490 1170 corda
2532 1116 2761 1182 vestra,
2811 1114 2869 1168 et
2935 1126 3060 1167 non
3111 1108 3463 1167 vestimenta

1914 1209 2120 1266 vestra.
2151 1227 2181 1263 x>
2216 1210 2360 1264 Ecce
2406 1205 2659 1280 qualiter
2688 1205 2868 1263 debet
2909 1204 3171 1263 converti
3217 1203 3299 1263 ad
3341 1207 3462 1262 Do-

1914 1302 2163 1372 minum,
2193 1300 2297 1375 qni
2343 1299 2470 1373 eius
2495 1298 2756 1374 perdidit
2790 1298 3049 1373 signum.
3098 1302 3243 1357 Nam
3280 1297 3461 1356 debet

1916 1410 2041 1452 esse
2082 1393 2390 1453 conversio
2431 1393 2686 1466 perfecta
2724 1395 2781 1451 et
2826 1393 3075 1466 integra,
3123 1392 3264 1467 quia
3306 1393 3463 1449 corde

1918 1495 2061 1554 toto:
2090 1488 2266 1546 debet
2303 1503 2429 1545 esse
2466 1486 2734 1561 corporis
2782 1485 3080 1559 afflictiva,
3125 1487 3266 1559 quia
3295 1488 3358 1542 in
3379 1485 3463 1557 ‚ie-

1906 1582 2104 1655 junio,·
2151 1581 2329 1639 debet
2372 1596 2497 1639 esse
2542 1580 2909 1656 lacrymosa,
2953 1580 3099 1655 quia
3143 1594 3281 1637 cum
3332 1565 3463 1651 netu

1915 1678 2145 1751 multo;
2174 1677 2353 1736 debet
2384 1693 2508 1736 esse
2550 1677 2865 1749 dolorosa,
2915 1676 3058 1751 quia
3098 1674 3279 1733 corde
3318 1690 3459 1748 per-

1915 1772 2068 1831 fecto
2111 1776 2169 1830 et
2204 1771 2474 1830 contrito.
2524 1776 2588 1830 Et
2634 1771 2777 1846 quia
2810 1772 2893 1829 sic
2931 1770 3010 1829 ad
3045 1769 3331 1829 Christum
3366 1768 3465 1827 hic

1918 1868 2153 1924 sanctus
2175 1865 2489 1941 Apostolus
2515 1869 2601 1924 est
2637 1876 2977 1936 conversim,
3007 1866 3241 1938 poterat
3267 1863 3463 1921 dicere

1917 1958 2072 2018 illud
2091 1961 2113 1996 '0
2142 1979 2156 2015 :
2189 1982 2217 2013 «
2245 1963 2561 2033 Postquam
2589 1957 2927 2017 convertisti
2969 1973 3100 2026 me,
3145 1958 3238 2029 egi
3274 1955 3465 2031 poeni-

1917 2052 2182 2112 tentiam.
2222 2073 2252 2108 n
2287 2056 2352 2111 Et
2375 2052 2530 2111 illud
2556 2055 2578 2090 ⁸
2612 2071 2628 2110 ε
2668 2073 2696 2106 α
2743 2052 2883 2112 Ideo
2926 2067 3019 2109 me
3062 2049 3462 2126 reprehendo,

1920 2151 1979 2205 et
2018 2162 2135 2220 ago
2179 2147 2584 2222 poenitentiam
2623 2147 2686 2204 in
2736 2145 2941 2205 favilla
2980 2147 3039 2203 et
3077 2146 3289 2202 cinere.
3342 2163 3372 2198 n
3418 2146 3464 2203 Ο

1921 2246 2145 2315 quanta
2187 2240 2296 2299 fuit
2336 2240 2514 2314 hujus
2552 2240 2813 2314 Apostoli
2860 2238 3230 2315 poenitentia!
3283 2253 3464 2312 quam

1922 2335 2106 2394 dura!
2139 2351 2321 2409 quam
2350 2336 2595 2408 aspera!
2630 2349 2815 2408 quam
2844 2332 3125 2391 diuturna
3152 2333 3216 2390 in
3241 2331 3466 2389 discur-

1918 2429 2133 2500 rendo,
2158 2428 2221 2486 in
2234 2426 2636 2502 praedicandO,
2656 2427 2916 2499 infame,
2939 2425 3002 2483 in
3019 2424 3137 2499 siti,
3162 2430 3219 2484 et
3244 2424 3463 2496 calore,

1923 2526 1981 2581 et
2003 2521 2244 2595 frigore,
2268 2530 2325 2579 et
2350 2520 2559 2579 ultimo
2590 2522 2843 2578 mortem
2870 2536 2981 2595 pro
3016 2519 3266 2579 Domino
3295 2519 3466 2577 susti-

1921 2615 2142 2674 nendo.
2174 2614 2339 2673 Unde
2368 2613 2680 2690 Apostolus
2708 2614 2786 2672 de
2824 2629 2887 2671 se
2932 2613 3185 2688 aliisque
3228 2616 3467 2689 aposto-

1920 2710 1995 2769 lis
2019 2711 2043 2747 ⁸
2088 2728 2104 2767 ι
2158 2729 2187 2765 α
2217 2712 2363 2767 Puto
2402 2708 2561 2766 enim
2608 2707 2774 2782 quod
2811 2722 2923 2766 nos
2964 2710 3113 2766 Deus
3155 2706 3468 2782 Apostolos

1921 2804 2275 2863 novissimos
2303 2802 2580 2874 ostendit,
2604 2804 2891 2877 tanquam
2918 2801 3095 2860 morti
3124 2801 3464 2875 destinatos,

1922 2895 2070 2971 quia
2103 2895 2502 2970 spectaculum
2523 2894 2669 2953 facti-
2687 2911 2893 2952 sumus
2935 2894 3201 2966 mundo,
3243 2893 3469 2967 angelis

1924 2993 1983 3048 et
2005 2989 2368 3048 hominibus.
2413 3011 2442 3045 n
2496 2992 2562 3047 Et
2603 2987 2770 3047 addit
2793 2990 2816 3025 ‘¹
2850 3005 2865 3044 ε
2899 3005 2928 3041 α
2968 2990 3161 3062 Usque
3203 2988 3266 3045 in
3314 2988 3469 3046 hanc

1922 3084 2158 3155 horam,
2191 3088 2248 3141 et
2275 3082 2588 3153 esurimus,
2607 3085 2667 3140 et
2693 3080 2942 3155 sitimus,
2972 3084 3031 3139 et
3067 3081 3213 3139 nudi
3239 3097 3464 3153 sumus,

1926 3177 2192 3252 colaphis
2222 3176 2538 3248 caedimur,
2575 3181 2633 3235 et
2672 3174 2975 3234 instabiles
3018 3191 3242 3247 sumus,
3288 3195 3318 3230 n
3354 3180 3463 3235 etc.

1925 3271 2053 3331 Sed·
2068 3272 2203 3346 quis
2238 3271 2420 3329 hodie
2464 3270 2627 3329 dolet
2668 3270 2746 3328 de
2795 3270 2983 3342 gratia
3021 3269 3291 3342 perdita?
3333 3268 3468 3343 quis

1923 3365 2179 3437 laborat,
2203 3370 2269 3423 ut
2294 3365 2544 3438 gratiam
2568 3364 2847 3429 amissam
2874 3367 3185 3438 recuperet
3208 3378 3316 3439 per
3339 3379 3467 3437 poe-

1926 3460 2274 3517 nitentiam?
2295 3457 2458 3516 Unde
2488 3457 2767 3516 Dominus
2780 3456 3159 3531 conqueritur
3187 3456 3388 3515 dicens
3405 3458 3463 3515 ⁸:

1932 3572 1962 3608 α
1988 3556 2179 3624 Quare
2208 3552 2356 3610 dixit
2378 3550 2643 3627 populus
2676 3567 2845 3610 meus
2876 3570 2891 3609 ε
2923 3550 3308 3623 Recessimus,
3344 3566 3469 3609 non

1926 3647 2198 3705 venimus
2223 3646 2376 3704 ultra
2401 3645 2480 3704 ad
2505 3648 2563 3704 te
2580 3647 2611 3703 ⁴?
2639 3666 2667 3701 ιο
2700 3649 2824 3704 Heu
2841 3648 2965 3704 mel
2999 3644 3143 3721 quia
3159 3660 3197 3703 a
3218 3644 3467 3704 Domino

1928 3743 2048 3798 Deo
2079 3745 2281 3799 nostro
2308 3739 2675 3812 recessimus,
2713 3739 2793 3797 ad
2834 3742 3017 3797 Deum
3059 3738 3318 3797 converti
3361 3754 3472 3812 per

1927 3835 2334 3910 poenitentiam
2368 3850 2487 3891 non
2525 3849 2821 3907 curamus,
2851 3837 2909 3892 et
2949 3838 3144 3892 tamen
3187 3833 3469 3892 Dominus

1927 3928 2382 4001 benignissimus
2419 3928 2562 3986 dicit
2599 3945 2615 3986 t
2660 3930 2894 4001 Populus
2937 3943 3102 3986 meus.
3152 3926 3468 3997 Quomodo

1927 4038 2091 4092 suus,
2126 4021 2175 4079 si
2211 4022 2289 4080 ab
2326 4039 2398 4081 eo
2444 4024 2807 4081 recesserat?
2847 4019 3156 4097 quomodo
3206 4036 3369 4091 suus,
3419 4021 3469 4079 si

1927 4116 2121 4175 redire
2151 4116 2437 4174 nolebat?
2476 4116 2592 4175 Sed
2619 4132 2762 4174 suus
2808 4118 2933 4174 erat
2968 4119 3212 4190 propter
3244 4113 3465 4172 facien·

1930 4210 2072 4269 dam
2099 4227 2234 4269 cum
2250 4226 2322 4268 eo
2347 4209 2814 4268 misericordiam
2828 4229 2847 4281 3
2877 4208 2984 4267 sed
3010 4224 3135 4267 non
3159 4223 3303 4266 suus
3326 4223 3469 4282 pro·

1927 4308 2058 4380 pter
2102 4305 2340 4378 culpam
2390 4304 2768 4361 commissam
2817 4319 2833 4360 ε
2891 4302 2991 4361 vel
3034 4318 3175 4360 suus
3227 4305 3470 4377 propter

1929 4399 2279 4457 electionem
2312 4401 2592 4456 aeternam
2603 4415 2621 4469 3
2652 4412 2776 4455 non
2805 4412 2947 4455 suus
2972 4400 3215 4472 propter
3239 4398 3471 4470 tempo-

1929 4493 2117 4553 ralem
2144 4491 2462 4551 malitiam:
2492 4491 2585 4549 vel
2599 4507 2738 4548 suus
2763 4494 3008 4566 propter
3033 4506 3155 4561 eos,
3181 4489 3473 4564 quierant

1928 4587 2014 4644 ibi
2048 4586 2225 4655 boni3
2254 4590 2312 4644 et
2337 4601 2459 4644 non
2484 4600 2646 4657 suus,
2674 4588 2917 4659 propter
2943 4598 3046 4642 eos
3073 4583 3177 4658 qui
3203 4587 3370 4642 erant
3385 4582 3469 4642 ibi

1931 4680 2095 4738 mali.

2002 4774 2191 4832 Tertio
2238 4772 2317 4832 ad
2358 4773 2807 4832 conversionem
2846 4788 2956 4831 nos
3010 4786 3253 4831 movere
3295 4770 3475 4835 debet
3580 4778 3589 4787 ‘

1931 4884 2132 4943 poena,
2154 4884 2338 4942 quam
2369 4867 2673 4941 peccando
2697 4866 3060 4925 meruimus:
3092 4866 3288 4925 statim
3311 4865 3473 4925 enim

1933 4968 1999 5021 ut
2020 4963 2417 5038 peccavimus,
2448 4965 2505 5021 et
2540 4962 2790 5036 gratiam
2816 4960 3080 5019 divinam
3123 4959 3471 5033 abjecimus,

1933 5060 2164 5115 aeternae
2210 5072 2402 5132 pcenoe
2416 5098 2439 5129 ,
2484 5060 2768 5130 tanquam
2828 5054 3035 5113 mortis
3081 5053 3190 5112 filii
3205 5095 3224 5123 ‚
3270 5069 3476 5112 sumus

1936 5150 2214 5224 obligati3
2245 5151 2368 5209 imo
2402 5150 2595 5209 statim
2622 5154 2688 5208 ut
2710 5148 2895 5208 homo
2921 5147 3210 5223 peccavit,
3238 5147 3301 5205 si·
3323 5150 3475 5206 Deus

1934 5260 2060 5304 non
2102 5242 2560 5303 misericorditer
2597 5245 2959 5319 expectaret,
3003 5241 3111 5302 sed
3144 5241 3474 5304 secundum

2002 5444 2070 5511 (a)
2100 5445 2211 5515 Leq.
2240 5442 2401 5516 atqui.
