4059 6317
1514 428 1616 495 DE
1656 427 1767 495 AN
1771 429 2093 498 IMABUS.

187 583 328 623 rum.
364 578 377 608 ⁸
423 584 452 620 ι
478 564 691 624 vinctis
730 565 1028 640 compassi
1068 565 1223 635 estis,
1249 568 1306 622 et
1346 564 1422 637 (a)
1454 564 1726 638 rapinam

187 661 491 719 bonorum
532 663 863 718 vestrorum
901 675 1040 717 cum
1094 657 1318 733 gaudio
1364 657 1726 731 suscepistis,

189 757 612 827 cognoscentes
645 769 755 811 vos
780 753 1004 812 habere
1036 750 1346 810 meliorem
1386 754 1444 809 et
1481 766 1727 808 manen·

187 850 308 905 tem
328 846 734 905 substantiam.
773 866 803 901 ιο
836 845 1046 918 Tertio,
1075 845 1138 903 in
1183 844 1489 919 speculum
1526 843 1729 918 provi-

189 939 435 1012 dentiae,
473 944 541 997 ut
571 939 996 1015 praestolemur‚
1029 939 1172 1014 quia
1204 937 1352 996 tales
1388 937 1606 994 erimus
1647 935 1729 993 ad

185 1033 552 1092 identitatem
581 1033 954 1105 conditioniS,
984 1048 1124 1090 cum
1153 1031 1355 1089 subdit
1390 1050 1405 1088 ε
1453 1033 1730 1102 Tanquam

184 1132 381 1201 vincti,
401 1132 772 1202 expectantes
790 1127 1114 1185 adventum
1132 1126 1291 1200 paris
1307 1120 1725 1183 conditionis²z

189 1242 218 1276 ι
250 1224 407 1279 Unus
431 1226 516 1280 est
545 1220 825 1280 omnibus
849 1221 1120 1279 introitus
1147 1219 1228 1278 ad
1251 1220 1454 1289 vitam,
1486 1223 1544 1276 ct
1568 1217 1731 1275 simi-

185 1314 260 1373 lis
282 1315 491 1373 exitus,
519 1316 543 1351 ⁸
575 1334 604 1369 ι
624 1318 844 1374 Memor
870 1319 994 1373 esto
1027 1313 1239 1387 judicii
1262 1313 1377 1371 mei
1409 1330 1425 1369 z
1457 1312 1540 1370 sic
1567 1310 1728 1369 enim

186 1408 294 1467 erit
329 1413 384 1466 et
415 1413 582 1467 tuum
621 1427 635 1466 ε
683 1408 829 1466 mihi
867 1407 1017 1480 heri,
1062 1412 1120 1466 et
1162 1406 1271 1465 tibi
1307 1405 1508 1464 hodie.
1553 1428 1581 1458 »
1612 1409 1728 1464 Mc-

182 1506 441 1561 mentote
485 1518 626 1576 ergo
674 1502 997 1561 recolentes
1034 1501 1360 1560 incolatum
1394 1501 1731 1576 peregrina-

184 1597 361 1656 tionis
385 1597 740 1667 vinctorum,
769 1595 1209 1654 considerantes
1241 1599 1470 1654 reatum
1497 1594 1728 1668 obliga-

184 1691 392 1765 tionis,
432 1698 720 1767 tanquam
763 1690 947 1750 simul
978 1694 1037 1749 et
1081 1689 1297 1763 vincti,
1328 1693 1729 1765 exspectantes

182 1787 508 1846 adventum
533 1785 694 1860 paris
711 1784 1087 1844 conditionis

250 1881 416 1940 Circa
442 1881 740 1955 primum,
783 1882 1182 1954 proponentes
1207 1878 1386 1936 nobis
1430 1878 1493 1936 in
1518 1893 1725 1952 specu-

181 1974 310 2033 lum
351 1973 654 2032 memoriae
688 1972 1014 2031 incolatum
1039 1972 1544 2046 peregrinationis,
1586 1987 1727 2029 con-

181 2068 512 2127 sideremus
538 2066 791 2142 qualiter
825 2066 1209 2125 effloruerunt
1241 2066 1306 2124 in
1340 2069 1505 2138 ortu,
1540 2082 1728 2125 emar-

181 2167 432 2221 cuerunt
456 2161 519 2219 in
554 2159 822 2232 transitu,
859 2164 1214 2219 exaruerunt
1251 2161 1317 2219 in
1341 2160 1529 2219 obitu.
1559 2164 1728 2221 Ortus

182 2256 345 2314 enim
372 2254 796 2314 abominabilis
839 2254 1005 2313 ducit
1051 2255 1114 2312 in
1152 2258 1556 2329 contemptum
1595 2255 1725 2328 sui;

180 2350 460 2409 transitus
502 2349 891 2422 miserabilia,
936 2348 1001 2406 in
1044 2353 1449 2423 contemptum
1483 2348 1726 2422 mundi;

182 2445 383 2503 obitus
412 2444 734 2517 horribilis,
776 2444 840 2501 in
876 2447 1279 2518 contemptum
1320 2442 1564 2517 peccati.
1609 2444 1729 2500 Hoc

180 2539 492 2613 speculum
516 2539 798 2613 proponit
832 2537 1009 2595 nobis
1049 2536 1380 2617 Bernartius
1411 2535 1433 2570 ⁸
1475 2536 1679 2594 dicens
1709 2553 1726 2593 ε

185 2651 216 2686 ι
245 2632 404 2702 Quid
430 2620 722 2707 supe‘rbiS,
764 2637 917 2690 terra
944 2634 1003 2689 et
1039 2630 1226 2689 cinis?
1264 2631 1432 2702 quus
1472 2646 1728 2705 concep-

179 2724 286 2798 tio,
323 2725 531 2800 culpa3
570 2726 753 2793 nasci,
798 2725 1069 2799 miseria3
1112 2724 1249 2796 vita,
1285 2719 1504 2799 'poena3
1550 2723 1724 2790 mori,

178 2819 477 2892 angustia.
502 2840 531 2873 υ

217 2914 449 2987 ,Ρτίωο
475 2929 618 2987 ergo
642 2913 1050 2983 recordemur,
1085 2912 1148 2970 in
1185 2915 1590 2986 contemptum
1625 2926 1731 2970 no-

178 3007 306 3079 stri,
335 3011 534 3065 ortum
570 3007 1058 3066 abominabilem.
1099 3007 1158 3064 Si
1201 3005 1362 3064 enim
1397 3004 1733 3063 considere-

178 3116 313 3158 mus
341 3117 546 3159 semen
567 3104 922 3176 conceptus,
957 3100 1304 3159 alimentum
1341 3098 1535 3168 foetuS,
1578 3098 1731 3173 peri-

178 3194 386 3253 culum
410 3198 643 3269 partus,
688 3211 900 3253 vocem
935 3194 1225 3270 ploratus,
1260 3193 1602 3268 spurcitiam
1638 3207 1732 3248 or-

177 3291 294 3361 tus,
324 3305 466 3346 cum
492 3288 623 3347 aliis
649 3288 1116 3359 circumstantiiS,
1140 3286 1278 3345 satis
1306 3284 1731 3361 apparebimus

178 3381 523 3440 conditione
560 3382 804 3455 originis
841 3381 988 3440 tales
1024 3381 1089 3453 in
1116 3380 1303 3439 oculis
1329 3380 1565 3438 nostris.
1596 3382 1730 3438 Pro-

175 3482 309 3551 pter
334 3477 454 3535 hoc
484 3476 698 3537 dicitur
723 3477 746 3514 ⁸
778 3496 793 3535 ε
825 3496 856 3532 α
881 3480 1169 3536 Memento
1198 3494 1332 3552 quae
1363 3479 1499 3535 ante
1523 3480 1580 3534 te
1607 3475 1733 3535 fue-

52 3622 57 3626 .
175 3574 318 3629 runt
348 3572 442 3646 (b),
467 3594 497 3625 n
546 3572 800 3647 quanter
840 3575 1155 3644 generatus
1191 3587 1266 3629 ex
1306 3570 1531 3629 semine
1568 3569 1731 3627 vilis-

175 3665 355 3738 simo,
372 3665 696 3739 plasmatus
717 3681 787 3723 ex
804 3664 976 3736 limo,
994 3669 1223 3724 creatus
1247 3681 1321 3723 ex
1346 3663 1554 3722 nihilo.
1575 3662 1729 3733 Quid

176 3773 326 3831 ergo
342 3758 635 3832 superbis,
653 3762 810 3818 terra
829 3764 888 3817 et
900 3759 1047 3818 cinis
1060 3761 1090 3817 t
1108 3757 1267 3817 Unde
1289 3762 1376 3816 est
1393 3772 1536 3829 ergo
1559 3755 1727 3830 quod

174 3866 301 3909 non
331 3850 714 3924 advertimus„
744 3854 914 3927 quod
939 3852 1127 3911 oculis
1156 3851 1467 3909 videmus?
1509 3851 1728 3922 Nempe

175 3944 324 4018 quia
346 3945 825 4020 concupiscentia
851 3946 1044 4004 carnis
1061 3949 1147 4004 est
1164 3942 1574 4020 praestigiatrix
1600 3957 1733 4000 sen-

175 4054 360 4097 suum
390 4039 733 4113 :praetendit
755 4039 915 4098 enim
940 4039 1179 4113 corpori
1200 4039 1592 4112 juventutem,
1618 4039 1730 4094 sta·

177 4132 492 4203 bilitatem,
504 4133 838 4205 sanitatem,
858 4131 1358 4221 pulchritudinem
1370 4136 1427 4189 et
1442 4129 1730 4189 fortitudi-

178 4240 342 4284 nem.
388 4225 572 4299 Unde,
616 4231 674 4284 et
714 4227 885 4302 quasi
925 4225 1139 4284 vitiosa
1183 4223 1439 4284 naturali
1486 4239 1730 4282 consue-

176 4320 413 4391 tudine,
440 4320 635 4378 omnis
660 4320 845 4378 homo
876 4323 1125 4379 ostentat
1151 4319 1434 4393 pulchra,
1475 4316 1732 4375 occultat

176 4414 327 4471 vilia
368 4417 428 4471 et
451 4413 644 4487 turpia
653 4432 673 4486 3
713 4417 770 4471 et
809 4413 893 4470 sic
930 4411 1402 4486 concupiscentia
1438 4410 1730 4468 deludens

177 4522 390 4565 sensus
416 4506 768 4582 spirituales,
798 4509 856 4564 et
888 4504 1132 4564 oculum
1157 4504 1422 4576 rationis,
1451 4504 1732 4562 obscurat

176 4599 350 4658 bona
366 4601 578 4658 animae
605 4599 949 4674 spiritualia.
975 4602 1104 4658 fflec
1129 4602 1215 4657 est
1230 4596 1571 4671 facinorosa
1592 4612 1729 4654 con-

177 4693 565 4768 cupiscentia,
593 4709 726 4767 quae
745 4692 883 4751 facit
901 4692 1128 4750 veritati
1144 4706 1268 4749 non
1295 4690 1562 4748 obedire.
1588 4691 1609 4726 ⁸
1630 4708 1662 4743 ι
1681 4696 1728 4750 Ο

175 4787 464 4845 insensati
490 4784 725 4857 Galatae,
752 4786 887 4861 quis
925 4801 1036 4843 vos
1075 4784 1384 4865 fascinavit
1416 4799 1542 4842 non
1585 4784 1727 4842 obe-

178 4881 309 4940 dire
320 4880 550 4940 veritati
558 4881 619 4937 t»
639 4884 828 4940 Homo
842 4896 980 4939 cum
989 4880 1065 4938 sit
1073 4883 1341 4937 creatura
1356 4877 1414 4935 di
1420 4876 1723 4950 gnissima,

242 5076 262 5111 ¹
292 5073 466 5132 Beer..
499 5086 554 5137 x,
582 5076 663 5126 3⁴.
683 5100 746 5112 —
768 5074 949 5138 ἐφη
975 5084 1068 5136 vii,
1091 5075 1139 5124 6.
1163 5098 1227 5110 -
1250 5070 1274 5107 ⁸
1293 5070 1478 5132 Ereti„
1504 5081 1726 5134 xxxviii,

179 5150 261 5198 23.
290 5173 356 5186 —
396 5149 420 5183 ὁ
465 5148 574 5197 imo
622 5151 802 5197 auctor
847 5144 1103 5207 Redime„
1146 5156 1240 5210 111,
1278 5147 1340 5208 8,
1379 5144 1514 5195 inter
1543 5143 1729 5207 Spuria

183 5220 453 5272 Ber-nardi.
486 5248 541 5258 -
573 5222 595 5256 ὓ
621 5220 813 5284 Beati„
843 5230 967 5279 xm,
1012 5220 1060 5268 5.
1098 5244 1164 5256 -
1198 5220 1219 5250 ⁸
1259 5218 1407 5281 Gal„
1456 5228 1544 5281 ιιι,
1587 5223 1634 5266 1.
1664 5242 1728 5253 —

183 5296 200 5326 ⁷
233 5297 247 5345 Ι
285 5294 470 5353 Thess„
509 5305 580 5357 iv,
613 5297 691 5344 ¹2.
716 5318 779 5329 —
818 5292 841 5327 ⁸
877 5292 1041 5343 Gloss.
1070 5305 1136 5342 ex
1169 5293 1303 5357 Aug.
1333 5317 1393 5330 -
1426 5292 1446 5357 ⁹.
1473 5288 1587 5350 doh,
1614 5300 1723 5355 xiv,

185 5371 232 5419 1.
276 5393 342 5405 -
379 5367 425 5402 ¹⁰
467 5366 662 5428 Thr-en„
700 5376 792 5428 111,
831 5367 909 5415 20.
938 5390 1002 5403 —-
1035 5365 1080 5401 ¹¹
1115 5367 1324 5428 Senec.,
1362 5363 1511 5429 epist.
1549 5373 1633 5414 cr..
1665 5388 1729 5399 —

3262 442 3383 513 623

1839 568 2059 636 tamen,
2079 569 2350 641 separata
2363 567 2582 639 anima,
2605 582 2820 644 corpus
2838 577 3104 634 remanet
3116 582 3385 638 creatura

1837 659 2143 718 vilissima.
2169 664 2355 735 Super
2378 661 2533 720 illud
2556 660 2579 695 ⁷
2606 665 2904 723 :Nolumus
2920 682 3013 726 vos
3039 671 3293 741 iunci-arc
3317 674 3385 731 dc

1839 752 2249 822 dormientibus,
2272 758 2405 825 etc„
2423 754 2631 814 Glossa
2660 759 2965 830 Augustini
2992 761 3015 797 ⁸
3033 780 3052 819 ε
3075 785 3104 818 ι
3135 766 3386 839 Corpus,

1842 845 2010 918 quod
2028 847 2176 904 vivit
2201 863 2273 905 ex
2294 848 2516 920 anima,
2533 849 2622 919 fit,
2646 850 2848 909 anima
2869 852 3230 929 discedente,
3249 874 3388 917 exa-

1841 938 2001 997 mine
2020 958 2035 997 :
2056 940 2222 1014 quod
2241 942 2611 1013 ambulabat,
2622 943 2798 1016 jacet3
2820 946 2989 1019 quod
3005 947 3384 1023 loquebatur,

1839 1036 1993 1090 tacet
2015 1051 2031 1090 τ
2051 1034 2208 1092 oculi
2225 1034 2409 1092 clausi
2432 1035 2629 1095 lucem
2644 1052 2768 1096 non
2793 1038 3051 1114 capiunt,
3073 1058 3242 1101 aures
3261 1044 3388 1101 nui·

1839 1126 1901 1184 la
1930 1144 2080 1187 voce
2105 1133 2434 1204 patescunt,
2461 1133 2872 1192 membrorum
2899 1135 3098 1195 officia
3125 1138 3386 1213 requies-

1841 1226 2000 1295 cunt,
2029 1239 2154 1281 non
2184 1224 2399 1300 estqui
2434 1230 2675 1284 moveat
2702 1242 2935 1300 gressus
2961 1229 3039 1287 ad
3073 1230 3389 1289 ambulan-

1841 1313 2007 1380 dum,
2048 1333 2262 1376 manus
2304 1318 2381 1376 ad
2419 1318 2813 1394 operandum,
2843 1337 3048 1382 sensus
3083 1322 3164 1382 ad
3205 1323 3388 1399 perfi-

1840 1408 2139 1467 ciendum.
2171 1431 2202 1465 n
2233 1414 2435 1469 Nonne
2463 1412 2575 1471 ista
2596 1418 2684 1471 est
2709 1413 2946 1487 domus,
2979 1432 3161 1490 quam
3185 1418 3385 1478 nescio

1839 1502 1974 1576 quis
2016 1502 2330 1562 invisibilis
2374 1504 2735 1565 inhabitator
2775 1508 3067 1566 ornabat?
3110 1510 3386 1580 Recessit,

1839 1595 2009 1671 quod
2051 1613 2189 1654 cum
2225 1614 2429 1657 amore
2473 1599 2810 1674 colebatur3
2864 1603 3178 1676 remansit,
3217 1605 3388 1678 quod

1839 1704 1977 1747 cum
1998 1690 2247 1750 horrore
2274 1691 2527 1750 videtur.
2550 1713 2579 1747 ι)

1910 1783 2183 1842 Secundo
2209 1786 2614 1857 recordemur,
2637 1786 2698 1845 in
2719 1790 3126 1864 contemptum
3147 1790 3387 1863 mundi,

1837 1878 2175 1939 transitum.
2200 1878 2622 1938 miserabilem.
2672 1900 2704 1936 a
2751 1885 2941 1942 Homo
2981 1884 3141 1942 enim
3165 1886 3189 1922 ⁰
3214 1886 3387 1944 brevi

1839 1970 2047 2030 vivens
2072 1975 2362 2047 tempore,
2398 1974 2660 2048 repletur
2693 1975 2894 2034 multis
2922 1979 3196 2045 miseriis,
3232 1995 3387 2037 nun-

1840 2080 2025 2139 quam
2054 2066 2298 2124 enimin
2324 2067 2539 2125 eodem
2565 2071 2715 2127 statu
2727 2075 3054 2143 permanet.
3087 2092 3116 2126 n
3149 2074 3192 2108 ¹⁰
3209 2092 3238 2125 ι
3270 2075 3387 2131 Me·

1839 2159 2031 2216 moria
2080 2175 2313 2217 memor
2359 2176 2494 2231 ero,
2539 2166 2592 2219 et
2644 2162 2904 2220 tabescet
2947 2163 3009 2221 in
3044 2181 3143 2222 me
3185 2164 3390 2224 anima

1838 2267 1993 2310 mea.
2024 2272 2056 2306 n
2081 2252 2400 2311 Tabescere
2427 2254 2589 2311 enim
2632 2260 2719 2313 est
2753 2258 2923 2330 quasi
2950 2259 3104 2315 mori
3131 2259 3245 2317 sub
3272 2259 3389 2318 mi-

1838 2347 1990 2404 seria
2001 2346 2152 2419 vitae,
2170 2350 2423 2405 mortem
2448 2352 2787 2422 exspectare
2805 2351 3105 2411 continue.
3125 2353 3163 2388 ¹¹
3189 2354 3389 2422 «Quo-

1838 2438 1980 2497 tidie
2028 2440 2349 2506 morimur,
2405 2441 2672 2516 quotidie
2720 2442 2977 2502 demitur
3011 2444 3216 2520 aliqua
3248 2462 3390 2521 pars

1838 2533 1971 2591 vitae
2001 2553 2016 2590 ε
2048 2550 2187 2592 cum
2214 2538 2564 2608 crescimus,
2597 2537 2723 2595 vita
2748 2537 3051 2597 decrescit.
3079 2559 3108 2595 n
3146 2537 3186 2582 ¹²
3216 2560 3244 2594 α
3271 2543 3389 2599 Me-

1830 2631 2042 2686 ·mento
2069 2627 2215 2702 quia
2246 2628 2317 2703 (c)
2348 2644 2511 2687 mors
2536 2646 2661 2689 non
2696 2631 2913 2689 tardat.
2956 2652 2986 2688 ιι
3035 2635 3113 2692 De
3139 2634 3390 2692 miseriis

1837 2719 2016 2795 hujus
2054 2722 2265 2780 mundi
2307 2723 2635 2787 Bernardus
2675 2726 2722 2763 ¹⁸
2753 2744 2768 2783 ε
2814 2744 2843 2780 α
2870 2726 3121 2786 Mundus
3147 2731 3254 2800 est,
3284 2728 3390 2787 ubi

1840 2813 2079 2874 malitiae
2105 2815 2452 2889 plurimum,
2480 2818 2780 2892 sapientiae
2811 2820 3140 2893 modicum,
3168 2821 3276 2879 ubi
3304 2821 3392 2879 vi-

1840 2907 1991 2966 tiosa
2016 2908 2256 2979 omnia,
2289 2909 2556 2983 lubrica,
2594 2927 2822 2987 opaca,
2868 2913 3114 2973 obsessa
3155 2915 3391 2990 laqueis

1838 3005 2221 3077 peccatorum
2239 3044 2262 3074 ,
2290 3003 2397 3061 ubi
2422 3003 2828 3077 periclitantur
2851 3006 3088 3079 animae,
3115 3007 3391 3081 affligun-

1839 3098 1935 3152 tur
1961 3093 2236 3170 spiritus,
2263 3096 2370 3155 ubi
2408 3101 2637 3156 tantum
2666 3099 2895 3158 vanitas
2931 3104 3038 3173 est,
3067 3107 3124 3161 et
3148 3101 3388 3160 afflictio

1839 3188 2094 3263 spiritus.
2129 3209 2160 3244 u
2191 3190 2308 3248 Sed
2353 3207 2389 3249 a
2435 3191 2908 3252 consideratione
2936 3195 3111 3268 huJ‘us
3142 3195 3391 3253 miseriae

1839 3298 1949 3340 nos
1976 3284 2188 3343 avertit
2230 3284 2708 3359 concupiscentia
2742 3287 2989 3358 mundi,
3044 3289 3390 3363 sophistica-

1838 3376 1951 3434 trix
1994 3378 2286 3436 mentium
2333 3397 2348 3437 t
2383 3395 2411 3435 s
2429 3378 2843 3454 ophisticando
2883 3381 3041 3439 enim
3079 3398 3216 3440 suas
3241 3382 3391 3441 viles

1836 3486 2085 3543 merceS,
2114 3471 2371 3531 occultat
2388 3489 2572 3531 onera
2597 3473 2710 3532 sub
2738 3474 3094 3548 honoribus,
3123 3476 3385 3549 pericula

1837 3564 1950 3621 sub
1979 3564 2364 3638 dignitatibus
2375 3608 2394 3638 ,
2422 3566 2661 3625 dolores
2697 3568 2809 3626 sub
2847 3566 3105 3641 deliciis,
3134 3569 3387 3642 languo-

1837 3671 1931 3715 res
1958 3659 2072 3714 sub
2101 3658 2341 3716 divitiis.
2370 3659 2532 3717 Unde
2560 3658 2643 3718 s'ic
2662 3664 2801 3718 sunt
2819 3677 3088 3735 respersa
3109 3664 3387 3721 amaritu-

1839 3752 2082 3810 dinibus
2126 3753 2330 3810 omnia
2349 3795 2369 3826 ,
2412 3752 2579 3828 quod
2639 3753 2952 3827 diligenter
3007 3757 3344 3816 examinata
3361 3799 3382 3830 ,

1836 3846 1974 3921 plus
2005 3846 2229 3905 habent
2259 3847 2336 3904 de
2378 3847 2667 3919 tristabili,
2709 3865 2893 3923 quam
2920 3849 2996 3909 de
3024 3850 3382 3911 delectabili.

1837 3943 1958 3999 Hoc
1981 3942 2204 4015 optime
2231 3940 2555 4014 figuratum
2594 3946 2682 4001 est
2722 3942 2879 4001 libro
2904 3949 3119 4018 quarto
3142 3947 3346 4017 Requm
3364 3987 3385 4018 ,

1836 4033 1982 4108 quia
2005 4035 2093 4092 ibi
2121 4034 2334 4093 dicitur
2361 4034 2426 4106 ²⁸,
2446 4034 2615 4110 quod
2648 4036 2928 4095 «Iezabel
2944 4037 3212 4111 depinxit
3241 4054 3385 4097 ocu·
3448 4068 3626 4113 ‚m

1836 4127 1929 4185 los
1968 4144 2111 4186 suos
2155 4128 2352 4187 stibio.
2395 4148 2427 4183 >i
2472 4129 2708 4188 lezabel
2757 4130 3173 4206 interpretatur
3203 4135 3386 4205 fluam
3410 4132 3537 4187 qnid·

1837 4238 2029 4294 vanus,
2055 4221 2155 4280 vel
2179 4225 2608 4295 sterquilinium,
2638 4227 2695 4281 et
2720 4224 2912 4297 signat
2934 4225 3249 4297 mundum,
3280 4226 3386 4301 qui

1837 4315 1986 4373 nihil
2012 4320 2119 4387 est,
2146 4315 2259 4373 nisi
2288 4315 2537 4390 quidam
2573 4316 2771 4374 fluxus
2810 4317 3083 4375 vanitatis
3109 4324 3166 4377 et
3189 4320 3384 4379 vilita-

1837 4410 1952 4468 tis:
1979 4411 2086 4485 qui
2114 4414 2254 4469 tunc
2280 4409 2458 4469 stibio
2483 4410 2693 4470 oculos
2709 4427 2850 4469 suos
2875 4411 3087 4486 pingit,
3114 4428 3253 4470 cum
3270 4412 3384 4471 do-

1837 4503 2016 4576 lores,
2047 4504 2378 4578 angustias,
2406 4503 2869 4578 amaritudines,
2913 4508 3084 4580 quasi
3132 4506 3388 4581 pingens

1838 4597 2172 4670 coloribus,
2202 4597 2532 4672 sophisticis
2587 4597 3077 4658 delectationibus
3118 4600 3388 4675 superin-

1836 4690 2052 4749 fundit.

1906 4786 2096 4843 Tertio
2135 4785 2550 4859 recordemur,
2588 4786 2650 4845 in
2677 4791 3082 4863 contemptum
3130 4791 3382 4863 peccati,

1838 4879 2070 4938 obitum
2085 4879 2456 4938 horribilem.
2479 4882 2626 4939 Nam
2644 4881 2974 4940 secundum
2993 4882 3297 4942 Platonem
3317 4884 3381 4955 ¹⁸,

1839 5056 1881 5091 ¹¹
1908 5055 2089 5115 Ecca„
2128 5065 2235 5119 ΣΝ,
2273 5056 2353 5106 12.
2390 5080 2453 5092 —
2497 5055 2542 5091 ¹⁸
2583 5056 2849 5120 Bernard„
2889 5059 2943 5106 tn
2980 5058 3181 5109 Assem.
3212 5058 3383 5122 Dona,

1836 5139 1993 5177 serm.
2027 5136 2081 5190 v,
2120 5140 2173 5177 n.
2219 5130 2267 5177 2.
2294 5152 2357 5164 —
2398 5128 2439 5162 ¹⁴
2480 5128 2545 5177 iv
2574 5128 2711 5193 Κεφ,
2749 5140 2837 5190 11,
2875 5130 2953 5181 30.
2982 5152 3047 5167 ——
3076 5130 3114 5165 '⁸
3143 5129 3293 5191 Pht..
3321 5131 3384 5183 de

1836 5198 2006 5249 duim.
2035 5196 2355 5248 immortalit.

1904 5289 1970 5352 (α)
2031 5288 2151 5337 Coet.
2209 5285 2330 5338 edit.
2376 5286 2508 5338 deest
2557 5290 2630 5338 et.
2678 5315 2733 5326 —
2781 5288 2851 5354 (b)
2904 5290 3024 5341 Item
3071 5290 3275 5344 fuerint.
3317 5320 3384 5335 —

1837 5361 1904 5427 (ο)
1945 5359 2090 5425 Vulq.
2121 5360 2321 5412 Memor
2352 5364 2465 5412 esto
2491 5360 2753 5427 quoniam.
