<?xml version="1.0" encoding="UTF-8"?>
<!DOCTYPE html PUBLIC "-//W3C//DTD XHTML 1.0 Transitional//EN"
    "http://www.w3.org/TR/xhtml1/DTD/xhtml1-transitional.dtd">
<html xmlns="http://www.w3.org/1999/xhtml" xml:lang="en" lang="en">
 <head>
  <title>
</title>
<meta http-equiv="Content-Type" content="text/html;charset=utf-8" />
  <meta name='ocr-system' content='tesseract 3.04.00' />
  <meta name='ocr-capabilities' content='ocr_page ocr_carea ocr_par ocr_line ocrx_word'/>
</head>
<body>
  <div class='ocr_page' id='page_1' title='image "./srecardinalissb02peltgoog_0409.png"; bbox 0 0 4059 6317; ppageno 0'>
   <div class='ocr_carea' id='block_1_1' title="bbox 153 1030 1722 1983">
    <p class='ocr_par' dir='ltr' id='par_1_1' title="bbox 153 1030 1722 1983">
     <span class='ocr_line' id='line_1_1' title="bbox 169 1030 1722 1119; baseline 0.008 -28"><span class='ocrx_word' id='word_1_1' title='bbox 169 1031 237 1091; x_wconf 89' lang='lat' dir='ltr'>et</span> <span class='ocrx_word' id='word_1_2' title='bbox 268 1047 385 1109; x_wconf 89' lang='lat' dir='ltr'>per</span> <span class='ocrx_word' id='word_1_3' title='bbox 410 1030 633 1096; x_wconf 91' lang='lat' dir='ltr'>eadem</span> <span class='ocrx_word' id='word_1_4' title='bbox 677 1034 1051 1116; x_wconf 83' lang='lat' dir='ltr'><strong>puniantur,</strong></span> <span class='ocrx_word' id='word_1_5' title='bbox 1101 1037 1186 1100; x_wconf 82' lang='lat' dir='ltr'>‘ex</span> <span class='ocrx_word' id='word_1_6' title='bbox 1223 1037 1457 1119; x_wconf 89' lang='lat' dir='ltr'>quibus</span> <span class='ocrx_word' id='word_1_7' title='bbox 1495 1041 1722 1105; x_wconf 89' lang='lat' dir='ltr'>consti-</span> 
     </span>
     <span class='ocr_line' id='line_1_2' title="bbox 168 1136 1717 1228; baseline 0.01 -31"><span class='ocrx_word' id='word_1_8' title='bbox 168 1137 472 1201; x_wconf 89' lang='lat' dir='ltr'>tunntur.</span> <span class='ocrx_word' id='word_1_9' title='bbox 503 1136 633 1203; x_wconf 90' lang='lat' dir='ltr'>Nec</span> <span class='ocrx_word' id='word_1_10' title='bbox 657 1140 803 1205; x_wconf 79' lang='lat' dir='ltr'>talis</span> <span class='ocrx_word' id='word_1_11' title='bbox 829 1143 1116 1207; x_wconf 84' lang='lat' dir='ltr'>confusio</span> <span class='ocrx_word' id='word_1_12' title='bbox 1158 1161 1416 1226; x_wconf 85' lang='lat' dir='ltr'>poeuam</span> <span class='ocrx_word' id='word_1_13' title='bbox 1458 1146 1717 1228; x_wconf 80' lang='lat' dir='ltr'>minuit,</span> 
     </span>
     <span class='ocr_line' id='line_1_3' title="bbox 165 1242 1718 1333; baseline 0.011 -28"><span class='ocrx_word' id='word_1_14' title='bbox 165 1242 279 1305; x_wconf 86' lang='lat' dir='ltr'>sed</span> <span class='ocrx_word' id='word_1_15' title='bbox 308 1249 528 1327; x_wconf 90' lang='lat' dir='ltr'>auget,</span> <span class='ocrx_word' id='word_1_16' title='bbox 568 1264 687 1330; x_wconf 90' lang='lat' dir='ltr'>pro</span> <span class='ocrx_word' id='word_1_17' title='bbox 732 1267 809 1313; x_wconf 91' lang='lat' dir='ltr'>eo</span> <span class='ocrx_word' id='word_1_18' title='bbox 844 1251 1017 1333; x_wconf 89' lang='lat' dir='ltr'>quod</span> <span class='ocrx_word' id='word_1_19' title='bbox 1050 1251 1215 1315; x_wconf 89' lang='lat' dir='ltr'>actio</span> <span class='ocrx_word' id='word_1_20' title='bbox 1255 1250 1718 1321; x_wconf 86' lang='lat' dir='ltr'>elementorum</span> 
     </span>
     <span class='ocr_line' id='line_1_4' title="bbox 163 1353 1716 1441; baseline 0.012 -30"><span class='ocrx_word' id='word_1_21' title='bbox 163 1353 402 1415; x_wconf 86' lang='lat' dir='ltr'>mutua</span> <span class='ocrx_word' id='word_1_22' title='bbox 451 1357 593 1435; x_wconf 80' lang='lat' dir='ltr'>post</span> <span class='ocrx_word' id='word_1_23' title='bbox 646 1358 1179 1424; x_wconf 82' lang='lat' dir='ltr'>resurrectionem</span> <span class='ocrx_word' id='word_1_24' title='bbox 1233 1362 1521 1441; x_wconf 82' lang='lat' dir='ltr'>cessabit,</span> <span class='ocrx_word' id='word_1_25' title='bbox 1567 1382 1716 1428; x_wconf 91' lang='lat' dir='ltr'>cum</span> 
     </span>
     <span class='ocr_line' id='line_1_5' title="bbox 161 1460 1715 1549; baseline 0.011 -30"><span class='ocrx_word' id='word_1_26' title='bbox 161 1460 368 1521; x_wconf 81' lang='lat' dir='ltr'>cesset</span> <span class='ocrx_word' id='word_1_27' title='bbox 396 1462 726 1540; x_wconf 84' lang='lat' dir='ltr'>generatio</span> <span class='ocrx_word' id='word_1_28' title='bbox 779 1467 844 1528; x_wconf 93' lang='lat' dir='ltr'>et</span> <span class='ocrx_word' id='word_1_29' title='bbox 893 1467 1218 1549; x_wconf 82' lang='lat' dir='ltr'>corruptio</span> <span class='ocrx_word' id='word_1_30' title='bbox 1231 1516 1249 1547; x_wconf 89' lang='lat'>‚</span> <span class='ocrx_word' id='word_1_31' title='bbox 1298 1471 1362 1532; x_wconf 90' lang='lat' dir='ltr'>et</span> <span class='ocrx_word' id='word_1_32' title='bbox 1405 1488 1715 1537; x_wconf 91' lang='lat' dir='ltr'>numerus</span> 
     </span>
     <span class='ocr_line' id='line_1_6' title="bbox 158 1562 1712 1656; baseline 0.013 -30"><span class='ocrx_word' id='word_1_33' title='bbox 158 1562 513 1632; x_wconf 88' lang='lat' dir='ltr'>electorum</span> <span class='ocrx_word' id='word_1_34' title='bbox 572 1569 654 1634; x_wconf 90' lang='lat' dir='ltr'>sit</span> <span class='ocrx_word' id='word_1_35' title='bbox 703 1573 1058 1656; x_wconf 83' lang='lat' dir='ltr'>completus</span> <span class='ocrx_word' id='word_1_36' title='bbox 1103 1596 1120 1639; x_wconf 79' lang='lat' dir='ltr'>t</span> <span class='ocrx_word' id='word_1_37' title='bbox 1165 1578 1451 1642; x_wconf 87' lang='lat' dir='ltr'>manebit</span> <span class='ocrx_word' id='word_1_38' title='bbox 1497 1583 1712 1646; x_wconf 88' lang='lat' dir='ltr'>tamen</span> 
     </span>
     <span class='ocr_line' id='line_1_7' title="bbox 157 1676 1708 1770; baseline 0.012 -34"><span class='ocrx_word' id='word_1_39' title='bbox 157 1688 393 1738; x_wconf 86' lang='lat' dir='ltr'>eorum</span> <span class='ocrx_word' id='word_1_40' title='bbox 434 1676 600 1741; x_wconf 83' lang='lat' dir='ltr'>actio</span> <span class='ocrx_word' id='word_1_41' title='bbox 639 1684 859 1744; x_wconf 89' lang='lat' dir='ltr'>contra</span> <span class='ocrx_word' id='word_1_42' title='bbox 906 1699 1174 1765; x_wconf 91' lang='lat' dir='ltr'>corpora</span> <span class='ocrx_word' id='word_1_43' title='bbox 1226 1683 1708 1770; x_wconf 88' lang='lat' dir='ltr'>damnatorum,</span> 
     </span>
     <span class='ocr_line' id='line_1_8' title="bbox 156 1779 1705 1877; baseline 0.014 -34"><span class='ocrx_word' id='word_1_44' title='bbox 156 1779 317 1862; x_wconf 84' lang='lat' dir='ltr'>quia</span> <span class='ocrx_word' id='word_1_45' title='bbox 342 1782 425 1847; x_wconf 90' lang='lat' dir='ltr'>ad</span> <span class='ocrx_word' id='word_1_46' title='bbox 452 1783 575 1848; x_wconf 90' lang='lat' dir='ltr'>hoc</span> <span class='ocrx_word' id='word_1_47' title='bbox 600 1787 809 1851; x_wconf 88' lang='lat' dir='ltr'>omnis</span> <span class='ocrx_word' id='word_1_48' title='bbox 843 1788 1053 1855; x_wconf 83' lang='lat' dir='ltr'>virtus</span> <span class='ocrx_word' id='word_1_49' title='bbox 1094 1808 1317 1858; x_wconf 89' lang='lat' dir='ltr'>eorum</span> <span class='ocrx_word' id='word_1_50' title='bbox 1360 1794 1705 1877; x_wconf 79' lang='lat' dir='ltr'>dirigetur,</span> 
     </span>
     <span class='ocr_line' id='line_1_9' title="bbox 153 1889 1709 1983; baseline 0.014 -35"><span class='ocrx_word' id='word_1_51' title='bbox 153 1902 291 1951; x_wconf 89' lang='lat' dir='ltr'>non</span> <span class='ocrx_word' id='word_1_52' title='bbox 314 1892 390 1952; x_wconf 92' lang='lat' dir='ltr'>ut</span> <span class='ocrx_word' id='word_1_53' title='bbox 409 1889 694 1957; x_wconf 83' lang='lat' dir='ltr'>intendat</span> <span class='ocrx_word' id='word_1_54' title='bbox 717 1893 1143 1978; x_wconf 90' lang='lat' dir='ltr'>multiplicare</span> <span class='ocrx_word' id='word_1_55' title='bbox 1168 1900 1464 1983; x_wconf 87' lang='lat' dir='ltr'>speciem,</span> <span class='ocrx_word' id='word_1_56' title='bbox 1496 1903 1607 1969; x_wconf 88' lang='lat' dir='ltr'>sed</span> <span class='ocrx_word' id='word_1_57' title='bbox 1635 1909 1709 1969; x_wconf 89' lang='lat' dir='ltr'>ut</span> 
     </span>
    </p>
   </div>
   <div class='ocr_carea' id='block_1_2' title="bbox 151 1931 3346 2084">
    <p class='ocr_par' dir='ltr' id='par_1_2' title="bbox 151 1931 3346 2084">
     <span class='ocr_line' id='line_1_10' title="bbox 2522 1931 3346 2028; baseline 0.028 -37"><span class='ocrx_word' id='word_1_58' title='bbox 2522 1949 2539 1992; x_wconf 70' lang='grc' dir='ltr'>ε</span> <span class='ocrx_word' id='word_1_59' title='bbox 2599 1952 2628 1991; x_wconf 78' lang='grc' dir='ltr'><strong>ο</strong></span> <span class='ocrx_word' id='word_1_60' title='bbox 2667 1931 2990 2005; x_wconf 87' lang='lat' dir='ltr'>Foderunt</span> <span class='ocrx_word' id='word_1_61' title='bbox 3020 1959 3279 2028; x_wconf 90' lang='lat' dir='ltr'>manus,</span> <span class='ocrx_word' id='word_1_62' title='bbox 3314 1973 3346 2012; x_wconf 68' lang='grc' dir='ltr'><strong>ο</strong></span> 
     </span>
     <span class='ocr_line' id='line_1_11' title="bbox 151 1996 1708 2084; baseline 0.011 -26"><span class='ocrx_word' id='word_1_63' title='bbox 151 1996 512 2062; x_wconf 86' lang='lat' dir='ltr'>secundum</span> <span class='ocrx_word' id='word_1_64' title='bbox 542 1999 890 2084; x_wconf 89' lang='lat' dir='ltr'>imperium</span> <span class='ocrx_word' id='word_1_65' title='bbox 917 2004 1227 2072; x_wconf 88' lang='lat' dir='ltr'>Creatoris</span> <span class='ocrx_word' id='word_1_66' title='bbox 1248 2009 1529 2076; x_wconf 83' lang='lat' dir='ltr'>vindicet</span> <span class='ocrx_word' id='word_1_67' title='bbox 1545 2011 1708 2075; x_wconf 90' lang='lat' dir='ltr'>divi-</span> 
     </span>
    </p>
   </div>
   <div class='ocr_carea' id='block_1_3' title="bbox 1810 2016 3353 2234">
    <p class='ocr_par' dir='ltr' id='par_1_3' title="bbox 1810 2016 3353 2234">
     <span class='ocr_line' id='line_1_12' title="bbox 1811 2016 3353 2134; baseline 0.03 -58"><span class='ocrx_word' id='word_1_68' title='bbox 1811 2016 1930 2080; x_wconf 88' lang='lat' dir='ltr'>etc.</span> <span class='ocrx_word' id='word_1_69' title='bbox 1963 2017 2219 2087; x_wconf 82' lang='lat' dir='ltr'>Stercus</span> <span class='ocrx_word' id='word_1_70' title='bbox 2252 2045 2509 2114; x_wconf 85' lang='lat' dir='ltr'>quoque</span> <span class='ocrx_word' id='word_1_71' title='bbox 2545 2037 2851 2124; x_wconf 86' lang='lat' dir='ltr'>mittitur,</span> <span class='ocrx_word' id='word_1_72' title='bbox 2887 2045 3043 2113; x_wconf 90' lang='lat' dir='ltr'>dum</span> <span class='ocrx_word' id='word_1_73' title='bbox 3069 2057 3353 2134; x_wconf 82' lang='lat' dir='ltr'>putrefa-</span> 
     </span>
     <span class='ocr_line' id='line_1_13' title="bbox 1810 2121 3346 2234; baseline 0.033 -51"><span class='ocrx_word' id='word_1_74' title='bbox 1810 2121 1936 2187; x_wconf 83' lang='lat' dir='ltr'>ctio</span> <span class='ocrx_word' id='word_1_75' title='bbox 1975 2124 2192 2196; x_wconf 80' lang='lat' dir='ltr'>futura</span> <span class='ocrx_word' id='word_1_76' title='bbox 2239 2133 2488 2204; x_wconf 90' lang='lat' dir='ltr'>homini</span> <span class='ocrx_word' id='word_1_77' title='bbox 2541 2145 2621 2209; x_wconf 89' lang='lat' dir='ltr'>ad</span> <span class='ocrx_word' id='word_1_78' title='bbox 2678 2157 2957 2218; x_wconf 86' lang='lat' dir='ltr'>mentem</span> <span class='ocrx_word' id='word_1_79' title='bbox 2998 2160 3346 2234; x_wconf 82' lang='lat' dir='ltr'>reducitur.</span> 
     </span>
    </p>
   </div>
   <div class='ocr_carea' id='block_1_4' title="bbox 141 2103 1703 2739">
    <p class='ocr_par' dir='ltr' id='par_1_4' title="bbox 147 2103 1703 2286">
     <span class='ocr_line' id='line_1_14' title="bbox 148 2103 1703 2200; baseline 0.014 -36"><span class='ocrx_word' id='word_1_80' title='bbox 148 2120 310 2167; x_wconf 89' lang='lat' dir='ltr'>nam</span> <span class='ocrx_word' id='word_1_81' title='bbox 353 2103 686 2187; x_wconf 80' lang='lat' dir='ltr'>injuriam,</span> <span class='ocrx_word' id='word_1_82' title='bbox 743 2127 890 2193; x_wconf 81' lang='lat' dir='ltr'>quae</span> <span class='ocrx_word' id='word_1_83' title='bbox 935 2114 1194 2196; x_wconf 86' lang='lat' dir='ltr'>quidem</span> <span class='ocrx_word' id='word_1_84' title='bbox 1227 2117 1337 2181; x_wconf 88' lang='lat' dir='ltr'>flet</span> <span class='ocrx_word' id='word_1_85' title='bbox 1362 2117 1703 2200; x_wconf 83' lang='lat' dir='ltr'>affligendo</span> 
     </span>
     <span class='ocr_line' id='line_1_15' title="bbox 147 2207 1236 2286; baseline 0.016 -14"><span class='ocrx_word' id='word_1_86' title='bbox 147 2207 508 2277; x_wconf 83' lang='lat' dir='ltr'>humanam</span> <span class='ocrx_word' id='word_1_87' title='bbox 535 2220 856 2286; x_wconf 84' lang='lat' dir='ltr'>naturam.</span> <span class='ocrx_word' id='word_1_88' title='bbox 1228 2241 1236 2252; x_wconf 93' lang='lat'><strong>·</strong></span> 
     </span>
    </p>

    <p class='ocr_par' dir='ltr' id='par_1_5' title="bbox 141 2315 1701 2739">
     <span class='ocr_line' id='line_1_16' title="bbox 226 2315 1701 2418; baseline 0.012 -36"><span class='ocrx_word' id='word_1_89' title='bbox 226 2315 445 2385; x_wconf 88' lang='lat' dir='ltr'>Tertio</span> <span class='ocrx_word' id='word_1_90' title='bbox 471 2321 577 2387; x_wconf 88' lang='lat' dir='ltr'>ille</span> <span class='ocrx_word' id='word_1_91' title='bbox 610 2323 786 2406; x_wconf 84' lang='lat' dir='ltr'>ignis</span> <span class='ocrx_word' id='word_1_92' title='bbox 825 2327 895 2391; x_wconf 89' lang='lat' dir='ltr'>in</span> <span class='ocrx_word' id='word_1_93' title='bbox 932 2347 1062 2412; x_wconf 80' lang='lat' dir='ltr'>quo</span> <span class='ocrx_word' id='word_1_94' title='bbox 1103 2330 1471 2416; x_wconf 79' lang='lat' dir='ltr'>deformitas</span> <span class='ocrx_word' id='word_1_95' title='bbox 1494 2334 1701 2418; x_wconf 79' lang='lat' dir='ltr'>culpae</span> 
     </span>
     <span class='ocr_line' id='line_1_17' title="bbox 142 2411 1699 2524; baseline 0.013 -35"><span class='ocrx_word' id='word_1_96' title='bbox 142 2411 575 2511; x_wconf 85' lang='lat' dir='ltr'>ordinabitur,</span> <span class='ocrx_word' id='word_1_97' title='bbox 624 2439 719 2499; x_wconf 86' lang='lat' dir='ltr'>est</span> <span class='ocrx_word' id='word_1_98' title='bbox 762 2434 1147 2502; x_wconf 86' lang='lat' dir='ltr'>inevitabilis</span> <span class='ocrx_word' id='word_1_99' title='bbox 1201 2445 1459 2524; x_wconf 89' lang='lat' dir='ltr'>propter</span> <span class='ocrx_word' id='word_1_100' title='bbox 1498 2443 1699 2510; x_wconf 84' lang='lat' dir='ltr'>divini</span> 
     </span>
     <span class='ocr_line' id='line_1_18' title="bbox 141 2534 1697 2628; baseline 0.014 -32"><span class='ocrx_word' id='word_1_101' title='bbox 141 2534 385 2615; x_wconf 88' lang='lat' dir='ltr'>rigoris</span> <span class='ocrx_word' id='word_1_102' title='bbox 403 2540 830 2607; x_wconf 84' lang='lat' dir='ltr'>severitatem.</span> <span class='ocrx_word' id='word_1_103' title='bbox 861 2542 1042 2609; x_wconf 22' lang='lat' dir='ltr'>Unde,</span> <span class='ocrx_word' id='word_1_104' title='bbox 1068 2547 1088 2582; x_wconf 88' lang='lat'>¹</span> <span class='ocrx_word' id='word_1_105' title='bbox 1121 2569 1136 2610; x_wconf 73' lang='grc' dir='ltr'>ε</span> <span class='ocrx_word' id='word_1_106' title='bbox 1175 2569 1209 2607; x_wconf 73' lang='grc' dir='ltr'><strong>α</strong></span> <span class='ocrx_word' id='word_1_107' title='bbox 1238 2548 1416 2628; x_wconf 86' lang='lat' dir='ltr'>Ignis</span> <span class='ocrx_word' id='word_1_108' title='bbox 1437 2569 1697 2617; x_wconf 85' lang='lat' dir='ltr'>succen-</span> 
     </span>
     <span class='ocr_line' id='line_1_19' title="bbox 143 2644 1697 2739; baseline 0.014 -36"><span class='ocrx_word' id='word_1_109' title='bbox 143 2658 253 2704; x_wconf 87' lang='lat' dir='ltr'>sus</span> <span class='ocrx_word' id='word_1_110' title='bbox 297 2649 397 2707; x_wconf 90' lang='lat' dir='ltr'>est</span> <span class='ocrx_word' id='word_1_111' title='bbox 438 2644 504 2708; x_wconf 91' lang='lat' dir='ltr'>in</span> <span class='ocrx_word' id='word_1_112' title='bbox 547 2647 763 2713; x_wconf 80' lang='lat' dir='ltr'>furore</span> <span class='ocrx_word' id='word_1_113' title='bbox 805 2668 970 2730; x_wconf 86' lang='lat' dir='ltr'>meo,</span> <span class='ocrx_word' id='word_1_114' title='bbox 1005 2654 1069 2715; x_wconf 91' lang='lat' dir='ltr'>et</span> <span class='ocrx_word' id='word_1_115' title='bbox 1095 2654 1341 2719; x_wconf 87' lang='lat' dir='ltr'>ardebit</span> <span class='ocrx_word' id='word_1_116' title='bbox 1381 2674 1586 2739; x_wconf 85' lang='lat' dir='ltr'>usque</span> <span class='ocrx_word' id='word_1_117' title='bbox 1616 2660 1697 2724; x_wconf 86' lang='lat' dir='ltr'>ad</span> 
     </span>
    </p>
   </div>
   <div class='ocr_carea' id='block_1_5' title="bbox 1802 2227 3351 2772">
    <p class='ocr_par' dir='ltr' id='par_1_6' title="bbox 1802 2227 3351 2772">
     <span class='ocr_line' id='line_1_20' title="bbox 1808 2227 3351 2352; baseline 0.034 -65"><span class='ocrx_word' id='word_1_118' title='bbox 1808 2227 1832 2262; x_wconf 88' lang='lat'>⁷</span> <span class='ocrx_word' id='word_1_119' title='bbox 1878 2252 1909 2290; x_wconf 77' lang='grc' dir='ltr'><em>α</em></span> <span class='ocrx_word' id='word_1_120' title='bbox 1936 2227 2005 2294; x_wconf 90' lang='lat' dir='ltr'>Si</span> <span class='ocrx_word' id='word_1_121' title='bbox 2043 2240 2393 2308; x_wconf 83' lang='lat' dir='ltr'>ascenderit</span> <span class='ocrx_word' id='word_1_122' title='bbox 2417 2247 2485 2311; x_wconf 91' lang='lat' dir='ltr'>in</span> <span class='ocrx_word' id='word_1_123' title='bbox 2510 2251 2745 2320; x_wconf 82' lang='lat' dir='ltr'>coelum</span> <span class='ocrx_word' id='word_1_124' title='bbox 2771 2263 3069 2344; x_wconf 87' lang='lat' dir='ltr'>superbia</span> <span class='ocrx_word' id='word_1_125' title='bbox 3094 2270 3255 2352; x_wconf 83' lang='lat' dir='ltr'>ejus,</span> <span class='ocrx_word' id='word_1_126' title='bbox 3286 2278 3351 2339; x_wconf 90' lang='lat' dir='ltr'>et</span> 
     </span>
     <span class='ocr_line' id='line_1_21' title="bbox 1807 2343 3348 2461; baseline 0.032 -63"><span class='ocrx_word' id='word_1_127' title='bbox 1807 2343 1996 2420; x_wconf 90' lang='lat' dir='ltr'>caput</span> <span class='ocrx_word' id='word_1_128' title='bbox 2028 2344 2174 2425; x_wconf 85' lang='lat' dir='ltr'>ejus</span> <span class='ocrx_word' id='word_1_129' title='bbox 2215 2351 2421 2417; x_wconf 88' lang='lat' dir='ltr'>nubes</span> <span class='ocrx_word' id='word_1_130' title='bbox 2456 2358 2766 2444; x_wconf 86' lang='lat' dir='ltr'>tetigerit,</span> <span class='ocrx_word' id='word_1_131' title='bbox 2809 2370 2994 2450; x_wconf 86' lang='lat' dir='ltr'>quasi</span> <span class='ocrx_word' id='word_1_132' title='bbox 3033 2361 3348 2461; x_wconf 73' lang='lat' dir='ltr'>sterquili-</span> 
     </span>
     <span class='ocr_line' id='line_1_22' title="bbox 1805 2443 3348 2562; baseline 0.032 -57"><span class='ocrx_word' id='word_1_133' title='bbox 1805 2443 1987 2510; x_wconf 85' lang='lat' dir='ltr'>nium</span> <span class='ocrx_word' id='word_1_134' title='bbox 2013 2449 2083 2514; x_wconf 91' lang='lat' dir='ltr'>in</span> <span class='ocrx_word' id='word_1_135' title='bbox 2111 2454 2241 2520; x_wconf 85' lang='lat' dir='ltr'>fine</span> <span class='ocrx_word' id='word_1_136' title='bbox 2280 2459 2420 2526; x_wconf 89' lang='lat' dir='ltr'>erit.</span> <span class='ocrx_word' id='word_1_137' title='bbox 2449 2485 2481 2523; x_wconf 67' lang='grc' dir='ltr'>ι)</span> <span class='ocrx_word' id='word_1_138' title='bbox 2516 2465 2938 2557; x_wconf 85' lang='lat' dir='ltr'>Quicumque,</span> <span class='ocrx_word' id='word_1_139' title='bbox 2967 2485 3109 2562; x_wconf 86' lang='lat' dir='ltr'>post</span> <span class='ocrx_word' id='word_1_140' title='bbox 3140 2489 3348 2553; x_wconf 81' lang='lat' dir='ltr'>tantas</span> 
     </span>
     <span class='ocr_line' id='line_1_23' title="bbox 1803 2549 3341 2673; baseline 0.031 -60"><span class='ocrx_word' id='word_1_141' title='bbox 1803 2549 2087 2622; x_wconf 87' lang='lat' dir='ltr'>inducias</span> <span class='ocrx_word' id='word_1_142' title='bbox 2116 2565 2179 2625; x_wconf 90' lang='lat' dir='ltr'>et</span> <span class='ocrx_word' id='word_1_143' title='bbox 2205 2582 2411 2650; x_wconf 89' lang='lat' dir='ltr'>curas,</span> <span class='ocrx_word' id='word_1_144' title='bbox 2447 2589 2578 2638; x_wconf 91' lang='lat' dir='ltr'>non</span> <span class='ocrx_word' id='word_1_145' title='bbox 2611 2576 2759 2644; x_wconf 80' lang='lat' dir='ltr'>fecit</span> <span class='ocrx_word' id='word_1_146' title='bbox 2789 2583 2871 2664; x_wconf 89' lang='grc' dir='ltr'>(α)</span> <span class='ocrx_word' id='word_1_147' title='bbox 2899 2585 3207 2673; x_wconf 77' lang='lat' dir='ltr'>fructum,</span> <span class='ocrx_word' id='word_1_148' title='bbox 3239 2594 3341 2660; x_wconf 89' lang='lat' dir='ltr'>in-</span> 
     </span>
     <span class='ocr_line' id='line_1_24' title="bbox 1802 2664 3343 2772; baseline 0.031 -51"><span class='ocrx_word' id='word_1_149' title='bbox 1802 2664 2187 2732; x_wconf 85' lang='lat' dir='ltr'>excusabilis</span> <span class='ocrx_word' id='word_1_150' title='bbox 2223 2679 2338 2738; x_wconf 88' lang='lat' dir='ltr'>est.</span> <span class='ocrx_word' id='word_1_151' title='bbox 2383 2677 2763 2752; x_wconf 86' lang='lat' dir='ltr'>Ambrosius</span> <span class='ocrx_word' id='word_1_152' title='bbox 2788 2689 2812 2725; x_wconf 83' lang='lat'>⁸</span> <span class='ocrx_word' id='word_1_153' title='bbox 2842 2713 2858 2756; x_wconf 90' lang='lat'>:</span> <span class='ocrx_word' id='word_1_154' title='bbox 2901 2715 2933 2755; x_wconf 79' lang='grc' dir='ltr'><strong>α</strong></span> <span class='ocrx_word' id='word_1_155' title='bbox 2957 2693 3097 2772; x_wconf 85' lang='lat' dir='ltr'>Quo</span> <span class='ocrx_word' id='word_1_156' title='bbox 3129 2698 3343 2767; x_wconf 90' lang='lat' dir='ltr'>indul-</span> 
     </span>
    </p>
   </div>
   <div class='ocr_carea' id='block_1_6' title="bbox 104 2747 3386 5262">
    <p class='ocr_par' dir='ltr' id='par_1_7' title="bbox 104 2747 3386 5262">
     <span class='ocr_line' id='line_1_25' title="bbox 140 2747 3340 2891; baseline 0.021 -81"><span class='ocrx_word' id='word_1_157' title='bbox 140 2747 375 2813; x_wconf 82' lang='lat' dir='ltr'>inl&#39;erni</span> <span class='ocrx_word' id='word_1_158' title='bbox 403 2753 789 2853; x_wconf 77' lang='lat' dir='ltr'>novissima.</span> <span class='ocrx_word' id='word_1_159' title='bbox 826 2779 857 2816; x_wconf 73' lang='lat' dir='ltr'>n</span> <span class='ocrx_word' id='word_1_160' title='bbox 903 2757 1107 2840; x_wconf 82' lang='lat' dir='ltr'>Rigor</span> <span class='ocrx_word' id='word_1_161' title='bbox 1136 2760 1372 2826; x_wconf 82' lang='lat' dir='ltr'>divinae</span> <span class='ocrx_word' id='word_1_162' title='bbox 1399 2764 1689 2846; x_wconf 76' lang='lat' dir='ltr'>justitiae,</span> <span class='ocrx_word' id='word_1_163' title='bbox 1801 2769 2059 2846; x_wconf 78' lang='lat' dir='ltr'>gentior</span> <span class='ocrx_word' id='word_1_164' title='bbox 2095 2772 2456 2867; x_wconf 78' lang='lat' dir='ltr'>liberalitas,</span> <span class='ocrx_word' id='word_1_165' title='bbox 2496 2805 2575 2855; x_wconf 90' lang='lat' dir='ltr'>eo</span> <span class='ocrx_word' id='word_1_166' title='bbox 2606 2791 3102 2870; x_wconf 83' lang='lat' dir='ltr'>inexcusabilior</span> <span class='ocrx_word' id='word_1_167' title='bbox 3139 2811 3340 2891; x_wconf 77' lang='lat' dir='ltr'>perti-</span> 
     </span>
     <span class='ocr_line' id='line_1_26' title="bbox 136 2854 2595 2962; baseline 0.011 -43"><span class='ocrx_word' id='word_1_168' title='bbox 136 2854 217 2919; x_wconf 86' lang='lat' dir='ltr'>ad</span> <span class='ocrx_word' id='word_1_169' title='bbox 243 2875 441 2939; x_wconf 79' lang='lat' dir='ltr'>quem</span> <span class='ocrx_word' id='word_1_170' title='bbox 466 2862 739 2943; x_wconf 83' lang='lat' dir='ltr'>pertinet</span> <span class='ocrx_word' id='word_1_171' title='bbox 767 2864 1237 2932; x_wconf 79' lang='lat' dir='ltr'>malefactorem</span> <span class='ocrx_word' id='word_1_172' title='bbox 1280 2870 1535 2952; x_wconf 91' lang='lat' dir='ltr'>punire,</span> <span class='ocrx_word' id='word_1_173' title='bbox 1579 2891 1688 2936; x_wconf 86' lang='lat' dir='ltr'>ac·</span> <span class='ocrx_word' id='word_1_174' title='bbox 1796 2875 1982 2940; x_wconf 83' lang='lat' dir='ltr'>nacia</span> <span class='ocrx_word' id='word_1_175' title='bbox 2010 2878 2112 2962; x_wconf 79' lang='lat' dir='ltr'>(b).</span> <span class='ocrx_word' id='word_1_176' title='bbox 2138 2904 2170 2943; x_wconf 72' lang='lat' dir='ltr'>n</span> <span class='ocrx_word' id='word_1_177' title='bbox 2578 2926 2595 2946; x_wconf 88' lang='lat'>.</span> 
     </span>
     <span class='ocr_line' id='line_1_27' title="bbox 135 2963 3337 3089; baseline 0.02 -64"><span class='ocrx_word' id='word_1_178' title='bbox 135 2963 448 3030; x_wconf 85' lang='lat' dir='ltr'>cendetur</span> <span class='ocrx_word' id='word_1_179' title='bbox 471 2967 542 3031; x_wconf 92' lang='lat' dir='ltr'>in</span> <span class='ocrx_word' id='word_1_180' title='bbox 569 2968 670 3033; x_wconf 91' lang='lat' dir='ltr'>die</span> <span class='ocrx_word' id='word_1_181' title='bbox 689 2970 917 3051; x_wconf 88' lang='lat' dir='ltr'>jndicii</span> <span class='ocrx_word' id='word_1_182' title='bbox 947 2972 1023 3037; x_wconf 89' lang='lat' dir='ltr'>ad</span> <span class='ocrx_word' id='word_1_183' title='bbox 1051 2973 1364 3040; x_wconf 90' lang='lat' dir='ltr'>ultionem</span> <span class='ocrx_word' id='word_1_184' title='bbox 1404 2982 1688 3059; x_wconf 82' lang='lat' dir='ltr'>peccato·</span> <span class='ocrx_word' id='word_1_185' title='bbox 1876 2974 1961 3043; x_wconf 79' lang='lat' dir='ltr'>De</span> <span class='ocrx_word' id='word_1_186' title='bbox 2010 2988 2289 3055; x_wconf 76' lang='lat' dir='ltr'>secundo</span> <span class='ocrx_word' id='word_1_187' title='bbox 2330 2997 2354 3034; x_wconf 82' lang='lat'><strong>⁹</strong></span> <span class='ocrx_word' id='word_1_188' title='bbox 2404 3014 2422 3059; x_wconf 69' lang='grc' dir='ltr'>ε</span> <span class='ocrx_word' id='word_1_189' title='bbox 2475 3020 2508 3060; x_wconf 73' lang='grc' dir='ltr'><em>α</em></span> <span class='ocrx_word' id='word_1_190' title='bbox 2543 2999 2688 3067; x_wconf 84' lang='lat' dir='ltr'>Jam</span> <span class='ocrx_word' id='word_1_191' title='bbox 2746 3009 2923 3075; x_wconf 83' lang='lat' dir='ltr'>enim</span> <span class='ocrx_word' id='word_1_192' title='bbox 2968 3018 3208 3083; x_wconf 86' lang='lat' dir='ltr'>securis</span> <span class='ocrx_word' id='word_1_193' title='bbox 3254 3024 3337 3089; x_wconf 87' lang='lat' dir='ltr'>ad</span> 
     </span>
     <span class='ocr_line' id='line_1_28' title="bbox 134 3072 3334 3194; baseline 0.02 -63"><span class='ocrx_word' id='word_1_194' title='bbox 134 3086 309 3148; x_wconf 82' lang='lat' dir='ltr'>rum,</span> <span class='ocrx_word' id='word_1_195' title='bbox 354 3072 511 3155; x_wconf 84' lang='lat' dir='ltr'>quia</span> <span class='ocrx_word' id='word_1_196' title='bbox 550 3074 724 3156; x_wconf 89' lang='lat' dir='ltr'>ignis</span> <span class='ocrx_word' id='word_1_197' title='bbox 761 3079 1281 3148; x_wconf 84' lang='lat' dir='ltr'>indissolubiliter</span> <span class='ocrx_word' id='word_1_198' title='bbox 1319 3084 1689 3166; x_wconf 80' lang='lat' dir='ltr'>alligabitur</span> <span class='ocrx_word' id='word_1_199' title='bbox 1792 3086 2072 3155; x_wconf 83' lang='lat' dir='ltr'>radicem</span> <span class='ocrx_word' id='word_1_200' title='bbox 2100 3095 2403 3186; x_wconf 83' lang='lat' dir='ltr'>arborum</span> <span class='ocrx_word' id='word_1_201' title='bbox 2445 3107 2649 3186; x_wconf 86' lang='lat' dir='ltr'>posita</span> <span class='ocrx_word' id='word_1_202' title='bbox 2685 3118 2800 3179; x_wconf 89' lang='lat' dir='ltr'>est.</span> <span class='ocrx_word' id='word_1_203' title='bbox 2830 3137 2862 3176; x_wconf 71' lang='lat' dir='ltr'>n</span> <span class='ocrx_word' id='word_1_204' title='bbox 2902 3117 3158 3189; x_wconf 81' lang='lat' dir='ltr'>Securis</span> <span class='ocrx_word' id='word_1_205' title='bbox 3183 3145 3334 3194; x_wconf 86' lang='lat' dir='ltr'>sen-</span> 
     </span>
     <span class='ocr_line' id='line_1_29' title="bbox 129 3178 3330 3304; baseline 0.019 -63"><span class='ocrx_word' id='word_1_206' title='bbox 129 3178 370 3244; x_wconf 83' lang='lat' dir='ltr'>animae</span> <span class='ocrx_word' id='word_1_207' title='bbox 397 3185 748 3265; x_wconf 88' lang='lat' dir='ltr'>peccatrici,</span> <span class='ocrx_word' id='word_1_208' title='bbox 800 3190 865 3250; x_wconf 89' lang='lat' dir='ltr'>et</span> <span class='ocrx_word' id='word_1_209' title='bbox 900 3188 972 3252; x_wconf 91' lang='lat' dir='ltr'>in</span> <span class='ocrx_word' id='word_1_210' title='bbox 1017 3207 1093 3254; x_wconf 89' lang='lat' dir='ltr'>eo</span> <span class='ocrx_word' id='word_1_211' title='bbox 1133 3191 1350 3255; x_wconf 88' lang='lat' dir='ltr'>anima</span> <span class='ocrx_word' id='word_1_212' title='bbox 1378 3196 1686 3276; x_wconf 87' lang='lat' dir='ltr'>tanquam</span> <span class='ocrx_word' id='word_1_213' title='bbox 1789 3195 2052 3261; x_wconf 79' lang='lat' dir='ltr'>tentiam</span> <span class='ocrx_word' id='word_1_214' title='bbox 2077 3200 2399 3283; x_wconf 85' lang='lat' dir='ltr'>significat</span> <span class='ocrx_word' id='word_1_215' title='bbox 2431 3232 2446 3274; x_wconf 75' lang='grc' dir='ltr'><strong><em>ε</em></strong></span> <span class='ocrx_word' id='word_1_216' title='bbox 2489 3220 2696 3282; x_wconf 89' lang='lat' dir='ltr'>securi</span> <span class='ocrx_word' id='word_1_217' title='bbox 2722 3225 2896 3301; x_wconf 90' lang='lat' dir='ltr'>porci</span> <span class='ocrx_word' id='word_1_218' title='bbox 2926 3234 3330 3304; x_wconf 82' lang='lat' dir='ltr'>mactantur:</span> 
     </span>
     <span class='ocr_line' id='line_1_30' title="bbox 127 3284 3327 3410; baseline 0.019 -63"><span class='ocrx_word' id='word_1_219' title='bbox 127 3284 193 3349; x_wconf 93' lang='lat' dir='ltr'>in</span> <span class='ocrx_word' id='word_1_220' title='bbox 250 3305 508 3354; x_wconf 87' lang='lat' dir='ltr'>carcere</span> <span class='ocrx_word' id='word_1_221' title='bbox 556 3290 948 3375; x_wconf 88' lang='lat' dir='ltr'>includetur,</span> <span class='ocrx_word' id='word_1_222' title='bbox 1003 3300 1067 3360; x_wconf 91' lang='lat' dir='ltr'>et</span> <span class='ocrx_word' id='word_1_223' title='bbox 1117 3303 1373 3381; x_wconf 88' lang='lat' dir='ltr'>propter</span> <span class='ocrx_word' id='word_1_224' title='bbox 1425 3301 1549 3366; x_wconf 91' lang='lat' dir='ltr'>hoc</span> <span class='ocrx_word' id='word_1_225' title='bbox 1602 3303 1684 3367; x_wconf 89' lang='lat' dir='ltr'>ad</span> <span class='ocrx_word' id='word_1_226' title='bbox 1788 3310 2146 3385; x_wconf 73' lang='lat' dir='ltr'>peccatores</span> <span class='ocrx_word' id='word_1_227' title='bbox 2197 3318 2415 3381; x_wconf 88' lang='lat' dir='ltr'>autem</span> <span class='ocrx_word' id='word_1_228' title='bbox 2478 3327 2633 3387; x_wconf 90' lang='lat' dir='ltr'>sunt</span> <span class='ocrx_word' id='word_1_229' title='bbox 2685 3330 2860 3408; x_wconf 90' lang='lat' dir='ltr'>porci</span> <span class='ocrx_word' id='word_1_230' title='bbox 2911 3332 3146 3401; x_wconf 86' lang='lat' dir='ltr'>diaboli</span> <span class='ocrx_word' id='word_1_231' title='bbox 3208 3343 3254 3378; x_wconf 80' lang='lat'>¹⁰</span> <span class='ocrx_word' id='word_1_232' title='bbox 3310 3365 3327 3410; x_wconf 73' lang='grc' dir='ltr'><strong>ε</strong></span> 
     </span>
     <span class='ocr_line' id='line_1_31' title="bbox 124 3398 3327 3517; baseline 0.019 -62"><span class='ocrx_word' id='word_1_233' title='bbox 124 3409 602 3479; x_wconf 84' lang='lat' dir='ltr'>quemcumque</span> <span class='ocrx_word' id='word_1_234' title='bbox 628 3398 844 3463; x_wconf 90' lang='lat' dir='ltr'>locum</span> <span class='ocrx_word' id='word_1_235' title='bbox 872 3402 1104 3467; x_wconf 82' lang='lat' dir='ltr'>inferni</span> <span class='ocrx_word' id='word_1_236' title='bbox 1145 3406 1361 3471; x_wconf 90' lang='lat' dir='ltr'>anima</span> <span class='ocrx_word' id='word_1_237' title='bbox 1400 3409 1677 3474; x_wconf 88' lang='lat' dir='ltr'>declina-</span> <span class='ocrx_word' id='word_1_238' title='bbox 1795 3432 1826 3470; x_wconf 78' lang='grc' dir='ltr'><em>α</em></span> <span class='ocrx_word' id='word_1_239' title='bbox 1867 3411 2045 3480; x_wconf 88' lang='lat' dir='ltr'>Mitte</span> <span class='ocrx_word' id='word_1_240' title='bbox 2090 3436 2209 3483; x_wconf 90' lang='lat' dir='ltr'>nos</span> <span class='ocrx_word' id='word_1_241' title='bbox 2251 3422 2321 3487; x_wconf 92' lang='lat' dir='ltr'>in</span> <span class='ocrx_word' id='word_1_242' title='bbox 2363 3407 2636 3511; x_wconf 87' lang='lat' dir='ltr'>gregem</span> <span class='ocrx_word' id='word_1_243' title='bbox 2665 3451 3028 3516; x_wconf 90' lang='lat' dir='ltr'>porcorum.</span> <span class='ocrx_word' id='word_1_244' title='bbox 3066 3465 3100 3505; x_wconf 71' lang='lat' dir='ltr'>n</span> <span class='ocrx_word' id='word_1_245' title='bbox 3144 3446 3327 3517; x_wconf 85' lang='lat' dir='ltr'>Malae</span> 
     </span>
     <span class='ocr_line' id='line_1_32' title="bbox 120 3499 3327 3623; baseline 0.02 -62"><span class='ocrx_word' id='word_1_246' title='bbox 120 3499 308 3579; x_wconf 84' lang='lat' dir='ltr'>verit,</span> <span class='ocrx_word' id='word_1_247' title='bbox 356 3519 611 3583; x_wconf 73' lang='lat' dir='ltr'>posnam</span> <span class='ocrx_word' id='word_1_248' title='bbox 650 3505 827 3586; x_wconf 86' lang='lat' dir='ltr'>ignis</span> <span class='ocrx_word' id='word_1_249' title='bbox 870 3510 1120 3588; x_wconf 86' lang='lat' dir='ltr'>sentiet,</span> <span class='ocrx_word' id='word_1_250' title='bbox 1157 3513 1307 3593; x_wconf 89' lang='lat' dir='ltr'>quia</span> <span class='ocrx_word' id='word_1_251' title='bbox 1346 3514 1465 3580; x_wconf 88' lang='lat' dir='ltr'>iste</span> <span class='ocrx_word' id='word_1_252' title='bbox 1502 3516 1678 3597; x_wconf 88' lang='lat' dir='ltr'>ignis</span> <span class='ocrx_word' id='word_1_253' title='bbox 1782 3520 2046 3604; x_wconf 84' lang='lat' dir='ltr'>radices,</span> <span class='ocrx_word' id='word_1_254' title='bbox 2082 3529 2232 3592; x_wconf 89' lang='lat' dir='ltr'>mali</span> <span class='ocrx_word' id='word_1_255' title='bbox 2259 3539 2591 3618; x_wconf 89' lang='lat' dir='ltr'>parentes;</span> <span class='ocrx_word' id='word_1_256' title='bbox 2624 3543 2779 3607; x_wconf 90' lang='lat' dir='ltr'>mali</span> <span class='ocrx_word' id='word_1_257' title='bbox 2803 3550 2969 3613; x_wconf 91' lang='lat' dir='ltr'>rami</span> <span class='ocrx_word' id='word_1_258' title='bbox 2994 3558 3149 3619; x_wconf 88' lang='lat' dir='ltr'>sunt</span> <span class='ocrx_word' id='word_1_259' title='bbox 3172 3560 3327 3623; x_wconf 88' lang='lat' dir='ltr'>mali</span> 
     </span>
     <span class='ocr_line' id='line_1_33' title="bbox 117 3606 3386 3746; baseline 0.02 -79"><span class='ocrx_word' id='word_1_260' title='bbox 117 3606 368 3672; x_wconf 90' lang='lat' dir='ltr'>ardebit</span> <span class='ocrx_word' id='word_1_261' title='bbox 402 3626 607 3693; x_wconf 87' lang='lat' dir='ltr'>usqne</span> <span class='ocrx_word' id='word_1_262' title='bbox 651 3612 734 3676; x_wconf 91' lang='lat' dir='ltr'>ad</span> <span class='ocrx_word' id='word_1_263' title='bbox 774 3613 1008 3680; x_wconf 83' lang='lat' dir='ltr'>inferni</span> <span class='ocrx_word' id='word_1_264' title='bbox 1046 3620 1414 3686; x_wconf 81' lang='lat' dir='ltr'>novissima.</span> <span class='ocrx_word' id='word_1_265' title='bbox 1461 3622 1675 3706; x_wconf 87' lang='lat' dir='ltr'>Roge-</span> <span class='ocrx_word' id='word_1_266' title='bbox 1778 3625 1897 3690; x_wconf 89' lang='lat' dir='ltr'>filii</span> <span class='ocrx_word' id='word_1_267' title='bbox 1931 3635 1995 3694; x_wconf 87' lang='lat' dir='ltr'>et</span> <span class='ocrx_word' id='word_1_268' title='bbox 2034 3641 2326 3716; x_wconf 69' lang='lat' dir='ltr'>nepotes:</span> <span class='ocrx_word' id='word_1_269' title='bbox 2344 3638 2504 3707; x_wconf 89' lang='lat' dir='ltr'>Item</span> <span class='ocrx_word' id='word_1_270' title='bbox 2533 3648 2719 3715; x_wconf 78' lang='lat' dir='ltr'>malae</span> <span class='ocrx_word' id='word_1_271' title='bbox 2748 3654 2989 3721; x_wconf 86' lang='lat' dir='ltr'>radices</span> <span class='ocrx_word' id='word_1_272' title='bbox 3009 3667 3160 3727; x_wconf 87' lang='lat' dir='ltr'>sunt</span> <span class='ocrx_word' id='word_1_273' title='bbox 3186 3657 3323 3746; x_wconf 77' lang='lat' dir='ltr'>pri&#39;-</span> <span class='ocrx_word' id='word_1_274' title='bbox 3380 3699 3386 3705; x_wconf 92' lang='lat'><strong>·</strong></span> 
     </span>
     <span class='ocr_line' id='line_1_34' title="bbox 118 3718 3319 3836; baseline 0.019 -59"><span class='ocrx_word' id='word_1_275' title='bbox 118 3729 285 3795; x_wconf 72' lang='lat' dir='ltr'>muS,</span> <span class='ocrx_word' id='word_1_276' title='bbox 311 3718 438 3782; x_wconf 83' lang='lat' dir='ltr'>etc.</span> <span class='ocrx_word' id='word_1_277' title='bbox 1778 3735 1870 3797; x_wconf 92' lang='lat' dir='ltr'>mi</span> <span class='ocrx_word' id='word_1_278' title='bbox 1901 3737 2207 3806; x_wconf 86' lang='lat' dir='ltr'>vitiorum</span> <span class='ocrx_word' id='word_1_279' title='bbox 2232 3744 2637 3833; x_wconf 82' lang='lat' dir='ltr'>inventores;</span> <span class='ocrx_word' id='word_1_280' title='bbox 2668 3760 2834 3824; x_wconf 90' lang='lat' dir='ltr'>rami</span> <span class='ocrx_word' id='word_1_281' title='bbox 2867 3769 3018 3830; x_wconf 88' lang='lat' dir='ltr'>sunt</span> <span class='ocrx_word' id='word_1_282' title='bbox 3051 3785 3319 3836; x_wconf 89' lang='lat' dir='ltr'>eorum-</span> 
     </span>
     <span class='ocr_line' id='line_1_35' title="bbox 1776 3836 3315 3943; baseline 0.027 -43"><span class='ocrx_word' id='word_1_283' title='bbox 1776 3836 1922 3903; x_wconf 87' lang='lat' dir='ltr'>dem</span> <span class='ocrx_word' id='word_1_284' title='bbox 1938 3841 2247 3910; x_wconf 88' lang='lat' dir='ltr'>vitiorum</span> <span class='ocrx_word' id='word_1_285' title='bbox 2265 3866 2587 3933; x_wconf 85' lang='lat' dir='ltr'>sequaces.</span> <span class='ocrx_word' id='word_1_286' title='bbox 2609 3856 2687 3922; x_wconf 85' lang='lat' dir='ltr'>Et</span> <span class='ocrx_word' id='word_1_287' title='bbox 2697 3863 2837 3943; x_wconf 82' lang='lat' dir='ltr'>jam</span> <span class='ocrx_word' id='word_1_288' title='bbox 2855 3869 3096 3934; x_wconf 88' lang='lat' dir='ltr'>securis</span> <span class='ocrx_word' id='word_1_289' title='bbox 3113 3872 3315 3940; x_wconf 91' lang='lat' dir='ltr'>divini</span> 
     </span>
     <span class='ocr_line' id='line_1_36' title="bbox 1764 3945 3311 4049; baseline 0.029 -43"><span class='ocrx_word' id='word_1_290' title='bbox 1764 3945 1990 4027; x_wconf 66' lang='lat' dir='ltr'>⁴iudicii</span> <span class='ocrx_word' id='word_1_291' title='bbox 2023 3951 2119 4028; x_wconf 76' lang='lat' dir='ltr'>ad,</span> <span class='ocrx_word' id='word_1_292' title='bbox 2147 3956 2424 4022; x_wconf 86' lang='lat' dir='ltr'>radicem</span> <span class='ocrx_word' id='word_1_293' title='bbox 2468 3965 2665 4044; x_wconf 84' lang='lat' dir='ltr'>venit,</span> <span class='ocrx_word' id='word_1_294' title='bbox 2709 3969 2866 4036; x_wconf 89' lang='lat' dir='ltr'>dum</span> <span class='ocrx_word' id='word_1_295' title='bbox 2913 3974 3311 4049; x_wconf 85' lang='lat' dir='ltr'>inventorem</span> 
     </span>
     <span class='ocr_line' id='line_1_37' title="bbox 198 4038 3309 4156; baseline 0.023 -70"><span class='ocrx_word' id='word_1_296' title='bbox 198 4038 428 4105; x_wconf 66' lang='lat' dir='ltr'>omnig</span> <span class='ocrx_word' id='word_1_297' title='bbox 460 4039 647 4107; x_wconf 74' lang='lat' dir='ltr'>arbor</span> <span class='ocrx_word' id='word_1_298' title='bbox 692 4059 834 4125; x_wconf 76' lang='lat' dir='ltr'>quoe</span> <span class='ocrx_word' id='word_1_299' title='bbox 873 4061 1006 4113; x_wconf 71' lang='lat' dir='ltr'>non</span> <span class='ocrx_word' id='word_1_300' title='bbox 1044 4049 1207 4127; x_wconf 70' lang='lat' dir='ltr'>facit</span> <span class='ocrx_word' id='word_1_301' title='bbox 1247 4051 1526 4129; x_wconf 73' lang='lat' dir='ltr'>fructum</span> <span class='ocrx_word' id='word_1_302' title='bbox 1565 4054 1668 4123; x_wconf 78' lang='lat' dir='ltr'>bo-</span> <span class='ocrx_word' id='word_1_303' title='bbox 1769 4055 2086 4135; x_wconf 81' lang='lat' dir='ltr'>superbiae</span> <span class='ocrx_word' id='word_1_304' title='bbox 2137 4058 2500 4131; x_wconf 84' lang='lat' dir='ltr'>Luciferum</span> <span class='ocrx_word' id='word_1_305' title='bbox 2513 4116 2534 4148; x_wconf 91' lang='lat'>,</span> <span class='ocrx_word' id='word_1_306' title='bbox 2594 4072 2992 4146; x_wconf 84' lang='lat' dir='ltr'>inventorem</span> <span class='ocrx_word' id='word_1_307' title='bbox 3047 4085 3309 4156; x_wconf 83' lang='lat' dir='ltr'>invidiae</span> 
     </span>
     <span class='ocr_line' id='line_1_38' title="bbox 115 4144 3307 4261; baseline 0.028 -86"><span class='ocrx_word' id='word_1_308' title='bbox 115 4159 271 4210; x_wconf 65' lang='lat' dir='ltr'>num</span> <span class='ocrx_word' id='word_1_309' title='bbox 320 4144 366 4225; x_wconf 51' lang='grc' dir='ltr'>ι,</span> <span class='ocrx_word' id='word_1_310' title='bbox 416 4152 534 4211; x_wconf 50' lang='lat' dir='ltr'>etc,</span> <span class='ocrx_word' id='word_1_311' title='bbox 581 4147 853 4215; x_wconf 63' lang='lat' dir='ltr'>plenum</span> <span class='ocrx_word' id='word_1_312' title='bbox 880 4154 1216 4220; x_wconf 67' lang='lat' dir='ltr'>formidine</span> <span class='ocrx_word' id='word_1_313' title='bbox 1241 4163 1341 4221; x_wconf 66' lang='lat' dir='ltr'>est</span> <span class='ocrx_word' id='word_1_314' title='bbox 1368 4158 1489 4224; x_wconf 69' lang='lat' dir='ltr'>hoc</span> <span class='ocrx_word' id='word_1_315' title='bbox 1517 4180 1665 4227; x_wconf 72' lang='lat' dir='ltr'>ver..</span> <span class='ocrx_word' id='word_1_316' title='bbox 1768 4157 1919 4225; x_wconf 87' lang='lat' dir='ltr'>Cain</span> <span class='ocrx_word' id='word_1_317' title='bbox 1944 4169 2275 4244; x_wconf 87' lang='lat' dir='ltr'>percussit.</span> <span class='ocrx_word' id='word_1_318' title='bbox 2294 4169 2372 4235; x_wconf 86' lang='lat' dir='ltr'>Et</span> <span class='ocrx_word' id='word_1_319' title='bbox 2387 4175 2476 4238; x_wconf 88' lang='lat' dir='ltr'>sic</span> <span class='ocrx_word' id='word_1_320' title='bbox 2491 4182 2747 4247; x_wconf 87' lang='lat' dir='ltr'>ostende</span> <span class='ocrx_word' id='word_1_321' title='bbox 2771 4184 2851 4249; x_wconf 89' lang='lat' dir='ltr'>de</span> <span class='ocrx_word' id='word_1_322' title='bbox 2866 4186 3307 4261; x_wconf 83' lang='lat' dir='ltr'>inventoribus</span> 
     </span>
     <span class='ocr_line' id='line_1_39' title="bbox 111 4248 3303 4385; baseline 0.013 -71"><span class='ocrx_word' id='word_1_323' title='bbox 111 4248 293 4316; x_wconf 89' lang='lat' dir='ltr'>bum.</span> <span class='ocrx_word' id='word_1_324' title='bbox 323 4249 862 4322; x_wconf 85' lang='lat' dir='ltr'>Considerandum</span> <span class='ocrx_word' id='word_1_325' title='bbox 888 4263 1127 4340; x_wconf 88' lang='lat' dir='ltr'>autem,</span> <span class='ocrx_word' id='word_1_326' title='bbox 1155 4265 1326 4346; x_wconf 86' lang='lat' dir='ltr'>quod</span> <span class='ocrx_word' id='word_1_327' title='bbox 1354 4265 1660 4334; x_wconf 85' lang='lat' dir='ltr'>Dominus</span> <span class='ocrx_word' id='word_1_328' title='bbox 1766 4266 2042 4334; x_wconf 83' lang='lat' dir='ltr'>aliorum</span> <span class='ocrx_word' id='word_1_329' title='bbox 2070 4275 2400 4344; x_wconf 83' lang='lat' dir='ltr'>vitiorum.</span> <span class='ocrx_word' id='word_1_330' title='bbox 2433 4283 2608 4350; x_wconf 84' lang='lat' dir='ltr'>Patet</span> <span class='ocrx_word' id='word_1_331' title='bbox 2633 4307 2790 4372; x_wconf 86' lang='lat' dir='ltr'>ergo</span> <span class='ocrx_word' id='word_1_332' title='bbox 2808 4298 2979 4377; x_wconf 88' lang='lat' dir='ltr'>quod</span> <span class='ocrx_word' id='word_1_333' title='bbox 3000 4300 3303 4385; x_wconf 75' lang='lat' dir='ltr'>impossi-</span> 
     </span>
     <span class='ocr_line' id='line_1_40' title="bbox 111 4356 3302 4483; baseline 0.018 -65"><span class='ocrx_word' id='word_1_334' title='bbox 111 4356 176 4419; x_wconf 90' lang='lat' dir='ltr'>in</span> <span class='ocrx_word' id='word_1_335' title='bbox 205 4357 586 4440; x_wconf 85' lang='lat' dir='ltr'>Evangelio,</span> <span class='ocrx_word' id='word_1_336' title='bbox 615 4362 737 4426; x_wconf 88' lang='lat' dir='ltr'>sub</span> <span class='ocrx_word' id='word_1_337' title='bbox 773 4366 1149 4448; x_wconf 88' lang='lat' dir='ltr'>metaphora</span> <span class='ocrx_word' id='word_1_338' title='bbox 1175 4372 1424 4436; x_wconf 88' lang='lat' dir='ltr'>arboris</span> <span class='ocrx_word' id='word_1_339' title='bbox 1451 4376 1657 4441; x_wconf 83' lang='lat' dir='ltr'>infru·</span> <span class='ocrx_word' id='word_1_340' title='bbox 1762 4372 1888 4440; x_wconf 77' lang='lat' dir='ltr'>bile</span> <span class='ocrx_word' id='word_1_341' title='bbox 1917 4383 2010 4442; x_wconf 80' lang='lat' dir='ltr'>est</span> <span class='ocrx_word' id='word_1_342' title='bbox 2040 4397 2250 4448; x_wconf 78' lang='lat' dir='ltr'>ramos</span> <span class='ocrx_word' id='word_1_343' title='bbox 2293 4390 2582 4472; x_wconf 74' lang='lat' dir='ltr'>evadere,</span> <span class='ocrx_word' id='word_1_344' title='bbox 2631 4414 2714 4462; x_wconf 84' lang='lat' dir='ltr'>ex</span> <span class='ocrx_word' id='word_1_345' title='bbox 2761 4419 2890 4483; x_wconf 88' lang='lat' dir='ltr'>quo</span> <span class='ocrx_word' id='word_1_346' title='bbox 2934 4411 3173 4474; x_wconf 85' lang='lat' dir='ltr'>securis</span> <span class='ocrx_word' id='word_1_347' title='bbox 3212 4413 3302 4478; x_wconf 89' lang='lat' dir='ltr'>sic</span> 
     </span>
     <span class='ocr_line' id='line_1_41' title="bbox 109 4467 3298 4591; baseline 0.018 -63"><span class='ocrx_word' id='word_1_348' title='bbox 109 4467 370 4546; x_wconf 82' lang='lat' dir='ltr'>ctuosae,</span> <span class='ocrx_word' id='word_1_349' title='bbox 402 4473 680 4549; x_wconf 85' lang='lat' dir='ltr'>quatuor</span> <span class='ocrx_word' id='word_1_350' title='bbox 708 4471 874 4534; x_wconf 87' lang='lat' dir='ltr'>mala</span> <span class='ocrx_word' id='word_1_351' title='bbox 900 4476 1171 4540; x_wconf 88' lang='lat' dir='ltr'>ostendit</span> <span class='ocrx_word' id='word_1_352' title='bbox 1196 4477 1364 4543; x_wconf 91' lang='lat' dir='ltr'>circa</span> <span class='ocrx_word' id='word_1_353' title='bbox 1388 4480 1652 4548; x_wconf 90' lang='lat' dir='ltr'>damna-</span> <span class='ocrx_word' id='word_1_354' title='bbox 1758 4484 1949 4565; x_wconf 85' lang='lat' dir='ltr'>coepit</span> <span class='ocrx_word' id='word_1_355' title='bbox 1973 4487 2214 4554; x_wconf 85' lang='lat' dir='ltr'>radices</span> <span class='ocrx_word' id='word_1_356' title='bbox 2240 4493 2428 4561; x_wconf 84' lang='lat' dir='ltr'>ferire</span> <span class='ocrx_word' id='word_1_357' title='bbox 2455 4498 2539 4564; x_wconf 85' lang='lat'>¹¹:</span> <span class='ocrx_word' id='word_1_358' title='bbox 2567 4525 2599 4564; x_wconf 76' lang='grc' dir='ltr'><strong>α</strong></span> <span class='ocrx_word' id='word_1_359' title='bbox 2621 4502 3112 4591; x_wconf 78' lang='lat' dir='ltr'>confringentur</span> <span class='ocrx_word' id='word_1_360' title='bbox 3127 4518 3298 4583; x_wconf 90' lang='lat' dir='ltr'>enim</span> 
     </span>
     <span class='ocr_line' id='line_1_42' title="bbox 110 4570 3293 4706; baseline 0.019 -74"><span class='ocrx_word' id='word_1_361' title='bbox 110 4570 348 4637; x_wconf 87' lang='lat' dir='ltr'>tionem</span> <span class='ocrx_word' id='word_1_362' title='bbox 386 4572 595 4656; x_wconf 90' lang='lat' dir='ltr'>impii.</span> <span class='ocrx_word' id='word_1_363' title='bbox 644 4575 922 4643; x_wconf 83' lang='lat' dir='ltr'>Ostendit</span> <span class='ocrx_word' id='word_1_364' title='bbox 948 4582 1124 4645; x_wconf 87' lang='lat' dir='ltr'>enim</span> <span class='ocrx_word' id='word_1_365' title='bbox 1149 4585 1322 4666; x_wconf 85' lang='lat' dir='ltr'>quod</span> <span class='ocrx_word' id='word_1_366' title='bbox 1347 4587 1532 4671; x_wconf 86' lang='lat' dir='ltr'>culpa</span> <span class='ocrx_word' id='word_1_367' title='bbox 1555 4594 1653 4655; x_wconf 87' lang='lat' dir='ltr'>est</span> <span class='ocrx_word' id='word_1_368' title='bbox 1755 4592 1920 4654; x_wconf 91' lang='lat' dir='ltr'>rami</span> <span class='ocrx_word' id='word_1_369' title='bbox 1955 4595 2025 4657; x_wconf 93' lang='lat' dir='ltr'>in</span> <span class='ocrx_word' id='word_1_370' title='bbox 2068 4606 2630 4691; x_wconf 89' lang='lat' dir='ltr'>consummatione,</span> <span class='ocrx_word' id='word_1_371' title='bbox 2661 4633 2695 4673; x_wconf 71' lang='lat' dir='ltr'>n</span> <span class='ocrx_word' id='word_1_372' title='bbox 2728 4620 2847 4682; x_wconf 90' lang='lat' dir='ltr'>etc.</span> <span class='ocrx_word' id='word_1_373' title='bbox 2879 4618 2947 4683; x_wconf 91' lang='lat' dir='ltr'>Si</span> <span class='ocrx_word' id='word_1_374' title='bbox 2972 4640 3133 4706; x_wconf 87' lang='lat' dir='ltr'>ergo</span> <span class='ocrx_word' id='word_1_375' title='bbox 3158 4627 3293 4693; x_wconf 79' lang='lat' dir='ltr'>fru-</span> 
     </span>
     <span class='ocr_line' id='line_1_43' title="bbox 109 4676 3293 4800; baseline 0.019 -60"><span class='ocrx_word' id='word_1_376' title='bbox 109 4676 593 4760; x_wconf 81' lang='lat' dir='ltr'>inexcusabilis,</span> <span class='ocrx_word' id='word_1_377' title='bbox 645 4686 956 4750; x_wconf 89' lang='lat' dir='ltr'>sententia</span> <span class='ocrx_word' id='word_1_378' title='bbox 994 4688 1377 4778; x_wconf 87' lang='lat' dir='ltr'>inevitabilis</span> <span class='ocrx_word' id='word_1_379' title='bbox 1390 4742 1409 4771; x_wconf 90' lang='lat'>‚</span> <span class='ocrx_word' id='word_1_380' title='bbox 1461 4713 1650 4779; x_wconf 82' lang='lat' dir='ltr'>poena</span> <span class='ocrx_word' id='word_1_381' title='bbox 1754 4701 1930 4762; x_wconf 82' lang='lat' dir='ltr'>ctum</span> <span class='ocrx_word' id='word_1_382' title='bbox 1959 4700 2203 4769; x_wconf 91' lang='lat' dir='ltr'>bonum</span> <span class='ocrx_word' id='word_1_383' title='bbox 2229 4724 2361 4773; x_wconf 90' lang='lat' dir='ltr'>non</span> <span class='ocrx_word' id='word_1_384' title='bbox 2385 4711 2558 4794; x_wconf 90' lang='lat' dir='ltr'>facis,</span> <span class='ocrx_word' id='word_1_385' title='bbox 2588 4719 2873 4789; x_wconf 88' lang='lat' dir='ltr'>timenda</span> <span class='ocrx_word' id='word_1_386' title='bbox 2895 4732 2992 4792; x_wconf 85' lang='lat' dir='ltr'>est</span> <span class='ocrx_word' id='word_1_387' title='bbox 3014 4730 3131 4798; x_wconf 90' lang='lat' dir='ltr'>tibi</span> <span class='ocrx_word' id='word_1_388' title='bbox 3153 4732 3293 4800; x_wconf 80' lang='lat' dir='ltr'>haec</span> 
     </span>
     <span class='ocr_line' id='line_1_44' title="bbox 106 4782 3288 4915; baseline 0.018 -67"><span class='ocrx_word' id='word_1_389' title='bbox 106 4782 614 4865; x_wconf 85' lang='lat' dir='ltr'>interminabilis,</span> <span class='ocrx_word' id='word_1_390' title='bbox 648 4793 858 4871; x_wconf 87' lang='lat' dir='ltr'>gratia</span> <span class='ocrx_word' id='word_1_391' title='bbox 886 4795 1408 4880; x_wconf 85' lang='lat' dir='ltr'>irrecuperabilis.</span> <span class='ocrx_word' id='word_1_392' title='bbox 1752 4808 2013 4872; x_wconf 83' lang='lat' dir='ltr'>securis.</span> <span class='ocrx_word' id='word_1_393' title='bbox 2059 4810 2435 4882; x_wconf 82' lang='lat' dir='ltr'>Ambrosius</span> <span class='ocrx_word' id='word_1_394' title='bbox 2480 4823 2525 4862; x_wconf 81' lang='lat'>¹²</span> <span class='ocrx_word' id='word_1_395' title='bbox 2557 4845 2573 4888; x_wconf 74' lang='grc' dir='ltr'><strong><em>ε</em></strong></span> <span class='ocrx_word' id='word_1_396' title='bbox 2613 4848 2645 4887; x_wconf 71' lang='grc' dir='ltr'><em>α</em></span> <span class='ocrx_word' id='word_1_397' title='bbox 2672 4826 2782 4893; x_wconf 81' lang='lat' dir='ltr'>Vae</span> <span class='ocrx_word' id='word_1_398' title='bbox 2824 4832 2982 4899; x_wconf 88' lang='lat' dir='ltr'>mihi</span> <span class='ocrx_word' id='word_1_399' title='bbox 2997 4882 3019 4915; x_wconf 92' lang='lat'>,</span> <span class='ocrx_word' id='word_1_400' title='bbox 3061 4837 3112 4899; x_wconf 92' lang='lat' dir='ltr'>si</span> <span class='ocrx_word' id='word_1_401' title='bbox 3158 4856 3288 4905; x_wconf 90' lang='lat' dir='ltr'>non</span> 
     </span>
     <span class='ocr_line' id='line_1_45' title="bbox 182 4891 3283 5021; baseline 0.019 -66"><span class='ocrx_word' id='word_1_402' title='bbox 182 4891 270 4957; x_wconf 85' lang='lat' dir='ltr'>De</span> <span class='ocrx_word' id='word_1_403' title='bbox 291 4894 508 4976; x_wconf 87' lang='lat' dir='ltr'>primo</span> <span class='ocrx_word' id='word_1_404' title='bbox 535 4900 558 4936; x_wconf 76' lang='lat'>⁸</span> <span class='ocrx_word' id='word_1_405' title='bbox 588 4916 604 4959; x_wconf 74' lang='grc' dir='ltr'><strong><em>ε</em></strong></span> <span class='ocrx_word' id='word_1_406' title='bbox 643 4920 675 4959; x_wconf 77' lang='grc' dir='ltr'>α</span> <span class='ocrx_word' id='word_1_407' title='bbox 699 4898 1009 4967; x_wconf 85' lang='lat' dir='ltr'>Arborem</span> <span class='ocrx_word' id='word_1_408' title='bbox 1055 4904 1159 4968; x_wconf 88' lang='lat' dir='ltr'>flci</span> <span class='ocrx_word' id='word_1_409' title='bbox 1198 4906 1472 4974; x_wconf 88' lang='lat' dir='ltr'>habebat</span> <span class='ocrx_word' id='word_1_410' title='bbox 1498 4913 1647 4994; x_wconf 86' lang='lat' dir='ltr'>qui-</span> <span class='ocrx_word' id='word_1_411' title='bbox 1749 4919 2004 4992; x_wconf 82' lang='lat' dir='ltr'>peccata</span> <span class='ocrx_word' id='word_1_412' title='bbox 2030 4935 2174 4983; x_wconf 88' lang='lat' dir='ltr'>mea</span> <span class='ocrx_word' id='word_1_413' title='bbox 2195 4920 2511 5008; x_wconf 82' lang='lat' dir='ltr'>delevero,</span> <span class='ocrx_word' id='word_1_414' title='bbox 2540 4950 2571 4989; x_wconf 73' lang='lat' dir='ltr'>t</span> <span class='ocrx_word' id='word_1_415' title='bbox 2607 4937 2727 4999; x_wconf 88' lang='lat' dir='ltr'>etc.</span> <span class='ocrx_word' id='word_1_416' title='bbox 2758 4935 3033 5021; x_wconf 87' lang='lat' dir='ltr'>Require</span> <span class='ocrx_word' id='word_1_417' title='bbox 3056 4931 3125 5009; x_wconf 81' lang='lat' dir='ltr'>in</span> <span class='ocrx_word' id='word_1_418' title='bbox 3148 4963 3283 5011; x_wconf 87' lang='lat' dir='ltr'>ser·</span> 
     </span>
     <span class='ocr_line' id='line_1_46' title="bbox 104 4998 2827 5117; baseline 0.018 -56"><span class='ocrx_word' id='word_1_419' title='bbox 104 4998 247 5062; x_wconf 87' lang='lat' dir='ltr'>dam</span> <span class='ocrx_word' id='word_1_420' title='bbox 275 5000 625 5082; x_wconf 88' lang='lat' dir='ltr'>plantatam</span> <span class='ocrx_word' id='word_1_421' title='bbox 651 5005 721 5068; x_wconf 90' lang='lat' dir='ltr'>in</span> <span class='ocrx_word' id='word_1_422' title='bbox 747 5005 936 5073; x_wconf 84' lang='lat' dir='ltr'>vinea</span> <span class='ocrx_word' id='word_1_423' title='bbox 960 5028 1097 5091; x_wconf 85' lang='lat' dir='ltr'>sua,</span> <span class='ocrx_word' id='word_1_424' title='bbox 1127 5034 1160 5071; x_wconf 72' lang='grc' dir='ltr'><strong>υ</strong></span> <span class='ocrx_word' id='word_1_425' title='bbox 1195 5018 1312 5078; x_wconf 88' lang='lat' dir='ltr'>etc.</span> <span class='ocrx_word' id='word_1_426' title='bbox 1344 5014 1509 5081; x_wconf 88' lang='lat' dir='ltr'>Nota</span> <span class='ocrx_word' id='word_1_427' title='bbox 1532 5037 1644 5101; x_wconf 85' lang='lat' dir='ltr'>pa·</span> <span class='ocrx_word' id='word_1_428' title='bbox 1746 5036 1940 5086; x_wconf 90' lang='lat' dir='ltr'>mone</span> <span class='ocrx_word' id='word_1_429' title='bbox 1969 5044 1986 5087; x_wconf 71' lang='grc' dir='ltr'><strong><em>ι</em></strong></span> <span class='ocrx_word' id='word_1_430' title='bbox 2015 5025 2395 5099; x_wconf 76' lang='lat' dir='ltr'>Benedictus</span> <span class='ocrx_word' id='word_1_431' title='bbox 2417 5038 2536 5117; x_wconf 80' lang='lat' dir='ltr'>qui</span> <span class='ocrx_word' id='word_1_432' title='bbox 2562 5043 2736 5109; x_wconf 76' lang='lat' dir='ltr'>venit</span> <span class='ocrx_word' id='word_1_433' title='bbox 2764 5044 2827 5110; x_wconf 86' lang='lat'>¹⁸.</span> 
     </span>
     <span class='ocr_line' id='line_1_47' title="bbox 104 5106 3278 5262; baseline 0.02 -79"><span class='ocrx_word' id='word_1_434' title='bbox 104 5106 409 5173; x_wconf 54' lang='lat' dir='ltr'>molam·</span> <span class='ocrx_word' id='word_1_435' title='bbox 458 5107 645 5174; x_wconf 61' lang='lat' dir='ltr'>Ficus</span> <span class='ocrx_word' id='word_1_436' title='bbox 684 5114 913 5178; x_wconf 58' lang='lat' dir='ltr'>sterilis</span> <span class='ocrx_word' id='word_1_437' title='bbox 962 5122 1057 5181; x_wconf 53' lang='lat' dir='ltr'>³⁸ss</span> <span class='ocrx_word' id='word_1_438' title='bbox 1102 5120 1309 5185; x_wconf 63' lang='lat' dir='ltr'>malus</span> <span class='ocrx_word' id='word_1_439' title='bbox 1347 5122 1641 5192; x_wconf 52' lang='lat' dir='ltr'>Christi&amp;</span> <span class='ocrx_word' id='word_1_440' title='bbox 1744 5189 1807 5200; x_wconf 92' lang='lat'>—</span> <span class='ocrx_word' id='word_1_441' title='bbox 1834 5163 1856 5198; x_wconf 79' lang='lat'><em>⁰</em></span> <span class='ocrx_word' id='word_1_442' title='bbox 1885 5163 2018 5228; x_wconf 72' lang='lat' dir='ltr'>Luc„</span> <span class='ocrx_word' id='word_1_443' title='bbox 2048 5180 2141 5234; x_wconf 86' lang='grc' dir='ltr'><strong><em>ιιι,</em></strong></span> <span class='ocrx_word' id='word_1_444' title='bbox 2171 5176 2218 5222; x_wconf 88' lang='grc'>9.</span> <span class='ocrx_word' id='word_1_445' title='bbox 2240 5199 2304 5212; x_wconf 86' lang='grc'><strong>-</strong></span> <span class='ocrx_word' id='word_1_446' title='bbox 2331 5177 2375 5214; x_wconf 82' lang='lat'>¹⁰</span> <span class='ocrx_word' id='word_1_447' title='bbox 2398 5180 2603 5242; x_wconf 61' lang='lat' dir='ltr'>naith..</span> <span class='ocrx_word' id='word_1_448' title='bbox 2632 5197 2745 5248; x_wconf 83' lang='lat' dir='ltr'>vm,</span> <span class='ocrx_word' id='word_1_449' title='bbox 2775 5190 2855 5240; x_wconf 77' lang='lat'>³1.</span> <span class='ocrx_word' id='word_1_450' title='bbox 2881 5216 2938 5226; x_wconf 91' lang='lat'>-—</span> <span class='ocrx_word' id='word_1_451' title='bbox 2966 5191 3005 5227; x_wconf 88' lang='lat'>¹¹</span> <span class='ocrx_word' id='word_1_452' title='bbox 3034 5192 3177 5258; x_wconf 69' lang='lat' dir='ltr'>Sap„</span> <span class='ocrx_word' id='word_1_453' title='bbox 3204 5208 3278 5262; x_wconf 82' lang='lat' dir='ltr'>nr,</span> 
     </span>
    </p>
   </div>
   <div class='ocr_carea' id='block_1_7' title="bbox 104 5229 3277 5395">
    <p class='ocr_par' dir='ltr' id='par_1_8' title="bbox 104 5229 3277 5395">
     <span class='ocr_line' id='line_1_48' title="bbox 167 5229 3277 5322; baseline 0.018 -62"><span class='ocrx_word' id='word_1_454' title='bbox 167 5232 180 5260; x_wconf 86' lang='grc' dir='ltr'><strong><em>ι</em></strong></span> <span class='ocrx_word' id='word_1_455' title='bbox 215 5229 388 5295; x_wconf 50' lang='lat' dir='ltr'>Dent-,⁸</span> <span class='ocrx_word' id='word_1_456' title='bbox 421 5244 598 5292; x_wconf 59' lang='grc' dir='ltr'>χχχιι,</span> <span class='ocrx_word' id='word_1_457' title='bbox 638 5237 718 5286; x_wconf 59' lang='lat'>22·</span> <span class='ocrx_word' id='word_1_458' title='bbox 751 5262 815 5274; x_wconf 79' lang='grc'>.-</span> <span class='ocrx_word' id='word_1_459' title='bbox 849 5238 868 5269; x_wconf 78' lang='lat'>²</span> <span class='ocrx_word' id='word_1_460' title='bbox 894 5240 1039 5292; x_wconf 70' lang='lat' dir='ltr'>Hunc</span> <span class='ocrx_word' id='word_1_461' title='bbox 1065 5246 1118 5293; x_wconf 60' lang='lat' dir='ltr'>et</span> <span class='ocrx_word' id='word_1_462' title='bbox 1153 5250 1455 5311; x_wconf 57' lang='lat' dir='ltr'>sequentem</span> <span class='ocrx_word' id='word_1_463' title='bbox 1480 5249 1637 5305; x_wconf 57' lang='lat' dir='ltr'><strong>habet</strong></span> <span class='ocrx_word' id='word_1_464' title='bbox 1744 5238 1791 5284; x_wconf 69' lang='grc' dir='ltr'>ὃ.</span> <span class='ocrx_word' id='word_1_465' title='bbox 1818 5259 1881 5273; x_wconf 84' lang='grc'><strong>-</strong></span> <span class='ocrx_word' id='word_1_466' title='bbox 1922 5238 1962 5272; x_wconf 81' lang='lat'>¹²</span> <span class='ocrx_word' id='word_1_467' title='bbox 1995 5242 2254 5308; x_wconf 62' lang='lat' dir='ltr'>Ambros„</span> <span class='ocrx_word' id='word_1_468' title='bbox 2296 5247 2349 5297; x_wconf 70' lang='lat' dir='ltr'>in</span> <span class='ocrx_word' id='word_1_469' title='bbox 2384 5251 2520 5312; x_wconf 68' lang='lat' dir='ltr'>Luc„</span> <span class='ocrx_word' id='word_1_470' title='bbox 2561 5253 2655 5306; x_wconf 76' lang='lat' dir='ltr'>llb-</span> <span class='ocrx_word' id='word_1_471' title='bbox 2682 5259 2755 5322; x_wconf 83' lang='lat' dir='ltr'>ll,</span> <span class='ocrx_word' id='word_1_472' title='bbox 2782 5273 2838 5309; x_wconf 88' lang='lat' dir='ltr'>n.</span> <span class='ocrx_word' id='word_1_473' title='bbox 2876 5262 2955 5311; x_wconf 77' lang='grc'>76.</span> <span class='ocrx_word' id='word_1_474' title='bbox 2994 5290 3048 5300; x_wconf 92' lang='grc'>-</span> <span class='ocrx_word' id='word_1_475' title='bbox 3093 5265 3137 5301; x_wconf 83' lang='lat'>²⁸</span> <span class='ocrx_word' id='word_1_476' title='bbox 3159 5266 3277 5319; x_wconf 82' lang='lat' dir='ltr'>Vid.</span> 
     </span>
     <span class='ocr_line' id='line_1_49' title="bbox 104 5305 3058 5395; baseline 0.015 -44"><span class='ocrx_word' id='word_1_477' title='bbox 104 5313 304 5368; x_wconf 84' lang='lat' dir='ltr'>quoque</span> <span class='ocrx_word' id='word_1_478' title='bbox 330 5305 453 5356; x_wconf 85' lang='lat' dir='ltr'>edit.</span> <span class='ocrx_word' id='word_1_479' title='bbox 486 5305 649 5356; x_wconf 80' lang='lat' dir='ltr'>Paris.</span> <span class='ocrx_word' id='word_1_480' title='bbox 675 5321 761 5358; x_wconf 84' lang='lat' dir='ltr'>an.</span> <span class='ocrx_word' id='word_1_481' title='bbox 792 5314 930 5361; x_wconf 74' lang='lat'>1521.</span> <span class='ocrx_word' id='word_1_482' title='bbox 959 5339 1022 5350; x_wconf 96' lang='lat'><strong>—</strong></span> <span class='ocrx_word' id='word_1_483' title='bbox 1047 5314 1067 5345; x_wconf 81' lang='lat'>⁸</span> <span class='ocrx_word' id='word_1_484' title='bbox 1092 5317 1299 5383; x_wconf 62' lang='lat' dir='ltr'>uatem,</span> <span class='ocrx_word' id='word_1_485' title='bbox 1326 5333 1398 5371; x_wconf 89' lang='lat' dir='ltr'>v11</span> <span class='ocrx_word' id='word_1_486' title='bbox 1414 5358 1431 5385; x_wconf 86' lang='lat'>,</span> <span class='ocrx_word' id='word_1_487' title='bbox 1467 5327 1543 5375; x_wconf 74' lang='lat'>¹9.</span> <span class='ocrx_word' id='word_1_488' title='bbox 1571 5351 1634 5364; x_wconf 89' lang='lat'><em>—</em></span> <span class='ocrx_word' id='word_1_489' title='bbox 1740 5319 1880 5371; x_wconf 50' lang='lat'><strong>⁸¹¹9„</strong></span> <span class='ocrx_word' id='word_1_490' title='bbox 1907 5309 2059 5360; x_wconf 81' lang='lat' dir='ltr'><strong>D0m·</strong></span> <span class='ocrx_word' id='word_1_491' title='bbox 2086 5324 2107 5364; x_wconf 82' lang='lat'>¹</span> <span class='ocrx_word' id='word_1_492' title='bbox 2135 5314 2284 5379; x_wconf 58' lang='grc' dir='ltr'>Μῦν</span> <span class='ocrx_word' id='word_1_493' title='bbox 2313 5332 2469 5372; x_wconf 70' lang='lat' dir='ltr'>⁸0¹*OE-</span> <span class='ocrx_word' id='word_1_494' title='bbox 2501 5336 2592 5389; x_wconf 81' lang='lat' dir='ltr'>vu,</span> <span class='ocrx_word' id='word_1_495' title='bbox 2620 5340 2738 5392; x_wconf 71' lang='lat'>1²⁸8·</span> <span class='ocrx_word' id='word_1_496' title='bbox 2776 5334 2853 5395; x_wconf 72' lang='lat'>¹52</span> <span class='ocrx_word' id='word_1_497' title='bbox 2880 5332 2978 5384; x_wconf 74' lang='lat'><strong>⁰0¹·</strong></span> <span class='ocrx_word' id='word_1_498' title='bbox 3012 5337 3058 5386; x_wconf 79' lang='lat'>¹·</span> 
     </span>
    </p>
   </div>
   <div class='ocr_carea' id='block_1_8' title="bbox 103 5369 3277 5527">
    <p class='ocr_par' dir='ltr' id='par_1_9' title="bbox 103 5369 3277 5527">
     <span class='ocr_line' id='line_1_50' title="bbox 103 5369 3277 5492; baseline 0.019 -70"><span class='ocrx_word' id='word_1_499' title='bbox 103 5369 125 5406; x_wconf 58' lang='grc' dir='ltr'>δ</span> <span class='ocrx_word' id='word_1_500' title='bbox 149 5372 282 5437; x_wconf 65' lang='lat' dir='ltr'>Luc„</span> <span class='ocrx_word' id='word_1_501' title='bbox 311 5386 435 5440; x_wconf 86' lang='lat' dir='ltr'>xm,</span> <span class='ocrx_word' id='word_1_502' title='bbox 465 5379 512 5429; x_wconf 81' lang='grc'>6.</span> <span class='ocrx_word' id='word_1_503' title='bbox 543 5403 600 5414; x_wconf 89' lang='lat'>-—-</span> <span class='ocrx_word' id='word_1_504' title='bbox 638 5380 661 5415; x_wconf 84' lang='lat'>⁸</span> <span class='ocrx_word' id='word_1_505' title='bbox 687 5380 893 5445; x_wconf 67' lang='lat' dir='ltr'>Ephes„</span> <span class='ocrx_word' id='word_1_506' title='bbox 925 5394 973 5447; x_wconf 75' lang='grc' dir='ltr'>ν,</span> <span class='ocrx_word' id='word_1_507' title='bbox 1006 5388 1055 5436; x_wconf 89' lang='grc'>9.</span> <span class='ocrx_word' id='word_1_508' title='bbox 1082 5413 1145 5426; x_wconf 89' lang='lat'><em>—</em></span> <span class='ocrx_word' id='word_1_509' title='bbox 1178 5390 1199 5420; x_wconf 82' lang='lat'>⁸</span> <span class='ocrx_word' id='word_1_510' title='bbox 1234 5391 1366 5443; x_wconf 75' lang='lat' dir='ltr'>Psal.</span> <span class='ocrx_word' id='word_1_511' title='bbox 1400 5404 1518 5458; x_wconf 71' lang='lat' dir='ltr'>xxi,</span> <span class='ocrx_word' id='word_1_512' title='bbox 1552 5400 1630 5448; x_wconf 81' lang='lat'>¹7.</span> <span class='ocrx_word' id='word_1_513' title='bbox 1806 5397 1874 5461; x_wconf 80' lang='lat' dir='ltr'>(a)</span> <span class='ocrx_word' id='word_1_514' title='bbox 1913 5398 2065 5451; x_wconf 81' lang='lat' dir='ltr'>Forte</span> <span class='ocrx_word' id='word_1_515' title='bbox 2096 5400 2195 5466; x_wconf 63' lang='lat'>1⁶9.</span> <span class='ocrx_word' id='word_1_516' title='bbox 2228 5404 2420 5461; x_wconf 84' lang='lat' dir='ltr'>fecerit.</span> <span class='ocrx_word' id='word_1_517' title='bbox 2468 5439 2527 5451; x_wconf 90' lang='lat'>--</span> <span class='ocrx_word' id='word_1_518' title='bbox 2558 5416 2630 5480; x_wconf 79' lang='grc' dir='ltr'>(ὁ)</span> <span class='ocrx_word' id='word_1_519' title='bbox 2660 5418 2809 5482; x_wconf 74' lang='lat' dir='ltr'>Apud</span> <span class='ocrx_word' id='word_1_520' title='bbox 2840 5421 3070 5476; x_wconf 70' lang='lat' dir='ltr'>Ambo-os.</span> <span class='ocrx_word' id='word_1_521' title='bbox 3105 5429 3277 5492; x_wconf 72' lang='lat' dir='ltr'>pervi-</span> 
     </span>
     <span class='ocr_line' id='line_1_51' title="bbox 103 5443 1889 5527; baseline 0.016 -34"><span class='ocrx_word' id='word_1_522' title='bbox 103 5467 164 5480; x_wconf 92' lang='lat'>-—</span> <span class='ocrx_word' id='word_1_523' title='bbox 189 5443 210 5479; x_wconf 83' lang='lat'>²</span> <span class='ocrx_word' id='word_1_524' title='bbox 241 5445 351 5507; x_wconf 78' lang='lat' dir='ltr'>Iob,</span> <span class='ocrx_word' id='word_1_525' title='bbox 380 5459 479 5513; x_wconf 76' lang='lat' dir='ltr'>xx,</span> <span class='ocrx_word' id='word_1_526' title='bbox 515 5451 564 5500; x_wconf 81' lang='grc' dir='ltr'>Ἰ.</span> <span class='ocrx_word' id='word_1_527' title='bbox 590 5474 648 5488; x_wconf 92' lang='lat'>-</span> <span class='ocrx_word' id='word_1_528' title='bbox 675 5450 698 5486; x_wconf 82' lang='lat'>⁸</span> <span class='ocrx_word' id='word_1_529' title='bbox 723 5453 982 5519; x_wconf 74' lang='lat' dir='ltr'>Ambros„</span> <span class='ocrx_word' id='word_1_530' title='bbox 1009 5459 1064 5508; x_wconf 76' lang='lat' dir='ltr'>in</span> <span class='ocrx_word' id='word_1_531' title='bbox 1088 5459 1204 5511; x_wconf 81' lang='lat' dir='ltr'>Luc.</span> <span class='ocrx_word' id='word_1_532' title='bbox 1230 5459 1319 5514; x_wconf 86' lang='lat' dir='ltr'>lib.</span> <span class='ocrx_word' id='word_1_533' title='bbox 1349 5464 1438 5527; x_wconf 78' lang='lat' dir='ltr'>lx,</span> <span class='ocrx_word' id='word_1_534' title='bbox 1464 5478 1518 5517; x_wconf 90' lang='lat' dir='ltr'>n.</span> <span class='ocrx_word' id='word_1_535' title='bbox 1546 5470 1628 5520; x_wconf 78' lang='grc'>23.</span> <span class='ocrx_word' id='word_1_536' title='bbox 1734 5471 1889 5520; x_wconf 81' lang='lat' dir='ltr'>cacia.</span> 
     </span>
    </p>
   </div>
   <div class='ocr_carea' id='block_1_9' title="bbox 332 5553 3043 5654">
    <p class='ocr_par' dir='ltr' id='par_1_10' title="bbox 332 5553 3043 5654">
     <span class='ocr_line' id='line_1_52' title="bbox 332 5553 3043 5654; baseline 0.012 -52"><span class='ocrx_word' id='word_1_537' title='bbox 332 5553 483 5603; x_wconf 71' lang='lat' dir='ltr'>rou.</span> <span class='ocrx_word' id='word_1_538' title='bbox 524 5556 665 5604; x_wconf 81' lang='lat' dir='ltr'>xm.</span> <span class='ocrx_word' id='word_1_539' title='bbox 2963 5594 3043 5654; x_wconf 72' lang='lat'>24</span> 
     </span>
    </p>
   </div>
   <div class='ocr_carea' id='block_1_10' title="bbox 668 3888 1132 3972">
    <p class='ocr_par' dir='ltr' id='par_1_11' title="bbox 668 3888 1132 3972">
     <span class='ocr_line' id='line_1_53' title="bbox 668 3888 1132 3972; baseline 0.011 -13"><span class='ocrx_word' id='word_1_540' title='bbox 668 3888 956 3972; x_wconf 76' lang='lat' dir='ltr'>SERMO</span> <span class='ocrx_word' id='word_1_541' title='bbox 998 3894 1059 3962; x_wconf 86' lang='lat'>11</span> <span class='ocrx_word' id='word_1_542' title='bbox 1087 3906 1132 3964; x_wconf 81' lang='lat'>².</span> 
     </span>
    </p>
   </div>
  </div>
 </body>
</html>
