4059 6317
444 3501 613 3571 Gomon

475 4993 625 5034 Exem-

421 5055 563 5113 plum.

642 457 764 521 616

642 592 701 648 et
712 588 987 649 ordinem
1009 585 1444 661 ministrorum,
1474 601 1599 645 non
1610 584 1820 644 habuit
1833 584 1988 643 ultra
2013 583 2188 659 spiri-

643 687 770 742 tum
785 681 887 759 (a),
906 682 1108 740 dicens
1133 682 1185 740 ¹:
1222 681 1566 754 concupiscit
1592 687 1644 738 et
1659 680 1841 752 deficit
1869 680 2056 737 anima
2073 693 2191 735 mea

643 783 705 835 in
730 779 880 836 atria
899 778 1139 834 Domini.
1167 778 1237 834 Et
1260 775 1325 833 in
1352 774 1650 833 alacritate
1675 771 1872 831 cordis
1899 772 2187 843 clamans,

645 871 727 930 ait
752 890 767 926 ε
796 872 955 928 Beati
980 873 1078 941 qui
1098 870 1348 927 habitant
1373 872 1435 925 in
1461 869 1615 925 domo
1647 872 1743 924 tua
1759 908 1777 936 ,
1803 869 2041 936 Domine,
2070 867 2180 922 etc.

646 964 751 1021 Ubi
777 964 1015 1021 notatur
1027 961 1310 1020 solemnis
1323 962 1670 1020 Sanctorum
1685 959 1940 1030 mansio,
1959 962 2017 1017 et
2027 956 2190 1032 jugis

644 1056 968 1132 gratiarum
995 1056 1169 1114 actio.
1198 1057 1491 1126 Quantum
1518 1054 1599 1113 ad
1635 1053 1897 1129 primum
1914 1095 1932 1124 ,
1955 1056 2192 1110 notatur

643 1152 953 1213 babitandi
966 1155 1149 1222 actus,
1160 1167 1297 1209 cum
1308 1149 1522 1208 dicitur
1535 1168 1550 1207 ε
1565 1151 1619 1206 H
1619 1150 1864 1214 abitum,-
1877 1144 2190 1205 habitandi

644 1246 845 1318 locus,
887 1260 1027 1303 cum
1071 1244 1284 1301 dicitur
1314 1261 1329 1300 ε
1360 1245 1427 1299 In
1454 1242 1609 1299 domo
1644 1247 1769 1309 ταας
1794 1238 2191 1299 habitantium

645 1340 898 1410 fructus,
940 1355 1078 1397 cum
1121 1337 1377 1395 dicitur:
1421 1338 1597 1393 Beati.
1644 1336 1940 1404 Quantum
1983 1332 2063 1392 ad
2099 1349 2191 1390 se-

647 1433 912 1492 cundum
929 1474 949 1506 ,
996 1431 1165 1507 quod
1205 1433 1291 1490 est
1348 1429 1674 1504 gratiarum
1722 1427 1907 1500 actio,
1953 1430 2192 1485 notatur

645 1526 843 1585 landis
887 1525 1185 1601 expressio
1231 1523 1315 1582 ibi
1346 1541 1361 1580 z
1408 1523 1773 1594 Laudabunt3
1814 1520 2192 1579 laudantium

646 1624 806 1680 recta
848 1620 1093 1679 intentio
1108 1661 1128 1692 ,
1170 1636 1308 1677 cum
1350 1619 1563 1677 dicitur
1601 1620 1753 1690 :Te3
1779 1618 1838 1674 et
1862 1617 2191 1692 utriusque,

649 1718 770 1773 tam
791 1713 986 1772 laudis
1014 1729 1197 1789 quam
1219 1711 1615 1785 laudantium,
1637 1709 2023 1783 continuatio,
2051 1726 2192 1769 cum

649 1807 863 1866 dicitur
893 1827 908 1865 ε
938 1810 1006 1865 In
1029 1809 1229 1865 soecula
1253 1809 1583 1865 soeeulorum.

722 1904 941 1960 Domus
966 1900 1145 1975 igitur
1181 1902 1306 1959 haec
1347 1899 1598 1959 coelestis
1639 1899 1832 1974 patria
1865 1902 1977 1971 est,
2008 1914 2193 1974 quam

650 1994 986 2054 desiderare
1040 1994 1330 2053 debemus
1348 2036 1370 2065 ‚
1425 2000 1491 2053 ut
1541 1995 1604 2052 in
1647 2010 1719 2052 ea
1750 1994 2087 2053 habitemus
2112 1995 2134 2029 ²
2167 2012 2183 2050 ε

654 2110 684 2143 ι
710 2092 894 2148 Unam
922 2089 1061 2164 petii
1089 2104 1126 2146 a
1153 2088 1401 2146 Domino
1417 2129 1438 2158 ,
1467 2087 1622 2146 hanc
1647 2088 1974 2163 requiram,
2003 2091 2070 2146 ut
2095 2088 2188 2145 in-

646 2183 910 2242 habitem
936 2181 1001 2239 in
1028 2181 1211 2240 domo
1241 2181 1471 2240 Domini
1509 2182 1791 2240 omnibus
1817 2182 2033 2240 diebus
2058 2179 2193 2239 vitm

649 2294 819 2336 meoe.
840 2297 868 2331 ιο
899 2280 965 2334 Et
991 2275 1324 2334 secundum
1348 2274 1615 2333 diversos
1640 2275 1857 2334 domus
1881 2276 2060 2348 huius
2086 2275 2193 2332 ha·

649 2372 949 2443 bitatores,
970 2376 1106 2431 sunt
1128 2372 1192 2431 in
1219 2388 1291 2431 ea
1319 2371 1566 2430 diversas
1587 2372 1980 2430 habitationes
1999 2369 2055 2426 ⁸:
2083 2390 2112 2425 ι
2132 2372 2193 2428 ln

651 2467 835 2525 domo
865 2465 1048 2540 patris
1073 2466 1192 2524 mei
1220 2465 1561 2525 mansiones
1589 2466 1787 2525 multoe
1815 2469 1971 2523 sunt.
1999 2483 2028 2519 ιο

723 2559 917 2618 Primo
971 2558 1149 2633 igitur
1201 2564 1288 2616 est
1340 2560 1556 2618 domus
1607 2559 1738 2617 hoec
1792 2558 2077 2633 opulenta
2105 2554 2127 2589 ⁴
2180 2575 2196 2614 z

660 2674 687 2707 α
714 2653 909 2713 Gloria
934 2656 991 2711 et
1028 2653 1245 2710 divitiae
1289 2653 1352 2712 in
1391 2654 1576 2712 domo
1623 2652 1769 2726 ejus.
1812 2672 1841 2707 ιι
1893 2655 2022 2711 Non
2059 2653 2197 2709 sunt

652 2747 768 2805 illae
796 2747 1013 2806 divitiae
1040 2746 1418 2821 temporaleS,
1439 2762 1572 2821 quae
1594 2745 1938 2820 relinquunt
1962 2744 2196 2819 inquie-

653 2842 918 2900 tudinem
947 2841 1011 2898 in
1038 2841 1299 2914 cogitatu
1318 2882 1337 2911 ‚
1367 2838 1866 2897 insatiabilitatem
1902 2839 1967 2896 in
2010 2854 2194 2913 appe-

655 2936 780 3006 titu,
792 2935 1107 2993 caecitatem
1120 2935 1183 2991 in
1195 2932 1516 3004 intellectu,
1530 2933 1888 2991 sterilitatem
1905 2932 1966 2989 in
1976 2932 2169 2990 fructu
2175 2952 2195 3005 3

654 3029 762 3087 sed
799 3028 1169 3104 spirituales,
1211 3043 1345 3101 quoe
1388 3042 1498 3085 nec
1546 3031 1794 3101 possunt
1837 3025 2061 3096 amitti,
2087 3041 2196 3084 nec

656 3122 913 3192 auferri,
939 3137 1050 3179 nec
1084 3120 1336 3192 resolvi,
1365 3136 1475 3177 nec
1510 3118 1849 3194 putrefieri,
1891 3118 1986 3177 vel
2034 3135 2197 3191 com·

657 3216 814 3274 buri.
845 3218 908 3272 ln
933 3216 1045 3274 ista
1069 3215 1253 3273 domo
1290 3213 1558 3272 habitant
1580 3214 1943 3283 Patriarchae,
1972 3217 2028 3270 et
2048 3229 2197 3287 opu-

657 3309 802 3368 lenti
844 3308 950 3383 qui
990 3307 1209 3367 divitiis
1251 3306 1678 3382 temporalibus
1718 3306 1873 3365 bene
1910 3306 1999 3363 usi
2036 3310 2189 3364 sunt.

663 3401 810 3461 Dixit
834 3402 1061 3461 Pharao
1090 3402 1166 3460 de
1197 3401 1549 3460 patriarchis
1573 3402 1594 3436 ⁸
1622 3419 1637 3458 ι
1674 3423 1702 3457 ιι
1725 3403 1790 3459 ln
1806 3400 2034 3474 optimo
2061 3399 2196 3458 loco

657 3496 750 3555 fac
775 3511 879 3555 eos
904 3495 1197 3566 habitare,
1225 3501 1282 3553 et
1315 3494 1510 3553 trades
1537 3493 1620 3552 eis
1646 3497 1864 3552 terram
1899 3495 2132 3564 Gessen,
2162 3512 2192 3549 ιο

660 3590 829 3666 quod
867 3590 1280 3664 interpretatur
1316 3588 1646 3646 desiderium
1674 3605 1693 3644 .·
1726 3587 1871 3663 quia
1892 3587 2030 3645 licet
2053 3590 2200 3644 tem-

656 3683 890 3759 poralia
909 3681 1312 3758 possiderent,
1341 3684 1543 3741 tamen
1567 3680 1762 3738 cordis
1806 3680 2012 3738 intimo
2045 3680 2199 3737 desi-

659 3776 826 3835 derio
853 3776 1193 3834 ferebantur
1219 3775 1299 3833 ad
1329 3774 1608 3847 coelestia,
1638 3774 1926 3849 quoesola
1947 3774 2197 3832 suntde-

658 3868 999 3928 siderabilia
1019 3909 1038 3941 ,
1076 3872 1133 3927 et
1175 3868 1448 3926 fruuntur
1488 3868 1705 3926 coelesti
1747 3867 2131 3926 beatitudine.
2173 3869 2197 3905 ⁶

662 3983 692 4019 ι
717 3963 874 4022 Beati
921 3963 1119 4034 mima,
1167 3962 1453 4036 quoniam
1495 3962 1606 4036 ipsi
1647 3961 2038 4036 possidebunt
2083 3966 2197 4019 ter-

656 4073 806 4116 ram.
833 4077 863 4112 ιο
895 4056 1056 4115 Mites
1082 4060 1249 4127 sunt,
1279 4056 1383 4130 qui
1427 4055 1578 4113 nihil
1620 4055 1954 4113 inordinate
1997 4060 2200 4114 amant

654 4151 719 4209 in
746 4151 871 4209 luto
908 4149 1348 4225 temporalium,
1368 4153 1425 4207 et
1442 4149 1580 4208 ideo
1597 4164 1720 4207 non
1743 4149 2052 4207 inveniunt
2076 4149 2200 4207 ani·

655 4261 824 4303 mum
872 4259 1079 4302 eorum
1114 4243 1415 4302 turbatum
1446 4262 1460 4300 ε
1489 4258 1633 4301 nam
1673 4259 1834 4318 aqua
1868 4258 2021 4318 pura
2045 4242 2107 4300 in
2135 4259 2198 4302 se

659 4342 746 4396 est
769 4352 997 4410 serena,
1034 4337 1140 4394 sed
1188 4336 1453 4395 admixto
1502 4335 1629 4395 luto
1659 4336 1907 4395 efficitur
1936 4335 2194 4394 turbida.

657 4433 747 4492 Ab
774 4431 1200 4491 inhabitatione
1215 4430 1390 4504 hujus
1402 4430 1618 4488 domus
1630 4429 1997 4504 repelluntur
2010 4430 2198 4502 avari,

660 4524 804 4601 quia
828 4526 997 4584 nulla
1021 4524 1326 4599 opulentia
1365 4528 1614 4598 possunt
1650 4523 1888 4581 satiari:
1924 4543 1951 4577 α
1984 4539 2199 4581 avarus

661 4621 822 4678 enim
847 4622 870 4657 ⁷
886 4635 1011 4677 non
1035 4618 1315 4693 impletur
1337 4617 1613 4691 pecunia.
1648 4638 1675 4670 ιι
1711 4617 1776 4675 Hi
1801 4619 1939 4674 sunt
1960 4618 2002 4688 ⁸,
2037 4637 2066 4671 α
2093 4618 2199 4691 qui

660 4713 993 4773 inhabitant
1020 4713 1234 4772 domos
1260 4712 1476 4783 luteas,
1505 4711 1612 4786 qui
1651 4715 1950 4770 terrenum
1975 4712 2202 4770 habent

657 4808 1148 4879 tundamentum,
1197 4810 1255 4864 et
1297 4806 1723 4864 consumuntur
1762 4804 1925 4863 velut
1959 4804 2135 4863 vestis
2162 4821 2200 4862 a

661 4902 833 4960 tinea.
864 4921 894 4956 ιο
940 4904 1126 4959 Domos
1179 4902 1350 4957 luteas
1400 4900 1751 4968 inhabitant,
1798 4899 1902 4972 qui
1953 4899 2015 4956 in
2059 4898 2200 4957 fasce

664 5001 1028 5054 terrenorum
1047 4993 1328 5051 exultant.
1351 4994 1638 5050 Terrenum
1661 4993 1856 5050 habent
1878 4993 2199 5062 tundamen-

730 5164 908 5217 ¹Psal.
946 5176 1177 5227 nxxxm,
1206 5167 1256 5215 3.
1294 5190 1356 5202 -
1388 5163 1405 5194 ²
1445 5163 1581 5214 Paul.
1621 5175 1781 5226 xxv1‘,
1823 5169 1866 5216 4.
1897 5190 1960 5201 -
1985 5164 2007 5199 ⁸
2034 5164 2197 5225 Joan„

662 5250 771 5299 xlv,
811 5243 854 5290 1.
903 5264 963 5291 -.
1001 5238 1018 5267 ⁸
1058 5236 1195 5288 Psal.
1238 5248 1351 5297 cxi,
1391 5238 1438 5286 3.
1482 5261 1543 5274 —
1585 5236 1607 5272 ⁸
1651 5236 1787 5287 Psal.
1836 5248 2002 5302 xnvn,
2046 5240 2095 5288 6.
2138 5263 2199 5275 -··

663 5311 683 5339 ⁰
715 5308 919 5369 Manli„
952 5322 1003 5372 v,
1039 5311 1084 5359 4.
1118 5336 1179 5346 —
1214 5309 1231 5339 ’
1258 5307 1447 5372 Eccle„
1472 5317 1522 5368 ν,
1555 5310 1603 5357 9.
1634 5333 1693 5346 -
1731 5311 1750 5338 ⁸
1777 5308 1890 5365 lob,
1925 5320 1997 5372 lv,
2038 5311 2114 5359 19.
2140 5335 2197 5347 -

662 5380 683 5414 ⁹
710 5379 754 5433 11
791 5381 926 5442 Cor„
957 5392 1006 5445 v,
1032 5384 1079 5431 1.
1107 5407 1165 5418 —
1198 5381 1238 5416 ¹⁰
1261 5378 1466 5442 Mateta,
1497 5390 1544 5443 v,
1573 5381 1652 5431 15.
1675 5405 1730 5416 -
1763 5380 1798 5415 ¹¹
1826 5380 1945 5442 1⁸0„
1975 5391 2035 5444 ιι,
2064 5381 2114 5433 3.
2136 5406 2198 5419 -

1698 444 2115 512 SERMONES
2160 445 2260 512 DE
2302 442 2655 512 SANCTIS.
2693 446 2764 512 L.

2296 587 2434 655 tum,
2463 581 2567 658 qui
2583 583 2666 643 eis
2693 582 3022 645 innituntur
3047 602 3156 663 per
3176 586 3474 647 affectum.
3507 587 3829 646 Conm-

2295 680 2388 733 tur
2404 679 2550 734 vehat
2567 695 2601 735 a
2629 683 2799 752 tinea,
2833 696 2968 755 quae
2988 684 3260 756 penetrat
3294 681 3639 753 efficaciter,
3664 685 3720 739 et
3748 685 3832 740 ta·

2296 786 2434 829 men
2472 771 2887 831 insensibiliter
2914 792 2930 831 ε
2968 774 3107 833 facit
3149 775 3311 834 enim
3355 774 3683 846 damnum,
3730 774 3829 833 oed

2294 880 2419 923 non
2446 863 2585 923 facit
2611 881 2847 926 sonum.
2876 872 3181 928 Amatores
3218 869 3374 927 enim
3419 867 3829 942 temporalium

2292 958 2553 1033 perdunt
2593 958 2789 1017 cordis
2826 960 3259 1035 innocentiam,
3299 963 3505 1021 carnis
3542 962 3829 1020 contineu-

2295 1053 2462 1123 tiam,
2492 1058 2548 1112 et
2568 1069 2809 1112 accessu
2828 1056 3134 1129 temporis,
3150 1056 3336 1115 vitam
3355 1061 3414 1114 et
3425 1056 3708 1130 gloriam.
3724 1056 3827 1114 Sed

2297 1146 2587 1206 damnum
2623 1147 2739 1205 boc
2784 1149 3451 1224 neglIgunt,quoniam
3496 1150 3566 1207 in
3603 1150 3833 1209 terrenis

2295 1239 2471 1297 nimis
2498 1242 2774 1316 occupati
2796 1247 2953 1301 sunt.
2998 1245 3065 1301 Et
3104 1244 3333 1303 utinam
3374 1243 3831 1317 adverteremus,

2296 1333 2463 1409 quod
2491 1332 2633 1392 dicit
2666 1336 2985 1409 Apostolus
3008 1337 3031 1372 ⁹
3061 1355 3076 1394 ε
3113 1360 3142 1391 ι
3165 1338 3391 1396 Scimus
3413 1378 3435 1408 ,
3476 1337 3767 1412 quoniam
3790 1339 3833 1395 ς’

2294 1427 2576 1485 terrestris
2607 1427 2824 1486 domus
2851 1433 3054 1489 nostra
3089 1431 3269 1504 buius
3310 1431 3700 1490 habitationis
3724 1431 3831 1488 dis-

2295 1520 2579 1595 solvatur,
2609 1522 2779 1596 quod
2805 1522 3256 1583 aediflcationem
3284 1541 3361 1583 ex
3382 1528 3504 1584 Deo
3532 1525 3834 1597 habemus,

2296 1613 2548 1672 domum
2588 1632 2714 1675 non
2757 1632 2945 1676 manu
2987 1617 3202 1678 factam
3215 1660 3237 1690 ,
3278 1623 3568 1678 aeternam
3621 1618 3687 1677 in
3730 1636 3835 1678 ooe-

2295 1706 2387 1765 lis.
2423 1728 2452 1760 ο)

2367 1804 2660 1877 Secundo,
2683 1805 2903 1866 domus
2928 1806 3043 1866 ista
3065 1808 3281 1867 domus
3295 1808 3502 1868 lucida
3520 1812 3628 1881 est,
3651 1808 3838 1884 qma*

2302 1919 2331 1951 α
2356 1896 2600 1957 lucerna
2622 1899 2818 1974 posita
2853 1906 3142 1977 estsuper
3170 1902 3638 1975 candelabrum,
3664 1907 3729 1962 ut
3751 1903 3833 1962 lu-

2297 1995 2428 2052 ceat
2452 1993 2733 2052 omnibus
2753 2035 2775 2064 ‚
2802 1994 2908 2070 qui
2955 1996 3019 2053 in
3068 1996 3249 2054 domo
3294 2000 3453 2054 sunt.
3496 2018 3527 2052 ιο
3575 1998 3663 2056 lbi
3689 1997 3835 2055 enim

2295 2087 2403 2144 lux
2429 2087 2694 2146 increata
2733 2087 3055 2163 discipulos
3085 2106 3226 2148 suos
3269 2089 3593 2162 illuminat,
3620 2096 3683 2148 ut
3706 2090 3838 2149 illuc

2299 2180 2594 2239 desiderio
2620 2184 2850 2256 pergat,
2877 2184 2982 2257 qui
3009 2183 3167 2242 clare
3195 2183 3503 2244 veritatem
3524 2185 3726 2243 videre
3744 2185 3835 2242 de-

2297 2274 2535 2334 siderat.
2571 2276 2613 2313 ¹¹
2646 2295 2676 2330 οι
2700 2276 2902 2335 Venite
2943 2280 3001 2335 et
3035 2277 3426 2337 ascendamus
3464 2278 3551 2336 ad
3589 2282 3840 2337 montem

2301 2368 2564 2436 Domini,
2595 2369 2676 2427 ad
2705 2370 2956 2428 domum
3000 2370 3099 2429 Dei
3125 2371 3343 2445 Jacob,
3370 2374 3433 2430 et
3458 2371 3702 2430 docebit
3738 2389 3842 2431 nos

2298 2461 2426 2520 vias
2449 2477 2653 2520 suas.»
2685 2464 2750 2521 ln
2774 2463 2892 2535 hac
2926 2464 3110 2523 domo
3140 2464 3414 2523 habitant
3438 2465 3744 2540 prophetas
3769 2464 3837 2523 ¹¹:

2307 2574 2337 2610 ι
2363 2555 2727 2631 Ubicumque
2755 2557 3119 2617 habitabant
3142 2558 3251 2616 filii
3286 2559 3497 2631 lsrael,
3526 2559 3634 2618 lux
3655 2564 3836 2618 emt.»

2304 2648 2482 2707 lsrael
2496 2689 2516 2720 ,
2569 2652 2658 2707 vir
2679 2650 2868 2708 videm
2913 2654 3080 2709 Deum
3099 2695 3120 2722 ‚
3176 2653 3507 2728 prophetas
3539 2653 3842 2726 significat,

2303 2741 2445 2817 quia
2474 2742 2577 2817 qui
2603 2743 2784 2801 hodie
2807 2745 3096 2819 Propheta
3124 2746 3247 2819 Dei,
3275 2745 3427 2804 olim
3447 2747 3491 2782 ¹⁸
3508 2746 3843 2821 appellaba-

2302 2839 2396 2894 tur
2432 2835 2666 2893 videns.
2699 2839 2782 2894 Ex
2820 2854 3055 2896 summa
3092 2839 3255 2897 enim
3308 2838 3635 2900 intentione
3674 2839 3842 2898 affec-

2302 2931 2471 2986 tuum
2486 2929 2549 2986 in
2566 2932 2750 2988 Deum
2768 2947 2999 2991 summe
3010 2933 3348 3006 veniebant,
3366 2934 3502 2992 etin
3513 2933 3617 2993 illa
3633 2932 3845 2993 unione

2302 3021 2790 3083 illuminabantur
2836 3042 2946 3100 per
2988 3027 3438 3087 irradiationem
3464 3044 3505 3086 a
3543 3029 3737 3103 primo
3764 3028 3847 3086 lu·

2304 3116 2486 3187 mine,
2516 3117 2579 3174 in
2608 3133 2730 3192 qua
2754 3118 3135 3183 irradiatione
3162 3120 3545 3180 auferebatur
3578 3121 3843 3180 velamen

2303 3210 2402 3267 vel
2429 3211 2797 3285 corpulentia
2823 3211 3168 3285 intellectus,
3190 3214 3563 3289 nbilimpide
3590 3232 3838 3289 cognos-

2305 3304 2538 3375 cebant,
2567 3308 2624 3362 et
2649 3304 2878 3364 fervide
2906 3306 3340 3381 desiderabant,
3370 3313 3429 3367 et
3455 3324 3622 3368 nunc
3645 3309 3844 3368 fruun-

2306 3401 2399 3455 tur
2424 3398 2812 3470 beatitudine,
2834 3401 2978 3475 quia
3003 3400 3217 3460 dicitur
3237 3402 3273 3438 '⁸
3305 3420 3320 3458 ε
3352 3420 3383 3457 οι
3405 3404 3571 3461 Beati
3599 3404 3701 3479 qui
3726 3420 3847 3462 esu-

2304 3489 2462 3548 riunt
2506 3494 2566 3549 et
2611 3492 2813 3551 sitiunt
2844 3494 3149 3567 Justitiam.
3196 3517 3225 3548 ιο
3273 3499 3339 3553 ln
3377 3496 3494 3554 hac
3523 3497 3703 3557 domo
3732 3513 3847 3555 non

2304 3582 2576 3643 habitant
2602 3585 2799 3660 talpoe,
2827 3587 2923 3645 vel
2959 3588 3113 3661 capti
3141 3588 3352 3661 oeulis,
3390 3590 3501 3664 qui
3527 3591 3845 3650 oculosha·

2305 3677 2474 3747 bent,
2502 3682 2559 3736 et
2583 3695 2708 3737 non
2735 3680 2941 3738 vident
2962 3698 2978 3739 ε
2999 3681 3148 3740 nihil
3170 3683 3331 3740 enim
3356 3689 3656 3742 noverunt
3672 3684 3747 3742 de
3766 3685 3847 3742 di·

2306 3771 2481 3844 vinis,
2506 3773 2614 3831 sed
2637 3776 2767 3832 tota
2793 3790 3005 3833 eorum
3033 3776 3323 3851 sapientia
3348 3779 3612 3836 consistit
3637 3779 3699 3836 in
3726 3777 3847 3836 fun-

2308 3864 2398 3923 dis
2413 3908 2432 3936 ,
2457 3866 2737 3925 humanis
2772 3869 3230 3928 mercationibus
3248 3873 3307 3928 et
3325 3870 3574 3929 culturis
3598 3870 3640 3907 ¹⁸
3660 3891 3675 3929 ε
3694 3892 3727 3925 ι
3744 3874 3845 3930 Ha-

2306 3959 2513 4018 bitatio
2556 3966 2655 4019 tua
2683 3961 2746 4019 in
2771 3963 2971 4021 medio
3001 3962 3127 4021 doli
3172 3982 3187 4020 ι
3229 3965 3295 4022 in
3334 3964 3484 4024 dolo
3539 3969 3846 4024 renuerunt

2307 4054 2456 4112 scire
2485 4070 2613 4125 me,
2644 4054 2791 4114 dicit
2833 4056 3146 4129 Dominus3
3173 4079 3202 4111 ιο
3251 4057 3344 4116 vel
3365 4098 3385 4130 ‚
3429 4058 3585 4117 sicut
3619 4064 3848 4134 Septua-

2306 4146 2470 4219 ginta
2515 4147 2935 4207 transtulerunt
2964 4166 2981 4207 z
3017 4169 3048 4204 α
3074 4154 3259 4209 Usura
3285 4167 3466 4226 super
3492 4169 3766 4224 usuram,
3791 4156 3844 4211 et

2309 4240 2481 4299 dolus
2506 4257 2682 4316 super
2709 4241 2945 4300 dolum.
2972 4263 3001 4298 ιο

2377 4334 2587 4405 Tertio,
2613 4335 2831 4394 domus
2852 4336 2979 4394 haec
3019 4339 3243 4396 secreta
3279 4341 3404 4398 est:
3439 4354 3480 4396 a
3502 4341 3676 4399 malis
3696 4340 3841 4399 enim

2307 4443 2432 4486 non
2458 4428 2773 4498 invenitur,
2800 4429 2947 4504 quia
2972 4430 3104 4488 solo
3133 4430 3429 4490 desiderio
3452 4438 3619 4491 recto
3644 4433 3840 4492 intror-

2306 4538 2440 4579 sum
2469 4522 2768 4597 quaeritur.
2805 4523 2848 4560 ¹⁶
2881 4544 2909 4579 οι
2938 4524 3131 4582 Πίοἰῐίε
3159 4524 3355 4583 enim:
3382 4525 3491 4585 Ubi
3520 4531 3614 4586 est
3639 4528 3837 4586 domus

2307 4615 2624 4690 Principis?
2652 4638 2681 4671 ιο
2711 4617 2897 4677 Valde
2926 4619 3087 4677 enim
3114 4618 3444 4678 solitarium
3484 4627 3546 4680 et
3584 4636 3836 4696 segrega·

2308 4713 2435 4766 tum
2471 4714 2703 4784 oportet
2728 4727 2869 4769 eum
2895 4727 3022 4770 esse
3066 4728 3103 4770 a
3140 4712 3397 4786 negotiis
3443 4714 3677 4788 mundi,
3705 4720 3758 4774 et
3778 4716 3835 4773 in

2308 4819 2526 4877 magno
2552 4803 2786 4864 fervore
2824 4805 3044 4864 amoris
3074 4805 3274 4864 vivere
3297 4847 3318 4877 ,
3358 4807 3463 4882 qui
3494 4808 3739 4868 domum
3770 4810 3833 4866 il·

2308 4898 2430 4956 lam
2447 4897 2574 4955 vult
2596 4897 2882 4956 invenire.
2901 4900 2978 4952 ¹⁷«
2996 4900 3102 4958 Cui
3131 4898 3274 4957 dedi
3302 4900 3364 4956 in
3393 4901 3708 4961 solitudine
3733 4904 3833 4961 do-

2306 5009 2495 5062 mum,
2525 4995 2582 5049 ct
2609 4992 2989 5050 tabernacula
3014 4992 3142 5064 eius
3158 5034 3176 5063 ‚
3214 4992 3277 5050 in
3304 4996 3460 5052 terra
3487 4996 3833 5070 salsuginis?

2307 5087 2638 5146 contemnit
2659 5086 3100 5146 multitudinem
3110 5086 3381 5160 civitatis,
3402 5109 3430 5143 ιο
3461 5091 3606 5164 quia
3626 5093 3833 5161 vivunt,

2310 5237 2352 5272 ¹·
2376 5235 2565 5297 Emi„
2602 5247 2663 5301 x,
2696 5237 2774 5287 23.
2805 5262 2868 5274 -
2906 5236 2945 5272 1³
2981 5237 3000 5286 1
3031 5235 3168 5301 aeq„
3203 5247 3286 5299 ιιι,
3321 5241 3370 5288 s.
3399 5264 3462 5275 —
3498 5239 3541 5275 ιι
3567 5240 3761 5299 unta..
3786 5250 3832 5301 v,

2309 5310 2356 5358 6.
2385 5334 2450 5346 -
2488 5309 2527 5344 ¹⁸
2560 5310 2769 5367 lei-em„
2801 5320 2890 5369 lx,
2920 5310 2969 5359 6.
3000 5334 3063 5345 -
3092 5308 3133 5344 ¹⁸
3164 5306 3282 5368 Ιώ,
3314 5321 3436 5374 xxr,
3471 5313 3552 5362 28.
3583 5338 3641 5350 —
3676 5313 3711 5348 ¹⁴¹
3733 5312 3830 5372 1οό,

2310 5391 2491 5444 xxxix,
2518 5382 2624 5432 6-7.
2655 5406 2719 5419 -
2738 5378 2809 5445 (a)
2840 5380 3018 5448 suppl.
3045 5379 3118 5432 sic
3141 5381 3401 5437 Ecclesia.
