4059 6317
906 485 987 553 IN
1026 483 1616 552 cmcuuclsloNE
1658 483 1955 552 nomm.
1999 483 2264 554 SERMO
2302 486 2411 554 ΙΙΙ.
3159 493 3237 558 67

165 630 278 718 quod
291 625 717 709 interpretatur
739 623 1156 706 smquinetcs,
1180 623 1244 686 et
1287 620 1606 703 significat
1709 620 2160 704 temporalium
2214 622 2599 705 injustorum
2642 623 2958 690 bonorum
3007 643 3237 711 ampu-

165 739 398 813 msores,
430 731 826 813 sanguinem
858 729 1138 795 indebite
1162 726 1601 806 effundentes3
1710 732 1949 809 tantur,
1977 748 2126 813 quae
2171 749 2324 798 vere
2350 730 2624 797 sordidae
2658 736 2810 798 sunt
2836 733 2860 770 ⁸
2892 749 2911 796 z
2946 757 2978 797 ι
3015 734 3244 801 Omnia

167 851 402 927 «dsuper
414 841 583 906 filios
605 840 909 919 Ammon,
932 838 1142 921 »quod
1159 837 1607 919 interpretatur
1711 836 1985 901 arbitror
2009 841 2085 901 ut
2111 840 2407 918 stercora,
2445 859 2476 898 n
2527 842 2645 903 etc.
2685 836 2861 905 Sicut
2898 840 3071 905 enim
3118 860 3241 906 un-

161 952 355 1036 populus
374 947 933 1025 murmurationis,
967 949 1031 1010 et
1060 944 1377 1025 significat
1415 943 1606 1008 semi·

161 1065 345 1125 naiores
365 1054 682 1122 discordiae
709 1056 777 1118 et
796 1052 1215 1130 detractores3
1248 1073 1280 1113 ι
1325 1054 1388 1114 et
1413 1068 1608 1134 super

162 1167 309 1242 Moab,
330 1187 356 1224 ι
384 1162 550 1246 quod
576 1163 1023 1244 interpretatur
1052 1175 1139 1225 ea:
1172 1164 1379 1240 patre,
1409 1161 1473 1223 et
1519 1158 1608 1222 si·

160 1275 354 1357 gnificat
371 1272 471 1356 qui
495 1271 832 1355 pati-itant,
862 1273 925 1334 et
951 1268 1151 1333 malas
1191 1270 1446 1351 patrum
1471 1265 1611 1330 vias

157 1398 311 1464 neque
329 1382 570 1462 paterna
597 1377 768 1442 bona
791 1376 1029 1458 injuste
1067 1374 1375 1458 acquisita
1414 1372 1604 1437 relin-

159 1491 341 1569 quunt3
363 1508 389 1547 ι
406 1488 461 1549 ct
474 1486 564 1564 (a)
591 1501 787 1566 super
807 1498 1050 1561 omues,
1078 1481 1191 1564 qui
1215 1479 1444 1544 attonsi
1461 1483 1615 1544 sunt

156 1594 205 1657 in
225 1610 369 1658 coma
391 1592 486 1674 (b),
518 1613 552 1652 ι
583 1591 653 1656 id
689 1594 809 1668 est,
855 1607 1047 1674 super
1092 1605 1314 1654 omnes
1356 1586 1612 1652 clericos

160 1706 205 1763 et
221 1698 558 1777 claustrales,
595 1720 627 1759 α
652 1698 1009 1762 habitantes
1034 1697 1104 1760 in
1130 1696 1377 1761 deserto
1404 1715 1436 1753 ι
1469 1693 1614 1759 reli-

158 1806 337 1888 gionis,
360 1809 464 1870 etc.
496 1803 574 1869 In
615 1803 985 1869 visitatione
1022 1801 1615 1868 incircumcisorum

157 1912 363 1977 istorum
376 1911 672 1995 injunget
686 1909 1122 1993 poenitentiam
1144 1927 1277 1973 non
1304 1909 1487 1992 panis
1509 1925 1617 1972 ne·

155 2035 456 2101 queaquae,
495 2017 613 2083 sed
643 2017 818 2099 ignis
853 2018 1100 2081 aeterni.
1140 2018 1159 2051 ¹
1197 2038 1229 2077 α
1270 2014 1615 2081 Circumci-

160 2125 330 2189 dimini
345 2125 630 2204 Domino,
652 2129 715 2189 et
736 2125 979 2192 auferte
995 2123 1308 2207 praeputia
1327 2122 1616 2187 cordium

156 2237 462 2313 vestrorum,
489 2232 621 2299 viri
649 2230 814 2297 Juda
855 2235 918 2296 et
954 2230 1342 2296 habitatores
1384 2230 1614 2296 Hieru-

154 2338 317 2420 sulem,
338 2358 418 2406 ne
438 2342 605 2406 forte
631 2338 1005 2421 egrediatur
1029 2341 1103 2401 ut
1127 2337 1299 2420 ignis
1319 2337 1451 2402 indi
1459 2354 1620 2420 gna-

154 2446 369 2527 fiomea,
401 2451 460 2512 et
495 2445 950 2523 succendatur,
987 2448 1053 2509 et
1101 2445 1172 2527 (c)
1220 2463 1348 2510 non
1388 2444 1473 2509 sit
1505 2444 1619 2528 qui

153 2552 419 2635 extinguat
464 2558 733 2638 propter
788 2552 1097 2618 malitiam
1164 2551 1622 2635 cogitationum

162 2663 475 2727 mirarum.
503 2684 540 2724 ι

209 2765 556 2835 Desecundo
595 2768 894 2848 dicitur'‚
925 2768 1098 2851 quod
1123 2769 1177 2832 si
1217 2791 1249 2831 α
1286 2766 1621 2832 mulierem

157 2872 420 2952 pulchram
443 2898 475 2936 ι
506 2881 661 2960 post
685 2874 928 2940 bellum
954 2875 1138 2940 victis
1169 2874 1444 2940 inimicis
1468 2891 1617 2957 cap·

152 2982 247 3043 tum
265 2980 538 3064 voluerit,
571 2983 693 3067 qui
718 2999 863 3047 eam
901 2982 1159 3065 coeperit
1189 2981 1425 3047 habere
1464 2997 1626 3046 uxo-

152 3100 271 3166 rm,
293 3089 638 3157 introducet
663 3091 736 3154 in
762 3089 1026 3154 domum
1053 3105 1262 3167 suam,
1281 3106 1429 3173 quae
1448 3089 1627 3157 radet

150 3196 434 3277 mrim,
459 3201 524 3263 et
558 3195 970 3263 circumcidet
1004 3213 1278 3277 ungues,
1320 3200 1384 3261 et
1427 3197 1621 3281 depo-

145 3305 227 3365 net
245 3309 494 3386 vestem,
537 3305 612 3370 in
652 3322 783 3388 qua
815 3308 998 3388 capta
1032 3308 1148 3384 est,
1192 3308 1256 3368 et
1292 3303 1468 3370 flebit
1506 3323 1617 3388 pa·

145 3409 270 3473 tran
289 3415 347 3474 et
374 3416 658 3478 matrem
694 3430 829 3477 uno
868 3429 1110 3478 mense.
1158 3433 1190 3472 n
1237 3410 1466 3478 Mulier
1506 3413 1628 3478 ista

142 3517 312 3584 anima
347 3524 459 3601 est,
495 3519 778 3605 pulchra
817 3519 1075 3604 quidem
1116 3537 1231 3604 per
1275 3521 1626 3603 imaginem

141 3621 537 3702 michel-rimae
564 3624 920 3703 Trinitatis,
942 3643 1162 3709 quam,
1191 3626 1377 3692 victis
1393 3626 1627 3692 daemo-

136 3728 287 3795 uibus
322 3734 385 3799 in
412 3734 583 3800 bello
619 3732 968 3817 passionis,
1004 3733 1169 3815 cepit
1212 3732 1514 3798 Christus.
1559 3733 1629 3798 Si

141 3850 503 3923 &Responsa
547 3840 785 3908 Christi
825 3840 1147 3921 vultam,
1190 3840 1376 3907 debet
1412 3840 1628 3906 indo-

140 3958 280 4009 mum
299 3946 593 4015 Eccledae
616 3966 737 4033 per
754 3947 946 4014 fldem
976 3946 1291 4014 introduci
1316 3946 1339 3983 ’
1368 3969 1383 4011 :
1414 3970 1446 4010 ι
1473 3946 1630 4013 Pau-

140 4064 296 4131 ΜΒ,
321 4072 393 4121 ac
414 4056 689 4137 debiles,
718 4072 940 4135 woes,
969 4059 1033 4121 et
1059 4054 1316 4121 claudos
1340 4055 1632 4121 introduc

140 4155 252 4225 huc.
276 4182 307 4221 ι
338 4162 497 4227 item
524 4163 715 4229 radet
735 4163 942 4229 crines
965 4163 1431 4246 superfluarum
1455 4163 1632 4245 cogi·

142 4266 397 4336 tatianum
421 4271 505 4338 de
530 4272 744 4356 capite
768 4271 1021 4352 mentis,
1059 4290 1140 4337 ne
1166 4273 1257 4336 ibi
1281 4273 1634 4338 increscant

140 4387 362 4457 vermes,
390 4378 646 4454 scilicet
686 4378 1108 4444 remorsiones
1134 4379 1532 4445 conscientiae
1553 4378 1577 4414 ⁴
1607 4400 1624 4445 t

143 4501 165 4537 ι
182 4476 350 4548 Same
381 4486 498 4551 tibi
540 4484 845 4567 gladium
881 4488 1139 4550 acutum
1174 4486 1501 4552 radentem
1527 4486 1632 4571 pi-

138 4582 221 4652 los.
252 4612 283 4651 ι
313 4592 467 4659 Item
496 4593 921 4659 circumcidat
952 4612 1230 4676 ungues,
1262 4595 1327 4660 id
1354 4599 1451 4661 est
1483 4612 1633 4678 ope—

137 4710 249 4760 rum
269 4701 501 4767 non-dns.
529 4700 710 4766 Illud
736 4701 909 4765 enim
933 4700 999 4765 in
1018 4701 1349 4782 unguibus
1365 4701 1635 4767 circum-

136 4801 341 4889 dditur,
363 4809 477 4875 ubi
520 4808 751 4875 sordes
788 4807 1195 4890 colliguntur.
1247 4808 1355 4874 Vel
1384 4827 1634 4893 ungues

135 4915 526 4988 praeciduntur
567 4917 656 4983 de
690 4916 988 4981 manibus
1012 4964 1031 4996 ,
1072 4934 1219 4981 cum
1260 4917 1635 5000 cupiditates

135 5018 454 5103 mitigantes
490 5023 728 5090 sordes
752 5023 1142 5112 injustorum·
1180 5041 1447 5106 operum
1469 5071 1486 5104 ,
1529 5025 1636 5091 vel

190 5180 408 5247 ‘le-em,
443 5196 517 5249 ιν,
558 5188 614 5236 4.
658 5209 725 5221 —
760 5183 779 5213 ²
816 5182 978 5242 Dent..
1015 5195 1134 5246 111,
1175 5189 1338 5237 11-18.
1364 5209 1426 5224 -
1452 5186 1472 5218 ⁸
1497 5187 1630 5249 Luc„

138 5261 220 5314 nv,
246 5257 320 5306 21,
351 5283 413 5296 ....
450 5259 471 5289 ⁴
507 5254 732 5316 Exeeh„
768 5267 819 5319 V,
866 5261 910 5307 1.
954 5282 1017 5294 —
1052 5257 1076 5294 ⁸
1110 5255 1320 5321 Philip„
1362 5271 1453 5324 111,
1490 5262 1539 5311 8.
1573 5286 1636 5299 -·
1732 5292 1764 5327 -1
1811 5257 1824 5270 ⁸

62 5383 67 5388 ,
140 5320 321 5390 ⁸Rern„
340 5329 395 5377 in
419 5329 596 5390 emt„
634 5340 799 5377 serm.
829 5338 978 5389 tvm,
1003 5340 1059 5377 n.
1092 5330 1167 5378 ιθ.
1192 5354 1254 5366 -
1281 5331 1300 5362 ⁷
1328 5330 1533 5396 uphem,
1564 5342 1632 5395 ιν,

138 5393 197 5443 23-
223 5424 269 5434 -
311 5401 328 5430 '
370 5400 579 5461 Rueck„
614 5410 741 5460 xvi,
779 5401 829 5448 3.
868 5422 932 5435 -
966 5399 988 5430 ’
1015 5399 1195 5460 Exod„
1227 5412 1332 5464 ¹11,
1369 5402 1536 5453 ⁴345.
1573 5428 1635 5439 —

142 5466 206 5517 ι*1
229 5470 354 5531 cm,
384 5484 456 5533 u,
481 5475 568 5522 20.
593 5496 657 5508 -
690 5471 731 5505 ¹¹
756 5469 901 5530 Gen„
924 5480 1072 5531 nau,
1093 5472 1171 5521 32.
1192 5498 1251 5508 —
1277 5472 1365 5522 ’Ἰ
1393 5472 1531 5537 Gon,
1558 5484 1636 5534 xi,

1716 959 1880 1023 gues
1907 961 2038 1007 non
2062 943 2278 1023 semel,
2298 943 2408 1009 sed
2433 944 2671 1029 saepius
2697 945 3240 1030 circumcidimus,

1714 1048 1807 1112 sic
1867 1053 1930 1113 et
1978 1049 2322 1132 spiritualis
2375 1050 2769 1117 circumcisio
2817 1054 3056 1137 saepius
3107 1056 3242 1120 flat.

1715 1153 2078 1221 Bernardus
2101 1157 2167 1221 ⁸:
2207 1180 2238 1219 α
2267 1156 2544 1224 Medium
2570 1160 2873 1226 vitiorum
2911 1162 3120 1228 virtus
3161 1167 3248 1228 te-

1716 1266 1846 1342 net,
1894 1281 1969 1327 ac
1999 1265 2264 1347 proinde
2297 1265 2516 1331 oedula
2562 1272 2711 1349 eget
2746 1287 2874 1334 non
2921 1270 3246 1353 putatione

1717 1370 1928 1449 modo,
1958 1370 2068 1435 sed
2100 1371 2295 1436 etiam
2320 1371 2815 1440 circumcisione.
2858 1397 2891 1436 ι
2926 1376 3082 1442 ltem
3108 1397 3250 1445 ves-

1716 1480 1848 1542 tem
1873 1477 2162 1561 deponit,
2194 1480 2352 1545 dum
2376 1483 2691 1546 vetustam
2731 1484 3250 1552 consuetudinem

1717 1584 2021 1668 relinquit
2042 1592 2065 1626 ⁷
2097 1604 2114 1650 ε
2152 1609 2183 1647 α
2208 1585 2504 1670 Deponite
2530 1605 2645 1654 vos
2669 1591 3021 1656 mcundum
3043 1593 3250 1676 pristi-

1720 1710 1871 1757 nam
1897 1693 2441 1759 conversationem
2483 1699 2766 1762 veterem
2809 1697 3138 1764 hominem
3156 1745 3176 1777 ‚
3211 1721 3242 1760 n

1720 1804 1840 1865 etc.
1885 1800 2045 1865 Item
2089 1804 2355 1865 matrem
2395 1806 2457 1866 et
2492 1807 2736 1886 patrem
2771 1803 2986 1885 flebit„
3021 1806 3088 1871 id
3121 1810 3249 1887 est,

1721 1905 2045 1972 diabolum
2089 1911 2153 1971 et
2198 1907 2775 1991 concupiscentiam
2799 1958 2817 1990 ‚
2866 1911 3101 1993 quibus
3152 1913 3255 1979 de-

1723 2018 1901 2097 cepta
1918 2020 2014 2079 est
2039 2019 2063 2055 ⁸
2094 2036 2111 2079 ε
2149 2037 2183 2075 α
2210 2013 2394 2080 Pater
2418 2022 2571 2081 tuus
2595 2016 3033 2098 Amorrhaeus‚
3065 2040 3095 2079 n
3129 2024 3249 2085 etc.

1804 2121 1893 2187 De
1915 2122 2101 2186 tertio
2126 2122 2150 2156 ²
2181 2143 2196 2185 ε
2235 2144 2267 2184 α
2288 2122 2438 2187 Haec
2456 2127 2550 2187 est
2575 2123 2803 2206 religio
2831 2123 3031 2191 Phase
3059 2148 3075 2190 :
3110 2126 3257 2193 Om-

1725 2229 1826 2293 nis
1869 2227 2230 2309 alienigena
2276 2247 2405 2294 non
2448 2229 2731 2295 comedet
2773 2249 2855 2295 ex
2897 2249 2995 2297 eo.
3035 2230 3256 2297 Omnis

1726 2338 1943 2400 autem
1990 2353 2216 2402 servus
2265 2336 2772 2418 circumcidetur,
2813 2342 2880 2403 et
2913 2338 3006 2403 sic
3053 2356 3261 2404 come-

1726 2444 1832 2509 det
1872 2463 1889 2506 :
1938 2441 2187 2509 advena
2227 2446 2291 2507 et
2333 2443 2762 2508 mercenarius
2800 2461 2930 2509 non
2974 2446 3260 2511 comedet

1728 2570 1810 2616 ex
1853 2569 1953 2617 eo.
2002 2572 2035 2610 ι
2089 2550 2179 2616 De
2221 2568 2484 2634 corpore
2530 2549 2759 2616 Christi
2805 2566 2938 2619 non
2980 2552 3262 2622 comedet

1730 2658 2133 2742 numiam&
2159 2656 2374 2723 Glossa
2402 2676 2421 2721 z
2458 2679 2490 2718 α
2515 2656 2796 2738 Gentilis‚
2819 2657 3080 2724 Judaeus
3091 2664 3154 2725 et
3174 2660 3259 2744 (d)

1729 2766 2317 2831 excommunicatus
2348 2782 2479 2830 non
2519 2763 2749 2830 debent
2791 2763 2863 2848 (e)
2914 2766 3264 2831 communi-

1732 2890 1875 2937 care
1901 2875 2369 2937 sacramentum
2395 2871 2694 2938 dominici
2719 2874 3019 2957 corporis.
3049 2895 3079 2934 ι
3105 2872 3263 2940 item

1733 2994 1934 3062 neque
1972 2978 2264 3049 advena.-
2302 2978 2519 3046 Glossa
2552 3001 2567 3043 ε
2601 3001 2633 3040 α
2676 2977 2797 3056 Qui
2839 2997 3045 3064 nuper
3089 2981 3265 3048 venit

1732 3086 1814 3150 ad
1839 3086 2028 3151 fldem
2049 3134 2067 3166 ‚
2102 3104 2313 3169 neque
2342 3085 2551 3152 adhuc
2593 3087 2824 3151 firmus
2846 3091 2942 3152 est
2975 3105 2994 3152 ε
3022 3109 3053 3149 n
3089 3089 3264 3173 quod

1734 3196 1828 3258 est
1851 3198 2072 3258 contra
2094 3192 2266 3274 illos‚
2313 3192 2425 3276 qui
2466 3193 2544 3258 de
2586 3193 2955 3259 enormibus
2997 3196 3266 3278 peccatis

1733 3300 1912 3366 tarde
1938 3300 2265 3367 venientes
2287 3299 2365 3364 ad
2393 3299 2847 3365 confessionem
2871 3305 2937 3367 et
2961 3303 3267 3386 poeniten-

1734 3407 1915 3488 tiam,
1941 3407 2155 3472 statim
2183 3406 2410 3471 volunt
2452 3407 2941 3473 communicare.
2975 3407 3131 3474 Item
3156 3425 3265 3477 ne-

1733 3532 1853 3599 que
1877 3516 2328 3594 mercenarius,
2356 3515 2469 3597 qui
2503 3533 2621 3599 pro
2664 3515 2857 3581 lucris
2898 3517 3264 3600 temporali·

1735 3622 1856 3687 bus
1881 3622 2148 3687 Domino
2173 3621 2390 3687 servit.
2422 3621 2655 3689 Servus
2672 3628 2884 3690 autem
2900 3623 3263 3705 emptitius,

1737 3728 1996 3795 Glossa:
2031 3753 2064 3792 α
2089 3729 2203 3813 qui
2232 3728 2596 3813 redemptus
2625 3733 2719 3793 est
2755 3729 3071 3812 sanguine
3098 3729 3269 3795 Chri-

1736 3838 1854 3903 sti:
1882 3844 2019 3899 »¹⁰«
2048 3835 2258 3920 Empti
2287 3836 2460 3914 estis,
2490 3856 2521 3895 n
2566 3838 2686 3901 etc.
2717 3836 2834 3901 Hic
2855 3837 3268 3904 circumcisus

1738 3946 1820 4011 ab
1837 3945 2015 4010 omni
2028 3944 2187 4010 vitio
2206 3942 2493 4010 comedet
2510 3962 2528 4022 ;
2547 3961 2677 4009 non
2697 3947 2910 4009 tamen
2926 3944 3166 4030 impius
3187 3947 3264 4011 ¹¹:

1747 4076 1779 4115 α
1809 4053 2105 4119 Illicitum
2132 4057 2229 4118 est
2261 4050 2577 4134 AEgyptiis
2614 4051 2943 4117 comedere
2982 4073 3015 4113 x·
3049 4071 3272 4120 carnes

1740 4160 2130 4227 immaculati
2168 4159 2366 4241 Agni.
2394 4159 2440 4195 ¹⁸
2475 4181 2507 4221 ι
2540 4157 2663 4236 Qui
2707 4159 2882 4225 enim
2924 4160 3270 4227 manducat

1739 4273 1803 4334 et
1826 4268 2005 4347 bibit,
2036 4288 2069 4328 ι
2094 4269 2213 4331 etc.
2251 4265 2650 4347 Augustinus
2676 4266 2723 4307 ¹⁸
2746 4284 2766 4330 ι
2793 4288 2825 4328 ι
2857 4263 3002 4331 Νοιι
3026 4267 3273 4333 malum

1740 4380 1836 4442 est
1867 4373 2042 4459 quod
2083 4372 2292 4451 datur,
2332 4372 2441 4437 sed
2488 4371 2730 4437 honum
2773 4372 2961 4438 malis
3004 4373 3075 4438 in
3102 4375 3272 4457 judi-

1740 4486 1912 4550 cium
1933 4483 2145 4550 datur.
2176 4504 2208 4542 n

1823 4591 1909 4657 De
1934 4594 2160 4674 quarto
2174 4589 2221 4629 ¹⁴
2242 4606 2259 4649 z
2281 4609 2314 4650 α
2331 4585 2748 4652 Circumcidet
2775 4589 3088 4654 Dominus
3103 4588 3272 4656 Deus

1743 4718 1853 4765 cor
1876 4704 2065 4764 tuum
2092 4702 2154 4762 et
2181 4713 2290 4760 cor
2331 4694 2592 4759 seminis
2629 4695 2748 4774 tui,
2785 4698 2859 4760 ut
2898 4696 3127 4779 diligas
3158 4696 3275 4764 Do-

1744 4808 1994 4872 minum
2037 4804 2238 4870 Deum
2275 4805 2463 4867 tuum
2499 4802 2569 4865 in
2618 4803 2749 4866 toto
2791 4803 2977 4867 corde
3023 4809 3162 4886 tuo,
3212 4810 3277 4870 et

1743 4918 1876 4982 tota
1895 4912 2114 4977 anima
2137 4915 2281 4990 tua,
2325 4913 2402 4974 ut
2445 4908 2647 4992 possis
2676 4910 2929 4990 vivere,
2978 4932 3011 4972 ι
3054 4911 3276 4995 utique

1743 5020 2154 5107 spiritualiter
2184 5020 2250 5083 et
2291 5017 2695 5083 aeternaliter.
2734 5016 2964 5083 Vivere
3004 5019 3173 5085 enim
3204 5021 3276 5086 in

1807 5401 1880 5462 (a)
1929 5398 2052 5451 eat.
2106 5397 2228 5448 edit.
2275 5397 2327 5448 id
2375 5399 2471 5448 est.
2518 5421 2579 5434 —-
2633 5395 2696 5459 (ὁ)
2754 5396 2900 5463 Vulq.
2953 5412 3173 5455 comam.
3215 5429 3277 5443 .-

1747 5473 1814 5539 (ο)
1851 5473 1975 5524 Cot.
2006 5470 2128 5522 edit.
2157 5468 2314 5533 quod.
2343 5493 2404 5506 -
2435 5466 2524 5533 (d)
2555 5467 2608 5517 ld
2642 5472 2737 5520 est.
2775 5495 2831 5507 -·-
2864 5471 2932 5536 (e)
2961 5473 3073 5523 Non
3103 5473 3275 5528 debet.
