4059 6317
706 551 827 616 278

706 682 1084 767 rajustitiae‚
1114 686 1177 750 et
1197 685 1596 770 operationes
1623 688 2076 756 misericordiae
2110 705 2247 753 suc-

709 796 969 857 currant
993 795 1475 876 recognoscenti
1494 799 1765 863 mortem
1785 816 1971 864 suam
1993 796 2072 862 ad
2096 814 2243 861 con-

710 900 1093 967 versionem.
1124 919 1157 961 n

1253 1071 1542 1144 SERMO
1584 1074 1705 1145 lx.

791 1223 1047 1293 Pulsate
1068 1273 1088 1307 ,
1119 1231 1179 1293 et
1207 1226 1532 1308 aperietur
1561 1228 1739 1296 vobis
1765 1231 1810 1296 ¹.
1838 1228 2078 1313 Magna
2105 1246 2252 1312 gra·

711 1334 839 1400 tia!
876 1331 988 1399 Ille
1011 1333 1135 1400 1100
1161 1333 1333 1413 dicit,
1364 1335 1501 1418 qui,
1531 1334 1696 1402 sicut
1719 1335 1950 1404 dicitur
1976 1338 2047 1404 in
2072 1337 2251 1422 Apo—

714 1441 953 1526 calypsi
977 1443 1024 1522 ⁸,
1063 1464 1095 1503 α
1120 1440 1312 1507 habet
1335 1441 1582 1510 elavem
1610 1444 1831 1525 David,
1861 1445 1974 1529 qui
2003 1445 2249 1529 aperit,

714 1551 779 1613 et
804 1566 996 1613 nemo
1021 1547 1294 1629 claudit,
1335 1550 1524 1628 ussto.
1558 1549 2103 1618 Considerandum
2128 1569 2248 1619 au-

714 1661 844 1723 tem
873 1657 1043 1743 quod
1069 1662 1166 1724 est
1191 1658 1463 1742 pulsatio
1493 1660 1742 1743 divina,
1771 1662 2060 1728 humana
2076 1712 2099 1744 ,
2126 1663 2254 1728 dia-

715 1761 942 1832 bolica.
989 1764 1205 1833 Pulsat
1266 1765 1459 1846 Deus,
1512 1767 1721 1852 pulsat
1771 1770 2002 1850 homo,
2043 1770 2255 1855 pulsat

716 1873 1025 1940 diabolus.

795 1981 884 2046 De
909 1981 1119 2066 primo
1146 1986 1170 2024 ⁸
1201 2004 1218 2048 z
1258 2005 1290 2044 α
1312 1979 1451 2064 Ego
1477 1986 1575 2049 sto
1600 1983 1682 2049 ad
1710 1984 1985 2066 ostium,
2017 1990 2081 2051 et
2106 1987 2251 2071 pul-

717 2107 821 2169 so,
850 2112 883 2151 »
913 2093 1033 2155 etc.
1075 2107 1280 2174 usque
1313 2114 1328 2152 :
1367 2113 1399 2152 α
1426 2090 1689 2158 coenabo
1733 2110 1883 2157 cum
1909 2092 2040 2159 illo.
2072 2115 2104 2154 1>
2140 2094 2253 2161 Os·

721 2199 887 2263 tium
914 2197 1121 2264 cordis
1147 2200 1242 2263 est
1266 2197 1546 2264 liberum
1572 2199 1941 2280 arbitrium,
1974 2201 2057 2267 ad
2082 2203 2256 2285 quod

722 2305 931 2392 pulsat
948 2306 1114 2372 Deus
1138 2306 1366 2372 baculo
1385 2306 1608 2388 crucis,
1624 2306 2058 2373 tintinnabulo
2087 2326 2256 2393 prae-

724 2409 1052 2480 dicationis
1069 2461 1093 2494 ,
1144 2414 1372 2479 malleo
1420 2414 1670 2480 timoris
1713 2415 2162 2482 damnationis.
2208 2417 2258 2483 Ο

725 2519 946 2586 infelix
971 2520 1310 2586 obstinatio
1350 2521 1729 2603 peecatoris1
1781 2521 2007 2588 Statim
2054 2525 2261 2607 aperis

584 2663 589 2668 ·
725 2630 960 2694 ostium
989 2628 1222 2708 amico,
1269 2631 1335 2693 et
1378 2647 1513 2694 non
1550 2629 1651 2693 vis
1687 2630 1934 2713 aperire
1972 2630 2101 2696 Deo
2147 2636 2262 2698 tuo

727 2737 920 2804 stanti
945 2735 1026 2803 ad
1052 2739 1308 2804 ostium.
1340 2737 1713 2804 Intromittis
1738 2739 2103 2805 adulterum
2131 2745 2264 2806 tur-

725 2847 1062 2933 pissimum
1082 2895 1100 2927 ‚
1154 2843 1389 2911 scilicet
1429 2845 1756 2912 diabolum
1774 2896 1792 2928 ‚
1832 2851 1897 2912 et
1936 2865 2070 2913 non
2113 2849 2261 2931 pul-

728 2959 973 3022 santem
1020 2954 1338 3039 Sponsum
1382 2955 1945 3038 speciosissimum.
1999 2956 2264 3023 Audivit

727 3065 945 3129 autem
973 3061 1149 3126 hunc
1168 3059 1486 3145 Sponsum
1506 3061 1616 3126 illa
1634 3067 1853 3128 sancta
1866 3065 2104 3143 anima,
2118 3083 2267 3149 quae

730 3171 819 3236 ait
853 3170 876 3206 ⁸
925 3192 940 3233 :
983 3193 1013 3240 ,α
1033 3169 1174 3236 Vox
1220 3169 1432 3235 dilecti
1472 3171 1599 3236 mei
1646 3171 1958 3254 pulsantis
2005 3197 2022 3239 ε
2071 3173 2266 3257 Aperi

731 3277 914 3358 mihi,
943 3295 1123 3343 soror
1149 3295 1315 3358 mea,
1346 3277 1553 3342 amica
1576 3295 1741 3358 mea,
1775 3278 2072 3348 columba
2096 3299 2263 3362 mea,

731 3389 796 3450 et
835 3383 1240 3450 immaculata
1278 3403 1438 3450 mea.
1489 3407 1520 3444 n
1563 3384 2000 3472 Quaecumque
2054 3389 2271 3454 anima

733 3494 825 3558 sic
848 3491 1210 3577 pulsantem
1238 3491 1581 3557 Dominum
1609 3509 1740 3556 non
1765 3493 1972 3573 audit,
2014 3498 2271 3560 mortua

735 3603 852 3666 est.
904 3599 1263 3665 Bernartius
1286 3600 1356 3664 ⁸:
1394 3623 1425 3661 α
1450 3597 1663 3665 Pulsat
1690 3600 1995 3666 Dominus
2039 3603 2267 3668 volun-

735 3712 932 3774 tatem
951 3756 969 3789 ,
996 3709 1060 3772 et
1087 3705 1330 3774 invenit
1356 3726 1500 3773 eam
1529 3711 1883 3788 mortuam,
1913 3711 2133 3794 utpote
2158 3730 2273 3775 ve-

737 3833 907 3881 neno
961 3813 1285 3880 saecularis
1342 3814 1770 3881 delectationis
1825 3817 2198 3883 suffocatam
2252 3841 2270 3883 ι

738 3923 949 4009 pulsat
994 3922 1462 3989 sensualitatem
1489 3973 1507 4005 ‚
1551 3928 1615 3989 et
1653 3909 1900 3990 invenit
1952 3925 2271 3993 insanam.

739 4030 865 4096 Sed
890 4029 1043 4114 quia
1066 4048 1197 4095 non
1225 4029 1484 4095 auditur
1509 4030 1773 4114 pulsans
1800 4034 2105 4113 suaviter,
2139 4034 2277 4118 pul·

739 4141 841 4203 sat
874 4137 1130 4203 tandem
1158 4141 1220 4202 et
1253 4140 1539 4219 graviter
1582 4131 1696 4222 per
1741 4139 2171 4220 infirmitates,
2214 4146 2279 4208 et

742 4245 1170 4313 adversitates.
1198 4251 1296 4306 »δα
1308 4243 1433 4310 Vos
1445 4245 1686 4310 similes
1699 4246 2089 4327 hominibus,
2106 4270 2138 4309 1>
2156 4251 2273 4315 ete.

744 4370 997 4437 usque:
1038 4374 1070 4414 ι
1095 4371 1246 4417 011111
1272 4352 1558 4431 venerit,
1587 4355 1651 4417 et
1674 4352 2058 4436 pulsaverit,
2086 4379 2118 4415 n
2153 4360 2272 4423 etc.

745 4459 963 4526 Glossa
983 4460 1007 4496 ‘¹
1038 4481 1054 4524 ε
1083 4482 1116 4521 α
1143 4459 1265 4524 Per
1287 4460 1702 4541 aegritudines
1728 4465 1999 4526 mortem
2025 4464 2282 4548 propin-

745 4585 942 4653 quam
974 4565 1486 4632 demonstrando.
1515 4588 1547 4626 1)

828 4674 915 4740 De
939 4673 1218 4739 seeundo
1244 4722 1261 4751 ,
1297 4672 1529 4738 dicitur
1556 4673 1662 4737 hic
1690 4692 1708 4739 ε
1738 4674 2025 4754 Pulsate,
2053 4683 2113 4744 et
2140 4693 2283 4762 ape-

747 4784 956 4851 rietur
1005 4780 1205 4848 vobis.
1252 4777 1642 4844 Pulsandum
1668 4785 1784 4858 [est
1827 4782 2153 4851 desideriis
2170 4835 2187 4866 ,
2217 4791 2283 4853 et

748 4887 1039 4973 suspiriis
1056 4936 1081 4969 ,
1116 4886 1413 4969 lacrymis
1433 4933 1450 4965 ,
1477 4888 1894 4970 orationibus,
1927 4893 2283 4973 castigatio-

746 4998 959 5077 nibus,
987 4994 1067 5061 ad
1100 4995 1334 5059 ostium
1380 4992 1615 5060 divinae
1649 4995 2117 5064 misericordiae.
2161 4999 2283 5066 Diu

750 5109 964 5170 autem
992 5106 1055 5168 et
1081 5102 1205 5167 alte
1231 5100 1611 5185 pulsandum
1639 5106 1734 5168 est
1758 5109 2018 5188 propter
2043 5106 2278 5172 distan-

749 5213 906 5278 tiam
921 5209 1184 5291 ostiarii‚
1207 5207 1441 5272 scilicet
1459 5206 1711 5290 Christi,
1733 5210 1812 5274 de
1829 5229 1961 5294 quo
1978 5211 2001 5247 ⁸
2022 5234 2038 5276 ε
2066 5235 2097 5274 α
2121 5213 2283 5279 Huic

813 5339 829 5373 ¹
867 5338 1004 5400 Luc„
1038 5347 1122 5396 xl,
1149 5337 1197 5385 9.
1238 5361 1301 5372 -
1328 5334 1346 5364 ²
1381 5332 1550 5398 Apoc„
1595 5345 1679 5396 111,
1708 5335 1758 5385 7.
1788 5361 1844 5372 -
1882 5334 1904 5370 ⁸
1930 5336 2078 5401 lbid.,
2106 5341 2183 5389 20.
2218 5365 2282 5377 —

755 5411 772 5440 ⁴
804 5409 972 5471 Cant„
996 5419 1047 5471 ν,
1080 5411 1130 5458 2.
1158 5432 1220 5445 -
1246 5408 1268 5443 ⁸
1288 5408 1441 5456 Bern.
1466 5430 1531 5443 —
1555 5404 1578 5440 ⁸
1603 5406 1744 5466 Luc„
1768 5417 1864 5471 111,
1889 5410 2044 5458 36.-
2065 5409 2088 5445 '¹
2116 5409 2279 5460 Gloss.

757 5495 818 5530 ex
841 5482 1013 5544 Greg.‚
1036 5481 1087 5528 in
1108 5480 1320 5542 Evanq„
1347 5477 1490 5527 hom.
1520 5487 1706 5538 num.
1729 5479 1841 5527 3.-
1869 5477 1892 5513 ⁸
1916 5479 2081 5542 loon..
2101 5483 2278 5544 X,3.-

752 5552 773 5584 ⁹
798 5550 936 5607 Psal.
964 5560 1145 5615 cxvlu,
1170 5553 1279 5603 155.
1302 5573 1367 5588 -
1395 5548 1435 5585 ²⁰
1452 5549 1606 5612 Aug„
1627 5549 1802 5602 Enarr.
1830 5549 1883 5598 in
1906 5547 2043 5603 Psal.
2069 5563 2282 5617 mxxiv,

1801 547 2221 621 SERMONES
2259 545 2364 617 DE
2401 543 2797 618 TEMPORE.

2359 686 2655 752 ostiarius
2691 687 2967 771 aperit.»
3011 688 3069 753 A
3107 705 3243 772 quo
3277 673 3488 755 homo·
3518 690 3696 756 tanto
3747 691 3902 774 plus

2358 795 2569 876 distat,
2588 798 2827 879 quanto
2850 796 2997 879 plus
3014 800 3250 880 peccat.
3279 796 3648 865 Psalmus·:
3676 823 3710 862 α
3734 800 3902 868 Lon-

2359 921 2444 986 ge
2457 921 2497 968 a
2511 902 3147 982 peccatoribussalus.
3159 925 3191 965 11
3208 904 3669 986 Augustinus¹⁰
3680 925 3699 972 ε
3711 906 3902 973 «Non

2357 1010 2730 1092 regionibus
2753 1011 2948 1094 longe
2973 1014 3068 1077 est
3093 1011 3366 1096 quisque
3389 1031 3430 1076 a
3459 1011 3588 1079 Deo
3610 1063 3628 1095 ‚
3658 1016 3768 1079 sed
3793 1016 3901 1080 ar-

2357 1117 2647 1183 fectibus.
2692 1117 2888 1183 Amas
2929 1117 3168 1199 Deum,
3199 1135 3398 1202 prope
3442 1135 3511 1185 es
3546 1121 3625 1204 (a)
3659 1123 3902 1189 :odisti

2359 1226 2563 1291 Deum
2582 1275 2600 1307 ‚
2630 1225 2827 1308 longe
2869 1241 2937 1292 es
2965 1227 3071 1310 (a).
3091 1248 3122 1288 n
3173 1227 3214 1265 ¹¹
3251 1251 3284 1289 α
3305 1226 3483 1294 Sicut
3533 1230 3903 1298 exaltantur

2363 1332 2504 1399 coeli
2528 1351 2569 1398 a
2593 1337 2799 1411 terra,
2848 1334 2939 1399 sie
2984 1333 3280 1401 exaltatae
3310 1341 3460 1402 sunt
3503 1338 3632 1404 viae
3668 1357 3832 1406 meae
3861 1359 3904 1406 a

2366 1440 2487 1507 viis
2513 1441 2774 1522 vestris,
2795 1443 2860 1507 et
2882 1441 3298 1523 cogitationes
3312 1461 3475 1510 meae
3504 1463 3545 1510 a
3570 1447 3905 1528 cogitatio-

2363 1547 2555 1614 nibus
2581 1549 2833 1616 vestris.
2859 1572 2890 1611 ι
2907 1549 3063 1614 Item
3088 1555 3348 1635 propter
3370 1552 3729 1636 periculum
3757 1554 3906 1637 pul-

2362 1656 2590 1737 santis,
2638 1657 2943 1740 quoniam
2970 1656 3183 1723 hostes
3217 1658 3299 1724 ad
3335 1658 3748 1726 occidendum
3788 1680 3905 1728 se-

2363 1767 2653 1848 quuntur
2668 1766 2715 1806 ¹²
2743 1787 2760 1829 ε
2785 1763 3046 1829 «Omnis
3074 1763 3266 1830 Israel
3283 1765 3426 1849 pari
3452 1771 3683 1849 mente,
3703 1772 3770 1834 et
3781 1770 3905 1834 ob-

2363 1871 2710 1936 secratione
2748 1871 3047 1940 clamavit
3083 1872 3161 1937 ad
3189 1871 3535 1938 Dominum
3556 1922 3574 1951 ,
3609 1893 3686 1941 eo
3724 1878 3906 1961 quod

2365 1978 2457 2044 eis
2482 1982 2655 2044 certa
2679 1997 2854 2045 mors
2879 1979 3296 2065 impenderet.
3322 1981 3367 2019 ¹⁸
3391 1979 3617 2047 Esther
3643 2001 3906 2067 quoque

2365 2087 2599 2168 regina
2622 2088 2915 2171 confugit
2928 2088 3008 2153 ad
3034 2088 3404 2169 Dominum,
3421 2106 3661 2173 pavens
3678 2091 3760 2156 ad
3786 2110 3905 2175 pe-

2365 2194 2664 2275 riculum,
2696 2197 2867 2279 quod
2885 2196 3280 2261 imminebat.
3304 2216 3335 2257 n
3355 2195 3518 2262 Nota
3537 2197 3902 2264 historiam.

2368 2299 2598 2366 Esther
2622 2304 2719 2367 est
2754 2303 2996 2383 anima;
3030 2303 3242 2369 Aman
3269 2306 3365 2370 est
3390 2303 3716 2384 diabolus,
3764 2319 3922 2391 quo⁵

2367 2414 2782 2495 persequente
2806 2412 3183 2495 fugiendum
3213 2417 3349 2493 est,
3381 2412 3769 2496 pulsandum
3805 2419 3910 2479 est

2368 2516 2437 2582 in
2473 2518 2755 2584 oratione
2782 2517 2864 2583 ad
2889 2518 3232 2584 Dominum
3258 2520 3303 2556 ¹⁸
3335 2543 3351 2583 ι
3388 2542 3420 2582 ι
3453 2519 3825 2586 Clamabunt
3870 2540 3913 2585 a

2369 2624 2528 2690 facie
2548 2625 2930 2691 tribulantis.
2951 2648 2984 2686 υ
3011 2625 3267 2692 Pulsate
3293 2644 3490 2708 nunc,
3520 2627 3905 2708 chariss1mi,

2371 2732 2657 2815 quandiu
2682 2733 2817 2799 dies
2842 2737 2938 2799 est
2967 2733 3415 2799 misericordiae
3437 2780 3455 2811 ‚
3500 2735 3737 2800 ostium
3770 2753 3913 2801 non

2372 2844 2467 2905 est
2491 2839 2821 2922 clausum3
2865 2840 3151 2924 alioquin
3183 2839 3516 2924 pulsabitis
3557 2847 3700 2925 post
3725 2859 3908 2907 mor-

2371 2954 2526 3031 tem,
2551 2950 2654 3017 vel
2681 2951 2750 3015 in
2769 2949 3030 3034 judicio,
3061 2949 3371 3015 inutiliter
3395 2950 3441 2987 ²⁸
3472 2971 3488 3014 :
3528 2973 3560 3012 11
3587 2949 3745 3015 Cum
3784 2969 3909 3016 au-

2373 3061 2503 3123 tem
2532 3059 2865 3126 intraverit
2887 3057 3458 3142 paterfamilias,·et
3481 3058 3776 3126 clauserit
3801 3078 3915 3125 os-

2374 3167 2538 3232 tium
2556 3216 2575 3247 ,
2620 3167 2931 3249 incipietis
2977 3166 3128 3232 foris
3165 3168 3333 3231 stare
3354 3199 3390 3249 ‚·
3422 3171 3488 3232 et
3524 3168 3783 3250 pulsare
3827 3169 3914 3234 ad

2378 3274 2638 3354 ostium,
2662 3296 2694 3334 1)
2729 3276 2850 3338 ete.
2893 3273 3108 3339 Glossa
3130 3272 3174 3311 ¹⁸
3209 3295 3225 3338 ε
3267 3295 3299 3335 ι
3324 3272 3583 3340 Claudet
3620 3277 3856 3340 ostium
3885 3324 3909 3357 ,

2377 3400 2526 3447 cum
2552 3381 2836 3465 reprobis
2860 3381 3074 3447 locum
3113 3380 3499 3465 poenitentiae
3539 3382 3753 3463 tollet,
3795 3385 3914 3466 qui

2378 3492 2533 3557 foris
2562 3496 2799 3557 stantes
2834 3492 3218 3575 pulsabunt,
3249 3490 3315 3556 id
3342 3495 3472 3571 eet,
3514 3511 3555 3556 a
3573 3492 3766 3576 justis
3808 3509 3912 3558 30-

2379 3599 2673 3681 gregati,
2702 3597 3201 3664 misericordiam
3222 3646 3241 3679 ,
3272 3617 3469 3682 qnam
3519 3602 3916 3683 contempse-

2379 3710 2571 3788 runt,
2602 3708 2838 3773 flustra
2858 3706 3218 3789 implorant.
3253 3727 3284 3767 1>

2461 3815 2550 3878 De
2574 3813 2761 3878 tertio
2780 3815 2826 3855 ¹⁷
2852 3829 2913 3876 z«
2936 3811 3163 3886 Nullus
3182 3813 3453 3878 audebat
3470 3813 3859 3895 cubiculum,
3871 3835 3905 3874 s

2384 3919 2448 3985 id
2479 3924 2574 3985 est
2603 3920 3082 3986 tabernaculum
3101 3969 3122 4001 ,
3163 3944 3194 3982 α
3218 3920 3479 3988 virtutis
3505 3920 3914 4004 Assyriorum

2382 4027 2727 4110 pulsando,
2773 4027 2879 4093 vel
2930 4027 3226 4093 intrando
3275 4027 3543 4110 aperire.
3579 4047 3610 4087 11
3642 4027 3740 4093 Ex
3790 4030 3914 4095 hoe

2383 4138 2556 4217 patet
2582 4133 2754 4218 quod
2790 4134 2914 4199 alia
2954 4134 3358 4202 tabernacula
3389 4134 3551 4199 bene
3579 4136 3914 4219 pulsabant

2383 4243 2650 4328 Assyrii.
2680 4243 2780 4308 Ex
2805 4262 2934 4328 quo
2968 4245 3274 4327 accipitur
3300 4244 3472 4327 quod
3496 4243 3741 4328 Assyrii
3767 4247 3917 4310 sunt

2385 4351 2731 4430 daemones,
2762 4352 2876 4434 qui
2902 4352 2971 4415 in
2990 4352 3528 4434 negotiationibus
3551 4353 3914 4436 frequenter

2386 4476 2504 4522 nos
2528 4458 3063 4525 circumveniunt.
3095 4458 3169 4524 ln
3194 4463 3479 4543 tempore
3514 4460 3688 4525 enim
3713 4479 3912 4544 nego·

2387 4566 2665 4631 tiationis
2688 4585 2805 4651 pro
2831 4567 2944 4631 vili
2981 4567 3183 4651 pretio
3209 4571 3434 4633 emunt
3457 4553 3725 4633 ahimas.
3757 4568 3916 4648 Qui-

2390 4674 2536 4738 dam
2563 4673 2736 4739 enim
2759 4673 3048 4739 vendunt
3064 4674 3154 4739 eis
3175 4673 3420 4740 animas
3447 4693 3595 4740 suas
3621 4694 3740 4759 pro
3764 4681 3917 4742 tem-

2392 4780 2740 4864 poralibuS,
2771 4781 3031 4864 quidam
3057 4800 3176 4865 pro
3195 4782 3495 4863 luxuriiS‚
3520 4782 3781 4866 quidam
3802 4803 3919 4868 pro

2394 4887 2538 4953 aliis
2561 4888 2735 4954 vitiis
2762 4887 2806 4925 ¹⁸
2836 4907 2852 4951 t
2891 4911 2924 4950 α
2949 4889 3234 4955 Puellam
3255 4937 3273 4971 ,
3304 4910 3336 4949 1>
3370 4890 3437 4955 id
3473 4895 3570 4955 est
3592 4892 3915 4974 animam,

2392 5018 2424 5057 α
2450 4995 2871 5062 vendiderunt
2892 5014 3010 5079 pro
3035 4997 3219 5078 vino,
3262 5001 3339 5063 ut
3379 4998 3710 5078 biberent,
3735 5021 3768 5060 1>
3800 5018 3915 5084 pro

2389 5103 2541 5170 vino
2568 5103 2835 5168 carnalis
2858 5105 3091 5169 scilieet
3114 5104 3478 5188 voluptatis.
3510 5103 3558 5171 Ο
3587 5125 3786 5189 quam
3811 5107 3911 5171 in-

2391 5261 2445 5297 n.
2497 5251 2572 5299 lt.
2611 5274 2672 5287 —
2714 5250 2757 5285 ¹¹
2801 5251 2922 5313 Im„
2964 5260 3047 5312 ιν,
3090 5252 3138 5300 9.
3185 5273 3247 5287 -—
3288 5251 3329 5285 ¹²
3369 5249 3534 5311 Eam,
3573 5259 3702 5316 1111,
3742 5254 3818 5303 18.
3854 5281 3914 5293 -

2391 5319 2434 5355 ¹³
2457 5319 2605 5383 lbid.,
2631 5331 2739 5384 xlv,
2770 5325 2814 5371 1.
2838 5346 2902 5358 —
2924 5319 2968 5355 ¹⁸
2987 5322 3104 5383 Im..
3135 5332 3246 5383 ιιι,
3273 5324 3354 5371 20.
3378 5348 3433 5357 —
3462 5321 3505 5358 ¹⁸
3530 5322 3668 5383 Luc„
3698 5334 3815 5386 1111,
3836 5326 3912 5375 25.

2393 5411 2453 5429 --
2488 5391 2531 5427 ¹⁸
2555 5391 2719 5442 Gloss.
2746 5405 2808 5442 ex
2839 5392 2962 5443 Bed.
2993 5394 3048 5442 in
3075 5392 3210 5456 Luc„
3241 5407 3287 5442 0.
3315 5403 3441 5456 1111,
3478 5394 3656 5458 paneis
3688 5396 3918 5448 mutatis.

2392 5487 2447 5499 -
2478 5463 2515 5497 ¹⁷
2542 5462 2736 5526 Judith,
2765 5474 2872 5528 κεν,
2904 5465 2979 5514 lo.
3006 5490 3069 5501 —
3097 5464 3140 5500 ¹⁸
3162 5463 3305 5525 Joet„
3337 5473 3415 5530 111,
3439 5466 3487 5515 8.

2453 5553 2518 5618 (a)
2557 5552 2681 5604 Coet.
2706 5552 2828 5604 edii.
2857 5557 2950 5606 est.
