4059 6317
761 488 1144 557 DOMINICA
1180 486 1373 556 XVIII
1414 486 1611 554 POST
1653 481 2242 554 PENTECOSTEN.
2286 488 2548 556 SERMO
2591 487 2693 557 lv.

3205 493 3324 556 449

136 626 537 713 cupiseentiae
565 628 860 711 pertinet.
893 624 982 692 De
1011 623 1199 690 tertio
1222 626 1241 661 ¹
1275 647 1351 689 :a
1376 624 1676 691 Lectulus
1786 623 1964 707 pias;
1994 623 2207 703 tertio,
2237 623 2803 709 promptitudinem
2841 626 3057 689 motus
3082 642 3198 709 per
3220 644 3329 690 ac-

21 763 28 772 ·
133 741 352 802 noster
377 733 649 800 floridus
676 757 708 794 n
749 754 766 799 t
804 734 913 799 hic
941 738 1034 797 est
1057 732 1326 812 lectulus
1351 731 1675 816 poeniten-

133 844 265 922 tiae,
294 843 540 906 habens
580 843 771 906 flores
812 840 1149 905 virtutum.
1197 840 1283 904 De
1331 841 1559 922 quarto
1599 841 1624 877 ¹
1654 857 1670 900 τ

145 973 173 1012 α
202 950 445 1016 Lectuli
470 967 726 1033 qnoque
764 947 985 1026 aurei,
1036 950 1099 1010 et
1142 946 1430 1028 argentei
1485 961 1677 1026 super

134 1056 600 1140 pavimentum.
649 1077 682 1116 1>
721 1056 1165 1120 Pavimentum
1203 1057 1298 1117 est
1339 1071 1447 1117 cor
1494 1051 1678 1135 pavi·

134 1165 333 1244 dum;
381 1164 581 1228 lectus
629 1162 956 1245 sapientiae
997 1166 1094 1226 est
1143 1177 1378 1228 aureus
1401 1208 1417 1237 ,
1468 1157 1680 1243 quoad

134 1289 385 1336 novum
410 1270 887 1335 Testamentum
912 1291 930 1349 ;
963 1275 1322 1355 arqenteus,
1343 1267 1553 1351 quoad
1573 1284 1682 1332 ve-

136 1382 242 1444 tus
287 1400 304 1443 t
336 1377 440 1444 vel
485 1395 725 1443 aureus
748 1427 766 1457 ,
823 1377 1032 1462 quoad
1081 1374 1682 1459 contemplationem

139 1484 486 1550 divinitatis
511 1508 529 1565 ;
561 1488 906 1567 argenteus
922 1535 939 1566 ,
966 1484 1176 1568 quoad
1202 1481 1680 1565 contemplatio-

136 1611 292 1659 nem
311 1592 748 1658 humanitatis.

654 1771 943 1844 SERMO
988 1773 1085 1845 IV
1122 1786 1169 1840 ⁸.

222 1917 447 2001 Surae,
478 1916 623 1986 tolle
665 1917 887 1984 lectum
931 1922 1144 1996 tuum,
1194 1921 1258 1983 et
1282 1914 1447 1982 vade
1471 1914 1546 1980 in
1577 1912 1689 1980 do-

139 2043 318 2092 mum
341 2031 517 2093 tuam
548 2030 594 2088 ⁸.
635 2025 953 2102 Quoniam
994 2024 1349 2088 secundum
1400 2020 1690 2088 Philoso-

140 2134 351 2217 phum
389 2132 685 2216 potentiae
712 2131 1206 2213 distinguuntur
1224 2179 1248 2211 ,
1276 2130 1415 2196 sive
1449 2147 1693 2212 agnos-

142 2246 383 2306 cuntur
410 2257 525 2324 per
549 2243 725 2304 actus
746 2288 762 2320 ,
806 2239 910 2304 vel
953 2255 1180 2321 opera3
1211 2239 1363 2302 hinc
1394 2241 1491 2302 est
1520 2237 1692 2322 quod

143 2346 456 2412 Dominus
474 2394 495 2427 ‚
537 2364 653 2430 per
677 2364 840 2429 opus
865 2346 1321 2410 miraculosum
1350 2364 1546 2429 supra
1572 2365 1688 2410 na·

143 2458 360 2519 turam
377 2501 395 2531 ,
427 2454 574 2517 fecit
599 2453 899 2534 cognosci
928 2472 1113 2518 suam
1140 2455 1487 2537 potentiam
1525 2454 1689 2519 divi-

144 2560 392 2640 nitatiS,
422 2559 804 2624 dimittendo
833 2564 1106 2643 peccata,
1149 2577 1297 2624 cum
1333 2560 1467 2624 solo
1494 2561 1694 2625 verbo

146 2667 574 2751 paralyticum
627 2667 901 2749 perfecte
945 2666 1224 2731 restituit
1257 2667 1549 2748 sanitati,
1594 2668 1691 2732 di·

147 2793 300 2840 cens
326 2776 397 2840 in
422 2776 622 2841 verbo
649 2775 1009 2858 proposito:
1044 2775 1268 2857 Surae,
1299 2774 1442 2841 tolle
1471 2775 1695 2840 lectum

149 2889 360 2962 tuum,
392 2887 451 2948 ec
474 2881 640 2948 vade
676 2882 751 2947 in
784 2880 1043 2948 domum
1090 2889 1289 2948 tuam.
1322 2880 1522 2959 Unde,
1553 2887 1693 2947 tan-

146 3005 347 3071 quam
390 2988 703 3072 perfectus
749 2989 1037 3054 medicus
1081 3006 1423 3072 corporum
1464 2992 1527 3053 et
1554 2989 1693 3053 ani-

148 3115 408 3163 marum
427 3146 449 3179 ,
489 3099 559 3162 in
608 3098 747 3181 ipso
796 3098 994 3163 verbo
1049 3098 1235 3164 valde
1286 3097 1698 3162 artificialiter

150 3207 458 3289 procedit,
490 3223 567 3270 eo
590 3205 762 3288 quod
797 3205 933 3269 istis
959 3205 1167 3269 tribus
1191 3205 1542 3282 vocabulis,
1571 3205 1693 3269 sci-

148 3313 294 3378 lieet
333 3335 348 3377 ε
380 3328 594 3396 surae,
620 3312 764 3380 tolle
780 3360 802 3391 ,
845 3316 909 3376 et
932 3311 1098 3379 vade
1134 3312 1408 3396 perfecta
1434 3312 1695 3394 sanitas,

148 3424 287 3485 tam
316 3419 604 3484 hominis¹
625 3419 962 3484 exterioris
1000 3424 1317 3503 quantum
1344 3419 1424 3485 ad
1440 3437 1693 3503 corpuS,

149 3545 350 3611 quam
379 3527 659 3591 hominis
684 3527 1010 3591 interioris
1036 3530 1352 3609 quantum
1391 3527 1474 3592 ad
1507 3526 1699 3610 spiri-

147 3639 292 3700 tum
322 3635 718 3717 designatur,
750 3640 971 3699 contra
997 3635 1122 3698 tria
1149 3634 1342 3716 mala,
1372 3652 1520 3718 quoe
1549 3634 1699 3699 facit

146 3744 465 3827 paralysis
495 3742 837 3808 materialis
861 3743 935 3806 in
957 3759 1241 3825 corpore,
1261 3746 1326 3807 et
1341 3747 1694 3825 peccatum,

149 3851 325 3932 quod
351 3855 446 3915 est
474 3850 785 3934 paralysis
814 3851 884 3915 in
914 3854 1150 3915 mente.
1179 3850 1339 3916 Nam
1368 3851 1488 3915 ista
1516 3851 1697 3914 infir-

148 3961 348 4024 mitas
387 3960 596 4025 reddit
633 3959 966 4024 hominem
1009 3958 1418 4042 corporaliter
1444 3958 1701 4023 inhabi-

148 4067 280 4133 lem
325 4069 408 4132 ad
463 4067 760 4133 standum
784 4115 803 4148 ,
839 4068 1257 4149 impotentem
1304 4066 1386 4131 ad
1424 4083 1694 4148 operan-

148 4176 312 4242 dum
332 4225 351 4257 ,
382 4176 843 4260 impossibilem
898 4173 979 4239 ad
1032 4172 1495 4239 ambulandum
1544 4195 1560 4235 ε
1610 4173 1699 4238 ita

147 4290 486 4367 peccatum
512 4301 630 4349 suo
657 4283 848 4347 modo
879 4281 1085 4347 aufert
1110 4281 1346 4346 animae
1373 4281 1698 4346 rectitudi-

148 4410 301 4456 nem
333 4398 536 4457 status
572 4409 687 4474 per
724 4390 980 4474 culpam
1000 4438 1021 4469 ,
1051 4389 1494 4454 fortitudinem
1520 4393 1702 4453 actus

147 4517 268 4582 per
284 4503 312 4584 j
320 4499 632 4576 ustitiam,
661 4502 725 4562 et
749 4497 1322 4582 promptitudinem
1349 4499 1562 4561 motus
1585 4515 1701 4579 per

147 4606 647 4689 negligentiam.
680 4604 804 4670 Sed
847 4604 1151 4681 Dominus
1187 4607 1410 4668 contra
1437 4603 1554 4667 ista
1578 4603 1701 4668 tria

149 4714 329 4778 mala
353 4713 658 4798 praecepit
681 4712 806 4777 tria
830 4711 1021 4777 bona.
1051 4710 1215 4777 Nam
1254 4709 1465 4794 primo
1492 4710 1701 4793 impe-
1737 4739 1743 4746 ·

148 4825 255 4887 rat
280 4821 728 4887 rectitudinem
758 4823 962 4884 status
983 4837 1098 4903 per
1119 4819 1542 4883 desertionem
1565 4818 1699 4883 cul-

146 4948 280 5013 pae,
313 4948 463 4995 cum
492 4929 642 4995 dicit
675 4946 693 4992 τ
734 4929 976 5011 Suram
1028 4927 1336 5010 secundo,
1382 4926 1699 4992 fortitudi-

149 5055 309 5104 nem
352 5041 532 5103 actus
578 5055 696 5121 per
736 5036 1184 5101 executionem
1216 5035 1484 5118 justitiae
1499 5083 1521 5115 ,
1554 5053 1703 5100 cum

151 5146 378 5212 subdit
406 5168 422 5211 ε
463 5145 515 5211 T
512 5147 629 5213 olle
666 5143 931 5223 lectum,
983 5143 1050 5208 id
1086 5146 1182 5206 est
1211 5142 1549 5224 justitiam,
1589 5162 1705 5226 per

149 5274 361 5341 quam
385 5254 658 5320 firmiter
683 5253 756 5318 in
798 5252 976 5316 omni
1020 5268 1214 5335 opere
1259 5251 1491 5335 exequi
1541 5252 1698 5317 inci·

217 5419 236 5454 ¹
262 5418 434 5474 Cant„
463 5429 502 5482 1,
532 5420 610 5468 ¹6.
637 5442 697 5455 —
725 5416 745 5446 ²
770 5412 943 5476 Esth„
972 5424 1007 5472 ῐ,
1037 5414 1085 5462 6.
1111 5437 1171 5450 -
1201 5412 1223 5448 ⁸
1247 5413 1394 5463 Hunc
1418 5425 1526 5462 non
1549 5411 1706 5462 habet

154 5491 286 5542 edit.
319 5489 502 5553 Paris„
538 5501 622 5539 an.
667 5489 807 5538 1521.
846 5510 909 5523 —
939 5484 964 5520 ⁸
993 5484 1198 5546 nauh„
1224 5495 1311 5549 lx,
1353 5485 1402 5535 6.
1435 5509 1499 5524 —
1524 5485 1546 5520 ⁸
1572 5485 1702 5547 Act„

403 5595 551 5643 1'011.
591 5593 732 5641 1111.

1789 731 2200 814 quisitionem
2232 732 2462 814 gloriae
2487 782 2504 811 ,
2551 751 2701 797 cum
2729 732 3068 815 subjungit
3097 753 3114 796 t
3154 732 3332 801 Vade

1790 838 1865 903 in
1893 838 2150 906 domum
2196 846 2398 906 tuam.
2444 838 2663 904 Glossa
2694 859 2713 903 ε
2750 862 2783 901 α
2806 840 3079 904 Domum
3119 839 3213 904 ire
3239 841 3336 904 est

1791 947 1872 1011 ad
1899 948 2268 1030 paradisum
2294 950 2503 1014 redire
2523 999 2540 1030 ,
2576 967 2652 1013 eo
2679 950 2849 1031 quod
2883 948 3215 1032 paradisus
3240 951 3335 1012 est

1792 1054 2051 1138 propria
2077 1055 2382 1122 habitatio
2416 1056 2700 1122 hominis
2720 1105 2738 1136 ,
2770 1056 2924 1139 quia
2950 1058 3028 1121 ad
3055 1056 3177 1121 hoc
3206 1056 3336 1120 fac-

1792 1164 1900 1226 tus
1926 1161 2122 1226 homo
2153 1163 2296 1228 fuit.
2325 1185 2357 1224 n

1881 1268 2036 1333 Dicit
2062 1288 2220 1352 ergo
2253 1293 2268 1334 :
2307 1271 2540 1355 Sum&
2584 1272 2698 1337 ubi
2723 1272 2996 1356 imperat
3019 1269 3337 1336 rectitudi-

1793 1395 1943 1442 nem
1993 1380 2196 1442 status
2244 1396 2359 1461 per
2402 1378 2827 1443 desertionem
2871 1378 3075 1463 culpae
3124 1396 3142 1442 t
3187 1378 3341 1461 quia

1795 1485 2013 1549 anima
2041 1485 2209 1549 cadit
2235 1485 2594 1568 tripliciter,
2626 1485 2860 1551 scilicet
2884 1504 2999 1569 per
3025 1486 3338 1568 ignoran-

1794 1591 1953 1656 tiam
1982 1592 2239 1665 erroris‚
2272 1593 2846 1676 concupiscentiam
2872 1593 3103 1674 carnia,
3124 1598 3188 1659 et
3210 1593 3341 1660 vio·

1795 1699 2056 1765 lentiam
2108 1699 2437 1766 diabolicae
2483 1702 2883 1782 tentationis3
2924 1707 2986 1766 et
3040 1701 3203 1782 ide0,
3261 1703 3342 1769 ad

1797 1808 1922 1873 hoc
1949 1811 2026 1872 ut
2055 1807 2289 1873 habeat
2314 1808 2759 1873 rectitudinem
2786 1812 2985 1874 status
2997 1809 3343 1875 deserendo

1798 1915 2090 1998 culpam,
2131 1915 2583 1982 attendendum
2629 1920 2725 1980 est
2761 1921 2836 1981 ut
2879 1916 2959 1981 ab
2998 1917 3100 1981 his
3138 1917 3344 1982 tribus
3370 1947 3409 1986 A
3441 1941 3586 1985 trun·

3385 2015 3586 2064 W.

3391 2067 3515 2111 dum.

1801 2027 2102 2104 resurgat
2148 2046 2164 2088 :
2196 2028 2259 2087 et
2300 2023 2510 2107 primo
2554 2042 2594 2088 a
2635 2024 2915 2088 tenebris
2959 2024 3341 2107 ignorantiae

1801 2131 2039 2196 erroris
2081 2129 2504 2210 obcaecantis;
2559 2131 2858 2212 secund0,
2914 2131 2994 2216 (α)
3038 2131 3347 2197 illecebris

1802 2237 2327 2321 concupiscentiae
2384 2237 2781 2318 defoedan'tis3
2817 2238 3005 2304 tertio
3047 2257 3090 2303 a
3131 2240 3352 2323 praesi-

1803 2344 2038 2410 dentiis
2066 2346 2394 2428 potestatis
2421 2345 2748 2411 diabolicae
2767 2345 3202 2430 opprimentis.
3222 2344 3355 2411 Pri-

1804 2470 1985 2517 mum
2010 2453 2205 2517 habet
2231 2453 2376 2518 fleri
2406 2472 2522 2538 per
2545 2457 2869 2537 aspectum
2894 2453 3186 2519 veritatis
3206 2476 3224 2534 ;
3253 2473 3353 2520 se-

1802 2557 2111 2641 cundum,
2145 2579 2262 2643 per
2291 2560 2663 2644 amplexum
2712 2560 3054 2642 castitatis;
3090 2562 3352 2627 tertium

1802 2684 1918 2750 per
1944 2667 2322 2731 exercitium
2342 2667 2619 2734 virtutis.

1885 2771 2104 2838 Primo
2145 2775 2259 2857 qui
2287 2773 2430 2840 vult
2463 2774 2706 2840 habere
2747 2775 3191 2840 rectitudinem
3217 2780 3350 2841 sta-

1805 2884 1933 2961 tuS,
1964 2881 2153 2946 debet
2181 2899 2452 2964 surgere
2480 2901 2521 2946 a
2548 2879 2830 2948 tenebris
2849 2885 3082 2949 erroris
3097 2884 3353 2967 etigno-

1803 2989 2030 3053 rantiae
2059 2989 2467 3070 obcaecantiS,
2499 2993 2563 3054 et
2589 2989 2711 3055 hoc
2728 3008 2842 3073 per
2877 2994 3208 3074 aspectum
3238 3010 3353 3056 ve-

1803 3097 2046 3173 ritatis;
2079 3102 2142 3161 et
2168 3097 2246 3162 de
2273 3096 2399 3162 hoc
2438 3098 2671 3162 dicitur
2699 3101 2723 3138 ⁸
2755 3117 2773 3162 ι
2812 3121 2843 3159 α
2869 3097 3112 3182 Surge,
3150 3105 3214 3165 et
3250 3103 3356 3164 in-

1804 3205 2073 3286 gredere
2101 3205 2422 3270 civitatem
2442 3253 2459 3281 ‚
2502 3209 2566 3269 et
2593 3205 2840 3271 dicetur
2880 3207 3033 3289 quid
3068 3211 3133 3272 te
3157 3225 3354 3291 opor-

1805 3316 1933 3376 teat
1959 3312 2186 3377 facere.
2225 3334 2257 3372 n
2294 3311 2452 3377 Ecce
2483 3312 2653 3395 quod
2683 3311 2921 3378 Paulus
2944 3316 3355 3399 persequeba-

1803 3423 1918 3483 tur-
1942 3418 2283 3502 discipulos
2315 3418 2547 3484 Christi
2574 3418 2709 3484 zelo
2742 3419 2911 3501 legis
2935 3420 3183 3501 ductus,
3211 3440 3354 3487 cre-

1808 3526 1963 3591 dens
2006 3545 2076 3591 se
2102 3526 2484 3608 obsequium
2526 3524 2656 3591 Deo
2698 3530 3033 3608 praestare3
3066 3528 3174 3593 sed
3202 3528 3357 3612 quia

1805 3634 1928 3698 hoc
1951 3651 2084 3697 non
2114 3637 2210 3698 est
2251 3651 2333 3697 ex
2359 3635 2534 3697 certa
2560 3651 2787 3713 causa,
2817 3639 2930 3699 aut
2960 3654 3043 3700 ex
3086 3638 3350 3721 malitia,

1806 3742 1913 3808 sed
1941 3743 2309 3807 tenebratus
2335 3742 2570 3807 erroris
2595 3743 2987 3824 ignorantia,
3021 3745 3163 3810 ideo
3194 3764 3355 3830 prae-

1807 3849 2042 3933 cipitur
2066 3848 2325 3932 ingredi
2353 3850 2423 3913 in
2453 3848 2798 3930 civitatem,
2832 3870 2948 3934 per
2976 3870 3170 3935 quam
3198 3872 3351 3919 cono

1808 3958 2108 4040 gregatio
2132 3956 2420 4022 fidelium
2441 3956 2843 4038 intelligitur,
2860 3958 2973 4040 qui
2990 3960 3110 4023 sub
3132 3961 3357 4026 eodem

1799 4064 2224 4149 jureJurando
2250 4068 2399 4128 sunt
2433 4063 2707 4146 collecti,
2746 4068 2825 4130 ut
2853 4066 2935 4130 ab
2972 4066 3067 4131 eis
3085 4066 3357 4133 instrua-

1805 4176 1914 4236 tur
1938 4172 2111 4255 quod
2159 4189 2309 4236 eum
2365 4175 2656 4255 oporteat
2693 4173 2919 4237 facere.
2968 4171 3252 4256 Dignum
3288 4179 3355 4240 et

1800 4282 2052 4364 justum
2090 4278 2231 4358 fuit,
2265 4282 2341 4343 ut
2370 4280 2484 4362 qui
2512 4279 2864 4362 sapientem
2892 4298 2961 4344 se
2985 4283 3259 4363 tenebat,
3289 4286 3353 4347 et
3388 4315 3391 4318 >

1807 4387 2037 4453 ducem
2067 4386 2346 4450 aliorum
2376 4402 2445 4449 se
2472 4385 2760 4465 faciebat,
2790 4386 2872 4451 ad
2897 4405 3164 4452 manum
3190 4388 3356 4453 sicut

1811 4512 2019 4560 caecus
2043 4492 2440 4572 traheretur,
2481 4495 2547 4556 et
2571 4489 2840 4558 Anani'ae
2868 4494 2938 4556 in
2975 4494 3358 4578 discipulum

1811 4605 2192 4671 traderetur.
2239 4600 2556 4667 Praeterea
2597 4601 2883 4666 maxima
2914 4601 3038 4667 fuit
3061 4602 3362 4668 violentia

1811 4715 1881 4778 in
1909 4711 2339 4778 convertendo
2391 4707 2664 4774 Paulum
2678 4757 2700 4788 ,
2753 4708 2908 4792 quia
2946 4727 3028 4774 ex
3062 4709 3363 4792 ignoran-

1811 4819 1927 4900 tia,
1957 4818 2185 4884 etzelo
2214 4816 2596 4900 decipiente,
2616 4819 2864 4880 rectum
2884 4816 3365 4900 credebatquid-

1816 4926 1971 5010 quid
1995 4925 2289 4991 faciebat.
2322 4922 2501 4988 Unde
2542 4921 2886 5005 Gregorius
2916 4924 2940 4959 ⁸
2972 4945 2989 4988 ε
3027 4947 3060 4985 α
3087 4923 3243 4988 Cum
3270 4923 3365 4989 vi·

1817 5034 1981 5098 tium
2004 5031 2220 5096 virtus
2245 5029 2557 5109 creditur,
2592 5027 2932 5093 difficiliter
2958 5029 3358 5095 emendatur.

1815 5139 1980 5207 Hinc
2017 5138 2314 5221 estquod
2340 5136 2411 5201 hi
2439 5137 2552 5219 qni
2586 5136 2984 5200 sanctitatem
3028 5132 3369 5219 appetunt,
3468 5171 3471 5174 -

1812 5322 1891 5374 ιι,
1927 5311 1977 5363 7.
2008 5336 2065 5347 —
2102 5307 2124 5344 ⁸
2151 5310 2332 5373 Greg„
2359 5307 2559 5358 Pastor.
2592 5319 2723 5367 cur„
2755 5309 2888 5369 part.
2917 5316 3011 5371 m,
3036 5306 3245 5360 admon.
3282 5310 3363 5372 ¹7,

1811 5382 1982 5449 quo&
2011 5394 2238 5432 sensum.
2442 5383 2445 5384 ’

1876 5482 1941 5547 (a)
1972 5480 2149 5547 suppl.
2178 5481 2262 5531 ab.

3044 5576 3124 5636 29
