4059 6317
79 4716 201 4764 Q

53 4782 200 4835 *ΨΜ

928 510 1308 579 DOMINIGA
1347 510 1431 578 IN
1471 504 1720 576 RAMlS
1761 504 2233 572 PALMARUM.
2278 504 2544 573 SERMO
2586 506 2636 572 1.

221 645 396 726 m,
423 644 573 728 fllioe
605 646 789 714 Sion.
829 647 985 712 Sion
1009 647 1183 712 enim
1223 647 1476 730 specula
1519 645 1720 710 inter-

224 756 496 838 pretem,
539 757 603 820 et
645 754 698 819 si
705 755 975 836 gnificat
1016 755 1300 822 animam
1348 773 1579 840 puram
1595 802 1614 833 ,
1660 754 1726 817 et

221 860 556 944 dispositam
592 881 711 945 per
738 863 1002 928 modum
1030 863 1268 947 speculi
1294 863 1376 929 ad
1411 860 1719 946 receptio-

222 986 350 1033 nem
375 968 734 1034 resultantis
759 970 844 1052 (a)
877 970 1251 1037 divinitatis.
1292 969 1580 1037 Secundo
1621 968 1723 1032 in-

223 1075 360 1140 vitat
371 1076 444 1139 ad
456 1077 1045 1158 contemplationem
1057 1076 1472 1161 speciositatis
1488 1074 1719 1156 regiae,

222 1185 285 1246 ut
303 1182 648 1264 delectetur,
679 1202 831 1249 cum
854 1185 1068 1250 subdit
1095 1188 1226 1253 :Et
1252 1182 1469 1252 videte
1495 1185 1726 1266 Regem

222 1288 587 1357 Salomonem
604 1339 623 1370 ‚
654 1291 718 1355 id
749 1294 885 1370 est,
919 1291 1242 1357 Christum
1285 1288 1618 1373 multiplici
1652 1288 1727 1352 fl-

220 1414 365 1478 gura
389 1415 500 1480 per
523 1397 928 1463 Salomonem
972 1398 1324 1481 signatum.
1362 1396 1576 1462 Tertio
1616 1414 1727 1460 ex-

219 1504 383 1587 plicat
415 1505 862 1571 exhibitionem
901 1505 1166 1572 honoris
1204 1510 1266 1571 et
1305 1504 1726 1588 magnificen-

219 1613 329 1692 tiae,
346 1619 418 1678 ut
444 1614 816 1694 instruatur,
835 1632 983 1679 cum
1010 1601 1434 1679 subinfertur:
1466 1613 1547 1678 In
1572 1611 1725 1679 dia-

218 1719 443 1787 demate
466 1736 582 1803 quo
609 1724 945 1789 coronavit
969 1737 1116 1788 eum
1139 1727 1345 1789 mater
1367 1735 1515 1787 sua.

290 1826 489 1892 Primo
510 1846 667 1910 ergo
708 1828 1002 1894 hortatur
1027 1829 1110 1894 ad
1132 1828 1551 1894 desertionem
1578 1845 1723 1911 pec-

219 1936 322 2001 cati
343 1935 682 2019 quamlibet
708 1937 994 2001 animam
1021 1936 1297 2016 fidelem,
1328 1943 1402 2001 ut
1428 1935 1724 2017 dispona-

219 2046 312 2107 tur
332 2043 406 2107 ad
434 2042 538 2107 Dei
561 2042 876 2108 visionem
898 2090 915 2120 ‚
947 2061 1097 2108 cum
1125 2042 1275 2108 dicit
1304 2061 1322 2107 ε
1354 2042 1719 2126 Emedimi-

219 2151 286 2216 ni
298 2198 314 2226 ‚
341 2149 493 2230 filioe
521 2149 697 2217 Sion.
727 2149 843 2214 Illa
868 2150 1081 2215 anima
1107 2149 1339 2215 deserit
1365 2149 1726 2215 deformita-

219 2260 329 2321 tem
353 2257 608 2338 peccati,
635 2260 702 2320 et
725 2256 1002 2339 disponit
1026 2273 1095 2320 se
1121 2256 1472 2321 secundum
1499 2274 1726 2321 omnes

219 2362 303 2426 sui
325 2361 620 2445 potentias
646 2361 726 2426 ad
753 2362 1067 2427 visionem
1097 2362 1249 2441 Dei,
1296 2381 1446 2447 quae
1473 2356 1725 2444 egredi-

222 2474 310 2533 tur
333 2470 529 2551 primo
552 2487 592 2532 a
615 2468 903 2533 tenebris
929 2469 1160 2535 erroris
1203 2473 1269 2534 et
1299 2469 1683 2551 ignorantias
1702 2518 1722 2549 ,

217 2576 558 2642 rationalem
574 2577 952 2641 obcaecantis
968 2599 985 2656 3
1010 2577 1289 2642 secundo
1307 2578 1387 2641 ab
1411 2578 1728 2645 illecebris

221 2683 460 2748 earnalis
516 2683 796 2749 lasciviae
827 2731 849 2762 ,
904 2684 1458 2767 concupiscibilem
1517 2685 1722 2751 defor-

224 2791 451 2870 mantis;
471 2792 657 2855 tertio
685 2809 725 2855 a
750 2790 1169 2873 praesidenfiis
1185 2791 1573 2857 crudelitatis
1600 2793 1727 2859 dia-

224 2895 410 2962 holicae
429 2944 447 2975 ‚
503 2896 884 2962 irascibilem
944 2897 1378 2980 deprimentis.
1435 2898 1726 2965 Primum

221 3003 384 3069 habet
427 3005 565 3070 fleri
617 3024 737 3089 per
786 3005 1077 3071 veritatis
1149 3006 1602 3091 inspectionem
1657 3008 1727 3072 in

221 3128 445 3177 summo
467 3113 856 3195 intelligibili
876 3136 894 3192 ;
924 3114 1270 3180 secundum
1289 3164 1311 3194 ,
1343 3133 1460 3198 per
1487 3114 1728 3182 volun-

219 3218 344 3282 tatis
380 3219 806 3285 adhaesionem
834 3220 903 3284 in
929 3239 1186 3286 summo
1211 3222 1547 3303 diligibili3
1589 3226 1728 3287 ter-

219 3323 358 3388 tium
374 3373 393 3404 ,
438 3344 549 3408 per
573 3326 883 3391 libertatis
907 3327 1309 3411 adeptionem
1352 3328 1425 3392 in
1470 3346 1728 3394 summo

216 3425 561 3494 honorabili.
583 3427 803 3493 Primo
823 3428 1131 3494 debemus
1147 3430 1371 3511 egredi
1391 3450 1430 3495 a
1449 3431 1729 3497 tenebris

216 3536 425 3600 erroris
462 3540 524 3601 et
560 3534 951 3618 ignorantiae
975 3584 995 3612 ,
1040 3536 1485 3601 rationabilem
1522 3539 1732 3603 obcae-

218 3642 433 3722 cantis3
463 3648 525 3709 et
549 3644 673 3709 hoc
704 3661 814 3725 per
842 3643 1132 3708 veritatis
1176 3644 1631 3727 inspectionem
1659 3645 1730 3709 in

216 3766 445 3815 summo
497 3749 892 3832 intelligibili
927 3771 943 3814 :
994 3753 1060 3814 et
1104 3750 1185 3815 de
1227 3751 1349 3815 hoc
1390 3750 1622 3816 dicitur
1655 3753 1671 3787 ¹
1708 3773 1725 3816 ε

218 3877 244 3915 ι
259 3854 401 3922 Ecce
419 3857 649 3923 mulier
664 3857 1023 3923 Chananaea
1040 3876 1081 3921 a
1094 3858 1335 3922 finibus
1355 3857 1481 3922 illis
1511 3876 1732 3941 egres-

216 3978 275 4024 sa
299 3961 613 4043 clamavit,
642 3963 860 4028 dicens
891 3982 909 4029 z
939 3963 1236 4030 Miserere
1269 3965 1431 4043 mei,
1471 3966 1565 4029 fili
1604 3966 1725 4031 Da-

216 4067 328 4134 vid.
355 4092 386 4130 n
415 4070 532 4147 Qui
557 4072 732 4135 enim
761 4070 901 4135 vult
928 4070 1250 4154 percipere
1276 4071 1522 4137 bonum
1553 4074 1726 4154 fidei,

215 4180 267 4239 et
288 4177 494 4257 egredi
522 4197 561 4243 a
585 4178 867 4243 tenebris
893 4177 1278 4259 ignorantiae
1293 4225 1315 4256 ,
1369 4177 1554 4243 debet
1577 4179 1729 4243 imi-

215 4283 319 4345 tari
341 4284 704 4369 exemplum
743 4285 942 4367 hujus
969 4284 1285 4364 mulieriS,
1331 4301 1479 4368 quae
1518 4285 1729 4369 primo

215 4393 569 4473 praeparavit
604 4411 675 4456 se
704 4410 818 4475 per
856 4393 1346 4475 captivationem
1375 4391 1730 4458 intellectus

216 4496 281 4561 ad
305 4499 676 4565 credendum
703 4499 930 4583 primae
965 4497 1221 4564 veritati
1246 4503 1506 4581 propter
1530 4518 1630 4579 se,
1668 4505 1732 4566 et

218 4620 384 4687 super
406 4608 622 4672 omnia
638 4653 662 4686 ‚
690 4611 756 4671 et
781 4607 901 4671 hoc
928 4611 1024 4671 est
1050 4606 1223 4690 quod
1248 4606 1482 4672 dicitur
1512 4628 1528 4670 ι
1565 4610 1729 4675 Ecce

219 4711 424 4778 vnulier
450 4713 831 4780 chananaea.
866 4712 1321 4797 Interpretatur
1347 4711 1522 4777 enim
1564 4713 1726 4778 Cha·

221 4835 423 4884 uanaea
454 4824 847 4903 preparata.
896 4820 1189 4886 Secundo
1220 4819 1554 4902 elongavit
1587 4839 1656 4885 se
1692 4840 1732 4885 a

221 4926 367 4989 mala
389 4926 682 4992 societate
701 4975 719 5005 ‚
751 4945 828 4992 eo
852 4927 1026 5011 quod
1046 4928 1071 4964 ¹
1107 4949 1138 4988 ι
1167 4932 1588 5011 corrumpunt
1615 4930 1730 4993 bo·

221 5047 321 5096 nos
341 5051 544 5099 mores
566 5033 880 5117 colloquia
905 5052 1125 5118 prava.
1148 5056 1180 5095 a
1203 5034 1381 5099 Unde
1406 5035 1726 5118 sequitur:

223 5140 267 5202 Α
302 5140 530 5219 finibus
555 5140 719 5221 illis,
763 5141 1002 5207 scilicet
1026 5140 1404 5221 infidelium,
1447 5158 1695 5225 emessa
1707 5187 1729 5220 ‚

224 5251 416 5325 postea
436 5250 746 5316 clamavit
785 5266 934 5314 cum
961 5248 1161 5314 animi
1186 5249 1513 5314 sanctitate
1538 5249 1607 5313 in
1634 5250 1729 5314 af-

278 5408 503 5470 fluam„
536 5422 628 5475 xv,
662 5413 744 5461 22.
779 5438 831 5447 —-
873 5411 933 5461 ²1
977 5411 1114 5473 Cor„
1143 5424 1229 5473 xv,
1258 5413 1338 5460 33.
1367 5436 1430 5447 -
1470 5410 1492 5445 ⁸
1526 5410 1734 5469 Matilo..

229 5490 304 5544 xv,
327 5482 401 5534 28.
428 5508 487 5521 -
525 5484 545 5521 δ
570 5482 718 5549 Gen„
743 5493 852 5549 ιιι,
883 5484 1050 5537 14-15.
1075 5508 1136 5521 -
1165 5483 1182 5512 ⁸
1210 5480 1393 5549 Exod„
1417 5494 1544 5547 xm,
1571 5484 1620 5535 3.

3250 504 3368 567 185

1827 641 2097 720 fectiva;
2151 643 2306 706 item
2351 659 2501 707 cum
2550 641 2883 708 sedulitate
2940 636 3241 723 propositi
3298 636 3367 699 in

1829 749 2155 833 operativa
2175 799 2193 829 ‚
2214 749 2371 833 quia
2394 753 2550 814 tunc
2572 747 2754 813 lesus
2780 746 3070 812 Christus
3086 793 3103 824 ,
3130 744 3243 828 qui
3271 747 3367 808 est

1828 857 1948 922 lux
2002 874 2158 921 vera
2196 856 2433 921 animae
2478 856 2545 920 in
2592 855 2997 939 dispositione
3020 902 3037 930 ,
3088 850 3367 917 infundit

1829 964 2164 1029 veritatem
2192 964 2337 1028 fidei
2366 964 2434 1027 in
2449 962 2834 1045 cognitiva.»
2856 961 3034 1026 Unde
3063 963 3242 1024 tanta
3266 957 3368 1023 lu-

1831 1071 2193 1136 minositate
2217 1070 2364 1134 fidei
2391 1071 2511 1135 fuit
2533 1070 2642 1134 illa
2666 1070 2896 1134 mulier
2919 1067 3231 1131 illustrata
3245 1112 3263 1144 ‚
3294 1069 3368 1130 ut

1829 1179 2144 1244 diceretur
2185 1178 2245 1243 ei
2287 1178 2368 1242 ab
2397 1177 2536 1260 ipsa
2562 1176 2866 1242 veritate’
2897 1194 2915 1239 ι
2954 1198 2985 1237 α
3014 1172 3063 1239 Ο
3105 1171 3364 1251 mulier,

1830 1304 2071 1368 magna
2113 1288 2208 1350 est
2266 1283 2424 1349 fides
2466 1287 2599 1348 tua.
2647 1305 2678 1342 n
2715 1282 3007 1347 Secundo
3058 1280 3367 1345 debemus

1829 1393 2054 1475 egredi
2078 1393 2159 1455 ab
2186 1390 2497 1456 illecebris
2539 1390 2812 1455 carnalis
2854 1388 3130 1453 lasciviae
3146 1433 3168 1466 ‚
3218 1405 3369 1451 con·

1829 1498 2260 1582 cupiscibilem
2286 1496 2698 1562 deformantis
2713 1545 2731 1576 ‚
2782 1499 2846 1559 et
2872 1495 2993 1560 boc
3030 1512 3144 1577 per
3195 1512 3370 1558 erec-

1829 1605 2071 1670 tionem
2123 1604 2465 1669 voluntatis
2504 1603 2572 1666 in
2614 1621 2865 1667 summo
2902 1601 3223 1684 diligibili.
3280 1601 3368 1666 De

1829 1712 1952 1777 isto
1976 1731 2246 1795 egressu
2265 1713 2417 1777 dicit
2444 1711 2605 1778 Loth
2622 1713 2878 1795 generis
2905 1711 3041 1775 suis
3063 1711 3085 1745 ⁸
3111 1728 3129 1773 ι
3160 1733 3191 1771 α
3218 1710 3369 1774 Sur·

1830 1820 1985 1901 gite,
2010 1824 2075 1885 et
2101 1820 2480 1901 egredimini
2508 1819 2586 1884 de
2613 1819 2735 1883 isto
2761 1818 2921 1897 loeo,
2953 1817 3104 1901 quia
3133 1817 3365 1882 delebit

1832 1926 2141 1991 Dominus
2194 1926 2512 1991 civitatem
2558 1926 2744 1990 hanc.
2796 1924 2874 1989 Et
2922 1926 3101 1990 visus
3139 1929 3237 1988 est
3278 1924 3372 1988 eis

1830 2032 2015 2117 quasi
2042 2032 2265 2097 ludens
2289 2032 2488 2116 loqui.
2519 2054 2550 2092 n
2587 2032 2820 2097 Civitas
2852 2032 2974 2096 ista
2988 2078 3010 2109 ,
3040 2032 3222 2114 quasi
3252 2030 3368 2097 So-

1831 2140 2055 2220 doma,
2087 2157 2235 2222 quae
2262 2139 2431 2204 inter
2456 2142 2718 2204 caeteras
2747 2139 3037 2203 civitates
3064 2142 3201 2202 erat
3235 2156 3369 2203 sce-

1833 2247 2211 2311 leratissima
2233 2294 2251 2324 ,
2287 2247 2504 2328 signat
2545 2248 2787 2309 statum
2827 2245 3180 2310 carnalium
3202 2293 3220 2321 ‚
3260 2245 3376 2329 qui

1833 2354 2255 2420 immunditiis
2281 2355 2419 2420 suis
2436 2354 2712 2437 perdunt
2734 2352 2957 2417 lumen
2982 2352 3279 2433 rationiS‚
3311 2355 3377 2416 et

1831 2461 2109 2526 totaliter
2136 2461 2417 2543 absorpti
2445 2459 2966 2525 delectationibus
2994 2460 3162 2523 fiunt
3188 2460 3372 2524 steri-

1831 2571 1923 2636 les
1947 2618 1964 2648 ,
2020 2569 2273 2635 nullum
2324 2570 2609 2633 fructum
2665 2567 2958 2634 utilitatis
3015 2568 3320 2634 habentes
3349 2615 3370 2648 ,

1831 2681 2089 2762 propter
2117 2675 2668 2758 consumptionem
2694 2675 3112 2754 naturalium,
3147 2679 3211 2739 et
3236 2693 3375 2758 spo-

1830 2786 2158 2852 liationem
2203 2784 2674 2867 gratuitorum,
2729 2784 2865 2847 sive
2912 2782 3368 2866 spiritualium.

1834 2896 2047 2977 Igitur
2090 2893 2506 2959 existentibus
2550 2891 2620 2955 in
2664 2891 2786 2956 isto
2847 2895 3017 2954 statu
3056 2890 3289 2954 dicitur
3337 2909 3379 2953 a

1835 3002 2076 3086 Spiritu
2113 3004 2330 3065 sancto
2365 3018 2478 3082 per
2525 2999 2970 3082 praedicatores
2992 3045 3013 3078 ,
3062 2999 3178 3082 qui
3222 3004 3378 3063 sunt

1833 3110 2035 3175 divini
2083 3108 2294 3173 nuntii
2322 3125 2343 3167 ⁰.
2374 3106 2635 3189 Surgite
2680 3125 2794 3190 per
2832 3106 3071 3189 peccati
3118 3106 3379 3170 detesta-

1832 3218 2073 3281 tionem
2089 3264 2111 3294 ,
2141 3219 2205 3280 et
2245 3213 2487 3279 deloco
2529 3215 2652 3278 isto
2677 3212 3061 3295 egredimini
3108 3212 3379 3277 carnalis

1833 3326 2116 3392 lasciviae
2137 3343 2251 3408 per
2276 3325 2512 3408 peccati
2540 3323 2959 3389 desertionem
2985 3371 3003 3399 ‚
3036 3323 3189 3406 quia
3214 3322 3380 3387 dele-

1835 3434 1929 3498 bit
1982 3433 2289 3497 Dominus
2331 3432 2652 3497 civitatem
2699 3431 2899 3509 hanc,
2952 3447 3069 3512 per
3121 3432 3380 3493 aeternae

1836 3538 2262 3605 damnationis
2291 3537 2912 3603 exterminationem.
2946 3535 3072 3602 Sed
3098 3537 3251 3619 quia
3275 3535 3379 3599 lu·

1835 3646 1996 3712 brici
2022 3653 2086 3711 et
2115 3645 2402 3710 carnales
2444 3646 2534 3708 ita
2556 3648 2710 3708 sunt
2735 3642 3015 3726 absorpti
3053 3662 3093 3707 a
3116 3643 3383 3708 delecta-

1838 3752 2122 3817 tionibus
2148 3752 2387 3831 carnis‚
2410 3756 2484 3815 ut
2510 3769 2645 3835 prae
2668 3750 2871 3814 nimia
2891 3750 3126 3815 mentis
3153 3750 3382 3815 aliena·

1838 3860 2012 3925 tione
2042 3859 2333 3924 videatur
2363 3858 2454 3924 eis
2482 3859 2860 3941 praedicator
2888 3857 3117 3923 ludens
3161 3857 3376 3940 loqui3

1839 3967 1950 4032 sed
1980 3971 2202 4050 postea
2236 3967 2492 4050 quando
2517 3966 2586 4030 in
2617 3967 2889 4050 peccatis
2913 3967 3046 4031 suis
3089 3966 3379 4030 moriun-

1840 4081 1967 4150 tur,
1998 4074 2424 4157 experiuntur
2450 4074 2653 4153 factis,
2686 4072 2860 4156 quod
2884 4072 3229 4137 noluerunt
3250 4072 3384 4136 ani-

1838 4180 2237 4246 madvertere
2272 4181 2484 4245 verbis
2530 4180 3018 4263 praedicatorum
3049 4201 3065 4245 z
3106 4179 3277 4244 unde
3320 4181 3384 4242 et

1837 4287 1942 4351 isti
1966 4336 1985 4367 ‚
2034 4289 2151 4371 qui
2205 4287 2548 4353 noluerunt
2594 4288 2850 4352 credere
2904 4286 3118 4351 verbis
3165 4283 3329 4350 Loth
3360 4333 3378 4363 ,

1840 4394 2014 4459 viam
2044 4395 2270 4460 salutis
2289 4394 2750 4474 annuntiantis,
2767 4394 3097 4476 perierunt
3121 4392 3381 4456 insimul

1841 4520 1988 4566 cum
2006 4503 2242 4567 scelere
2262 4501 2536 4567 civitatis
2558 4524 2574 4565 ι
2608 4499 2818 4565 Tertio
2837 4500 3143 4565 debemus
3159 4499 3383 4580 egredi

1841 4627 1881 4672 a
1910 4609 2331 4692 praesidentiis
2356 4608 2682 4674 diabolicae
2711 4607 3100 4671 crudelitatis
3117 4654 3140 4686 ,
3172 4606 3383 4670 irasci-

1840 4716 2034 4781 bilem
2087 4716 2496 4798 deprimentis
2523 4737 2541 4794 ;
2610 4721 2676 4779 et
2726 4715 2849 4779 hoc
2912 4732 3027 4797 per
3077 4713 3383 4777 libertatis

1840 4822 2243 4905 adeptionem
2270 4822 2338 4885 in
2363 4839 2618 4886 summo
2644 4821 3026 4886 honorabili.
3051 4820 3128 4885 Et
3155 4819 3235 4884 de
3259 4820 3384 4884 hoc

1841 4947 2110 5011 egressu
2155 4928 2392 4993 dicitur
2436 4930 2501 4992 in
2544 4930 2763 5009 figura
2797 4934 2819 4970 ⁸
2872 4950 2888 4993 ε
2933 4951 2964 4990 ι
3006 4927 3384 4993 Mementote

1842 5037 2039 5119 hujus
2064 5037 2226 5115 diei,
2257 5037 2327 5100 in
2362 5055 2491 5120 qua
2527 5037 2772 5119 egressi
2800 5036 2949 5101 estis
2972 5035 3051 5101 de
3077 5040 3245 5099 terra
3268 5035 3379 5100 AE·

1845 5141 2031 5227 gypti
2048 5189 2073 5222 ,
2102 5144 2167 5206 et
2193 5142 2273 5207 de
2318 5142 2511 5207 domo
2551 5143 2913 5223 servitutis,
2959 5141 3263 5227 quoniam
3312 5143 3382 5206 in

1843 5268 2043 5345 manu
2067 5250 2212 5314 forti
2236 5249 2460 5314 eduxit
2471 5267 2589 5315 vos
2607 5250 2910 5316 Dominus
2934 5251 3013 5316 de
3030 5249 3167 5314 loco
3182 5249 3324 5315 isto,
3339 5272 3371 5311 ι

1845 5356 2105 5425 Eduxit
2129 5372 2239 5424 vos
2266 5373 2382 5440 per
2407 5355 2851 5423 liberationem
2875 5406 2894 5437 ,
2927 5355 3008 5423 de
3034 5355 3218 5423 domo
3245 5371 3383 5427 ser-

1911 5483 1974 5546 (b)
2001 5484 2154 5533 Forte
2179 5483 2274 5549 leq.
2304 5481 2616 5551 refulgentis.
