4059 6317
613 350 733 411 632

613 478 790 552 Quod
814 478 1005 555 patuit
1031 478 1095 536 in
1121 477 1538 554 disputatione,
1566 495 1752 555 quam
1774 477 1930 550 fecit,
1948 477 2013 535 in
2030 492 2154 552 qua

616 574 1048 652 quinquaginta
1079 574 1470 659 philosophos
1514 577 1778 635 oratores
1820 570 2150 648 superavit,

616 674 672 730 et
698 671 780 729 ad
805 669 987 728 fidem
1006 669 1213 729 Christi
1240 669 1544 728 convertit.
1567 673 1681 729 Nec
1707 667 1926 727 mirum
1950 686 1965 725 ε
1987 682 2150 740 nam,

613 768 682 822 ut
709 763 849 822 dicit
875 763 1180 822 Psalmista
1205 762 1224 796 ¹
1258 783 1273 820 ι
1311 783 1340 818 α
1367 763 1616 838 Eloquia
1638 762 1891 834 Domini,
1912 761 2155 836 eloquia

615 860 806 931 casta,
835 863 1140 931 argentum
1175 858 1314 932 igne
1360 858 1793 931 examinatum,
1836 880 1865 912 n
1914 861 2022 916 etc.
2054 859 2157 914 Se-

615 951 843 1025 cundo,
895 967 934 1010 a
980 952 1264 1026 dignitate
1317 951 1612 1023 muneris,
1671 952 1815 1027 quia
1865 950 2157 1010 mirabilis

613 1044 994 1106 beatitudinis
1018 1045 1338 1119 affluentia,
1370 1061 1508 1104 cum
1526 1045 1695 1105 addit
1723 1065 1737 1102 :
1767 1047 1838 1103 Et
1855 1047 2156 1119 posteriora

616 1141 768 1199 dorsi
807 1140 923 1212 eius
950 1145 1010 1197 in
1040 1143 1253 1214 pallore
1297 1144 1440 1198 miri.
1480 1141 1682 1200 Glossa
1714 1160 1728 1198 :
1763 1158 1794 1195 α
1830 1139 2159 1199 Posteriora

615 1233 792 1308 hujus
824 1234 1143 1306 columboe,
1184 1235 1245 1292 id
1288 1237 1401 1304 est,
1460 1234 1669 1294 ultima
1714 1234 1777 1291 in
1806 1234 1999 1308 specie
2026 1233 2159 1292 auri

618 1326 971 1403 splendent:
1002 1328 1144 1403 quia
1167 1331 1490 1404 postquam
1517 1328 1594 1387 de
1621 1328 1851 1386 mundo
1869 1328 2029 1400 exiit,
2060 1345 2161 1386 su-

616 1437 725 1497 per
753 1437 966 1480 aurum
1009 1422 1072 1480 in
1107 1422 1384 1481 charitate
1430 1423 1618 1494 lucet,
1664 1423 1807 1498 quia
1846 1438 2158 1497 nunquam

617 1515 854 1577 excidit.
885 1517 1028 1575 Dicit
1054 1515 1230 1590 igitur
1258 1536 1275 1575 ε
1306 1520 1503 1575 Pennce
1536 1520 1804 1591 columbe,
1833 1523 1941 1577 etc.

692 1612 803 1669 Nec
829 1610 1048 1669 mirum
1068 1653 1089 1684 ,
1130 1610 1180 1668 si
1207 1610 1490 1670 columba
1532 1609 1674 1683 fuit,
1705 1629 1887 1687 quam
1912 1613 2159 1688 Spiritus

617 1708 853 1765 sanctus
879 1705 1136 1778 edocuit,
1169 1721 1304 1779 quae
1329 1705 1656 1764 virentibus
1685 1704 1842 1764 foliis
1868 1708 2157 1783 martyrii,

618 1801 699 1859 ad
726 1815 927 1858 arcam
948 1815 1195 1857 summae
1214 1798 1718 1858 thesaurizationis
1736 1800 2012 1859 ascendit,
2044 1801 2158 1860 Sed

617 1897 781 1968 nota,
811 1893 979 1969 quod
1010 1893 1292 1952 columba
1322 1893 1504 1952 habet
1530 1893 1794 1968 quinque
1833 1895 2161 1969 proprieta-

621 1993 725 2061 teS,
754 1988 982 2047 ratione
1011 2003 1268 2063 quarum
1303 1988 1476 2046 beata
1517 1988 1829 2046 Catharina
1877 1988 2160 2049 columba

621 2080 739 2141 dici
766 2085 975 2156 potest.
993 2084 1091 2140 Est
1107 2081 1266 2139 enim
1284 2081 1566 2139 columba
1582 2080 1823 2139 humilis
1839 2081 1901 2140 in
1921 2082 2157 2156 affectu,

620 2179 678 2234 et
701 2191 810 2251 per
850 2176 965 2233 hoc
1016 2175 1358 2248 designatur
1391 2175 1733 2249 simplicitas
1771 2175 2157 2251 innocentiae;

617 2268 891 2343 lugubris
916 2268 979 2326 in
1006 2274 1182 2327 cantu
1196 2311 1215 2341 ,
1247 2272 1305 2327 et
1330 2284 1436 2342 per
1463 2269 1580 2327 hoc
1607 2268 1950 2342 designatur
1989 2286 2161 2345 aspe-

618 2364 759 2421 ritas
785 2362 1173 2438 poenitentiae3
1201 2361 1506 2421 mutabilis
1540 2364 1603 2420 in
1634 2363 1787 2434 visu,
1815 2368 1874 2422 et
1897 2381 2004 2438 per
2043 2366 2160 2424 hoc

622 2456 963 2530 designatur
1001 2456 1289 2530 sagacitas
1327 2455 1714 2530 providentias
1728 2476 1747 2527 ς
1786 2457 1940 2516 celer
1976 2459 2038 2515 in
2054 2475 2163 2518 vo·

619 2550 772 2623 latu,
811 2554 868 2609 et
892 2566 1000 2627 per
1025 2550 1142 2608 hoc
1178 2549 1520 2623 designatur
1560 2550 1989 2625 obsequiositas
2013 2552 2160 2611 obe-

623 2644 891 2715 dientiae3
921 2643 1125 2702 fertilis
1150 2644 1212 2701 in
1249 2643 1457 2703 effectu
1480 2688 1498 2711 ,
1530 2648 1588 2702 et
1612 2661 1720 2718 per
1745 2645 1862 2704 hoc
1889 2645 2158 2721 designa-

621 2740 717 2797 tur
737 2737 1088 2796 foecunditas
1116 2739 1503 2797 continentioe.

693 2833 911 2904 Prim0,
934 2832 1215 2891 columba
1251 2836 1338 2890 est
1363 2831 1608 2890 humilis
1641 2833 1705 2890 in
1742 2832 1957 2892 affectu
1975 2876 1995 2906 ,
2038 2834 2162 2893 sive

626 2926 900 2985 convictu
930 2945 944 2983 ε
974 2925 1110 2984 felle
1139 2925 1298 2983 enim
1335 2929 1613 2998 caret,·et
1651 2927 1790 2986 ideo
1818 2931 2010 2986 rostro
2039 2944 2162 2987 non

624 3019 784 3079 laedit
814 3038 828 3077 ε
861 3021 1126 3096 praedam
1152 3036 1277 3078 non
1321 3020 1561 3095 accipit,
1609 3036 1724 3087 nec
1761 3022 1999 3095 ungulis
2024 3038 2166 3081 aves

626 3113 924 3188 discerpit,
950 3114 1100 3172 sicut
1139 3113 1281 3171 dicit
1306 3114 1696 3188 Philosophus
1724 3114 1751 3151 ²
1784 3132 1799 3171 ε
1835 3119 1892 3173 et
1914 3132 2021 3190 per
2048 3117 2164 3175 hoc

629 3209 970 3282 designatur
997 3206 1339 3283 simplicitas
1366 3207 1737 3279 innocentiae,
1753 3224 1936 3283 quam
1959 3212 2164 3270 Catha-

625 3304 757 3361 rina
783 3301 951 3376 virgo
980 3303 1160 3359 corde
1205 3301 1426 3373 tenuit,
1462 3317 1565 3360 ore
1607 3302 1848 3374 docuit,
1885 3306 1942 3361 et
1984 3320 2163 3379 opere

626 3397 958 3457 custodivit.
987 3399 1054 3454 Et
1071 3395 1210 3454 ideo
1239 3397 1688 3455 commendatur
1732 3414 1768 3454 a
1806 3414 2027 3474 sponso
2054 3416 2164 3459 suo

627 3494 850 3552 Christo
875 3494 898 3528 8
929 3511 944 3550 :
978 3512 1007 3546 «
1029 3494 1153 3550 Una
1180 3497 1265 3551 est
1287 3491 1570 3550 columba
1586 3509 1742 3566 mea,
1760 3513 1789 3549 n
1823 3494 1887 3552 id
1915 3499 2018 3567 est,
2038 3511 2163 3554 non

626 3587 966 3663 duplicitate
1015 3586 1234 3655 animi,
1284 3586 1391 3645 sed
1443 3587 1812 3662 simplicitate
1850 3589 2163 3664 desiderii,

625 3684 767 3758 quia
781 3680 1094 3739 virtutibus
1106 3683 1163 3738 et
1173 3680 1621 3740 charismatibus
1639 3682 1818 3756 plena
1829 3684 1927 3759 (a),
1943 3685 2168 3761 simpli-

626 3778 794 3834 citate
818 3775 1136 3851 perficitur.
1155 3779 1222 3834 Et
1246 3775 1420 3834 dicit*
1443 3795 1457 3834 z
1481 3798 1510 3829 «
1527 3778 1652 3835 Una
1668 3780 1756 3834 est
1774 3778 1949 3836 matri
1973 3795 2114 3852 suae,
2128 3801 2158 3836 n

624 3871 769 3945 quia
792 3885 901 3945 per
930 3869 1180 3944 gratiam
1227 3874 1573 3943 regenerata
1614 3871 1757 3941 fuit,
1793 3871 1859 3930 in
1885 3873 2165 3948 simplici·

625 3966 740 4023 tate
768 3950 982 4036 electa,
1031 3967 1089 4022 et
1140 3963 1205 4021 in
1248 3963 1549 4022 electionis
1593 3965 1805 4023 merito
1850 3967 2161 4026 custodita.

624 4061 783 4117 Hanc
810 4056 1241 4132 simplicitatem
1266 4057 1522 4115 Christus
1540 4059 1660 4115 suis
1679 4058 1980 4134 discipulis
2000 4077 2164 4120 com-

624 4150 949 4223 mendavit,
976 4154 1044 4208 ut
1065 4140 1653 4210 videlicetneminem
1671 4152 2041 4228 simplicitate
2062 4154 2163 4214 de-

626 4246 912 4322 ciperent,
960 4260 1071 4303 nec
1118 4243 1428 4303 dolositate
1467 4245 1802 4319 turbarent,
1857 4248 2062 4308 dicens
2088 4252 2110 4286 ⁸
2141 4269 2155 4309 ε

634 4362 661 4393 α
688 4343 877 4398 Estote
904 4338 1225 4413 prudentes
1260 4338 1408 4395 sicut
1432 4343 1761 4413 serpentes,
1785 4347 1840 4401 et
1867 4342 2164 4420 simplices

625 4434 773 4491 sicut
797 4431 1108 4490 columbas.
1148 4452 1177 4486 n
1211 4434 1275 4490 ln
1300 4430 1417 4490 hoc
1443 4432 1635 4492 innuit
1666 4435 1967 4508 Dominus,
1994 4439 2163 4513 quod

627 4526 807 4585 debet
835 4542 960 4584 esse
986 4526 1049 4584 in
1074 4526 1250 4584 nobis
1277 4528 1564 4601 sagacitas
1590 4531 1946 4604 serpentina,
1975 4535 2042 4591 ut
2068 4550 2162 4593 ca-

622 4624 732 4694 put
765 4619 1202 4694 custodiamus3
1250 4624 1308 4678 et
1348 4621 1688 4695 simplicitas
1731 4623 2053 4699 columboe,
2097 4633 2163 4688 ut

623 4713 847 4772 nemini
899 4729 1241 4773 noceamus·
1298 4714 1444 4786 Sed,
1486 4714 1633 4773 heu!
1669 4716 1863 4777 hodie
1912 4720 2160 4793 quidam

622 4807 1010 4884 perdiderunt
1033 4808 1467 4883 simplicitatem
1494 4810 1810 4886 columbae,
1826 4817 1883 4872 et
1898 4829 2160 4891 assump-

686 5002 703 5036 ¹
740 5001 875 5053 Psal.
907 5013 991 5062 11,
1033 5003 1079 5053 7.
1110 5027 1173 5040 -—
1210 5001 1233 5036 ¹
1260 5001 1434 5067 Arist„
1465 5002 1595 5053 Hist.
1633 5005 1869 5068 animal„
1897 5006 1984 5058 lib.
2021 5009 2155 5073 vm,

624 5090 668 5124 c·
700 5087 791 5137 111,
827 5073 891 5124 de
916 5074 1052 5124 victu
1081 5072 1453 5124 Columborum.
1490 5076 1563 5125 De
1594 5074 1709 5127 felle
1745 5082 1939 5137 autem,
1971 5079 2061 5130 lib.
2093 5083 2157 5145 ΙΙ,

625 5159 672 5195 c.
702 5157 787 5209 xv,
816 5144 905 5196 ubi
939 5144 1006 5195 fel
1044 5159 1150 5196 non
1170 5145 1359 5211 jecori,
1388 5147 1480 5197 sed
1505 5146 1744 5199 intestino
1779 5162 1953 5200 earum
1989 5151 2157 5203 inesse

625 5215 711 5267 ait.
738 5243 801 5255 -—
827 5215 851 5252 8
877 5216 1046 5278 Cant„
1075 5229 1145 5279 vi,
1174 5219 1222 5268 8.
1250 5241 1312 5254 —
1337 5216 1355 5247 ⁴
1384 5217 1512 5268 ibid.
1539 5244 1602 5257 —
1627 5218 1650 5255 ⁸
1673 5219 1877 5279 Mastia..
1908 5233 1961 5286 x,
1991 5226 2068 5273 16.
2096 5249 2157 5260 —

625 5287 647 5322 8
674 5287 844 5355 Sepla„
885 5299 973 5352 111,
1012 5290 1060 5339 3.
1088 5313 1150 5326 -
1186 5287 1204 5322 '¹
1243 5289 1363 5354 Im„
1391 5300 1612 5355 xxxvin,
1645 5292 1732 5355 14,
1760 5294 1836 5343 ¹5.
1865 5318 1924 5331 -—
1957 5295 1977 5324 8
2002 5296 2157 5360 Aug..

1632 338 2047 410 SERMONES
2089 336 2189 404 DE
2226 339 2573 409 SANCTIS.
2617 342 2769 410 Lvl.

2262 481 2464 537 serunt
2489 477 2853 539 ferocitatem
2879 481 3123 556 aquilon,
3152 498 3286 558 quae
3316 498 3555 559 parvas,
3582 489 3637 543 et
3663 502 3789 544 ma-

2263 587 2412 645 gnas
2437 589 2579 632 aves
2612 589 2721 632 suo
2764 574 3078 634 substernit
3113 575 3384 636 dominio
3410 593 3522 652 per
3542 580 3787 652 rapinas,

2263 669 2320 724 et
2366 682 2518 741 quas
2560 682 2682 725 non
2717 672 2909 744 potest
2942 669 3284 743 contingere
3326 675 3523 730 rostro
3539 714 3561 744 ,
3594 673 3788 733 saltem

2263 760 2576 818 conturbat
2610 761 2884 836 imperio.
2934 766 3012 822 De
3057 764 3276 839 quibus
3310 766 3332 801 ⁶
3373 784 3387 821 :
3437 784 3469 819 ι
3512 766 3792 842 Principes

2264 853 2393 925 ejus
2417 853 2480 910 in
2507 853 2708 912 medio
2736 857 2862 930 ejus
2879 856 3051 933 quasi
3077 857 3282 917 leones
3306 858 3634 933 rugientes,
3648 861 3794 934 iudi-

2265 960 2369 1007 ces,
2389 947 2515 1019 ejus
2538 946 2688 1022 lupi,
2716 968 2744 1003 n
2779 953 2889 1008 etc.

2334 1042 2628 1113 Secundo,
2657 1047 2744 1101 est
2766 1042 3036 1118 lugubris
3064 1048 3128 1104 in
3153 1051 3361 1121 cantu,
3391 1050 3681 1122 gemitum
3705 1053 3798 1111 ba-

2263 1133 2365 1192 bet
2391 1150 2501 1208 pro
2529 1139 2703 1194 cantu
2739 1155 2754 1194 :
2787 1140 2845 1195 et
2869 1155 2979 1214 per
3003 1138 3120 1197 hoc
3147 1139 3492 1214 designatur
3525 1146 3798 1219 asperitas

2264 1229 2635 1304 poenitentice,
2666 1247 2847 1305 quam
2865 1232 2993 1291 haec
3020 1234 3188 1308 virgo
3205 1278 3227 1307 ,
3254 1235 3333 1293 ab
3363 1237 3536 1294 annis
3564 1239 3797 1312 puerili-

2264 1322 2380 1381 bus
2407 1324 2712 1383 mundana
2744 1333 3152 1402 contemnens,
3189 1329 3254 1387 in
3282 1346 3395 1388 suo
3424 1348 3675 1406 corpore
3706 1338 3800 1393 Do-

2266 1417 2430 1476 mino
2454 1420 2818 1478 consecravit
2849 1440 2865 1478 :
2896 1421 3058 1494 licet,
3080 1422 3223 1497 quid
3250 1423 3439 1497 fleret,
3468 1441 3595 1484 non
3620 1428 3800 1487 habe-

2266 1514 2354 1568 ret
2380 1511 2443 1569 in
2470 1528 2670 1585 opere,
2681 1512 2977 1587 fastigium
2997 1519 3194 1575 tamen
3212 1518 3416 1591 regale
3438 1523 3799 1596 contempsit,

2268 1606 2333 1660 ut
2357 1605 2673 1663 Dominum
2699 1607 3005 1667 inveniret.
3053 1614 3293 1686 Propter
3318 1612 3441 1670 hoc
3466 1616 3698 1688 poterat
3723 1617 3802 1674 di-

2269 1712 2400 1755 cere
2437 1697 2589 1757 illud
2613 1702 2674 1759 ⁷:
2708 1720 2739 1755 α
2768 1702 2926 1762 Sicut
2959 1703 3156 1777 pullus
3180 1704 3543 1780 hirundinis,
3572 1709 3658 1766 sic
3684 1709 3799 1768 cla-

2267 1789 2451 1851 mabo
2469 1834 2490 1864 ,
2544 1794 2881 1854 meditabor
2933 1798 3000 1854 ut
3046 1797 3346 1856 columba.
3398 1820 3429 1855 »
3482 1802 3753 1876 Sequitur
3783 1824 3797 1861 :

2276 1906 2308 1945 α
2336 1887 2692 1963 Recogitabo
2740 1905 2947 1948 omnes
2987 1906 3176 1949 annos
3218 1907 3388 1949 meos
3430 1891 3496 1951 in
3534 1896 3804 1954 amaritu-

2268 1984 2408 2043 dine
2437 1985 2650 2043 animoe
2676 1999 2844 2042 meas.
2874 2006 2901 2036 υ
2943 1984 3245 2058 Optimum
3271 1990 3359 2042 est
3382 1987 3621 2045 homini
3644 1989 3804 2064 prius

2266 2080 2409 2137 flere
2437 2078 2671 2151 delicta,
2703 2094 2887 2152 quam
2927 2079 3140 2136 sentire
3179 2083 3492 2138 tormenta.
3525 2082 3707 2154 Igitur
3734 2085 3801 2156 (ὁ)

2266 2175 2542 2247 peccator
2567 2187 2665 2242 es,
2702 2170 2915 2229 melius
2954 2174 3041 2230 est
3068 2171 3173 2231 tibi
3201 2171 3499 2248 lacrymas
3534 2174 3802 2249 fundere,

2268 2282 2453 2341 quam
2491 2263 2705 2339 perire.
2744 2264 2885 2323 Ideo
2926 2264 3068 2324 dicit
3107 2268 3466 2340 Augustinus
3492 2269 3515 2305 8
3547 2288 3563 2326 :
3594 2291 3625 2322 α
3649 2270 3804 2329 Tolle

2267 2374 2481 2417 vocem
2508 2359 2838 2430 corvinam,
2888 2363 2948 2416 et
2992 2359 3149 2418 habe
3189 2362 3476 2434 gemitum
3512 2363 3804 2422 columbi-

2269 2469 2436 2511 num.
2464 2473 2494 2509 ι
2528 2453 2584 2512 Si
2607 2469 2752 2511 vero
2778 2456 3051 2527 peccator
3077 2469 3201 2512 non
3229 2471 3323 2528 es,
3340 2457 3480 2531 jura
3513 2458 3807 2517 nihilomi-

2268 2563 2381 2605 nus
2405 2546 2739 2622 poenitentis
2764 2546 3014 2605 invadas
3030 2588 3050 2619 ,
3079 2564 3187 2606 nec
3225 2565 3364 2607 cum
3401 2550 3705 2625 pharisaeis
3749 2553 3808 2610 in

2268 2640 2570 2700 stultitiam
2598 2640 2898 2698 seducaris
2910 2683 2931 2713 ,
2946 2641 3050 2715 qui
3072 2645 3423 2701 convertunt
3443 2645 3808 2719 asperitatem

2268 2734 2624 2810 poenitentiae
2649 2734 2713 2792 in
2754 2735 3131 2795 dulcedinem
3154 2737 3328 2808 vitae3
3368 2742 3426 2797 et
3452 2739 3670 2797 talibus
3691 2757 3810 2798 res-

2272 2835 2354 2889 tat
2377 2830 2631 2904 gemitus
2655 2830 3078 2903 infructuosus,
3112 2831 3515 2906 periculosus,
3559 2838 3617 2892 et
3642 2834 3811 2893 dolo-

2271 2941 2403 2996 sus,
2448 2923 2593 2998 quia
2644 2924 2896 2997 gemitus
2949 2924 3272 2983 infernalis.
3330 2929 3407 2985 De
3459 2928 3678 3002 quibus
3720 2929 3744 2964 8
3789 2949 3805 2986 :

2278 3039 2305 3070 «
2330 3017 2647 3091 Rugiemus
2666 3017 2838 3092 quasi
2861 3018 2984 3076 ursi
3012 3034 3240 3088 omneS,
3254 3022 3312 3077 et
3329 3020 3502 3094 quasi
3516 3021 3808 3080 columbas

2273 3127 2595 3184 gememus.
2624 3132 2652 3166 n
2705 3112 2792 3170 lbi
2836 3112 2945 3170 erit
2983 3112 3295 3187 captivatio
3342 3113 3663 3173 desolantis
3704 3133 3809 3173 an·

2273 3204 2476 3278 gustiae
2488 3246 2509 3276 ,
2546 3209 2603 3264 et
2643 3207 3034 3265 murmuratio
3073 3206 3384 3264 cruciantis
3421 3210 3805 3267 conscientiae.

2273 3299 2315 3333 ¹⁰
2348 3319 2376 3353 α
2393 3299 2765 3358 minabantur
2790 3304 3090 3373 gementes
3113 3304 3181 3359 ut
3204 3301 3523 3373 columbae,
3541 3320 3808 3362 murmu-

2269 3398 2464 3452 rantes
2489 3393 2553 3451 in
2579 3393 2860 3452 cordibus
2886 3394 3036 3466 suia,
3064 3415 3092 3451 s
3134 3399 3244 3453 etc.

2341 3486 2558 3560 TertiO,
2607 3491 2695 3547 est
2747 3488 3050 3547 mutabilis
3091 3488 3154 3547 in
3196 3488 3351 3548 visu.
3393 3491 3609 3549 Nonies
3650 3490 3809 3550 enim

2268 3580 2465 3638 visum
2493 3582 2721 3655 amittit,
2746 3585 2804 3640 et
2829 3582 3039 3641 nonies
3063 3586 3392 3659 recuperat,
3420 3588 3489 3642 ut
3513 3584 3654 3642 dicit
3679 3587 3808 3644 Gre-

2269 3675 2473 3748 gorius
2497 3678 2566 3734 ¹¹.
2594 3679 2661 3733 Et
2684 3692 2792 3751 per
2810 3676 2926 3734 hoc
2952 3676 3213 3750 signatur
3258 3678 3551 3751 sagacitas
3598 3682 3799 3754 provi-

2271 3767 2482 3826 dentias
2494 3810 2514 3841 ,
2558 3786 2744 3843 quam
2768 3769 2894 3827 haec
2917 3771 3089 3844 virgo
3116 3772 3373 3830 ostendit
3397 3776 3603 3831 contra
3629 3773 3803 3847 tripli-

2270 3861 2354 3918 cis
2377 3862 2840 3936 impugnationis
2867 3863 3171 3935 insultum,
3198 3865 3420 3925 scilicet
3443 3872 3647 3926 contra
3668 3884 3803 3926 con-

2270 3958 2689 4032 cupiscentiam
2743 3960 2937 4018 carnis
2953 4000 2975 4031 ,
3024 3961 3560 4035 concupiscentiam
3599 3966 3802 4025 oculo-

2266 4069 2423 4127 rum,
2449 4061 2506 4113 et
2530 4054 2873 4130 superbiam
2904 4056 3055 4114 vitae.
3100 4059 3342 4131 Propter
3383 4059 3503 4117 hoc
3527 4063 3802 4136 competit

2267 4149 2382 4209 sibi
2407 4149 2559 4208 illud
2584 4148 2628 4184 ¹²
2654 4168 2669 4207 :
2709 4170 2738 4203 «
2765 4150 2930 4209 Oculi
2978 4152 3103 4224 ejus
3127 4150 3277 4208 sicut
3305 4152 3598 4212 columbae
3627 4171 3797 4230 super

2267 4247 2424 4305 rivos
2451 4260 2764 4319 aquarum,
2791 4260 2926 4318 quae
2953 4243 3102 4302 lacte
3130 4248 3266 4302 sunt
3284 4244 3442 4318 lotae,
3473 4251 3530 4305 et
3545 4247 3797 4307 reddent

2260 4342 2430 4415 juxta
2474 4340 2694 4397 fluenta
2732 4337 3096 4413 plenissima.
3128 4360 3157 4389 υ
3186 4342 3252 4397 Et
3275 4339 3429 4397 bene
3474 4341 3632 4414 dicit,
3668 4347 3794 4400 resi-

2267 4437 2395 4493 dent
2434 4434 2494 4508 (c)
2514 4435 2683 4505 ,iuxta
2708 4436 2911 4504 fluenta
2938 4434 3277 4513 plenissima,
3305 4433 3462 4492 utin
3487 4451 3644 4510 aqua
3667 4453 3794 4495 um-

2265 4530 2459 4601 bram,
2488 4527 2586 4586 vel
2609 4526 2864 4585 formam
2885 4526 3175 4601 accipitris
3195 4526 3512 4601 intuentes,
3539 4530 3794 4588 velocius

2268 4625 2523 4693 currant,
2555 4625 2611 4680 et
2634 4620 2882 4694 fugiant,
2911 4623 2968 4679 et
2993 4620 3218 4678 cautius
3245 4620 3543 4681 declinent
3572 4623 3793 4698 pericu-

2265 4717 2412 4775 lum.
2443 4716 2589 4773 Dicit
2625 4715 2802 4788 igitur
2828 4713 3216 4789 Philosophus
3244 4714 3309 4786 ¹⁸,
3339 4715 3507 4790 quod
3530 4717 3637 4775 tria
3661 4721 3793 4776 sunt

2266 4825 2484 4885 genera
2499 4808 2787 4883 accipitris
2803 4808 3210 4883 persequentis
3230 4806 3541 4868 columbas
3556 4829 3572 4867 :
3586 4826 3790 4883 unum,

2263 5003 2324 5054 de
2358 5001 2494 5055 verb.
2532 5002 2699 5065 Doni„
2727 5015 2882 5053 serm.
2911 5014 3028 5066 xvi,
3056 5002 3123 5055 al.
3165 5015 3377 5069 Luxu,
3406 5021 3460 5055 n.
3496 5010 3580 5069 14;
3611 5007 3787 5059 Euat-r.

2263 5076 2317 5125 in
2344 5074 2480 5126 Psal.
2511 5086 2613 5138 cu,
2640 5088 2694 5124 n.
2734 5077 2814 5139 16,
2844 5075 3014 5139 quoad
3042 5089 3268 5129 sensum.
3296 5102 3362 5114 —
3384 5078 3408 5113 8
3433 5079 3548 5143 In„
3577 5090 3682 5140 ux,
3712 5085 3784 5130 tt.

2261 5175 2327 5187 —
2355 5150 2390 5179 ⁸⁰
2416 5147 2575 5209 Nali„
2602 5158 2664 5208 ιι,
2692 5149 2739 5198 7.
2766 5173 2829 5184 -
2865 5149 2909 5183 ¹¹
2934 5148 3149 5213 Gregor.
3180 5176 3237 5187 —
3278 5150 3320 5185 ¹²
3345 5149 3512 5213 Cant„
3540 5163 3589 5212 v,
3615 5153 3698 5200 ¹2.
3724 5178 3785 5190 —

2264 5221 2307 5257 ²⁸
2337 5219 2516 5281 Arist„
2554 5218 2686 5269 fflst.
2722 5218 2975 5281 Ammal„
3007 5220 3096 5271 lib.
3136 5223 3200 5283 V,
3228 5235 3276 5271 c.
3306 5233 3486 5273 xxxvr.
3513 5247 3574 5259 —
3600 5225 3665 5287 (a)
3699 5223 3781 5285 41.

2261 5291 2393 5343 leva.
2418 5316 2479 5328 -
2504 5287 2577 5356 (ὁ)
2608 5288 2785 5356 Suppt.
2812 5290 2872 5341 si.
2900 5316 2965 5331 ·—
2997 5290 3062 5356 (c)
3090 5292 3211 5345 Coet.
3241 5292 3363 5345 edit.
3392 5292 3663 5345 mouentes.
