4059 6317
876 477 1253 547 DOMINICA
1298 476 1460 544 xvll
1501 475 1703 545 POST
1744 475 2326 548 PENTECOSTEN.
2371 480 2637 547 SERMO
2679 481 2756 546 ll.

228 619 403 697 Noli,
439 619 706 703 inquam
723 665 748 697 ,
795 616 1018 684 timere
1035 663 1058 695 ‚
1103 615 1287 698 quasi
1330 614 1496 679 dieat
1547 635 1565 678 ε
1619 611 1766 678 Non

226 731 478 794 tantum
532 744 616 791 ex
663 725 933 804 timore,
979 723 1090 790 sed
1133 740 1218 788 ex
1265 739 1482 786 amore
1536 739 1763 787 servus

226 854 412 901 meus
434 839 509 900 tu
533 853 602 900 es
625 834 1038 900 rectissimus.
1069 832 1300 897 Rectus
1318 829 1544 915 utique
1566 830 1635 895 in
1661 831 1765 897 de-

227 942 565 1008 clinatione
614 941 899 1006 criminis
913 989 932 1018 ,
987 938 1218 1004 rectior
1270 937 1340 1001 in
1397 938 1764 1020 operatione

226 1049 485 1116 virtutis
499 1097 520 1127 ,
549 1048 943 1114 rectissimus
992 1046 1063 1110 in
1098 1044 1450 1110 intentione
1499 1044 1762 1110 amoris.

227 1156 552 1222 Rectitudo
578 1173 738 1237 ergo
782 1154 1020 1220 amoris
1067 1153 1330 1235 signnm
1351 1198 1374 1231 ‚
1413 1155 1477 1216 et
1501 1150 1765 1215 effectus

226 1268 324 1328 est
348 1263 722 1328 dilectionis,
754 1260 1081 1339 Quantum
1120 1261 1290 1324 enim
1333 1277 1561 1325 servus
1587 1257 1698 1323 Dei
1724 1277 1766 1323 a

225 1370 444 1437 servili
469 1370 699 1436 timore
723 1368 932 1435 deficit
947 1416 966 1448 ,
995 1371 1246 1432 tantum
1268 1367 1339 1430 in
1368 1383 1587 1432 amore
1612 1384 1765 1449 pro-

225 1477 378 1542 ficit.
409 1475 531 1554 Qui
559 1477 686 1542 Deo
713 1476 909 1543 servit
936 1491 1156 1542 amore
1174 1522 1199 1554 ,
1224 1478 1437 1539 rectus
1466 1477 1531 1538 et
1560 1473 1765 1539 bonus

199 1589 318 1650 ·est
333 1608 351 1665 3
381 1585 496 1669 qui
519 1589 771 1650 tantum
816 1584 1047 1652 timore
1065 1632 1086 1663 ,
1116 1600 1358 1648 curvus
1385 1587 1505 1662 est,
1531 1585 1595 1647 et
1623 1600 1761 1646 ma-

221 1692 325 1758 lus
349 1692 422 1757 in
459 1692 806 1758 voluntate.
837 1690 1247 1771 Augustinus
1265 1691 1322 1754 ¹:
1353 1712 1385 1751 α
1401 1689 1574 1755 vivit
1590 1689 1764 1755 enim

220 1798 290 1863 in
318 1818 396 1864 eo
422 1799 720 1882 peccandi
766 1798 1062 1863 voluntas
1076 1845 1099 1876 ,
1127 1815 1276 1880 quae
1320 1801 1475 1862 tunc
1501 1801 1766 1880 apparet

221 1908 292 1972 in
320 1926 532 1991 opere,
556 1907 614 1971 si
635 1910 926 1990 speretur
943 1906 1313 1989 impunitas.
1348 1905 1613 1970 Peccare
1631 1923 1762 1970 non

220 2015 361 2080 vult
385 2015 685 2094 charitas,
706 2013 902 2079 etiam
928 2014 986 2078 si
1007 2017 1300 2098 speretur
1319 2013 1693 2095 impunitas.
1720 2034 1752 2073 n

300 2121 390 2187 De
416 2126 642 2205 quarto
668 2123 691 2159 ⁸
720 2140 738 2186 z
773 2143 806 2183 e
834 2121 955 2199 Qui
997 2122 1192 2187 habet
1245 2120 1544 2186 mandata
1589 2140 1758 2202 mea,

217 2232 285 2294 et
304 2233 519 2295 servat
543 2247 642 2306 ea,
674 2228 781 2294 ille
811 2233 907 2294 est
933 2228 1272 2312 quidiligit
1293 2247 1418 2296 me.
1452 2250 1483 2290 υ
1517 2228 1602 2293 De
1638 2228 1762 2296 hoc

218 2338 477 2420 require
503 2337 573 2402 in
601 2335 892 2421 sequenti
914 2353 1210 2404 sermone
1234 2354 1350 2420 per
1376 2340 1607 2402 totum.

777 2516 1065 2588 SERMO
1111 2518 1197 2586 Π.

305 2661 548 2746 Diliqes
594 2662 942 2729 Dominum
983 2664 1182 2730 Deum
1206 2662 1259 2734 ⁸,
1291 2665 1411 2728 etc.
1455 2661 1675 2744 Exigit
1719 2681 1761 2727 a

218 2769 408 2835 nobis
433 2769 739 2838 Dominus
765 2774 971 2836 totum
1019 2787 1131 2834 cor
1149 2818 1166 2851 ,
1199 2771 1380 2852 quasi
1420 2771 1750 2854 proprium

218 2876 592 2960 hospitium.

301 2984 523 3067 Exigit
544 2987 750 3052 totum
774 3002 883 3050 eor
907 2985 988 3052 ad
1015 2985 1399 3051 credendum
1425 2985 1447 3020 ⁸
1478 3005 1495 3050 t
1528 3008 1558 3048 α
1584 2985 1759 3050 Dixit

219 3095 439 3157 autem
467 3092 798 3176 Philippus
828 3111 846 3158 ι
872 3091 938 3160 Si
966 3094 1170 3159 credis
1195 3112 1278 3160 ex
1300 3097 1432 3159 toto
1451 3093 1638 3158 corde
1657 3095 1689 3157 ‘2
1714 3115 1745 3154 n

218 3200 316 3267 Ex
342 3205 474 3266 toto
500 3201 687 3266 eorde
715 3219 846 3266 non
872 3201 1102 3278 credit,
1135 3203 1320 3283 cujus
1347 3201 1476 3266 vita
1501 3221 1541 3266 a
1564 3201 1757 3266 corde

216 3308 535 3373 discordat
560 3308 582 3344 ⁸
617 3329 633 3371 ε
672 3329 704 3372 ι
722 3306 897 3374 Sicut
919 3325 1156 3391 corpus
1173 3308 1312 3373 sine
1331 3308 1562 3392 spiritu
1580 3327 1752 3374 mor-

216 3420 403 3482 tuum
425 3418 540 3497 eet,
570 3415 662 3480 ita
678 3416 835 3481 fides
849 3416 998 3481 sine
1008 3416 1306 3499 operibus
1320 3420 1696 3481 mortuaest.
1714 3439 1745 3478 υ

219 3521 424 3604 Signa
451 3525 669 3588 autem
694 3521 843 3596 fidei
864 3522 1116 3604 integra
1128 3527 1299 3602 sunt,
1328 3523 1408 3588 de
1435 3523 1670 3606 quihus
1688 3529 1750 3589 ⁸:

226 3653 259 3693 e
283 3628 488 3712 Signa
514 3648 621 3696 eos
635 3675 659 3709 ,
709 3630 825 3713 qui
864 3628 1278 3710 crediderint,
1316 3630 1459 3696 haec
1483 3648 1756 3713 sequen-

217 3739 349 3817 tur,
377 3757 408 3796 n
439 3741 559 3802 etc.
590 3736 852 3819 Expone
877 3737 1205 3802 moraliter
1227 3782 1245 3815 ‚
1275 3736 1439 3802 sicut
1464 3736 1661 3800 habes
1686 3736 1754 3802 in

213 3862 510 3911 sermone
525 3850 548 3886 ‘¹
572 3866 590 3911 ι
609 3844 820 3913 Nolite
840 3846 1218 3912 contristare
1237 3843 1556 3927 Spiritum
1571 3859 1748 3911 sanc·

215 3962 379 4034 tum,
404 3958 525 4019 etc.

297 4062 454 4127 Item
501 4062 584 4127 ad
628 4060 1067 4146 paenitendum
1117 4066 1141 4102 ⁸
1188 4082 1204 4125 ε
1246 4081 1276 4122 α
1302 4059 1756 4126 convertimini

213 4170 300 4236 ad
328 4187 433 4235 me
461 4169 531 4233 in
585 4172 719 4234 toto
766 4167 958 4234 corde
992 4171 1211 4233 vestro
1232 4216 1253 4246 ,
1279 4168 1348 4232 in
1386 4170 1663 4251 jejunio,
1692 4173 1754 4234 et

211 4278 370 4344 fletu
393 4323 413 4355 ‚
451 4280 515 4342 et
541 4276 820 4360 planctu.
854 4298 888 4339 ι
934 4274 1097 4354 Quid
1141 4278 1238 4341 est
1280 4276 1348 4339 in
1390 4280 1523 4341 toto
1567 4276 1754 4343 corde

214 4385 540 4451 converti?
578 4384 924 4468 Respondit
962 4383 1404 4465 Augustinus,
1435 4384 1650 4450 dicens
1674 4385 1697 4421 ⁹
1733 4408 1750 4450 ε

223 4515 257 4555 α
280 4491 684 4559 Convertitur
709 4492 884 4557 enim
908 4495 1080 4556 totus
1100 4538 1118 4569 ,
1164 4495 1229 4556 et
1263 4490 1528 4556 omnino
1554 4493 1750 4564 verti-

211 4605 344 4680 tur,
376 4621 407 4660 »
441 4604 562 4665 etc.
591 4599 865 4683 Require
908 4616 1104 4682 supra
1150 4599 1217 4662 in
1261 4616 1600 4664 sermone:
1632 4600 1755 4667 As-

213 4707 430 4775 cendit
460 4707 681 4796 Simo·
727 4706 952 4775 Petrus
995 4706 1062 4770 ¹⁰.
1093 4704 1250 4771 Toto
1276 4724 1531 4790 quoqne
1569 4707 1756 4775 corde

214 4816 610 4882 conver-titur
626 4863 644 4896 ‚
689 4815 804 4896 qui
857 4814 1309 4881 contritionem
1353 4813 1548 4880 habet
1590 4816 1752 4882 inte-

213 4925 379 5001 rius,
413 4926 599 5008 cujus
626 4925 892 5006 signum
911 4925 1009 4988 est
1028 4923 1216 4987 fletus
1239 4922 1310 4987 in
1335 4923 1755 4990 satisfactione

279 5050 300 5086 ¹
329 5052 479 5115 Aug„
509 5050 563 5098 in
589 5048 726 5099 Psal.
759 5059 941 5111 exvul,
967 5061 1121 5099 serm.
1156 5060 1278 5112 xxv,
1307 5062 1362 5098 n.
1386 5051 1432 5099 7.
1458 5071 1519 5087 -ι-
1545 5050 1568 5085 ¹
1589 5051 1752 5111 Joan„

219 5133 329 5185 xiv,
358 5124 438 5171 21.
466 5145 530 5158 -
551 5120 571 5151 ⁸
598 5120 803 5180 unuh„
829 5132 972 5184 1111,
1002 5121 1078 5171 37.
1116 5146 1178 5158 —
1213 5120 1231 5150 ⁴
1263 5120 1392 5184 Act„
1422 5132 1545 5185 vm,
1584 5123 1663 5174 37.
1692 5146 1756 5159 -

220 5196 241 5226 ⁸
268 5197 397 5257 lac„
434 5206 502 5257 11,
530 5195 608 5245 26.
639 5219 701 5231 -
731 5195 753 5229 ⁸
780 5194 961 5253 Hm„
988 5204 1104 5255 xv1,
1145 5195 1218 5244 17.
1246 5220 1308 5232 -
1332 5194 1355 5229 ‘¹
1393 5194 1510 5245 vid.
1538 5209 1672 5259 sup„
1702 5196 1754 5244 in

221 5266 307 5316 die
345 5267 560 5326 Penne..
595 5279 752 5316 serm.
791 5278 840 5324 1,
868 5279 987 5330 pag.
1017 5267 1127 5329 29⁰,
1173 5266 1271 5316 col.
1301 5268 1349 5316 2.
1382 5292 1435 5302 —
1476 5267 1496 5297 ⁸
1519 5266 1664 5329 leel„
1695 5278 1754 5330 ιι,

226 5339 303 5387 12.
330 5361 392 5374 -
420 5336 446 5372 ⁸
471 5339 682 5402 August.
708 5363 771 5374 —
806 5337 850 5373 ¹⁶
875 5337 990 5387 Non
1021 5336 1272 5400 reperitur
1309 5335 1446 5387 inter
1478 5335 1660 5388 editos.
1693 5364 1756 5375 —

226 5408 264 5442 ¹¹
293 5405 499 5469 Mami„
541 5418 668 5469 xm,
703 5410 782 5458 42.
812 5434 875 5445 —
911 5408 950 5442 ¹²
985 5407 1153 5470 Dent„
1191 5418 1252 5470 x,
1283 5410 1358 5458 ¹2.
1385 5434 1449 5446 —
1481 5408 1522 5443 ¹⁸
1547 5409 1688 5470 Luc„
1717 5420 1754 5471 ι,

225 5480 387 5531 71-Ἱ5.
417 5505 478 5519 -
517 5477 561 5515 ¹¹
596 5481 634 5530 ll
676 5481 812 5542 Cor„
856 5491 958 5542 vn,
991 5482 1037 5532 1.
1073 5504 1137 5518 --
1178 5479 1222 5516 ¹⁸
1255 5479 1390 5532 Prot.
1427 5492 1572 5545 xciv,
1605 5482 1653 5533 8.
1692 5506 1754 5518 -

3291 484 3413 546 439

1871 615 2174 696 exterius,
2202 617 2285 682 ad
2311 635 2505 701 quam
2532 617 2803 699 pertinet
2838 614 3187 700 jejunium.
3228 615 3410 681 Certe

1870 724 2100 788 melius
2143 732 2241 790 est
2279 744 2399 809 pro
2440 727 2708 809 peccatis
2750 726 2905 790 flere
2949 724 3405 809 temporaliter,

1871 850 2070 914 quam
2096 832 2478 899 aeternaliter
2504 835 2548 870 ¹¹
2579 855 2643 899 :a
2666 833 2759 898 lbi
2783 832 2907 899 erit
2928 832 3138 913 fletae,
3167 835 3234 897 et
3258 832 3408 898 stri-

1869 940 1987 1005 dor
2007 941 2319 1007 dentium.
2349 964 2381 1002 n

1951 1045 2112 1113 Item
2137 1047 2215 1112 ad
2251 1050 2414 1113 bene
2453 1048 2806 1116 vivendum
2829 1050 2875 1085 ¹⁸
2908 1069 2980 1113 z«
3005 1047 3257 1112 Servies
3282 1046 3406 1113 Do-

1871 1153 2050 1220 mino
2078 1156 2204 1221 Deo
2226 1161 2339 1222 tuo
2365 1157 2433 1221 in
2460 1158 2805 1222 totocorde
2824 1159 2960 1237 tuo,
2978 1179 3011 1218 n
3033 1156 3203 1221 etc.¹⁸
3223 1178 3254 1216 α
3272 1155 3416 1222 Ser-

1870 1265 2125 1331 viamus
2168 1267 2263 1332 illi
2302 1267 2372 1331 in
2414 1268 2737 1332 sanctitate
2782 1271 2848 1331 et
2898 1264 3152 1349 justitia
3196 1283 3414 1331 eoram

1869 1372 2036 1455 ipso,
2052 1375 2352 1440 omnibus
2378 1375 2604 1440 diebus
2620 1376 2875 1439 nostris.
2892 1396 2924 1435 ι)
2947 1375 3029 1440 1η
3045 1376 3412 1452 sanctitate,

1871 1480 2109 1545 scilicet
2132 1482 2466 1547 munditiae
2491 1500 2533 1546 a
2557 1482 2827 1564 peccatis
2851 1482 2897 1519 ¹⁸
2926 1504 2941 1547 :
2968 1504 3002 1544 α
3030 1481 3413 1547 Mundemus

1869 1605 1988 1651 nos
2013 1589 2096 1652 ab
2135 1589 2312 1654 omni
2347 1589 2832 1672 inquinamento
2867 1589 3075 1653 carnis
3110 1592 3174 1653 et
3211 1589 3402 1672 spiri·-

1871 1701 1998 1773 tuS,
2039 1696 2436 1778 perficientes
2470 1698 3027 1762 sanctificationem
3061 1696 3132 1760 in
3178 1696 3409 1762 timore

1869 1803 2119 1868 Domini
2158 1807 2265 1883 (a).
2312 1826 2345 1865 n
2382 1807 2464 1873 Et
2492 1804 2757 1887 iustitia
2784 1820 2996 1873 coram
3031 1805 3214 1887 ipso;
3244 1802 3414 1869 Psal-

1869 1912 2058 1976 mista
2084 1913 2163 1975 ¹⁸:
2187 1935 2219 1974 α
2247 1912 2529 1978 Dilexisti
2551 1914 2887 1997 Justitiam,
2909 1935 2941 1973 s
2969 1912 3179 1995 quoad
3190 1929 3415 1977 secun-

1869 2018 2026 2083 dum
2055 2041 2072 2083 :
2111 2041 2143 2080 α
2161 2025 2223 2084 et
2249 2020 2437 2084 odisti
2467 2020 2892 2105 iniquitatem,
2916 2041 2950 2080 ιι
2985 2019 3152 2103 quod
3179 2018 3257 2083 ad
3285 2017 3419 2101 pri·

1867 2143 2074 2190 mum.
2107 2125 2589 2192 Perseverantia
2607 2132 2822 2192 autem
2846 2130 3124 2207 notatur,
3150 2144 3297 2191 cum
3320 2124 3415 2190 di-

1866 2233 2035 2298 citur
2067 2256 2082 2298 ε
2113 2234 2406 2301 omnibus
2444 2235 2665 2302 diebus
2703 2237 2965 2302 nostris.

1946 2343 2106 2406 Item
2132 2343 2214 2407 ad
2231 2343 2656 2410 obediendum
2686 2344 2731 2386 ¹⁸
2774 2365 2837 2408 :a
2863 2342 3191 2408 Custodias
3229 2361 3417 2407 man-

1866 2448 2009 2513 data
2040 2451 2200 2532 ejus,
2219 2454 2286 2514 et
2310 2450 2452 2515 haec
2480 2451 2567 2514 im
2576 2450 2749 2533 pleae
2764 2469 2847 2515 ex
2864 2449 3199 2515 totocorde
3216 2452 3351 2514 tuo.
3373 2470 3404 2510 ι

1869 2555 2095 2641 Implet
2116 2576 2198 2622 ex
2228 2561 2363 2623 loto
2393 2559 2579 2623 corde
2599 2608 2620 2637 ‚
2668 2558 2783 2640 qui
2824 2558 3271 2623 contritionem
3298 2556 3417 2621 ha-

1865 2664 1973 2730 bet
1998 2664 2292 2745 interius,
2323 2665 2380 2730 si
2400 2665 2662 2748 impleat
2674 2666 2741 2744 ¹²,
2761 2665 2840 2731 de
2857 2665 3095 2748 quibus
3120 2665 3169 2707 ¹⁸
3184 2686 3201 2728 ε
3217 2687 3249 2726 α
3273 2662 3419 2730 Νοιι

1864 2788 2090 2836 omnes
2145 2773 2448 2838 obediunt
2502 2772 2887 2855 Evangelio.
2943 2794 2973 2832 n
3035 2771 3235 2854 Imple
3282 2774 3419 2837 toto

1866 2880 2054 2944 corde
2083 2880 2378 2945 mandata
2407 2879 2517 2944 Dei
2545 2880 2615 2944 in
2641 2880 2884 2945 mundo
2903 2928 2923 2960 ,
2955 2883 3031 2944 ut
3073 2878 3417 2960 impleatur

1866 3004 1977 3051 cor
1989 2991 2177 3053 tuum
2200 2987 2420 3052 laetitia
2435 2988 2503 3052 in
2521 2986 2701 3052 coelo.
2722 2986 3059 3051 Psalmista
3072 2985 3117 3022 ¹⁹
3129 3001 3147 3046 ε
3159 2984 3416 3049 «Adim-

1864 3093 2070 3176 plebis
2095 3113 2202 3161 me
2226 3095 2451 3159 laetitia
2490 3113 2637 3159 cum
2681 3094 2870 3159 vultu
2916 3096 3052 3157 tuo.
3087 3113 3119 3150 ι)
3148 3091 3417 3174 impleas

1866 3205 2084 3267 autem
2106 3219 2239 3266 non
2266 3201 2473 3266 solum
2503 3201 2750 3280 divina,
2783 3200 2899 3264 sed
2915 3199 3107 3264 etiam
3130 3199 3417 3265 humana

1865 3312 1998 3373 toto
2019 3309 2231 3380 corde.
2262 3307 2623 3373 Bernardus
2648 3310 2697 3350 ¹⁰
2732 3329 2793 3373 ια
2814 3305 3135 3389 Quidquid
3147 3307 3286 3371 vice
3304 3306 3413 3371 Dei

1865 3416 2155 3499 praecipit
2172 3416 2389 3496 homo,
2413 3414 2630 3498 imple,
2658 3415 2714 3478 si
2733 3419 2831 3479 est
2848 3414 3010 3478 sicut
3024 3413 3318 3496 praecipit
3334 3412 3413 3498 (b)

1865 3522 2056 3588 Deus,
2093 3547 2123 3582 ι)

1944 3635 2007 3696 5.
2049 3630 2210 3696 Item
2247 3629 2328 3694 ad
2366 3629 2683 3695 orandum
2726 3629 2771 3666 ¹¹
2814 3649 2829 3692 ε
2873 3651 2904 3690 ι
2945 3626 3043 3692 Ex
3069 3629 3201 3692 toto
3228 3626 3414 3692 corde

1864 3739 2131 3803 orabant
2157 3754 2400 3816 omnes,
2419 3740 2495 3801 ut
2511 3735 2793 3801 visitaret
2809 3734 3115 3817 populum
3143 3753 3357 3800 suum.
3371 3755 3403 3795 ι

1863 3845 2003 3912 Non
2033 3849 2174 3910 orat
2202 3847 2301 3926 (c),
2323 3845 2436 3927 qui
2462 3844 2651 3909 corde
2680 3861 2812 3908 non
2850 3842 3120 3907 intendit
3147 3844 3194 3880 ¹⁸
3211 3866 3224 3906 :
3242 3865 3275 3905 c
3299 3842 3413 3908 Po-

1863 3952 2057 4037 pulus
2081 3953 2189 4017 hic
2223 3951 2410 4016 labiis
2445 3969 2549 4016 me
2593 3951 2897 4027 honorat,
2943 3967 3053 4014 cor
3094 3953 3339 4032 autem,
3371 3972 3402 4012 υ

1864 4067 1981 4128 etc.
2014 4061 2196 4126 Tales
2231 4063 2417 4126 orant
2451 4060 2652 4126 Deum
2697 4078 2738 4123 a
2771 4062 2981 4141 tergo.
3025 4077 3157 4123 non
3192 4060 3274 4123 ad
3308 4059 3409 4124 fa-

1863 4176 2048 4239 ciem.
2087 4173 2317 4238 Contra
2344 4171 2513 4254 quod
2549 4169 2838 4234 Psalmus
2863 4169 2909 4205 ²⁸
2940 4191 3001 4232 2«
3037 4167 3415 4251 Deprecatns

1865 4300 2012 4348 sum
2034 4279 2258 4345 faciem
2288 4282 2467 4343 tuam
2496 4277 2564 4341 in
2591 4281 2724 4342 toto
2741 4276 2930 4341 corde
2942 4293 3113 4344 meo.
3142 4298 3173 4337 n
3204 4275 3408 4342 Etiam

1863 4387 2052 4452 corde
2078 4403 2207 4451 non
2252 4387 2470 4460 orant,
2514 4383 2629 4466 qui
2660 4383 3016 4448 orationem
3046 4383 3117 4447 in
3152 4382 3403 4463 lingua,

1867 4494 1973 4558 sed
2000 4492 2523 4576 justificationem
2550 4508 2683 4556 non
2702 4490 2941 4554 habent
2965 4490 3032 4553 in
3059 4490 3206 4554 vita.
3244 4488 3405 4553 Con-

1866 4608 1969 4667 tra
1997 4599 2171 4683 quod
2197 4601 2245 4641 ²⁸
2280 4620 2295 4664 ι
2336 4623 2367 4661 α
2398 4598 2681 4664 Clamavi
2704 4598 2775 4662 in
2800 4600 2933 4661 toto
2960 4595 3146 4662 corde
3172 4612 3339 4673 meo,
3367 4617 3398 4656 n

1864 4712 2022 4786 etc.,
2061 4724 2269 4788 usque
2309 4727 2325 4770 z
2371 4729 2403 4768 α
2441 4704 2785 4788 requiram.
2829 4724 2861 4763 1>
2897 4704 3276 4786 Requiram,
3304 4702 3404 4766 in-

1865 4833 2090 4900 quam,
2110 4815 2274 4878 bene
2288 4811 2592 4879 vivendo.
2616 4809 2783 4874 Deus
2803 4828 2933 4874 non
2950 4808 3212 4873 attendit
3228 4812 3408 4873 tuam

1866 4962 1909 4994 ¹⁸
1944 4959 2115 5018 Dent„
2144 4967 2216 5020 vl,
2248 4959 2295 5008 2.
2327 4982 2390 4993 -
2421 4955 2460 4991 ¹⁸¹
2492 4955 2656 5005 Locus
2683 4955 2971 5017 corruptus.
3002 4980 3055 4988 —
3090 4953 3129 4987 ¹⁸
3157 4953 3315 5016 Rom„
3348 4964 3404 5012 x,

1866 5035 1945 5084 10.
1973 5056 2036 5068 —
2070 5029 2113 5064 ¹⁹
2142 5027 2281 5078 Ρεαί.
2312 5039 2396 5090 xv,
2429 5031 2504 5078 11.
2532 5053 2594 5065 -
2627 5027 2666 5058 ²⁰
2697 5027 2869 5088 Rern„
2896 5022 2958 5074 de
2982 5024 3134 5074 Proec.
3165 5024 3215 5073 et
3241 5023 3404 5088 Diep„

1866 5117 1913 5153 c.
1942 5114 1994 5152 lx
2013 5138 2033 5165 ,
2062 5114 2117 5149 n.
2146 5102 2226 5149 21.
2261 5123 2323 5135 —
2349 5097 2383 5127 ²¹
2409 5095 2603 5159 Iudith,
2634 5107 2705 5160 iv,
2733 5098 2812 5146 17.
2843 5121 2906 5132 -
2932 5094 2970 5124 ²²
2998 5091 3202 5154 unuh„
3232 5104 3317 5154 xv,
3353 5095 3401 5145 8.

1865 5201 1927 5213 —
1953 5173 1993 5204 ²³
2018 5170 2155 5224 Psal.
2186 5180 2367 5232 cxvru,
2396 5170 2475 5219 58.
2505 5195 2567 5205 -
2594 5168 2633 5202 ²⁴
2664 5166 2813 5231 thid„
2844 5168 2947 5240 115.

1932 5264 1996 5326 (α)
2031 5260 2178 5325 Vulq.
2212 5257 2320 5309 Dei.
2360 5282 2420 5293 —
2461 5254 2524 5319 (ὁ)
2565 5253 2710 5320 Apud
2743 5256 2891 5308 Ber-n.
2927 5253 3031 5319 leq.
3062 5253 3241 5314 homo,
3268 5252 3405 5318 quod

1866 5349 1973 5387 non
2014 5333 2083 5383 sit
2125 5336 2299 5382 tamen
2343 5331 2537 5380 certum
2579 5325 2846 5391 displicere
2892 5327 3001 5377 Deo
3019 5362 3037 5388 ‚
3078 5324 3214 5378 haud
3258 5338 3408 5378 secus

1865 5400 2460 5528 gffessrffieipiondum
2479 5403 2578 5466 est,
2595 5410 2750 5470 quam
2767 5395 2810 5448 si
2827 5395 3105 5478 praecipiat.
3116 5422 3176 5436 -
3198 5397 3258 5462 (e)
3280 5395 3402 5456 θαι.
