4059 6317
1148 481 1232 549 IN
1272 477 1559 547 DIEBUS
1599 475 2149 546 ROGATIONUM.
2195 479 2463 550 SERMO
2505 484 2556 551 l.

254 613 420 682 Deus
442 614 627 682 debet
651 635 769 701 pro
792 616 1128 685 inutilibus
1155 620 1223 684 et
1254 618 1439 683 vanis
1472 614 1793 694 invocari,

252 724 363 789 sed
388 742 508 808 pro
524 725 789 790 utilibus
809 728 876 791 et
897 726 1293 792 necessariis.
1314 725 1393 790 Et
1418 726 1509 790 sic
1533 741 1794 808 possum

246 833 491 914 dicere,
541 834 713 918 quod
756 835 882 901 tria
922 838 1282 918 tanguntur
1319 835 1391 898 in
1438 832 1654 898 verbis
1694 850 1798 896 as-

250 941 552 1025 sumptis.
597 941 797 1008 Causa
830 947 1066 1008 nostrie
1111 939 1629 1023 congregationis
1675 957 1791 1023 ap-

252 1066 487 1132 parens
546 1053 611 1114 et
666 1050 1002 1115 manifesta
1029 1099 1047 1131 ,
1112 1050 1269 1133 quia
1330 1065 1574 1131 pavens
1626 1048 1795 1130 peri-

248 1155 497 1220 cuilum.

330 1262 659 1343 Quantum
694 1263 776 1329 ad
800 1264 1085 1347 primum
1100 1310 1122 1342 ,
1162 1266 1314 1328 nota
1350 1262 1523 1345 quod
1560 1260 1790 1326 Esther

251 1372 704 1454 interpretatur
745 1370 1153 1451 abscondita,
1195 1370 1301 1437 vel
1344 1368 1737 1438 abscondens
1767 1388 1791 1434 .·

248 1497 364 1563 per
388 1478 565 1562 quod
593 1478 1012 1561 intelligimus
1036 1478 1483 1544 conscientiam
1510 1477 1677 1542 bene
1695 1495 1794 1541 or-

250 1585 566 1665 dinatam,
601 1592 665 1650 et
688 1586 761 1650 in
782 1586 978 1651 'domo
1007 1586 1325 1666 clausam3
1372 1603 1506 1649 non
1551 1583 1796 1649 deordi-

250 1695 490 1772 natam,
521 1709 653 1756 non
677 1692 1163 1772 discurrentem,
1193 1710 1324 1756 non
1350 1693 1558 1757 fronte
1584 1692 1793 1757 eleva-

248 1803 406 1879 tam,
422 1816 543 1882 per
557 1799 732 1864 vicos
750 1801 815 1863 et
826 1798 1065 1882 plateas
1082 1798 1616 1877 transvadentem,
1639 1797 1797 1881 quia

250 1908 393 1974 talis
436 1925 570 1973 non
612 1911 817 1992 potest
876 1907 1117 1991 aliquid
1159 1909 1504 1989 impetrare
1546 1928 1587 1972 a
1631 1908 1790 1989 DeO,

248 2018 402 2099 quia
425 2016 572 2080 talis
595 2016 998 2094 conscientia,
1025 2033 1140 2080 seu
1166 2015 1311 2080 talis
1343 2015 1560 2094 homo,
1590 2018 1688 2081 est
1714 2016 1792 2080 si-

251 2130 355 2189 cut
389 2124 709 2206 imagines
753 2123 824 2187 in
864 2122 1109 2188 foribus
1147 2122 1555 2188 ecclesiarum
1573 2171 1596 2203 ,
1645 2141 1795 2207 quae

250 2250 380 2298 non
430 2234 696 2314 possunt
737 2230 808 2295 in
851 2248 972 2296 sua
1014 2230 1486 2315 pulchritudine
1533 2248 1793 2314 perma-

249 2357 426 2417 nere,
456 2356 534 2404 eo
562 2338 734 2422 quod
762 2341 1174 2423 exponuntur
1207 2341 1414 2403 ventis
1439 2343 1505 2403 et
1530 2337 1790 2423 pluviis.

250 2446 355 2513 Sic
399 2446 547 2511 talis
592 2446 790 2511 homo
845 2445 1205 2510 discurrens
1252 2447 1522 2529 exponit
1572 2464 1642 2511 se
1680 2461 1797 2528 per

250 2574 402 2620 suos
426 2554 756 2620 discursus
789 2553 997 2617 ventis
1035 2553 1463 2619 tentationum
1478 2602 1497 2632 ‚
1544 2557 1609 2619 et
1658 2552 1795 2636 plu-

249 2663 370 2727 viis
393 2662 794 2745 voluptatum
814 2679 832 2741 ;
861 2678 931 2724 se
957 2678 1069 2744 per
1094 2663 1426 2744 peecatum
1451 2660 1789 2742 deturpat:

249 2776 312 2836 et
334 2770 481 2850 hoc,
513 2788 597 2834 ex
621 2787 699 2834 eo
731 2768 903 2852 quod
928 2787 996 2834 se
1041 2774 1104 2833 et
1149 2768 1308 2833 alios
1344 2767 1427 2833 ad
1466 2772 1793 2851 peceatum

246 2877 466 2943 trahit.
511 2873 635 2940 Sed
678 2876 999 2958 imagines
1051 2875 1221 2940 intra
1262 2874 1587 2940 ecclesiam
1632 2876 1796 2941 hene

250 2986 574 3050 absconsae
600 2982 672 3045 in
707 3000 826 3046 sua
868 2982 1344 3066 pulchritudine
1384 2983 1547 3047 bene
1588 2988 1797 3049 custo-

250 3093 540 3169 diuntur,
571 3095 635 3154 et
672 3089 787 3155 diu
826 3090 896 3153 in
935 3107 1011 3153 ea
1053 3095 1430 3173 permanent
1460 3112 1476 3154 z
1505 3091 1596 3155 sic
1641 3108 1792 3175 per-

250 3217 447 3278 sona,
497 3215 618 3261 sen
650 3197 1027 3261 conscientia
1070 3197 1230 3262 bene
1273 3198 1562 3263 ordinata
1582 3244 1600 3280 ,
1651 3216 1796 3264 eon-

250 3306 452 3386 clusa,
485 3322 618 3369 non
644 3303 1035 3385 discurrens,
1072 3304 1615 3387 pulchritudinem
1658 3324 1796 3372 suae

252 3412 635 3478 innocentiae
686 3414 894 3495 potest
942 3412 1258 3477 custodire
1276 3460 1295 3491 ,
1344 3415 1409 3477 et
1453 3411 1544 3476 sic
1587 3430 1626 3476 a
1669 3412 1795 3479 Deo

228 3521 565 3605 ·quidquid
604 3519 881 3585 voluerit
920 3518 1284 3602 impetrare.
1331 3517 1533 3584 Istum
1577 3525 1794 3586 autem

251 3629 613 3693 discursum
666 3644 798 3691 non
851 3625 1059 3691 solum
1101 3625 1396 3708 intelligo
1432 3644 1558 3709 per
1604 3627 1795 3709 pedes

150 3795 153 3800 ⁴
251 3736 554 3819 corporis,
587 3734 693 3798 sed
719 3733 932 3816 potius
957 3750 1073 3816 per
1098 3733 1289 3816 pedes
1319 3734 1552 3798 mentis
1593 3740 1657 3799 et
1695 3735 1791 3800 af-

252 3841 539 3908 fectionis
569 3863 584 3904 :
612 3840 757 3905 licet
782 3840 956 3904 enim
997 3839 1193 3923 aliqui
1228 3857 1491 3923 corpore
1515 3859 1647 3906 non
1677 3842 1796 3906 dis-

251 3951 535 4028 currant,
565 3951 779 4012 mente
796 3951 1015 4012 tamen
1044 3965 1178 4012 non
1204 3946 1526 4012 modicum
1552 3966 1794 4030 vagan-

228 4062 382 4123 ·tur.
399 4055 525 4121 Sed
541 4055 867 4139 quomodo
880 4056 1093 4119 veniet
1109 4055 1329 4119 anima
1346 4056 1427 4120 ad
1445 4056 1793 4122 Dominum

252 4182 367 4248 pro
396 4163 697 4248 petitione
724 4161 1005 4227 facienda
1021 4163 1054 4226 ’ἲ
1082 4162 1261 4228 Certe
1295 4164 1509 4228 veniat
1550 4182 1793 4247 praepa-

250 4275 410 4337 rata.
450 4269 628 4335 Unde
656 4268 885 4334 Esther
907 4269 1364 4353 interpretatur
1384 4280 1757 4354 proeparata
1775 4294 1797 4337 .·

250 4381 386 4464 ipsa
409 4379 616 4458 enim,
662 4379 830 4443 sicut
865 4378 1106 4460 legitur
1146 4381 1191 4457 ¹,
1231 4379 1440 4462 primo
1481 4381 1794 4464 disposuit

254 4488 631 4553 vestimenta
672 4485 953 4568 planctui
998 4490 1061 4550 et
1097 4486 1295 4552 luctui
1343 4492 1514 4571 apta.
1558 4487 1642 4553 Et
1677 4507 1794 4572 per

255 4595 425 4660 hunc
452 4593 742 4671 modum,
771 4594 885 4675 qui
920 4611 1148 4658 sumus
1173 4594 1279 4659 hic
1306 4596 1683 4678 congregati
1711 4596 1794 4662 ad

252 4702 621 4785 petitionem
648 4697 936 4764 nostram
970 4700 1459 4783 impetrandam,
1485 4702 1792 4768 debemus

255 4810 567 4894 deponere
593 4811 802 4872 vestes
834 4807 1074 4889 regias,
1124 4807 1191 4872 id
1226 4812 1346 4887 est,
1393 4810 1791 4892 superfluita-

255 4919 375 4981 tem
421 4932 682 4980 omnem
727 4918 792 4978 et
847 4914 1276 4980 curiositatem
1318 4918 1343 4953 ¹
1384 4937 1399 4976 :
1459 4939 1491 4978 «
1534 4915 1791 5000 Depone

253 5041 507 5089 omnem
529 5021 1067 5103 magnitudinem.
1096 5044 1128 5083 n
1164 5021 1340 5088 Sicut
1368 5024 1541 5088 enim
1563 5024 1786 5105 limax,

253 5131 503 5212 quando
568 5128 886 5193 exaltatur
907 5176 925 5205 ,
992 5130 1275 5220 extendit
1341 5148 1581 5196 cornua
1602 5182 1619 5213 ,
1678 5134 1789 5198 sed

255 5237 503 5320 quando
557 5233 948 5318 percutitur,
1003 5236 1334 5320 restringit
1380 5256 1502 5321 ea;
1562 5240 1655 5304 sic
1700 5241 1823 5325 (α)“

312 5402 336 5437 ¹
362 5400 527 5462 seth„
553 5411 663 5464 mr,
694 5402 745 5450 2.
771 5423 835 5438 -
857 5401 884 5436 ¹
905 5399 1017 5462 lob,
1044 5414 1222 5467 xxxvi,
1259 5406 1335 5454 19.
1362 5428 1426 5443 —
1452 5406 1472 5436 ⁸
1498 5405 1639 5457 Paul.
1668 5418 1706 5464 1.
1735 5410 1787 5460 4.

261 5498 314 5509 -
342 5474 366 5510 δ
389 5472 525 5526 Psal.
554 5484 726 5535 mvn,
753 5474 835 5524 21.
855 5498 918 5511 —
944 5473 969 5510 ⁸
992 5474 1034 5524 ll
1069 5475 1208 5539 neq„
1234 5488 1276 5540 1,
1303 5479 1382 5527 21.

3334 490 3451 554 26⁴1

1907 632 2099 697 pavo,
2129 615 2357 682 videns
2390 619 2852 704 turpitudinem
2877 621 3137 706 pedum,
3176 622 3453 706 glorim

1907 721 2130 786 caudoe
2158 723 2417 806 deponit
2446 748 2461 789 :
2493 726 2586 792 sic
2613 729 2821 807 multi,
2872 730 3134 812 quando
3182 730 3275 794 eis
3300 730 3454 796 adu·

1905 826 2076 892 latur
2101 829 2366 897 diceudo
2391 833 2484 898 eis
2515 856 2530 897 ε
2563 834 2689 900 Vos
2710 836 2860 900 estis
2881 837 3031 901 talis
3057 842 3121 901 et
3156 836 3318 916 talis,
3342 855 3452 902 ex-

1906 934 2177 1000 tendunt
2200 954 2443 1003 cornua
2468 959 2620 1020 sua,
2655 960 2724 1005 se
2758 941 3078 1007 dilatando
3112 943 3180 1006 in
3216 943 3449 1025 pretio-

1905 1042 2088 1106 sitate
2115 1044 2414 1122 vestium,
2436 1047 2595 1112 etin
2624 1049 2841 1113 multis
2866 1049 3006 1114 aliis
3042 1050 3448 1132 superfluita-

1904 1148 2099 1227 tibus,
2131 1154 2206 1215 ut
2229 1152 2321 1215 sic
2356 1153 2650 1220 dicatur:
2684 1153 2890 1232 Quam
2915 1174 3192 1244 magnus
3222 1160 3445 1240 potens

1905 1260 2000 1320 est
2023 1257 2206 1321 talis?
2252 1257 2515 1336 Quando
2556 1279 2713 1343 ergo
2752 1262 2844 1327 sic
2888 1264 3114 1328 erectis
3158 1265 3442 1330 coruulis

1903 1364 2328 1447 procedimus,
2372 1369 2526 1432 tunc
2563 1367 2749 1433 citius
2773 1387 2817 1434 a
2855 1369 3124 1436 Domino
3166 1372 3446 1454 percuti-

1906 1488 2075 1551 mur,
2107 1477 2218 1537 aut
2240 1475 2639 1556 tempestate,
2682 1480 2795 1540 aut
2831 1475 3199 1543 infirmitate
3234 1500 3250 1541 ε
3292 1481 3449 1544 tunc

1902 1583 2075 1643 certe
2099 1580 2394 1663 exemplo
2415 1581 2661 1647 limacis
2686 1583 2986 1650 citissime
3023 1585 3446 1652 humiliemus

1900 1686 2149 1752 animas
2174 1692 2446 1753 nostras.
2479 1687 2788 1774 Exemplo
2813 1692 3007 1758 etiam
3043 1693 3312 1776 pavonis
3338 1693 3446 1757 de-

1902 1792 2131 1858 bemus
2157 1797 2466 1879 respicere
2507 1798 2726 1880 pedeS,
2775 1799 2842 1864 id
2881 1804 3008 1877 est,
3047 1801 3246 1868 finem
3289 1818 3440 1866 nos-

1900 1903 2078 1965 trum
2093 1948 2115 1980 ,
2163 1904 2422 1984 quaudo
2442 1952 2461 1985 ,
2506 1904 2780 1972 velimus
2823 1906 3105 1972 nolimus
3122 1954 3145 1986 ,
3191 1912 3442 1991 oportet

1902 2008 2124 2074 omnia
2139 2009 2280 2075 haec
2294 2010 2610 2095 deponere
2625 2015 2696 2078 et
2719 2012 3058 2080 dimittere.
3084 2013 3259 2080 Unde
3278 2016 3446 2081 hene

1900 2119 2058 2182 tunc
2103 2116 2176 2182 in
2219 2122 2423 2183 morte
2470 2118 2970 2187 assimilabimur
3009 2122 3252 2203 umiae,
3294 2142 3444 2206 quae

1903 2223 2065 2289 duos
2103 2225 2295 2290 roetus
2327 2225 2408 2308 (b)
2448 2225 2710 2306 habens,
2741 2229 3052 2310 fugiendo
3075 2234 3442 2312 venatores,

1903 2330 2122 2397 minus
2149 2333 2420 2398 charum
2465 2334 2647 2417 ponit
2688 2353 2916 2400 versus
2955 2336 3254 2419 dorsum,
3302 2338 3448 2404 cha-

1901 2438 2138 2504 riorem
2166 2440 2442 2506 brachiis
2467 2440 2902 2523 circumfovet;
2936 2444 3073 2524 sed,
3100 2448 3443 2529 appropin-

1900 2551 2141 2629 quante
2179 2550 2484 2612 venatore
2525 2565 2677 2613 cum
2729 2549 2996 2614 canibus
3018 2594 3036 2630 ,
3081 2550 3439 2618 chariorem

1902 2654 2114 2736 primo
2137 2654 2392 2735 cogitur
2416 2655 2726 2739 projicere
2741 2703 2760 2735 ,
2803 2655 3005 2721 alium
3045 2676 3201 2724 vero
3249 2659 3440 2725 dorso

1900 2760 2275 2841 haerentem,
2295 2766 2359 2827 et
2383 2763 2586 2845 ipsam
2612 2762 2953 2830 fortissime
2970 2811 2991 2843 ,
3035 2781 3118 2830 ne
3152 2763 3440 2847 effugere

1900 2869 2133 2947 valeat,
2162 2869 2609 2951 stringentem,
2638 2870 2910 2936 libenter
2937 2872 3295 2955 projiceret,
3327 2875 3439 2940 sed

1901 2995 2034 3042 non
2057 2980 2287 3060 potest,
2318 2983 2381 3042 et
2407 2979 2499 3043 sie
2525 2978 2970 3045 miserabiliter
2995 2998 3144 3046 eum
3177 2997 3254 3045 eo
3276 2982 3444 3065 capi-

1900 3089 2028 3150 tur.
2057 3085 2163 3150 Sic
2189 3085 2268 3151 de
2288 3085 2499 3164 nobie,
2528 3087 2780 3151 namin
2806 3091 3061 3169 peccato
3088 3087 3218 3153 duo
3259 3092 3434 3170 sunt,

1890 3193 2133 3258 'scilicet
2158 3193 2485 3260 delectatio
2507 3212 2810 3279 praesens,
2832 3199 2896 3260 et
2915 3212 3109 3279 poena
3125 3215 3436 3281 sequens:

1900 3306 2259 3385 peccatores
2287 3319 2442 3367 vero
2482 3303 2673 3368 modo
2717 3303 3190 3386 amplectuntur
3236 3305 3441 3372 delec-

1900 3411 2232 3490 tationem,
2260 3428 2456 3494 quam
2475 3410 2778 3493 diligunt,
2809 3410 3099 3477 volentes
3124 3412 3444 3479 dimittere

1899 3537 2158 3602 poenam
2192 3538 2389 3602 quam
2414 3518 2668 3600 odiunt;
2695 3519 2807 3584 sed
2835 3532 2858 3568 ⁸
2886 3538 3065 3586 «non
3093 3520 3184 3586 sic
3219 3522 3437 3606 impii,

1898 3644 2030 3691 non
2052 3628 2165 3705 sic,
2199 3649 2230 3687 ι)
2265 3627 2397 3691 imo
2421 3646 2458 3692 e
2486 3632 2727 3709 contra,
2756 3629 2913 3712 quia
2941 3630 3007 3693 in
3035 3633 3243 3695 morte
3261 3647 3445 3713 opor·

1899 3731 2059 3795 tebit
2084 3731 2401 3796 dimittere
2436 3731 2935 3814 delectationem,
2983 3751 3242 3816 poenam
3287 3751 3443 3800 vero

1898 3842 2230 3919 aeternam,
2253 3840 2455 3905 velint
2482 3840 2704 3918 nolint,
2725 3857 2945 3907 secum
2968 3846 3224 3924 portare
3247 3859 3442 3924 super

1899 3948 2209 4013 humeros
2226 3947 2562 4032 oportebit.
2582 3948 2917 4014 Psalmista
2930 3948 2954 3984 ⁸
2975 3970 2991 4013 z
3023 3972 3053 4010 α
3067 3947 3317 4014 Domini
3338 3948 3436 4032 (c),

1904 4054 2154 4120 Domini
2183 4054 2257 4136 (c)
2305 4055 2519 4118 exitus
2561 4056 2806 4120 mortis,
2843 4076 2873 4114 ι)
2915 4054 3117 4121 Nota:
3148 4055 3248 4120 bis
3291 4054 3443 4122 dicit

1898 4163 2161 4229 Domini
2187 4163 2288 4243 (c).
2314 4160 2466 4244 quia
2491 4159 2799 4226 Dominus
2826 4162 3029 4228 malos
3052 4162 3349 4246 puniens,
3376 4163 3464 4228 et'

1897 4271 2100 4338 bonos
2125 4269 2491 4352 praemians.
2523 4267 2681 4333 Dicit
2718 4286 2878 4351 ergo
2927 4271 3149 4353 figura
3181 4274 3435 4351 nostra,

1895 4376 2072 4461 quod
2099 4375 2326 4441 Esther
2351 4375 2592 4459 aceepit
2615 4378 2997 4442 vestimenta
3036 4377 3237 4442 luctui
3259 4380 3434 4460 apta,

1895 4492 1959 4550 et
1981 4484 2349 4550 humiliavit
2368 4501 2437 4548 se
2451 4501 2666 4549 coram
2687 4482 2956 4549 Domino
2984 4506 3001 4548 τ
3023 4485 3189 4550 sicet
3204 4501 3323 4550 nos
3347 4483 3442 4550 ra·

1894 4593 2164 4671 ciamus,
2198 4591 2354 4676 quia
2383 4591 2552 4655 sieut
2588 4590 2916 4670 videmus,
2968 4592 3141 4674 quod
3184 4593 3437 4656 montes

1895 4699 2257 4784 impediunt
2280 4716 2541 4763 cursum
2579 4716 2894 4781 aquarum
2921 4697 3305 4780 pluvialium
3323 4745 3342 4778 ,
3372 4703 3438 4763 et

1895 4806 2284 4873 descendunt
2308 4805 2646 4889 semperin
2675 4804 2982 4883 vallibus3
3016 4805 3108 4869 sic
3141 4804 3440 4887 spiritua-

1892 4915 2038 4980 liter
2061 4914 2382 4997 loquendo
2407 4912 2578 4992 elati,
2610 4912 2723 4996 qui
2749 4931 2864 4995 per
2904 4916 3155 4978 montes
3195 4912 3437 4977 intelli-

1895 5027 2166 5107 guntur,
2196 5020 2554 5104 impediunt
2577 5037 2812 5102 aquam
2846 5020 3094 5101 gratiae.
3143 5012 3324 5085 Unde
3371 5024 3438 5086 et

1894 5149 2007 5215 per
2030 5128 2228 5194 David
2274 5125 2586 5191 maledieti
2632 5130 2782 5192 sunt
2822 5131 3070 5192 montes
3107 5125 3339 5193 Gelhoe
3362 5128 3430 5192 ⁸:

1902 5261 1933 5300 α
1962 5235 2090 5303 Nec
2107 5253 2213 5301 ros
2230 5253 2347 5300 nec
2362 5233 2601 5318 pluvia,
2627 5254 2657 5292 ι)
2687 5237 2833 5313 etc„
2854 5233 3091 5299 scilicet
3109 5234 3276 5299 sicut
3299 5252 3435 5301 cur·

1956 5409 2022 5467 ‹a›
2072 5402 2186 5468 req.
2229 5399 2360 5451 aaut
2393 5396 2567 5450 cuam.
2606 5423 2669 5438 -
2714 5396 2784 5464 (ο)
2823 5397 2948 5451 Goet.
2993 5397 3116 5452 aaa.
3157 5399 3331 5455 toems.
3370 5375 3466 5446 ...'

1893 5479 1956 5548 (c)
1988 5477 2111 5529 Item
2143 5471 2380 5527 Domine.
3339 5499 3397 5512 ...
