4059 6317
645 667 762 732 per
789 652 978 733 caput
1001 666 1193 714 suum
1219 667 1353 716 non
1387 654 1705 732 crement,
1746 650 1853 716 vel
1881 650 2029 716 odio
2073 668 2188 715 seu

646 757 977 823 iracundia
1000 775 1220 841 pacem
1237 758 1505 841 pectoris
1521 777 1655 824 non
1673 758 1954 824 turbent.
1982 759 2012 838 ²,
2028 781 2060 820 α
2078 757 2191 822 Re·

644 863 880 927 mansit
911 881 1070 946 puer
1098 863 1280 929 Jesus
1307 865 1373 928 in
1401 863 1777 946 Jerusalem,
1806 887 1837 925 ιο
1878 866 2051 949 quod
2080 866 2183 929 in-

644 972 1027 1053 terpretatur
1051 971 1354 1054 pacifica.
1396 972 1468 1036 In
1499 991 1653 1056 pace
1677 972 1947 1037 libenter
1973 975 2191 1035 manet

644 1076 858 1156 Jesus;
885 1076 1176 1144 Psalmus
1201 1085 1225 1120 ¹
1256 1105 1271 1146 ε
1315 1103 1346 1142 α
1376 1086 1446 1145 ln
1474 1099 1627 1164 pace
1651 1081 1854 1145 factus
1884 1084 1976 1144 est
2008 1079 2190 1143 locus

646 1186 809 1267 ejus,
841 1206 873 1245 ι
907 1184 1026 1251 Sed,
1054 1187 1381 1270 pacificam
1410 1192 1474 1252 et
1509 1205 1797 1252 securam
1825 1204 1958 1251 non
1996 1186 2191 1250 habet

647 1291 1047 1357 mansionem
1072 1293 1143 1356 in
1182 1297 1433 1375 pectore
1460 1293 1590 1373 illo,
1620 1293 1731 1357 ubi
1773 1292 1941 1358 bona
1963 1310 2083 1357 sua
2121 1292 2189 1355 in

649 1400 949 1465 continuo
978 1404 1132 1465 sunt
1157 1401 1463 1484 periculo.
1507 1400 1869 1489 Bernardns
1894 1400 1917 1437 ⁸
1950 1422 1967 1464 ε
2008 1422 2041 1460 α
2070 1398 2187 1464 Pe-

648 1506 955 1571 riclitatur
982 1508 1236 1572 castitas
1258 1508 1326 1572 in
1352 1508 1613 1588 deliciiS,
1645 1508 1973 1573 humilitas
1999 1509 2070 1572 in
2097 1507 2193 1572 di-

647 1613 842 1694 vitiis,
879 1614 1078 1697 pietas
1103 1615 1172 1679 in
1198 1615 1495 1697 negotiiS,
1526 1615 1762 1680 veritas
1801 1615 1870 1679 in
1911 1613 2190 1680 multilo-

646 1723 823 1805 quio,
849 1724 1125 1788 charitas
1149 1725 1217 1788 in
1244 1725 1371 1789 hoc
1397 1743 1677 1809 nequam
1700 1723 1960 1789 saeculo.
1989 1745 2020 1783 n

1205 1903 1496 1974 SERMO
1541 1905 1626 1974 11.

730 2046 951 2116 Nonne
968 2062 1075 2114 cor
1089 2053 1378 2115 nostrum
1398 2048 1632 2115 ardens
1653 2053 1795 2115 erat
1819 2049 1895 2115 in
1920 2046 2106 2115 nobis
2124 2047 2192 2110 *Ρ

651 2156 815 2233 Quid
844 2157 1103 2237 mirum,
1134 2156 1187 2220 si
1215 2174 1324 2221 cor
1353 2156 1634 2237 ardebat,
1663 2157 1832 2240 quod
1867 2156 2190 2221 Christum

653 2266 721 2328 in
755 2265 863 2330 via
906 2266 1150 2330 socium
1194 2265 1508 2330 habebat?
1543 2266 1663 2331 Cor
1706 2266 1880 2332 enim
1914 2264 2192 2330 amantis

652 2374 939 2439 caminus
980 2379 1075 2439 est
1120 2374 1230 2439 Dei
1274 2374 1751 2439 inflammantis.
1800 2373 1977 2439 Sicut
2017 2371 2190 2436 enim

651 2499 762 2546 cor
788 2487 883 2547 est
907 2482 1236 2567 speculum
1275 2482 1415 2562 Dei,
1466 2501 1613 2547 arca
1657 2480 1796 2562 Dei,
1845 2499 2005 2562 ager
2046 2479 2186 2558 Dei,

651 2589 739 2653 ita
764 2593 827 2654 et
842 2590 1131 2655 caminus
1157 2591 1288 2655 Dei.
1322 2590 1500 2655 Unde
1526 2595 1591 2655 et
1616 2607 1725 2654 cor
1749 2592 2023 2672 justum,
2045 2590 2191 2651 tan-

651 2714 850 2778 quam
890 2698 1257 2780 speculum,
1305 2697 1491 2761 debet
1535 2714 1671 2760 esse
1714 2695 2070 2773 mundum;
2116 2697 2191 2758 ut

655 2821 823 2884 arca,
855 2805 1230 2887 opulentum
1244 2826 1260 2883 ;
1291 2808 1599 2887 tanquam
1630 2802 1942 2882 caminus„
1973 2818 2191 2866 acceu-

652 2930 796 2976 sum
821 2932 838 2991 ;
869 2914 1173 2994 tanquam
1201 2929 1384 2993 ager,
1415 2910 1834 2976 fructiferum.
1867 2908 1986 2974 Cor
2006 2908 2192 2973 debet

653 3038 786 3084 esse
834 3019 1148 3084 mundum
1201 3019 1598 3097 innocentia,
1651 3018 1829 3082 dives
1870 3016 2188 3082 virtutum

654 3127 995 3209 opulentia,
1027 3127 1255 3192 ardens
1280 3126 1518 3190 amoris
1542 3124 1973 3202 vehementia,
2014 3125 2190 3188 sruc-

654 3233 909 3298 tiferum
937 3235 1255 3299 bonorum
1282 3250 1552 3315 operum
1579 3231 2003 3298 vehementia.

732 3340 822 3405 De
849 3340 1055 3423 primo
1083 3344 1105 3380 ⁸
1140 3363 1155 3404 z
1196 3363 1227 3401 α
1263 3339 1438 3404 Beati
1485 3340 1725 3405 mundo
1764 3340 1981 3422 corde,
2024 3358 2189 3424 quo-

653 3449 830 3512 niam
857 3446 979 3531 ipsi
1007 3446 1208 3511 Deum
1236 3446 1561 3511 videbunt.
1595 3468 1627 3507 1>
1659 3447 1972 3512 Videbunt
1996 3452 2188 3529 certe,

655 3561 718 3620 et
741 3559 917 3620 tanto
943 3555 1194 3634 melius,
1225 3557 1466 3637 quanto
1493 3554 1822 3636 speculum
1842 3554 2048 3618 cordis
2063 3555 2192 3620 fue-

655 3664 743 3729 rit
766 3663 1093 3728 mundius.
1124 3661 1457 3727 Psalmista
1481 3661 1546 3725 ⁸:
1584 3683 1616 3721 α
1653 3659 1981 3727 Videbitur
2026 3660 2191 3726 Deus

654 3771 920 3838 deorum
945 3770 1016 3834 in
1043 3768 1196 3834 Sion
1230 3791 1245 3835 :
1276 3790 1307 3829 n
1347 3768 1519 3852 quod
1556 3768 2011 3852 interpretatur
2039 3785 2190 3852 spe-

655 3880 888 3945 culum.
923 3876 972 3943 0
1005 3877 1268 3942 stultitia
1310 3876 1647 3941 mirabilis!
1693 3877 1961 3941 mundat
1996 3876 2191 3942 homo

607 4008 612 4013 ¹
655 3987 904 4067 faciem,
952 4002 1183 4050 manus
1195 4032 1218 4066 ,
1268 3984 1492 4068 pedeS‚
1539 3984 1674 4048 imo
1718 3984 1910 4047 etiam
1952 3984 2192 4050 calceos

657 4095 955 4171 mundat;
983 4096 1047 4157 et
1081 4092 1389 4157 miserum
1423 4108 1532 4155 cor
1558 4107 1687 4154 non
1716 4090 2012 4169 mundat,
2042 4110 2191 4156 cum

656 4204 895 4282 tamen,
922 4200 1046 4264 nisi
1074 4199 1387 4266 mundum
1416 4199 1527 4277 sit,
1559 4203 1727 4264 stare
1753 4201 1824 4262 in
1849 4203 2192 4284 conspectu

657 4306 765 4371 Dei
792 4308 1099 4390 perpetuo
1116 4322 1248 4370 non
1278 4303 1494 4387 possit.
1522 4301 1856 4368 Psalmista
1876 4308 1898 4345 '¹
1932 4326 1948 4368 :
1978 4327 2010 4365 ιι
2037 4303 2193 4381 Quis

655 4413 845 4478 stabit
870 4413 941 4476 in
984 4411 1124 4477 loco
1152 4414 1367 4476 sancto
1410 4411 1595 4492 ejus?
1642 4409 1950 4475 Innocens
1980 4412 2188 4476 mani-

652 4521 802 4601 bus,
830 4524 895 4586 et
919 4519 1159 4585 mundo
1179 4517 1388 4583 corde.
1420 4539 1451 4577 n
1491 4516 1674 4598 item,
1706 4517 1877 4601 quod
1904 4517 2053 4601 plus
2070 4524 2187 4601 θεὲ,

654 4632 940 4710 purgant
966 4646 1035 4692 se
1070 4643 1336 4709 corpora
1371 4625 1770 4705 naturaliter,
1806 4626 1970 4691 sicut
2011 4646 2192 4694 mare

653 4738 943 4799 mortuos
974 4733 1368 4817 expellendo,
1400 4731 1620 4797 vinum
1652 4732 1837 4797 faeces
1856 4733 2187 4815 ejiciendo,

654 4860 885 4925 corpus
929 4842 1288 4906 humanum
1334 4858 1447 4923 per
1493 4858 1599 4919 os,
1648 4858 1764 4923 per
1806 4858 2030 4920 nares,
2077 4859 2192 4923 per

653 4950 810 5015 alias
852 4951 989 5015 vias
1024 4948 1357 5014 immunda
1401 4948 1799 5031 expellend03
1843 4950 1953 5015 sed
1990 4950 2191 5015 mise-

654 5076 799 5123 rum
828 5076 940 5124 cor
951 5076 1019 5123 se
1042 5076 1174 5124 non
1203 5056 1492 5138 mundat,
1514 5056 1625 5121 sed
1647 5056 1791 5140 plus
1807 5057 2023 5123 sordes
2042 5074 2192 5123 oon-

717 5222 733 5256 ¹
772 5220 909 5283 Luc„
942 5233 1014 5287 11,
1052 5224 1132 5273 ⁴3.
1167 5245 1230 5259 -
1264 5222 1287 5256 ¹
1326 5219 1464 5273 Psal.
1501 5231 1658 5286 Lxxv,
1697 5222 1745 5271 3.
1781 5246 1836 5256 —
1879 5218 1902 5255 ⁸
1937 5222 2092 5271 Bern.
2129 5245 2189 5257 —

652 5289 676 5327 ⁸
701 5294 837 5357 Luc„
864 5305 1007 5357 xxxv,
1035 5296 1110 5344 32.
1139 5318 1201 5332 -
1227 5292 1250 5329 ⁸
1269 5291 1474 5355 Mami„
1505 5304 1556 5356 v,
1584 5294 1632 5343 8.
1659 5318 1722 5330 —
1748 5292 1769 5322 ⁸
1794 5291 1933 5343 Psal.
1962 5303 2187 5356 uum,

654 5358 702 5412 8.
741 5390 802 5400 -
841 5362 859 5397 ⁷
903 5363 1040 5414 Psal.
1080 5375 1244 5424 xxm,
1284 5365 1391 5414 3-4.
1431 5389 1494 5401 —
1538 5360 1561 5397 ⁸
1598 5363 1768 5423 Pron„
1811 5373 1954 5424 ¹111,
2007 5366 2086 5412 11.
2126 5387 2190 5398 —

653 5434 673 5464 ⁹
705 5433 927 5490 Anselm.
954 5462 1018 5474 —
1052 5436 1090 5467 ¹⁸³
1116 5433 1319 5494 Halm„
1353 5445 1459 5498 ιιι,
1496 5434 1577 5484 35.
1605 5458 1669 5472 -
1698 5435 1738 5470 1¹
1775 5432 1979 5495 Manli„
2015 5444 2077 5496 11,
2108 5437 2188 5483 Η.

651 5530 715 5544 -
730 5507 775 5541 ¹²
796 5506 936 5558 psat.
962 5519 1016 5572 ι,
1040 5509 1117 5558 19.
1135 5532 1199 5546 -
1220 5507 1261 5543 ¹³
1280 5507 1456 5571 Greg„
1477 5507 1534 5555 in
1553 5505 1769 5568 annqq
1789 5503 1933 5554 hom.
1959 5516 2035 5567 xl,
2056 5518 2111 5553 n.
2139 5507 2186 5554 i.

1743 512 2159 583 SERMONES
2201 512 2303 581 DE
2344 513 2739 582 TEMPORE.

2301 654 2566 733 gregat,
2602 669 2752 715 cum
2788 652 3001 715 tamen
3040 667 3156 733 per
3199 650 3582 717 munditiam
3624 670 3838 719 conse·

2298 763 2604 841 queretur
2629 758 2919 823 divinam
2947 758 3291 824 amicitiam
3315 757 3338 794 ⁸
3369 780 3386 824 ε
3417 781 3449 821 α
3475 758 3601 838 Qui
3631 760 3840 843 diligit

2299 866 2505 930 cordis
2520 866 2926 946 munditiam,
2953 869 3210 949 propter
3231 868 3508 947 gratiam
3519 867 3837 932 labiorum

2299 990 2568 1037 suorum
2593 972 2853 1037 habebit
2891 974 3171 1038 amicum
3212 992 3457 1056 regem.
3485 997 3517 1034 n
3561 974 3611 1041 Ο
3645 992 3841 1056 quam

2298 1098 2407 1144 cor
2458 1079 2774 1144 mundum
2820 1080 3224 1146 abominatur
3282 1081 3500 1145 sordes
3550 1084 3843 1165 peccato-

2298 1189 2483 1252 rum!
2526 1187 2867 1253 Anselmus
2892 1189 2917 1224 ⁸
2950 1212 2966 1254 ε
3011 1211 3043 1249 α
3086 1188 3337 1254 Mallem
3363 1208 3565 1273 purus
3609 1208 3650 1253 a
3694 1206 3841 1272 pec-

2300 1293 2480 1371 catis,
2509 1298 2573 1359 et
2599 1296 2903 1361 innocens
2934 1296 3302 1378 gehennam
3341 1296 3600 1375 intrare,
3642 1310 3844 1378 quam

2299 1403 2483 1467 sorde
2509 1404 2790 1486 pollutus
2829 1404 3138 1470 coelorum
3168 1422 3374 1487 regna
3404 1406 3659 1467 tenere:
3692 1420 3845 1466 cum

2299 1515 2541 1576 constet
2569 1511 2734 1577 solos
2753 1512 2955 1577 malos
2972 1513 3283 1597 torqueri,
3313 1515 3376 1577 et
3400 1510 3603 1576 bonos
3624 1511 3693 1574 in
3722 1529 3851 1576 coe-

2296 1617 2441 1682 lesti
2469 1619 2856 1683 beatitudine
2887 1619 3110 1685 foveri.
3139 1640 3170 1678 n

2380 1725 2468 1791 De
2510 1726 2788 1790 secundo
2832 1726 2879 1762 ¹⁰
2921 1744 2939 1791 ε
2983 1750 3014 1788 α
3041 1725 3258 1790 Bonus
3309 1724 3505 1790 homo
3551 1726 3630 1793 de
3677 1727 3854 1792 bono

2300 1828 2604 1899 thesauro
2661 1834 2865 1899 cordis
2886 1882 2906 1914 ,
2971 1855 3003 1894 υ
3079 1836 3197 1898 etc.
3258 1832 3567 1899 Thesauri
3641 1834 3857 1898 cordis

2299 1944 2450 2004 sunt
2475 1939 2780 2020 virtutes,
2824 1958 2985 2023 quas
3026 1939 3133 2005 hic
3172 1956 3501 2004 enumera.
3555 1939 3666 2003 Isti
3694 1943 3854 2005 sunt

2299 2046 2550 2128 regales
2589 2047 2875 2111 thesauri
2914 2047 3057 2128 regi
3102 2045 3349 2111 Christo
3388 2046 3695 2112 offerendi
3739 2047 3785 2083 ¹¹
3835 2067 3852 2111 z

2301 2176 2333 2216 α
2371 2154 2622 2237 Apertis
2646 2153 2965 2218 thesauris
2993 2152 3146 2234 suis,
3181 2153 3552 2218 obtulerunt
3590 2154 3653 2217 ei
3698 2172 3856 2218 mu-

2298 2281 2455 2327 nera
2476 2310 2498 2342 ,
2543 2280 2779 2326 aurum
2818 2283 2850 2322 ι»
2897 2259 3249 2325 dilectionis
3272 2308 3288 2339 ,
3343 2281 3375 2321 α
3423 2260 3575 2324 thus
3613 2280 3646 2320 ι
3699 2278 3858 2326 ora-

2299 2369 2515 2449 tionis,
2545 2392 2576 2429 «
2598 2386 2888 2452 myrram
2907 2388 2939 2428 n
2972 2367 3390 2433 contritionis,
3430 2365 3725 2433 Psalmus
3754 2368 3801 2405 ¹⁸
3833 2390 3851 2432 ε

2308 2498 2339 2536 α
2390 2475 2510 2540 Cor
2567 2476 2916 2540 contritum
2973 2477 3038 2539 et
3095 2472 3545 2553 humiliatum,
3610 2498 3644 2536 ιι
3724 2479 3854 2542 etc.

2298 2579 2701 2665 Quicumque
2748 2580 3081 2646 thesauros
3121 2580 3315 2645 habet
3341 2626 3364 2660 ,
3409 2600 3450 2646 a
3490 2580 3861 2648 latronibus

2297 2693 2549 2769 caveat,
2596 2689 2663 2753 id
2701 2693 2825 2768 est,
2869 2687 3291 2753 daemonibus.
3349 2687 3707 2770 Gregorius
3749 2690 3799 2727 ¹⁸
3838 2708 3859 2754 z

2308 2818 2340 2858 α
2366 2794 2625 2860 Tentari
2667 2794 2746 2878 (a)
2796 2795 3142 2875 desiderat,
3183 2795 3298 2877 qui
3340 2795 3677 2861 thesauros
3728 2814 3860 2880 pu-

2298 2901 2462 2966 blice
2498 2902 2567 2966 in
2594 2901 2702 2969 via
2727 2906 2959 2985 portat.
3001 2923 3034 2961 n
3089 2901 3367 2968 caveant
3405 2919 3566 2983 ergo
3606 2903 3735 2967 sibi
3779 2903 3862 2968 de

2298 3008 2822 3091 peregrinatione
2852 3012 2917 3073 et
2938 3008 3379 3092 eleemosynis,
3409 3012 3474 3074 et
3499 3008 3640 3073 aliis
3664 3009 3864 3075 bonis

2296 3116 2596 3200 operibus
2614 3164 2633 3196 ,
2682 3115 2763 3181 de
2808 3116 3044 3200 quibus
3087 3115 3293 3180 solent
3339 3114 3626 3196 gloriari.
3679 3115 3859 3182 The-

2296 3223 2473 3287 sauri
2527 3224 2703 3287 enim
2742 3222 3058 3288 virtutum
3103 3222 3173 3286 in
3220 3241 3369 3287 arca
3423 3223 3628 3287 cordis
3671 3224 3859 3289 clan-

2296 3331 2485 3396 dendi
2513 3334 2665 3396 sunt
2702 3348 2846 3395 sera
2888 3329 3289 3395 humilitatis.
3334 3329 3720 3396 Ambrosius
3762 3332 3809 3370 ¹⁸
3840 3357 3858 3399 z

2303 3461 2335 3501 α
2366 3437 2591 3504 Custos
2617 3440 2932 3503 virtutum
2961 3442 3055 3502 est
3080 3436 3435 3502 humilitas.
3463 3460 3494 3498 ι)
3537 3437 3724 3502 Hanc
3752 3458 3863 3505 se-

2295 3563 2437 3609 ram
2464 3544 2774 3609 imitando
2800 3545 3062 3628 acquire
3088 3563 3129 3609 a
3150 3544 3283 3609 filio
3309 3544 3475 3608 fabri
3497 3543 3648 3610 Jesu
3670 3545 3867 3611 Chri-

2295 3657 2394 3718 sto
2416 3655 2504 3717 ¹⁸:
2538 3676 2570 3714 ι
2598 3652 2824 3718 Discite
2850 3671 2891 3717 a
2915 3671 3042 3733 me,
3072 3653 3226 3736 quia
3253 3653 3429 3717 mitis
3455 3670 3603 3716 sum
3629 3657 3698 3717 et
3725 3655 3866 3719 hu·-

2297 3760 2491 3840 milis,
2511 3782 2544 3822 n
2578 3764 2700 3825 etc.
2731 3760 2953 3826 Clavos
2988 3760 3183 3824 etiam
3217 3760 3299 3825 ad
3338 3760 3866 3826 confirmandam

2296 3885 2508 3932 seram
2535 3868 2618 3932 ab
2636 3867 2773 3951 ipso
2799 3867 3037 3952 accipe,
3059 3868 3294 3951 quibus
3316 3866 3652 3933 humiliter
3671 3869 3864 3934 cruci

2297 3976 2533 4040 affixus
2558 3976 2703 4040 fuit.

2377 4082 2466 4150 De
2493 4083 2678 4149 tertio
2704 4082 2934 4149 dicitur
2959 4083 3065 4151 hic
3110 4103 3126 4147 ε
3156 4082 3378 4149 Nonne
3418 4097 3527 4149 cor
3551 4088 3863 4152 nostrum

2297 4191 2558 4269 ardens,
2586 4196 2706 4257 etc.
2737 4191 2945 4256 Ardor
2965 4190 3318 4256 dilectionis
3333 4191 3683 4271 fornacem,
3710 4193 3864 4259 sive

2295 4300 2623 4365 caminum
2646 4299 2853 4365 cordis
2870 4298 3127 4382 impleat
3150 4298 3427 4364 totaliter
3446 4300 3493 4336 ¹⁸
3515 4319 3579 4364 :a
3597 4300 3860 4383 Diliges

2295 4404 2637 4472 Dominum
2675 4405 2879 4472 Deum
2926 4425 3011 4472 ex
3037 4410 3168 4472 toto
3209 4407 3399 4472 corde
3442 4410 3555 4473 tuo
3577 4456 3594 4487 ,
3640 4429 3673 4469 ι
3723 4414 3861 4475 etc.

2297 4513 2457 4579 ltem
2480 4518 2963 4598 perseveranter
3003 4519 3049 4557 ¹⁷
3095 4536 3111 4578 z
3163 4513 3403 4596 «Ignis
3443 4515 3514 4579 in
3553 4515 3787 4597 altari,
3821 4538 3856 4579 ο

2293 4623 2361 4688 id
2385 4627 2481 4689 est
2499 4623 2571 4687 in
2596 4624 2820 4704 corde,
2859 4647 2891 4685 ιι
2921 4642 3171 4708 semper
3194 4623 3475 4704 ardebit,
3506 4643 3707 4708 quem
3732 4644 3867 4692 nu·

2294 4733 2446 4798 triet
2489 4732 2779 4798 sacerdos
2792 4780 2811 4814 ‚
2863 4733 3209 4815 subjiciens
3254 4731 3436 4815 ligna
3482 4752 3678 4799 mane
3736 4754 3867 4819 per

2296 4840 2586 4923 singulos
2611 4839 2765 4904 dies.
2795 4861 2826 4900 n
2860 4840 3075 4922 Ligna
3107 4843 3260 4905 sunt
3287 4839 3397 4905 Dei
3422 4841 3766 4908 beneficia.
3808 4843 3863 4910 Ο

2294 4951 2534 5029 quanta
2558 4947 2874 5012 naturalia
2895 4947 3203 5012 beneficia
3219 4947 3500 5031 corporis
3523 4951 3588 5013 et
3603 4950 3861 5016 animae

2295 5055 2565 5120 contulit
2591 5055 2708 5119 tibi
2735 5054 2932 5120 Deusl
2962 5054 3121 5120 Nota
3141 5055 3311 5138 quod
3326 5055 3592 5137 quidam
3606 5075 3647 5121 a
3668 5058 3865 5140 prin-

2295 5162 2434 5247 cipe
2455 5164 2780 5230 exoculari
2790 5166 3036 5248 Jussus,
3061 5164 3285 5247 petivit
3309 5181 3519 5229 unum
3547 5164 3665 5230 sibi
3694 5184 3864 5233 ocu-

2295 5359 2356 5371 —
2381 5334 2425 5371 ¹⁸
2441 5334 2740 5387 Ambros.—
2760 5337 2794 5368 ¹⁸
2820 5335 3031 5390 unuh..
3054 5346 3127 5399 xl,
3151 5337 3295 5386 29.—
3312 5334 3351 5372 ¹⁸
3362 5333 3575 5389 Malla..
3598 5345 3743 5402 xxu,
3770 5339 3862 5388 87.

2294 5430 2355 5444 —
2388 5406 2428 5443 ¹⁷
2452 5407 2637 5470 Leoit„
2665 5419 2738 5471 vt,
2769 5410 2846 5459 ¹2.

2359 5506 2426 5568 (α)
2458 5505 2569 5571 Leq.
2599 5505 2906 5572 depraedari.
