4059 6317
437 591 631 636 dulcedi·

436 667 537 698 nem
565 653 630 696 di·

435 718 548 760 vium
577 729 648 758 sa·

436 780 609 836 pientia
634 810 648 833 ,

435 843 541 898 quid
577 853 646 885 re-

434 906 647 961 quii-elur.

678 437 717 496 8
1767 434 2187 500 SERMONES
2224 436 2324 501 DE
2367 435 2760 503 TEMPORE.

677 568 954 649 quiritur
978 572 1053 633 ut
1066 573 1392 653 ,purgetur
1428 590 1469 635 a
1503 575 1785 655 peccato,
1830 575 1893 635 et
1930 571 2212 636 resolva-

676 677 783 739 tur
833 676 899 739 in
952 695 1187 760 aquam
1240 679 1630 756 devotionis;
1684 679 2086 744 abstrabatur
2131 680 2212 743 ab

676 801 895 850 amore
923 784 1268 863 mundano,
1299 789 1376 850 ut
1400 804 1525 850 non
1554 786 1636 850 sit
1674 786 1957 869 dispersa
1985 787 2064 851 ad
2104 806 2211 851 ex-

672 892 935 969 teriora;
969 892 1099 956 imo
1133 893 1462 974 recolligat
1505 911 1574 957 se
1616 893 1890 959 totaliter
1931 894 2011 958 ad
2059 895 2213 978 inte-

672 1000 865 1079 riora,
896 1017 978 1064 ne
1003 999 1440 1082 interponatur
1466 1000 1678 1082 aliqua
1703 1001 1913 1082 caligo
1939 1023 1954 1064 ε
1987 1009 2062 1065 ut
2082 1002 2204 1065 im-

675 1105 942 1185 mediate
969 1105 1233 1188 recipiat
1257 1107 1643 1172 stillicidium
1677 1107 1911 1172 divinae
1938 1107 2208 1173 influen-

672 1212 800 1292 tiae,
828 1217 891 1278 et
916 1214 1209 1295 degustet
1229 1215 1551 1281 dulcorem
1573 1219 1829 1279 aeternae
1851 1216 2203 1280 suavitatis,

673 1319 857 1386 Hunc
903 1321 1227 1388 dulcorem
1274 1323 1634 1407 aliqualiter
1684 1323 1957 1388 sentiens
2007 1323 2207 1388 David

672 1430 978 1513 propbeta
1004 1431 1249 1496 dicebat
1276 1433 1294 1466 ¹
1328 1453 1343 1496 ε
1385 1430 1926 1512 Quemadmodum
1953 1430 2207 1498 deside-

668 1542 775 1606 rat
799 1554 1022 1605 cervus
1044 1538 1135 1605 ad
1163 1542 1370 1620 sontes
1394 1556 1730 1622 aquarum,
1761 1543 1858 1607 ita
1884 1538 2209 1607 desiderat

671 1651 895 1716 anima
919 1665 1061 1716 mea
1088 1648 1179 1715 ad
1204 1655 1287 1729 te,
1318 1649 1503 1715 Deus.

750 1755 964 1822 Tertio
1003 1760 1260 1821 notatur
1298 1756 1534 1821 utilitas
1560 1757 1706 1820 finis
1731 1755 2201 1839 subsequentiS,

671 1883 821 1931 cum
845 1865 1001 1930 dicit
1025 1889 1039 1931 :
1070 1865 1327 1932 cunctis
1348 1865 1657 1947 flentibus.
1690 1863 1911 1928 Merito
1938 1868 2074 1928 erat
2093 1865 2205 1930 de-

670 1974 982 2038 sideratus
1009 1991 1048 2038 a
1073 1973 1308 2038 sanetis
1328 1973 1614 2056 patribus
1637 1978 1699 2037 et
1730 1973 1970 2037 cunctis
1997 1973 2204 2066 genti·

671 2083 815 2160 bus,
842 2101 919 2147 eo
936 2083 1119 2164 quod·
1135 2081 1416 2149 Christus
1431 2082 1499 2145 in
1521 2083 1644 2147 isto
1666 2082 1943 2145 adventu
1969 2081 2207 2146 meruit

671 2190 913 2255 cunctis
962 2190 1295 2272 gentibuS,
1351 2190 1561 2273 primo
1586 2238 1603 2270 ,
1674 2187 2204 2270 gratificationem

670 2298 1024 2379 adoptionis
1049 2298 1348 2378 benignae
1374 2298 1453 2380 (a)
1467 2345 1490 2377 ,
1519 2296 1793 2362 tollendo
1819 2295 2203 2377 originalem

669 2404 956 2487 culpam3
1002 2405 1308 2484 secundo,
1353 2404 1744 2487 apertionem
1789 2403 2059 2469 coelestis
2099 2405 2200 2484 ja-

669 2531 848 2594 nuae,
878 2518 1133 2597 propter
1170 2512 1486 2595 judicialis
1535 2511 1831 2576 vindictae
1877 2511 2205 2575 relaxatio-

670 2638 856 2701 nem;
906 2621 1092 2685 tertio
1111 2670 1128 2701 ,
1176 2620 1629 2685 sublimitatem
1678 2619 1888 2683 finalis
1938 2619 2166 2701 gloriae
2182 2668 2198 2697 ,

669 2729 1023 2796 amovendo
1051 2728 1374 2793 miseriam
1408 2727 1685 2791 totalem.
1718 2725 1933 2792 Primo
1978 2731 2202 2809 gentes

670 2859 783 2924 per
809 2840 1153 2905 adventum
1185 2838 1414 2903 Christi
1440 2843 1790 2902 consecutae
1827 2842 1975 2902 sunt
2010 2837 2204 2919 grati-

670 2950 1030 3012 ficationem
1055 2945 1405 3029 adoptionis
1430 2945 1731 3025 benignae
1748 2992 1766 3021 ‚
1812 2949 2069 3028 propter
2090 2946 2200 3010 de-

669 3056 966 3120 letionem
1019 3052 1347 3135 originalis
1404 3051 1629 3133 culpae.
1678 3050 1854 3115 Unde
1894 3051 2041 3116 dicit
2085 3052 2201 3117 Pe-

669 3168 808 3228 trus
832 3164 856 3197 ²
887 3181 904 3225 :
933 3162 1007 3228 Si
1028 3177 1171 3245 erqo
1204 3158 1485 3226 eamdem
1517 3158 1800 3241 qratiam
1837 3158 2021 3227 dedit
2067 3159 2203 3227 illis

669 3272 1005 3350 Dominus,
1037 3269 1269 3334 scilicet
1297 3267 1631 3349 gentibuS,
1661 3268 1832 3334 sicut
1877 3267 1951 3350 (b)
1987 3273 2046 3334 et
2084 3285 2198 3336 no—

669 3378 787 3458 bis,
816 3380 934 3460 qui
956 3375 1350 3444 credidimus
1383 3376 1451 3458 (c)
1490 3377 1564 3440 in
1600 3375 1814 3442 Jesum
1846 3375 2204 3456 christum,-

667 3485 756 3547 εἰη
791 3500 936 3568 erqo
977 3491 1035 3552 et
1079 3483 1368 3567 qemibus
1402 3484 1842 3565 poenitentiam
1884 3482 2068 3551 dedit
2113 3483 2204 3550 ad

666 3594 891 3659 vitam.
929 3591 1190 3658 Ratione
1214 3593 1412 3674 hujus
1446 3591 1735 3655 beneficii
1753 3639 1770 3671 ,
1821 3589 2018 3654 David
2067 3609 2204 3673 pro—

666 3700 859 3783 pheta
882 3701 1191 3768 invitabat
1216 3719 1437 3766 omnes
1466 3704 1689 3780 gentes
1728 3700 1809 3764 ad
1845 3701 2203 3782 gratiarum

667 3811 968 3890 actiones,
997 3809 1206 3874 dicens
1230 3811 1253 3845 ⁸
1296 3828 1312 3872 ε
1360 3807 1650 3876 Laudate
1686 3811 2035 3877 Dominum
2077 3827 2204 3877 om-

667 3934 780 3983 nes
805 3925 1042 4003 qentes,
1071 3918 1328 3985 laudate
1355 3934 1493 3984 eum
1520 3934 1732 3984 omnes
1750 3918 2019 3999 populi:
2044 3935 2202 4000 quo-

667 4028 850 4093 niam
876 4026 1261 4107 confirmata
1285 4032 1380 4094 est
1403 4042 1590 4109 super
1615 4042 1731 4092 nos
1755 4026 2204 4093 misericordia

669 4135 810 4216 ejus
856 4133 967 4216 (d).
1008 4133 1296 4200 Secundo
1324 4138 1570 4215 cunctae
1598 4137 1823 4213 gentes
1849 4138 2202 4199 consecutae

670 4245 823 4307 sunt
859 4260 972 4324 per
1015 4242 1209 4305 istum
1254 4240 1600 4305 adventum
1646 4239 2038 4321 apertionem
2083 4258 2205 4305 coe-

668 4349 839 4413 lestis
863 4351 1105 4430 Januae,
1126 4352 1383 4431 propter
1411 4347 1865 4412 relaxationem
1889 4348 2204 4430 judicialis

668 4454 1007 4534 vindictae3
1038 4458 1102 4520 et
1138 4459 1394 4538 propter
1418 4455 1540 4520 hoc
1576 4455 1805 4520 dicitur
1832 4455 1855 4490 ⁸
1898 4478 1911 4519 :
1947 4457 2203 4537 Aperite

664 4569 917 4645 portas,
984 4569 1043 4630 et
1111 4561 1513 4646 inmedietur
1564 4580 1719 4646 qens
1758 4563 1944 4645 justa
1995 4570 2201 4631 custo·

667 4671 855 4738 diens
919 4673 1269 4739 veritatem.
1328 4672 1523 4740 Vetus
1572 4672 1741 4736 enim
1794 4687 1968 4738 error
2008 4673 2199 4751 abiit,

668 4779 820 4862 quia
863 4779 1170 4846 Dominus
1210 4780 1391 4845 Jesus
1435 4780 1716 4845 Christus
1753 4780 2028 4845 habebat
2072 4781 2196 4845 cla-

668 4905 816 4951 vem
883 4887 1200 4952 reserandi
1278 4887 1517 4952 aditum
1590 4879 1979 4952 aeternitatis,
2056 4888 2200 4954 Ideo

670 4996 972 5075 tanquam
998 4994 1438 5060 auctoritatem
1464 4996 1704 5059 habens
1742 4995 2052 5077 angelicis
2077 4997 2201 5079 spi-

671 5100 897 5165 ritibus
923 5102 1085 5167 dixit
1111 5104 1179 5166 ⁸:
1223 5104 1479 5184 Aperite
1529 5103 1592 5185 (e)
1639 5108 1895 5184 portas,
1939 5104 2197 5185 princi-

732 5230 749 5263 ¹
778 5227 917 5277 Ρεαῖ.
945 5240 1052 5293 xm,
1084 5233 1133 5281 2.
1154 5257 1209 5267 -
1241 5229 1259 5259 ²
1285 5230 1416 5286 Act..
1447 5241 1519 5294 x1,
1552 5232 1627 5288 Π,
1654 5231 1729 5279 18.
1752 5254 1813 5267 —-
1840 5230 1858 5260 ⁸
1879 5229 2023 5280 Psal.
2059 5241 2197 5295 cxvi,

673 5304 730 5364 1,
767 5302 815 5349 2.
851 5325 913 5337 -
951 5300 974 5335 ⁸
1007 5302 1130 5364 Im„
1167 5312 1315 5365 xxm,
1357 5305 1412 5366 ¹,
1454 5303 1500 5351 2.
1529 5327 1590 5338 —
1618 5302 1639 5336 ⁸
1664 5300 1803 5352 Psal.
1833 5313 1993 5362 xxm,
2030 5303 2107 5351 19.
2141 5329 2196 5340 —

670 5374 690 5403 ⁸
718 5373 839 5431 lea..
866 5382 1017 5435 val,
1048 5376 1123 5422 12.
1160 5399 1212 5409 -
1254 5372 1273 5405 ⁷
1307 5377 1459 5436 Aug„
1494 5372 1554 5422 de
1589 5372 1740 5423 civit.
1774 5373 1891 5430 Dei,
1922 5372 2008 5422 lib.
2042 5374 2198 5435 ΧΧΙΙ,

670 5458 718 5496 0.
753 5453 841 5493 xxi
855 5478 872 5505 ,
901 5442 1069 5508 quoad
1097 5457 1321 5495 sensum.
1350 5471 1410 5482 --
1437 5444 1460 5480 ⁸
1487 5447 1633 5498 Hunc
1659 5443 1815 5496 habet
1840 5457 2044 5510 quoque
2063 5445 2198 5498 edit.

2319 590 2451 656 pes,
2482 579 2749 655 vestrae,
2779 577 3083 658 quoniam
3102 597 3217 660 per
3234 597 3454 645 meum
3471 585 3864 666 sanguinem

2323 682 2484 745 facta
2531 686 2627 747 est
2668 683 2980 765 reparatio
3034 687 3387 752 concordiae
3437 691 3858 772 universalis,

2321 788 2627 853 relaxatio
2684 789 2978 855 vindictae
3026 793 3363 873 jndicialis.
3421 795 3476 861 N
3478 817 3603 862 unc
3651 818 3822 882 ergo
3840 850 3861 879 ,

2321 899 2533 960 amoto
2577 896 2876 961 flammeo
2924 897 3138 978 gladio
3187 899 3266 964 de
3308 907 3494 984 porta
3543 908 3861 987 paradisi,

2322 1002 2468 1068 volo
2494 1006 2566 1066 ut
2589 1004 2702 1067 fiat
2730 1004 3033 1080 reseratio
3054 1008 3273 1089 januae
3300 1009 3567 1075 ccelestis
3597 1035 3614 1074 ε
3645 1019 3726 1079 ut
3760 1017 3868 1082 in·

2318 1110 2649 1194 mediatur
2695 1128 2848 1195 qens
2882 1113 3071 1194 justa
3108 1119 3168 1181 et
3216 1117 3574 1186 custodiens
3618 1124 3866 1190 verita-

2321 1223 2484 1283 tem:
2516 1222 2692 1284 vetus
2720 1220 2891 1283 enim
2917 1236 3089 1288 error
3128 1224 3354 1306 primae
3391 1229 3866 1308 praevaricatio-

2318 1323 2439 1418 niS,
2484 1325 2711 1388 merito
2751 1329 2849 1409 cuj
2858 1345 2935 1391 us
2980 1329 3384 1410 obligabatur
3424 1334 3503 1400 ad
3551 1354 3820 1418 poenam
3840 1385 3863 1418 ,

2318 1429 2503 1498 abiit.
2562 1430 2772 1495 Tertio
2826 1437 3050 1514 gentes
3107 1454 3222 1519 per
3260 1439 3456 1505 istum
3505 1444 3867 1510 adventum

2316 1541 2671 1603 consecutae
2699 1545 2849 1604 sunt
2876 1541 3322 1610 sublimitatem
3356 1548 3564 1613 finalis
3594 1551 3859 1633 gloriae,

2315 1651 2571 1728 propter
2593 1648 2977 1714 amotionem
3012 1652 3069 1734 (1·
3069 1654 3091 1732 )
3136 1653 3347 1718 totalis
3372 1655 3667 1723 miseriae.
3719 1657 3863 1723 Un-

2315 1752 2392 1816 de
2424 1753 2447 1787 ⁶
2492 1775 2508 1817 ι
2554 1754 2887 1823 Declinabo
2936 1773 3128 1840 super
3180 1775 3322 1826 eum
3369 1765 3562 1844 quasi
3606 1765 3865 1845 flumen

2309 1863 2518 1943 pacis,
2550 1862 2613 1926 id
2642 1867 2738 1927 est
2770 1867 2952 1946 quasi
2993 1865 3265 1947 gloriam
3298 1868 3748 1937 inundantem.
3785 1874 3863 1939 In

2314 1970 2612 2052 praedicto
2668 1971 2945 2036 themate
2985 1973 3215 2038 dicitur
3258 1975 3336 2041 de
3389 1976 3512 2042 hoc
3558 1998 3576 2043 ε
3626 1979 3867 2048 Veniet

2313 2076 2716 2146 desideratus
2774 2082 3021 2147 cunctis
3083 2082 3380 2165 qentibus
3398 2133 3419 2164 ,
3468 2092 3527 2152 et
3581 2087 3859 2170 implebo

2313 2183 2570 2250 domum
2607 2188 2804 2253 istam
2848 2188 3056 2268 aleria
3100 2208 3124 2253 :
3177 2191 3351 2272 quod
3393 2191 3768 2275 implebitur
3819 2215 3863 2261 a

2312 2290 2519 2356 Deoin
2546 2295 2830 2375 generali
2856 2297 3338 2377 resurrectione,
3369 2300 3622 2382 quando
3647 2321 3691 2365 a
3718 2322 3862 2368 cor-

2313 2417 2466 2481 pore
2494 2401 2829 2483 cujuslibet
2853 2402 3054 2482 beati,
3100 2407 3284 2486 cujus
3311 2422 3541 2489 corpus
3575 2409 3700 2474 fuit
3734 2411 3857 2476 do-

2313 2524 2458 2570 mus
2482 2512 2544 2569 et
2563 2507 2995 2573 habitaculum
3018 2508 3289 2593 Spiritus
3314 2515 3535 2594 sancti,
3555 2534 3668 2598 per
3693 2535 3858 2599 gra-

2310 2615 2464 2678 tiam
2483 2616 2881 2681 amovebitur
2898 2619 3108 2682 omnis
3129 2622 3471 2703 corruptio,
3495 2642 3608 2706 per
3629 2625 3854 2691 dotem

2311 2720 2828 2803 impassibilitatis
2835 2743 2855 2805 3
2890 2726 3098 2789 omnis
3125 2726 3489 2794 deformitas
3530 2735 3593 2795 et
3616 2731 3858 2799 obscu-

2312 2827 2485 2907 ritas,
2516 2847 2628 2912 per
2670 2830 2881 2895 dotem
2921 2832 3254 2915 claritatis;
3294 2838 3504 2900 omnis
3549 2840 3852 2920 tarditas,

2310 2953 2424 3018 per
2449 2937 2661 3001 dotem
2677 2939 2973 3020 agilitatis
2992 2963 3009 3020 ;
3041 2942 3252 3007 omnis
3276 2942 3611 3010 infirmitas
3627 2951 3692 3010 et
3709 2950 3854 3012 ani-

2311 3043 2595 3123 malitaS,
2640 3065 2754 3129 per
2794 3048 3006 3113 dotem
3045 3050 3301 3116 virtutis
3348 3057 3411 3116 et
3454 3054 3853 3121 subtilitatis.

2312 3150 2486 3216 Unde
2511 3153 2918 3236 Augustinus
2945 3162 2967 3198 “¹
3005 3179 3019 3221 ε
3059 3180 3090 3220 α
3117 3159 3465 3241 Abjicietur
3493 3180 3533 3225 a
3557 3167 3854 3246 corpori-

2308 3257 2430 3322 bus
2456 3263 2691 3326 nostris
2718 3265 2927 3328 omnis
2954 3266 3317 3331 deformitas
3337 3317 3355 3348 ,
3391 3270 3598 3334 omnis
3639 3273 3849 3337 tardi·

2309 3370 2428 3446 tae,
2460 3369 2665 3432 omnis
2692 3370 3053 3453 infirmitas,
3086 3376 3293 3439 omnis
3320 3378 3675 3461 corruptio,
3709 3381 3853 3448 sive

2310 3474 2708 3556 passibilitas.
2738 3500 2769 3536 »
2807 3478 2988 3555 Quod
3014 3481 3197 3545 nobis
3224 3487 3549 3564 praestare,
3581 3490 3699 3551 etc.

2822 3659 3109 3731 SERMO
3155 3664 3248 3733 ΙΠ
3276 3668 3322 3732 ⁸.

2388 3803 2627 3869 Emitte
2663 3820 2924 3870 manum
2952 3813 3133 3873 tuam
3177 3808 3254 3875 de
3279 3810 3406 3878 alto
3433 3811 3477 3891 ⁹,
3508 3815 3625 3877 etc.
3659 3815 3847 3896 Ecce,

2310 3912 2686 3992 charissimi,
2710 3913 2873 3976 sicut
2889 3914 3185 3997 naufragi
3203 3916 3272 3980 in
3294 3918 3503 3983 medio
3525 3920 3848 3987 fluctuum

2311 4017 3002 4100 periculosissimorum,
3027 4026 3090 4086 et
3109 4022 3273 4087 sicut
3299 4025 3529 4106 captivi
3552 4027 3622 4090 in
3641 4047 3846 4095 manu

2307 4125 2591 4191 hostium
2640 4128 3140 4200 saevissimorum
3192 4131 3551 4198 desiderant
3606 4135 3844 4202 libera-

2308 4233 2572 4313 tionem,
2601 4234 2690 4298 sic
2717 4240 2926 4318 patres
2965 4237 3212 4320 antiqui
3250 4238 3707 4307 ferventissime
3733 4244 3846 4309 de-

2308 4345 2667 4410 siderarunt
2712 4347 3011 4413 advenire
3054 4348 3445 4415 Salvatorem
3493 4353 3614 4418 sui.
3664 4353 3846 4422 Unde

2309 4452 2507 4516 David
2536 4453 2897 4518 exclamans
2911 4455 2991 4520 ad
3007 4455 3369 4538 Dominum,
3396 4457 3583 4525 dicit:
3606 4461 3847 4532 Emitte

2309 4575 2572 4625 manum
2600 4566 2796 4639 tuam,
2829 4567 2947 4626 etc.
2978 4561 3240 4627 Manum
3266 4564 3375 4630 Dei
3419 4566 3569 4631 dicit
3604 4568 3843 4637 Filium

2309 4667 2438 4732 Dei.
2492 4668 2695 4734 Homo
2745 4671 2916 4733 enim
2960 4689 3074 4753 per
3129 4688 3358 4737 manus
3401 4681 3733 4758 operatur,
3775 4683 3845 4744 et

2311 4775 2475 4840 Deus
2503 4795 2618 4859 per
2644 4776 2876 4842 Filium
2904 4780 2949 4819 ¹⁰
2982 4801 2996 4842 :
3029 4778 3262 4846 Omnia
3280 4797 3393 4862 per
3419 4771 3633 4866 ipsunt
3662 4785 3842 4865 facta

2305 4889 2476 4951 sunt.
2503 4885 2612 4948 Ait
2637 4903 2799 4965 ergo
2825 4907 2841 4949 ι
2872 4886 3107 4953 Emitte
3135 4903 3397 4955 manum
3424 4895 3620 4972 tuam,
3650 4892 3718 4958 id
3743 4899 3843 4960 est

2305 4988 2534 5055 Filium
2577 4995 2762 5055 tuum
2807 4992 2883 5057 de
2915 4992 3043 5058 alto
3069 4993 3300 5060 throno
3343 5018 3358 5061 :
3397 4999 3567 5081 eripe
3601 5017 3730 5082 me,
3779 5009 3841 5072 et

2307 5134 2466 5185 Paris.
2495 5149 2579 5185 an.
2615 5138 2761 5200 1521,
2790 5150 2992 5188 necnon
3030 5138 3157 5189 elios
3193 5144 3490 5205 sequentes,
3519 5155 3589 5208 xv,
3625 5158 3677 5208 v,
3706 5158 3758 5198 vt
3787 5151 3841 5200 et

2307 5220 2400 5259 νη.
2425 5235 2486 5246 -
2513 5210 2532 5239 ⁰
2559 5210 2694 5261 Psal.
2726 5222 2904 5273 cnm,
2934 5214 2981 5261 7.
3012 5238 3070 5248 —
3098 5213 3143 5248 ¹⁰
3168 5215 3331 5278 Joan„
3364 5225 3398 5280 ι,
3422 5219 3468 5267 3.

2367 5294 2435 5365 (α)
2467 5298 2589 5348 Goet.
2619 5297 2741 5348 edit.
2769 5299 3005 5365 benigne.
3035 5328 3097 5339 -
3127 5301 3195 5366 (ὁ)
3233 5304 3333 5355 Sic.
3367 5331 3430 5344 -
3458 5306 3522 5371 (c)
3554 5306 3835 5363 Credimus.

2303 5396 2364 5407 —
2416 5369 2497 5434 (d)
2543 5369 2662 5420 Cat.
2709 5370 2832 5420 edit.
2875 5371 2992 5422 add.
3043 5377 3095 5423 et
3136 5374 3375 5441 benignae
3420 5378 3726 5443 adoptionis,
3772 5406 3836 5423 -

2307 5444 2366 5508 (e)
2401 5441 2551 5506 vulg.
2583 5441 2830 5494 Attollite.
2857 5470 2918 5481 —
2949 5444 3021 5512 (f)
3048 5446 3171 5498 Coet.
3199 5446 3322 5500 edit.
3349 5449 3695 5505 amissionem.
