4059 6317
826 512 1206 580 DOMINICA
1244 508 1433 579 mv
1477 509 1672 578 POST
1717 506 2298 576 PENTECOSTEN.
2342 507 2608 577 SERMO
2649 508 2752 576 lv.

196 646 409 731 aquila
434 646 799 715 duashabet
816 648 967 714 alas.
998 646 1274 732 Require
1291 662 1488 732 snpra
1511 646 1583 712 in
1609 663 1738 712 ser-

197 770 385 820 mone
409 775 425 819 :
456 754 889 839 Numquidad
901 759 1283 841 praeceptum
1301 759 1504 834 tuum,
1527 752 1597 818 in
1620 756 1740 819 ter-

195 861 284 926 tio
309 862 608 928 membro
635 865 682 928 ¹.
1563 852 1570 858 ⁴

274 968 362 1035 De
402 973 633 1054 quarto
657 972 681 1006 ¹
721 993 736 1036 z
773 992 805 1033 ι
842 968 1197 1036 velociores
1237 972 1495 1036 fuerunt
1532 986 1740 1054 perse-

195 1077 445 1141 cutores
499 1077 701 1142 nostri
763 1076 993 1162 aquilis
1036 1077 1196 1143 coeli.
1238 1100 1269 1139 n
1342 1077 1508 1142 Ante
1563 1077 1739 1142 enim

195 1184 495 1250 transiret
537 1184 827 1250 diabolus
894 1184 1077 1250 mille
1132 1185 1427 1250 milliaria
1448 1232 1470 1264 ,
1540 1202 1740 1269 quam

195 1291 412 1374 aquila
453 1309 662 1356 unum
715 1309 1002 1376 passum.
1069 1291 1249 1357 Unde
1301 1292 1466 1357 sicut
1505 1291 1740 1376 aquilae

196 1398 364 1463 circa
421 1399 692 1464 cadaver
735 1399 1027 1465 foetidum
1084 1402 1567 1482 congregantur
1583 1448 1602 1480 ,
1650 1400 1742 1464 sic

197 1502 523 1568 daemones
551 1502 719 1568 circa
750 1508 1144 1587 peccatorem
1185 1486 1556 1570 festinanter
1597 1523 1740 1570 cou-

196 1611 467 1679 veniunt
487 1612 865 1677 morientem
882 1613 946 1677 ¹:
987 1634 1018 1675 α
1043 1611 1293 1678 Volabit
1317 1613 1500 1696 quasi
1523 1612 1741 1696 aquila

196 1717 504 1785 festinans
547 1718 626 1784 ad
658 1718 1141 1785 comedendum.
1172 1742 1203 1780 υ
1252 1719 1434 1789 Tunc
1471 1720 1741 1788 evadere

197 1844 332 1891 non
357 1828 564 1910 potest
585 1825 824 1909 impius
848 1825 1213 1892 diabolum:
1249 1846 1460 1913 neque
1490 1828 1741 1913 fugien-

197 1932 305 2013 do,
349 1933 502 2017 quia
534 1933 749 2017 aquila
776 1932 1054 1998 velocior
1094 1934 1173 2015 (α)
1221 1939 1351 2016 est;
1384 1953 1596 2020 neque
1639 1934 1742 2001 de-

195 2040 509 2106 fendendo
524 2088 542 2121 ,
591 2040 745 2124 quia
784 2040 1011 2106 tortior
1053 2028 1236 2107 leone
1282 2046 1381 2106 est
1426 2041 1738 2108 diabolus.

199 2147 379 2215 Unde
417 2147 713 2214 diabolus
753 2152 849 2214 est
900 2150 1103 2215 bestia
1146 2149 1255 2214 illa
1288 2149 1313 2185 ⁸
1353 2170 1370 2213 ε
1416 2171 1449 2212 ι
1495 2149 1574 2215 Et
1608 2149 1743 2215 alas

197 2255 475 2320 habebat
540 2256 722 2339 quasi
787 2256 1041 2339 aquilae.
1111 2277 1143 2317 t
1202 2255 1239 2322 J
1241 2275 1480 2323 oannes
1549 2256 1745 2341 Chry-

198 2366 518 2428 sostomus
550 2364 573 2400 ⁸
608 2384 625 2427 ε
666 2386 698 2424 α
737 2362 866 2428 Nec
893 2364 1228 2430 resistendi
1275 2352 1506 2443 virtus,
1553 2386 1584 2425 υ
1619 2369 1738 2430 etc.

200 2468 479 2555 Require
492 2470 562 2535 in
577 2488 869 2536 sermone
884 2472 1090 2555 primo
1110 2471 1187 2556 (b)
1207 2490 1225 2538 :
1248 2472 1469 2540 Omnis
1494 2472 1680 2540 arbor
1690 2473 1740 2540 ⁸.

27 2595 176 2639 mm·
201 2576 280 2644 Et
306 2578 473 2644 bene
497 2579 720 2644 leaenae
740 2583 1146 2664 comparatur
1168 2581 1481 2646 diabolus.
1515 2580 1745 2647 Leaena

0 2656 108 2700 aum.

203 2687 379 2754 enim
404 2687 661 2772 quando
686 2689 870 2752 timet
896 2687 1140 2753 catulos
1172 2690 1460 2773 perdere,
1498 2688 1746 2754 ferocis·

201 2796 368 2860 sima
401 2800 537 2861 est:
565 2796 657 2859 ita
689 2794 999 2876 diabolus,
1030 2795 1288 2880 quando
1313 2814 1430 2880 per
1472 2808 1745 2862 couver-

203 2903 451 2968 sionem
502 2903 793 2967 amittere
836 2903 1021 2968 timet
1081 2908 1498 2986 peccatorem.
1558 2902 1748 2969 lsido-

202 3010 366 3076 rus⁷
402 3031 419 3075 ι
462 3032 496 3072 ι
537 3008 717 3075 Tunc
753 3011 920 3076 circa
966 3030 1155 3090 eum,
1200 3030 1392 3095 quem
1433 3011 1745 3095 possidet,

204 3117 500 3183 diabolus
523 3117 734 3183 acrius
769 3119 974 3200 saevit,
1013 3137 1144 3204 quo
1183 3138 1252 3184 se
1295 3119 1482 3185 citius
1528 3118 1746 3187 divina

205 3227 447 3292 virtute
471 3226 551 3291 ab
573 3243 649 3292 eo
669 3226 1120 3310 expellendum
1146 3228 1563 3311 recognoscit.
1585 3249 1617 3288 ι)

749 3405 1038 3477 SERMO
1083 3407 1201 3479 IV.

293 3552 346 3618 T
341 3568 468 3619 uno
493 3552 822 3635 apparebit
850 3555 1109 3637 sianum
1139 3553 1306 3621 Filii
1347 3554 1628 3622 hominis
1670 3556 1748 3621 in

204 3660 354 3728 coelo
375 3661 422 3724 ⁸.
443 3658 657 3744 Supra
682 3660 753 3725 in
780 3661 1004 3727 eodem
1030 3660 1392 3743 evangelio,
1422 3662 1654 3726 dicitur
1670 3667 1694 3704 ¹
1725 3682 1743 3726 t

215 3791 245 3829 α
272 3767 530 3855 Dabunt
557 3752 747 3850 signa
785 3787 1048 3852 magna,
1093 3790 1125 3830 t
1160 3773 1279 3835 etc.
1327 3768 1742 3835 Consideran-

204 3877 362 3942 dum
390 3878 631 3957 autem,
662 3877 833 3961 quod
861 3881 1145 3961 tempore
1174 3877 1525 3943 novissimo
1551 3895 1745 3963 appa-

205 3984 458 4050 rebunt·
476 3983 916 4068 quadruplicia
965 3985 1158 4066 signa.
1199 4006 1216 4050 t
1263 3985 1507 4070 prime,
1557 3985 1749 4067 signa

206 4092 443 4159 erroris
468 4093 549 4157 ad
574 4091 1051 4176 decipiendum3
1081 4094 1382 4174 secundo,
1409 4094 1599 4175 signa
1626 4097 1749 4158 ter-

206 4203 375 4268 roris
399 4200 482 4266 ad
508 4200 1030 4281 concutiendum;
1059 4201 1269 4280 tertio,
1294 4201 1484 4283 signa
1506 4201 1748 4266 amoris

207 4309 289 4375 ad
313 4307 825 4375 convincendum
839 4328 857 4387 ;
898 4310 1152 4390 quarto,
1177 4307 1368 4390 signa
1400 4307 1645 4374 decoris
1668 4309 1749 4373 ad

207 4415 721 4483 retribuendum.

288 4524 379 4590 De
428 4523 654 4607 primis
695 4521 925 4588 dicitur
974 4521 1046 4586 in
1103 4521 1227 4586 hoc
1275 4521 1613 4604 evangelio
1659 4528 1683 4565 ⁹
1729 4544 1744 4587 z

217 4659 248 4697 α
277 4633 565 4716 Surgent
595 4629 1051 4716 pseudochristi
1078 4632 1142 4694 et
1158 4628 1749 4714 pseudoprophetae‚

210 4747 273 4808 et
298 4741 548 4809 dabunt
571 4738 787 4820 signa,
817 4760 847 4797 n
877 4741 996 4802 etc.
1018 4736 1154 4803 Hoc
1180 4737 1460 4802 maxime
1477 4737 1751 4821 intelligi

212 4851 419 4932 potest
441 4846 519 4912 de
545 4845 842 4929 apostolis
874 4844 1272 4925 Antichristi,
1302 4845 1417 4930 qui
1463 4846 1647 4931 plura
1678 4847 1754 4911 si-

214 4974 349 5038 gna
372 4954 625 5019 facient.
655 4951 1001 5036 Gregorius
1028 4959 1111 5019 ¹⁰:
1152 4976 1183 5016 α
1198 4953 1522 5021 Fidelibus
1543 4955 1611 5020 in
1629 4956 1756 5020 An-

211 5063 504 5129 tichristo
531 5060 880 5127 certamina
914 5078 1045 5125 non
1088 5061 1386 5142 deerunt3
1426 5063 1536 5128 sed
1579 5068 1756 5129 tanta

213 5176 408 5238 erunt
431 5170 602 5236 illius
627 5168 956 5253 temporie,
1003 5172 1077 5234 ut
1116 5172 1480 5235 nostrorum
1528 5189 1753 5255 pauca,

280 5299 297 5335 ¹
327 5296 446 5350 Vid.
476 5310 614 5362 sup„
648 5309 769 5361 pag.
800 5295 882 5360 87,
919 5295 1019 5348 col.
1048 5297 1095 5347 2.
1125 5321 1185 5333 —
1216 5296 1241 5331 ⁸
1266 5295 1458 5361 rma„
1487 5309 1562 5363 lv,
1587 5301 1666 5352 19.
1693 5325 1756 5338 -

215 5371 237 5405 ⁸
265 5367 476 5432 Babae„
507 5380 557 5431 1,
598 5370 648 5420 8.
680 5393 742 5407 -
778 5367 800 5403 ⁸
837 5368 991 5431 Dan„
1033 5379 1136 5433 vn,
1172 5368 1219 5419 4.
1249 5393 1313 5405 —
1348 5368 1371 5404 ⁸
1404 5368 1665 5436 Chrysost.
1692 5398 1755 5411 -

216 5441 240 5477 ⁸
265 5440 385 5492 Vid.
419 5455 555 5505 sup„
593 5441 737 5491 Dom.
767 5452 870 5504 vn,
893 5440 1009 5505 poet
1034 5440 1199 5501 Pani„
1231 5453 1385 5492 serm.
1411 5452 1470 5505 u,
1493 5456 1612 5508 pag.
1641 5445 1756 5494 37⁰.

220 5513 318 5569 col.
355 5516 401 5563 1.
431 5538 491 5553 -
522 5512 539 5543 ²
571 5511 686 5565 isid.
712 5537 771 5550 -
798 5510 823 5548 ⁸
851 5509 1055 5581 uatem,
1085 5522 1227 5579 xxiv,
1256 5513 1335 5563 3⁰.
1355 5537 1419 5557 -—
1447 5513 1467 5543 ¹
1497 5513 1646 5585 ibid„
1674 5516 1754 5566 24.

3270 508 3381 573 491

1847 645 1954 712 vel
1978 644 2159 709 nulla
2181 644 2544 710 videantur.
2571 664 2603 704 n
2629 640 2673 683 ¹¹
2704 665 2735 706 α
2752 642 3023 710 Seducet
3034 641 3393 708 habitantes

1849 755 1919 818 in
1944 757 2117 818 terra
2160 756 2418 837 propter
2456 752 2648 835 signa
2663 799 2682 833 ,
2723 769 2873 836 quae
2912 750 3060 816 data
3100 752 3256 814 sunt
3298 746 3391 813 illi

1849 862 2075 928 faeere.
2105 885 2137 925 t
2166 863 2241 929 In
2268 864 2492 929 eodem
2513 862 2787 948 capitulo
2812 861 3050 945 legitur
3075 859 3145 924 in
3170 860 3385 926 diver-

1848 970 1936 1035 sis
1957 970 2113 1035 locis
2139 970 2310 1055 quod
2338 970 2664 1036 simulabit
2689 989 2758 1035 se
2778 968 3201 1035 Antichristus
3222 985 3390 1033 mor-

1849 1082 2062 1159 tuum,
2110 1080 2173 1159 et
2210 1096 2325 1163 per
2356 1078 2645 1144 triduum
2685 1077 2885 1142 latens
2934 1074 3282 1160 apparebit,
3327 1092 3395 1140 se

1850 1185 2065 1250 dicens
2091 1186 2494 1265 suscitatum,
2537 1189 2601 1250 et
2635 1183 2822 1251 faciet
2861 1200 3169 1265 magnam
3194 1182 3389 1248 visio-

1849 1311 2000 1358 nem
2049 1292 2436 1357 ascensionis
2491 1293 2559 1356 in
2604 1293 2859 1357 coelum.
2924 1290 3084 1355 Item
3124 1288 3392 1373 apostoli

1849 1404 1989 1484 ejus
2012 1400 2369 1466 discurrent
2395 1418 2510 1484 per
2545 1401 2790 1479 orbem,
2822 1401 2895 1463 ut
2936 1398 3167 1462 faciant
3197 1415 3392 1463 mun-

1849 1509 2007 1576 dum
2036 1507 2300 1573 adorare
2325 1508 2811 1573 Antichristum.
2863 1504 2942 1570 Et
2988 1506 3151 1569 sicut
3188 1504 3391 1589 Spiri-

1851 1622 1956 1684 tus
1982 1621 2237 1682 sanctus
2265 1617 2334 1681 in
2359 1616 2511 1698 igne
2536 1615 2851 1681 descendit
2868 1615 2914 1652 ¹²
2933 1632 3127 1698 super
3151 1618 3395 1698 aposto-

1848 1724 1965 1805 los,
1993 1724 2085 1789 sic
2119 1722 2546 1789 Antichristus
2585 1724 2942 1805 malignum
2984 1721 3210 1804 ignem
3248 1720 3390 1786 des-

1850 1832 2120 1898 cendere
2143 1832 2330 1896 taciet
2346 1849 2538 1915 super
2556 1849 2728 1912 suos,
2757 1835 2822 1896 et
2836 1829 3180 1917 loquentur
3196 1830 3396 1897 variis

1849 1938 2095 2020 linguis
2117 1986 2136 2019 ,
2184 1941 2249 2002 ct
2295 1938 2526 2003 facient
2579 1938 2720 2002 fleri
2765 1938 3043 2002 statuam
3087 1937 3398 2020 imaginis

1850 2045 2101 2127 Christi,
2136 2048 2201 2111 et
2239 2050 2379 2111 arte
2410 2046 2664 2129 magica
2696 2044 2924 2111 facient
2947 2044 3152 2130 loqui,
3190 2048 3254 2110 et
3290 2046 3396 2111 fu-

1849 2154 1996 2219 tura
2030 2154 2396 2237 praedicere.
2446 2153 2611 2219 Dum
2652 2171 2812 2236 ergo
2854 2153 3080 2235 ignem
3124 2152 3396 2232 mittere,

1851 2264 1916 2325 et
1964 2265 2257 2326 mortuos
2295 2262 2595 2327 suscitare
2639 2260 2987 2341 videbitur,
3028 2278 3190 2345 pene
3230 2264 3403 2326 totus

1852 2369 2132 2435 mundus
2150 2369 2507 2436 seducetur.
2538 2368 2885 2451 Gregorius
2907 2369 2955 2405 ¹⁸
2984 2390 3000 2433 t
3030 2391 3061 2431 α
3080 2367 3199 2447 Qui
3224 2368 3404 2433 electi

1851 2482 2005 2543 sunt
2058 2478 2139 2543 ad
2196 2476 2683 2561 persistendum,
2726 2494 2846 2560 per
2913 2475 3105 2557 signa
3169 2474 3401 2559 praedi-

1851 2587 2152 2650 catorum
2177 2583 2571 2662 Antichristi,
2604 2583 3034 2666 precabuntur
3059 2580 3140 2646 ad
3174 2581 3401 2646 caden-

1852 2691 2010 2757 dum
2034 2691 2102 2756 ¹⁸.
2127 2713 2159 2752 n

1933 2797 2021 2863 De
2063 2799 2342 2863 secundo
2388 2799 2473 2863 ¹⁸:
2513 2822 2545 2863 ι
2573 2796 2779 2863 Erunt
2823 2796 3016 2879 signa
3057 2796 3127 2861 in
3169 2794 3302 2861 sole
3342 2798 3408 2861 et

1851 2907 2030 2988 luna,
2062 2929 2093 2967 ι)
2125 2911 2242 2972 etc.
2289 2905 2722 2991 Hieronymus
2764 2907 2834 2971 in
2878 2904 3235 2971 Annalibus
3274 2903 3402 2970 He·

1854 3014 2045 3080 braeis
2068 3014 2321 3079 invenit
2360 3015 2728 3100 quindecim
2760 3015 2956 3096 signa
2979 3013 3231 3079 dierum
3256 3016 3404 3079 ante

1853 3121 2022 3188 diem
2043 3123 2293 3205 Judicii.
2325 3121 2451 3189 Sed
2477 3126 2702 3188 utrum
2731 3120 3017 3188 continui
3042 3120 3245 3186 futuri
3270 3119 3403 3185 sint

1854 3232 1989 3296 dies
2033 3230 2123 3294 illi
2143 3278 2162 3309 ,
2219 3248 2303 3295 an
2345 3230 2773 3314 interpolatim
2794 3279 2814 3312 ‚
2877 3247 3009 3295 non
3068 3228 3401 3314 expressit.

1855 3339 2074 3406 Prima
2097 3338 2202 3405 die
2240 3338 2452 3420 eriget
2493 3356 2563 3404 se
2597 3357 2776 3405 mare
2818 3337 3244 3422 quadraginta
3285 3355 3401 3403 cu·

1854 3447 2001 3513 bitis
2052 3464 2246 3531 super
2288 3446 2687 3512 altitudinem
2726 3446 3067 3525 montium,
3114 3450 3287 3512 stans
3336 3446 3400 3510 in

1851 3555 1992 3620 loco
2020 3572 2142 3620 suo
2170 3556 2355 3639 quasi
2381 3573 2631 3621 murus.
2662 3553 2958 3620 Secundo
2983 3556 3239 3618 tantum
3264 3553 3401 3618 des·

1854 3663 2097 3743 cendet,
2129 3663 2298 3748 quod
2329 3664 2442 3730 vix
2465 3664 2663 3746 possit
2682 3662 2910 3728 videri.
2942 3660 3155 3726 Tertio
3182 3659 3392 3725 maxi-

1853 3789 1979 3836 mae
2005 3771 2236 3836 belluae
2271 3774 2646 3855 apparentes
2680 3788 2877 3853 super
2905 3786 3083 3834 mare
3119 3767 3399 3848 stabunt,

1854 3883 1915 3943 et
1940 3878 2181 3943 dabunt
2207 3878 2473 3960 rugitus
2499 3895 2705 3961 usque
2748 3876 2828 3943 ad
2870 3876 3132 3943 coelum.
3167 3874 3404 3954 Quarto

1852 3986 2099 4053 ardebit
2121 4005 2298 4052 mare
2325 3991 2389 4051 et
2413 4003 2605 4069 aqua.
2647 3985 2882 4063 Quinto
2929 3985 3151 4051 herbae
3188 3988 3252 4050 et
3295 4002 3399 4049 ar-

1855 4095 2042 4161 bores
2083 4096 2330 4160 dabunt
2349 4111 2593 4191 ,rorem
2635 4098 2699 4158 et
2749 4094 3159 4177 sanguinem.
3208 4092 3403 4160 Sexto

1853 4210 2045 4269 ruent
2092 4203 2382 4269 aediflcia.
2418 4201 2704 4285 Septimo
2741 4206 2938 4285 petrae
2994 4202 3077 4268 ad
3126 4201 3403 4267 invicem

1855 4310 2261 4376 collidentur.
2323 4308 2558 4377 Octavo
2615 4311 2728 4374 flet
2795 4308 3117 4391 generalis
3186 4311 3403 4374 motus

1855 4421 2066 4483 terrae.
2096 4416 2276 4483 Nono
2316 4417 2680 4501 aequabitur
2718 4423 2910 4482 terra.
2958 4417 3215 4482 Decimo
3263 4417 3401 4481 exi-

1858 4524 2021 4589 bunt
2060 4523 2352 4589 homines
2388 4524 2467 4590 de
2513 4524 2803 4589 cavernis
2819 4572 2841 4604 ,
2890 4528 2955 4590 et
2995 4524 3181 4589 ibunt
3224 4523 3406 4590 velut

1858 4636 2163 4712 amentes,
2201 4649 2412 4716 neque
2435 4634 2734 4716 poterunt
2761 4635 2986 4698 mutuo
3026 4631 3228 4716 loqui.
3273 4631 3404 4697 Un-

1858 4739 2106 4805 decimo
2123 4743 2393 4823 surgent
2418 4757 2560 4804 ossa
2595 4743 3022 4820 mortuorum,
3049 4741 3114 4804 et
3139 4738 3405 4804 stabunt

1860 4865 2059 4932 supra
2085 4846 2397 4931 sepulcra.
2439 4846 2826 4913 Duodecimo
2862 4847 3088 4912 cadent
3131 4845 3210 4912 de
3245 4845 3407 4913 coelo

1859 4955 2082 5021 stellas.
2115 4955 2558 5021 Decimotertie
2596 4956 2949 5022 morientur
2983 4954 3277 5021 homines
3304 4957 3403 5022 vi-

1863 5068 2106 5145 ventes,
2139 5067 2217 5129 ut
2241 5081 2393 5127 cum
2420 5063 2692 5128 mortuis
2719 5066 3080 5146 resurgant.
3112 5061 3400 5129 Decimo-

1862 5176 2094 5257 quarto
2111 5171 2355 5237 ardebit
2368 5170 2603 5238 coelum
2623 5173 2687 5236 et
2709 5174 2900 5237 terra.
2924 5171 3407 5256 Decimoquinto

1862 5370 1924 5382 —
1948 5344 1994 5380 ¹⁰
2027 5345 2182 5408 Greg.
2222 5369 2286 5381 —
2311 5343 2350 5378 ¹¹
2384 5343 2554 5408 apoc„
2583 5353 2714 5407 ¹111,
2744 5342 2823 5393 14.
2847 5366 2913 5381 —
2943 5342 2983 5378 ¹²
3018 5340 3152 5405 Act..
3181 5353 3245 5403 ιι,
3272 5345 3325 5395 2.
3347 5369 3412 5384 —

1865 5415 1906 5450 ¹⁸
1932 5418 2082 5482 Greg.
2112 5443 2173 5455 -
2205 5417 2244 5453 ¹⁴
2277 5419 2441 5468 Locus
2468 5416 2762 5480 corruptus.
2785 5439 2845 5452 -
2874 5414 2917 5451 ¹⁸
2942 5414 3081 5478 Luc„
3109 5426 3222 5480 xxi,
3248 5418 3331 5469 25.

1930 5518 1995 5581 (α)
2026 5516 2150 5569 Goet.
2178 5514 2305 5567 edit.
2333 5512 2598 5571 velociter.
2619 5538 2682 5552 —
2699 5511 2773 5581 (b)
2802 5513 2918 5581 leq.
2946 5513 3196 5571 secundo.
