4059 6317
590 592 696 666 dia
720 588 955 674 aperit,
963 605 1125 673 quos
1140 585 1358 654 fideles
1375 586 1444 652 in
1469 585 1653 652 bellis
1678 588 1898 652 contra
1913 583 2130 649 hostes

594 699 829 763 animae
851 696 1075 762 noscit.
1127 694 1419 760 Psalmus
1452 699 1473 735 ¹
1506 717 1523 757 ι
1562 717 1594 756 α
1617 693 1845 778 Aperis
1869 696 1945 760 tu
1989 709 2127 756 ma-

594 823 761 898 num
786 809 965 870 tuam
985 852 1005 886 ‚
1031 824 1063 864 n
1098 805 1218 869 etc.
1247 801 1652 885 Augustinus
1672 803 1698 839 ¹
1726 819 1746 867 t
1782 824 1813 862 α
1834 798 2134 865 Mirabili-

594 917 695 979 ter
718 928 997 977 suorum
1022 910 1310 975 fidelium
1350 909 1721 994 pauperiem
1760 907 2016 994 ditavit,
2070 911 2135 973 et

595 1019 1098 1086 indeficientibus
1125 1018 1311 1084 bonis
1342 1019 1687 1084 thesaurus
1727 1017 1956 1101 plenus
1998 1016 2136 1099 ipse

597 1128 972 1213 permansit.
1000 1149 1032 1188 ι»
1054 1126 1180 1193 Sed
1195 1175 1215 1209 ‚
1247 1127 1408 1192 heu!
1443 1145 1480 1191 e
1504 1125 1821 1191 contrario
1845 1123 2137 1189 diabolus

598 1235 737 1302 suis
792 1234 1101 1299 militibus
1131 1280 1149 1313 ,
1207 1233 1441 1298 scilicet
1490 1231 1779 1316 superbis
1799 1276 1818 1309 ‚
1873 1230 2085 1296 avaris
2107 1275 2134 1309 ,

599 1341 971 1421 luxuriosis,
994 1340 1198 1424 aperit
1213 1340 1546 1406 thesauros
1557 1337 1721 1418 illos,
1742 1338 1822 1426 de
1834 1338 2131 1421 quibus⁸z

601 1473 637 1540 ς
666 1448 771 1514 Nil
791 1449 1159 1532 proderunt.
1173 1446 1462 1512 thesauri
1502 1446 1862 1529 impietatis.
1881 1465 1913 1506 n
1958 1443 2137 1509 Unde

597 1557 677 1632 de
692 1555 1027 1635 Antioche,
1042 1553 1155 1638 qui
1168 1552 1495 1619 diabolum
1509 1552 1562 1616 si
1566 1552 1829 1634 gnificat
1845 1550 1868 1586 ⁸
1887 1571 1904 1614 ι
1920 1573 1952 1614 α
1966 1552 2138 1635 Ape-

598 1664 737 1742 ruit
763 1662 1066 1728 aerarium
1092 1677 1283 1726 suum
1296 1704 1318 1737 ‚
1337 1662 1402 1724 et
1426 1658 1597 1724 dedit
1622 1658 1935 1743 stipendia
1959 1676 2139 1724 exer-

598 1769 774 1836 citui.
800 1790 834 1829 r

684 1876 775 1941 De
830 1875 1038 1956 tertie,
1093 1873 1430 1939 Psalmista
1476 1874 1499 1910 ⁸
1547 1895 1565 1938 ι
1606 1895 1638 1935 ι
1684 1874 1940 1957 Aperite
1978 1874 2140 1939 mihi

604 1986 820 2070 portas
838 1980 1136 2066 justitiae,
1180 2002 1212 2042 ι
1247 1985 1366 2048 etc.
1398 2000 1645 2068 usque:
1687 2005 1719 2044 α
1736 1983 1900 2067 justi
1950 1982 2142 2048 intra·

602 2091 771 2180 bunt
792 2089 863 2156 in
887 2107 1053 2154 eam.
1083 2110 1115 2150 n
1151 2088 1303 2155 Haec
1328 2093 1546 2154 autem
1587 2090 1827 2173 apertio
1853 2090 2017 2154 facta
2046 2094 2143 2156 est

606 2215 720 2284 per
747 2198 994 2263 clavem
1039 2196 1244 2262 crucis
1287 2195 1545 2277 Christi,
1592 2194 1673 2262 de
1700 2214 1830 2280 qua
1856 2196 1879 2232 ⁸
1920 2218 1937 2261 ε
1970 2218 2002 2259 α
2028 2196 2143 2262 Do-

600 2323 757 2374 mus
796 2304 992 2370 David
1008 2352 1033 2384 ,
1071 2304 1236 2370 dabo
1274 2304 1520 2371 clavem
1562 2321 1759 2388 super
1795 2304 2143 2369 humerum

609 2416 795 2498 ejus:
826 2415 889 2476 et
932 2412 1191 2495 aperiet,
1221 2415 1285 2476 et
1321 2428 1455 2476 non
1490 2411 1612 2476 erit
1645 2413 1760 2498 qui
1802 2412 2078 2493 claudat,
2101 2435 2134 2476 n

599 2524 847 2602 ‚scilieet
888 2526 1034 2590 ante
1065 2522 1235 2587 diem
1258 2521 1502 2606 judicii.
1533 2521 1583 2589 Ο
1621 2522 1833 2605 gratia
1860 2532 2140 2607 magna!

604 2632 831 2710 'anima
860 2630 940 2696 de
964 2629 1222 2714 proprio
1264 2629 1582 2695 domicilio
1626 2631 1908 2714 corporis
1938 2631 2148 2716 expel-

610 2740 787 2819 litur,
843 2740 919 2803 ut
954 2737 1262 2822 palatium
1303 2736 1446 2801 coeli
1487 2738 1549 2802 ei
1591 2738 1939 2821 aperiatur,
1982 2738 2149 2805 sicut

609 2848 783 2930 patet
821 2845 899 2910 de
939 2842 1259 2929 Stephano
1295 2844 1319 2880 ‘¹
1364 2865 1382 2909 ε
1422 2866 1453 2906 α
1497 2842 1693 2910 Video
1737 2844 1928 2910 coelos
1967 2863 2150 2929 aper·

613 2957 736 3033 tos,
768 2974 801 3013 n
829 2955 948 3018 etc.
979 2951 1282 3035 Sequitur
1306 2951 1329 2986 ⁸
1359 2969 1378 3014 ε
1419 2972 1451 3012 α
1488 2950 1566 3016 Et
1601 2950 1883 3032 claudet,
1927 2956 1992 3018 et
2014 2969 2149 3018 non

612 3058 734 3124 erit
757 3059 870 3142 qui
904 3057 1174 3140 aperiat,
1205 3078 1235 3116 υ
1272 3056 1508 3122 scilicet
1531 3059 1674 3140 post
1705 3056 1877 3121 diem
1896 3058 2146 3141 Judicii.

613 3160 788 3228 Nulli
823 3162 998 3227 enim
1023 3166 1243 3245 postea
1279 3161 1603 3244 aperietur
1611 3183 1631 3241 ;
1660 3161 1830 3227 unde
1860 3164 1928 3227 ⁸:
1967 3185 2000 3224 α
2025 3162 2152 3229 Do-

617 3271 826 3350 mine,
856 3268 1143 3349 Domine,
1188 3269 1366 3352 aperi
1403 3268 1619 3349 nobis,
1666 3290 1699 3329 n
1728 3274 1848 3335 etc.
1893 3288 2098 3355 usque
2128 3293 2147 3337 z

621 3404 655 3441 α
677 3379 888 3444 nescio
903 3396 1042 3444 vos,
1071 3400 1104 3439 ι»
1131 3377 1475 3460 Gregorius
1493 3378 1557 3442 ⁰:
1586 3401 1618 3441 ι
1640 3377 1819 3444 Tunc
1853 3380 2040 3462 regni
2059 3382 2151 3464 ja·

617 3485 1130 3568 nualugentibus
1146 3484 1493 3564 claudetur,
1511 3503 1661 3569 quae
1672 3486 1860 3553 modo
1873 3488 2154 3571 quotidie

617 3593 922 3678 aperitur.
954 3592 1077 3658 Sed
1096 3593 1265 3658 heul
1297 3591 1458 3656 sicut
1483 3592 1718 3658 coelum
1745 3599 2039 3677 apertum
2056 3598 2153 3661 est

612 3699 1060 3786 prudentibus,
1086 3705 1152 3767 et
1175 3701 1460 3765 infernus
1485 3699 1676 3765 fatuis
1697 3706 1761 3767 et
1780 3702 2154 3769 charitatem

614 3826 748 3874 non
772 3808 1155 3873 habentibus
1185 3813 1281 3873 est
1315 3811 1609 3890 apertum
1654 3808 1699 3845 ¹⁰
1738 3830 1754 3874 ε
1802 3832 1835 3872 α
1862 3808 2156 3888 Dilatavit

616 3913 915 3979 infernus
930 3914 1210 3978 animam
1237 3932 1447 3995 suam,
1485 3917 1550 3980 et
1576 3915 1824 3998 aperuit
1849 3932 1923 3981 os
1958 3934 2152 3982 suum

615 4022 856 4105 absque
881 4021 1016 4087 ullo
1042 4021 1339 4087 termino.
1371 4043 1402 4083 n

696 4128 784 4195 De
811 4134 1035 4213 quarto
1066 4131 1108 4166 ¹¹
1141 4151 1199 4194 :n
1226 4128 1385 4196 Ecce
1411 4147 1534 4212 ego
1561 4130 1842 4214 aperiam
1867 4131 2155 4198 tumulos

615 4239 882 4316 vestros,
904 4241 969 4301 et
991 4236 1258 4302 educam
1280 4254 1397 4301 vos
1428 4236 1495 4299 in
1525 4241 1763 4302 terram
1789 4236 2001 4317 lsrael,
2022 4260 2056 4299 υ
2090 4239 2154 4305 id

617 4347 713 4409 est
742 4392 765 4424 ,
817 4344 888 4407 in
933 4343 1206 4426 patriam
1263 4343 1601 4407 coelestem.
1648 4342 1917 4421 Quidam
1960 4349 2151 4427 sunt,

618 4467 900 4540 quorum
934 4452 1082 4513 sunt
1103 4467 1368 4531 corpora
1395 4449 1466 4513 in
1495 4448 1863 4531 sepulchro,
1884 4450 1994 4516 sed
2020 4453 2156 4517 ani-

617 4575 744 4624 mae
770 4557 841 4622 in
880 4557 1152 4622 inferno.
1194 4555 1447 4623 Clavem
1489 4560 1706 4623 autem
1749 4558 1829 4622 ad
1865 4559 2154 4641 aperien-

620 4665 776 4730 dum
802 4663 976 4748 quod
1002 4681 1176 4728 mors
1214 4662 1525 4728 clauserat
1566 4663 1634 4728 in
1671 4663 2009 4748 sepulchro
2028 4715 2049 4747 ,
2092 4671 2157 4732 et

623 4772 914 4838 diabolus
937 4773 1006 4836 in
1035 4772 1306 4851 inferno,
1336 4771 1458 4835 sibi
1485 4770 1744 4836 retinuit
1770 4771 2051 4840 Christus
2070 4773 2151 4841 ¹²:

634 4903 666 4942 ι
706 4878 925 4945 Habeo
966 4878 1176 4944 claves
1236 4877 1460 4943 mortis
1514 4882 1578 4942 et
1621 4878 1871 4944 inferni.
1895 4900 1926 4940 ιι
1962 4877 2156 4946 ‘Tunc

623 4990 794 5053 certe
818 4988 1138 5071 aperietur
1163 4989 1335 5051 terra
1359 4985 1441 5051 ad
1461 4985 1775 5071 judicium
1803 5004 2153 5072 resurgen-

622 5220 645 5256 ι
666 5150 702 5270 1¹
711 5146 892 5278 ὖιῗέιξῖ,
916 5150 1208 5284 luffa&
1236 5147 1615 5281 i'pslstssvn’,
1634 5147 1986 5283 1⁸9f³2⁰⁶⁶⁸⁹1sf12
2013 5151 2152 5288 {ln-J

619 5293 697 5346 22.
715 5315 780 5328 —
805 5292 823 5323 ²
850 5291 983 5356 Act„
1010 5303 1103 5356 vn,
1126 5293 1206 5343 55.
1231 5317 1293 5331 -
1320 5290 1563 5357 wazela,
1590 5302 1714 5354 xxv,
1741 5295 1817 5343 11.
1842 5318 1898 5330 -
1931 5293 1951 5323 ⁰
1972 5291 2149 5357 Greg„

618 5363 673 5411 in
715 5363 932 5428 Evanq„
973 5364 1113 5414 hom.
1161 5373 1263 5428 ιιι,
1308 5376 1361 5414 n.
1407 5361 1454 5413 1.
1499 5386 1563 5401 -
1606 5363 1648 5397 ¹⁶
1691 5363 1814 5426 Isca,
1866 5375 1916 5427 v,
1966 5367 2040 5413 14.
2090 5387 2152 5401 —-

617 5431 658 5478 ²¹
692 5432 890 5504 Electa,
917 5446 1131 5514 xxxvn,
1168 5437 1247 5488 12.
1280 5460 1341 5474 -
1380 5435 1415 5467 ¹²
1442 5436 1613 5510 apoc„
1649 5445 1697 5499 1,
1736 5437 1811 5490 18.
1840 5460 1903 5473 -
1940 5435 1984 5474 ¹⁸
2010 5435 2148 5498 psal.

1670 443 2093 519 SERMONES
2138 443 2242 513 DE
2278 443 2674 514 TEMPORE.

2235 580 2442 663 tibus,
2473 599 2622 667 quse
2656 583 2874 666 aperta
2912 584 3011 646 est
3033 581 3422 664 quandoque
3467 580 3549 647 ad
3573 579 3805 646 infer-

2236 707 2398 754 num
2437 688 2978 755 descendentibus.
3015 687 3307 754 Psalmus
3337 689 3381 732 ¹⁸
3413 710 3429 755 ε
3475 713 3508 755 ι
3533 689 3808 774 Aperta

2238 800 2334 862 est
2358 799 2529 862 terra
2540 842 2563 876 ,
2593 799 2658 862 et
2683 794 3026 878 deglutivit
3051 794 3275 864 Daton.
3304 817 3338 856 ιι

2430 1026 2521 1103 IN
2578 1025 3152 1105 ASGENSIONE
3215 1028 3569 1111 DOMINI.

2665 1194 2954 1272 SERMO
2996 1196 3347 1270 PRIMUS.

2319 1333 2659 1416 Numquid
2681 1334 2772 1401 ad
2792 1341 3178 1418 proeceptum
3213 1341 3396 1405 tuum
3432 1338 3808 1408 elevabitur

2239 1442 2495 1526 aquila,
2531 1446 2594 1510 et
2616 1444 2693 1510 in
2728 1442 2959 1510 arduis
2979 1448 3171 1526 ponet
3202 1444 3438 1512 nidum
3470 1462 3667 1514 sutcm
3693 1447 3809 1513 ¹⁸?

2238 1548 2471 1632 Aquila
2510 1548 2831 1616 Christum
2858 1551 3181 1634 significat
3189 1601 3213 1634 ,
3251 1554 3369 1637 qui
3413 1555 3601 1620 hodie
3647 1556 3804 1622 ele-

2240 1660 2428 1724 vatus
2447 1656 2530 1722 ad
2553 1658 2745 1723 coelos
2759 1659 3188 1741 ascendendo,
3210 1659 3283 1725 in
3303 1662 3522 1727 arduis
3542 1662 3801 1730 nidum

2241 1786 2434 1833 suum
2472 1769 2685 1851 posuit
2722 1769 2805 1834 ad
2843 1771 3170 1837 dexteram
3201 1771 3423 1844 ‚Patris
3470 1773 3800 1841 sedendo.

2241 1874 2413 1942 Bene
2461 1879 2679 1941 autem
2740 1876 3026 1943 Christus
3091 1880 3326 1963 aquilae
3365 1887 3805 1965 comparatur

2243 1986 2500 2066 propter
2523 1983 2983 2050 sanctissimam
3007 1987 3547 2070 communionem,
3575 2007 3802 2074 prop-

2241 2094 2341 2156 ter
2365 2089 2891 2173 gloriosissimam
2923 2094 3484 2175 resurrectionem,
3514 2100 3802 2179 propter

2244 2197 2721 2264 subtilissimam
2743 2201 3173 2267 ascensionem
3188 2250 3208 2284 ‚
3236 2205 3513 2286 {propter
3558 2203 3804 2289 limpi-

2246 2303 2574 2370 dissimam
2601 2307 3062 2389 cognitionem.

2327 2411 2415 2478 De
2440 2412 2651 2497 primo
2672 2413 2720 2450 ¹⁸
2749 2436 2765 2479 :
2799 2436 2833 2475 α
2856 2413 3022 2479 Pulli
3052 2414 3285 2498 aquilae
3308 2415 3604 2483 lambunt
3633 2436 3803 2483 san-
3846 2445 4054 2491 cns-sm

2249 2517 2543 2599 guinem.
2581 2539 2613 2579 n
2647 2518 2970 2585 Lambunt
3013 2520 3230 2587 fideles
3269 2523 3659 2606 sanguinem
3712 2527 3806 2593 de
3857 2508 4037 2625 :3³:-

2250 2625 2445 2691 calice
2465 2627 2509 2663 ¹⁸
2528 2626 2810 2693 :aBibite
2838 2646 2920 2693 ex
2946 2629 3070 2693 hoc
3097 2647 3359 2695 omnes:
3389 2631 3495 2697 hic
3519 2635 3616 2697 est
3639 2652 3804 2699 san-
3831 2634 3976 2677 ‘⁸¹⁰²’-

2252 2732 2402 2814 guis
2450 2733 2531 2816 (a)
2551 2781 2574 2814 ,
2604 2754 2637 2793 n
2671 2737 2789 2799 etc.
2834 2733 3156 2801 Lambunt
3198 2736 3390 2801 etiam
3440 2736 3512 2801 in
3554 2737 3805 2805 devota

2248 2841 2560 2925 passionis
2604 2840 2836 2907 Christi
2877 2843 3333 2910 recordatione.
3379 2843 3557 2911 Certe
3603 2864 3801 2912 nun-

2250 2966 2445 3033 quam
2471 2949 2593 3015 fuit
2625 2949 2841 3034 aquila
2879 2950 2971 3015 ita
2994 2950 3312 3032 liberalis,
3359 2952 3524 3018 sicut
3570 2953 3804 3038 aquila

2248 3059 2465 3121 nostra
2494 3054 2779 3121 Christus
2808 3075 2828 3121 t
2859 3056 3077 3140 aquila
3097 3059 3270 3123 enim
3297 3058 3445 3125 licet
3469 3060 3555 3125 sit
3591 3065 3801 3127 tantm
3883 3079 4039 3136 mn.

2250 3162 2674 3243 liberalitatis,
2704 3163 2878 3248 quod
2904 3182 3114 3229 escam
3143 3184 3328 3232 suam
3359 3169 3803 3236 communicet
3825 3142 4039 3249 2ωᾶ

2252 3270 2397 3335 aliis
2413 3262 2649 3336 'avibus
2669 3318 2688 3352 ‚
2734 3289 2865 3337 non
2889 3276 3108 3337 tamen
3133 3274 3454 3357 propriam
3485 3292 3750 3340 carnem
3769 3323 3796 3355 ,
3828 3266 4028 3374 αξξ,

2256 3378 2357 3444 vel
2389 3380 2778 3460 sanguinem
2817 3379 3100 3462 corporis
3138 3380 3241 3444 sui
3289 3382 3722 3448 communicat
3775 3404 3795 3449 t

2254 3485 2426 3568 quod
2448 3486 2673 3570 utique
2697 3483 2981 3551 Christus
2996 3486 3178 3567 facit3
3201 3487 3304 3552 hic
3321 3488 3493 3553 enim
3522 3490 3800 3572 sanguis

2255 3611 2386 3657 non
2420 3592 2629 3658 solum
2672 3592 2882 3676 pullos
2919 3594 3120 3677 pascit
3137 3640 3159 3673 ‚
3204 3594 3315 3659 sed
3352 3595 3544 3660 etiam
3583 3597 3801 3679 pullos

2252 3699 2498 3781 liberat,
2521 3701 2683 3765 sicut
2699 3700 2972 3766 struthio
2993 3700 3287 3767 liberavit
3304 3701 3557 3784 pullum
3570 3722 3793 3769 suum.

2256 3804 2528 3889 Require
2566 3825 2762 3890 supra
2804 3807 2876 3872 in
2904 3826 3246 3875 sermone:
3278 3808 3360 3875 Si
3402 3812 3675 3893 sanquis
3705 3812 3796 3891 (b)

2257 3913 2581 3982 hircorum
2608 3915 2678 3979 ¹⁷.
2708 3913 2825 3979 Hic
2853 3916 3121 3997 sanguis
3143 3916 3479 3982 hircorum
3509 3935 3643 3982 non
3685 3935 3801 3983 so-

2254 4020 2394 4086 lum
2420 4019 2626 4103 pullos
2652 4020 2848 4105 passit
2857 4067 2880 4100 ,
2911 4037 3042 4085 non
3065 4020 3274 4086 solum
3300 4021 3507 4104 pullos
3527 4022 3759 4088 liberat
3771 4045 3792 4102 ;

2255 4129 2367 4194 sed
2391 4128 2585 4193 etiam
2609 4126 2816 4212 pullos
2843 4127 3157 4210 vivificat,
3188 4128 3351 4194 sicut
3373 4127 3451 4193 de
3476 4129 3796 4211 sanguine

2256 4234 2547 4317 pellicani
2588 4234 2817 4299 dicitur
2862 4235 3035 4318 quod
3077 4234 3285 4316 pullos
3317 4251 3466 4300 suos
3505 4239 3795 4301 mortuos

2257 4342 2443 4406 tertia
2493 4342 2597 4406 die
2649 4341 2953 4408 vivificat.
3016 4340 3374 4406 Pellicanus
3428 4346 3642 4408 noster
3693 4345 3794 4408 est

2260 4449 2572 4530 Christus;
2618 4448 2911 4515 Psalmus
2948 4449 2994 4492 ¹⁸
3025 4470 3041 4515 z
3075 4471 3107 4511 ι
3140 4449 3379 4514 Similis
3413 4450 3614 4515 iactus
3642 4468 3792 4516 sum

2256 4543 2565 4641 pellicano
2585 4603 2603 4638 ,
2632 4579 2663 4618 υ
2699 4561 2820 4622 etc.

2339 4663 2427 4729 De
2452 4663 2756 4742 secundo,
2787 4661 3076 4728 Psalmus
3098 4663 3145 4705 ¹⁰
3175 4683 3236 4727 :a
3259 4661 3690 4746 Renovabitur
3714 4666 3791 4730 ut

2256 4771 2490 4856 aquilae
2510 4771 2817 4854 juventus
2841 4772 2975 4834 tua.
3004 4790 3036 4829 1>
3062 4768 3296 4853 Aquila
3335 4775 3552 4837 nostra
3565 4818 3584 4851 ,
3614 4772 3787 4837 scili-

2257 4882 2358 4945 cet
2397 4878 2682 4944 Christus
2706 4879 3049 4942 renovatus
3088 4879 3185 4941 est
3212 4876 3259 4917 ¹·
3290 4898 3306 4941 ι
3341 4899 3373 4939 «ι
3400 4876 3791 4958 Reformabit

2260 5002 2492 5068 corpus
2508 4983 2887 5050 humilitatis
2898 4987 3134 5049 nostrae
3154 4984 3632 5067 configuratum
3654 5002 3786 5050 cor-

2258 5140 2342 5194 cv,
2374 5131 2454 5179 17.
2482 5151 2546 5166 —
2571 5127 2615 5163 ¹⁸
2641 5125 2751 5192 lob,
2777 5137 2959 5191 xxm,
2988 5127 3065 5178 27.
3094 5151 3158 5166 -
3186 5128 3227 5163 ¹⁸
3259 5125 3373 5190 Job,
3405 5139 3586 5191 xxm,
3613 5129 3696 5179 3ο.
3725 5154 3787 5167 -

2255 5201 2298 5236 ¹⁶
2324 5198 2529 5259 matth„
2556 5209 2708 5261 xxvi,
2738 5200 2816 5249 28.
2851 5223 2914 5235 —
2949 5196 2992 5234 ¹⁷
3030 5198 3143 5250 vid.
3183 5212 3320 5263 sup„
3360 5198 3507 5252 Dom.
3543 5201 3597 5249 in
3625 5201 3783 5262 Pasa,

2255 5284 2412 5323 serm.
2439 5282 2479 5333 1,
2506 5283 2622 5334 pag.
2653 5271 2763 5332 177,
2784 5269 2882 5319 col.
2909 5273 2959 5332 2,
2983 5272 3034 5320 et
3058 5272 3164 5332 178,
3195 5271 3291 5322 col.
3319 5275 3364 5322 1.
3394 5295 3456 5308 -
3482 5271 3527 5307 ¹⁸
3550 5270 3681 5324 Psal.
3711 5283 3781 5335 ct,

2254 5346 2304 5394 8.
2328 5367 2390 5381 -
2423 5343 2463 5376 ¹⁹
2490 5339 2627 5392 Psal.
2657 5352 2750 5404 cn,
2778 5341 2829 5388 5.
2861 5363 2923 5377 -—
2951 5340 3000 5372 ²²
3023 5339 3228 5406 Philip„
3258 5353 3342 5405 111,
3367 5343 3446 5393 21.

2317 5429 2388 5504 (α)
2421 5430 2542 5482 Goet.
2571 5427 2694 5482 edit.
2720 5428 2852 5481 deest
2880 5427 3103 5496 sanguis.
3131 5452 3192 5468 —-
3221 5430 3287 5498 (ὁ)
3318 5430 3447 5495 Item
3472 5429 3548 5487 Si.
