4059 6317
750 494 868 563 500

747 630 909 689 enim
934 644 974 690 a
999 627 1213 690 sanctis
1251 628 1584 707 appellatur
1632 630 2007 705 martyrium,
2037 625 2283 703 quando

746 728 881 804 quis
933 728 997 787 in
1044 729 1236 804 poenis
1285 729 1690 805 poenitentiam
1751 727 1991 786 exhibet
2044 728 2287 802 propter

744 822 1054 881 Christum.
1100 824 1414 898 Gregorius
1440 825 1459 861 ¹
1495 843 1510 882 :
1545 843 1574 879 α
1600 822 1734 883 Sine
1761 822 1918 880 ferro
1947 824 2003 878 et
2027 818 2286 878 flammis

744 901 1034 992 martyres
1055 934 1180 976 esse
1200 934 1540 994 possumuS,
1567 917 1616 975 si
1635 916 1979 992 patientiam
2001 914 2064 971 in
2083 912 2284 971 animo

741 1010 1026 1069 veraciter
1054 1027 1487 1070 conservemus,
1518 1034 1547 1065 n
1581 1011 1669 1072 Ob
1687 1010 1841 1069 hanc
1856 1024 2098 1068 causam
2116 1020 2284 1063 sanc·

742 1108 834 1162 tus
859 1103 966 1164 iste
991 1105 1307 1180 Apostolus
1333 1106 1412 1163 ab
1442 1104 1785 1162 infidelibus
1813 1106 2040 1177 captus,
2069 1099 2149 1157 ad
2177 1114 2283 1173 pa-

739 1197 997 1257 tibulum
1023 1199 1261 1271 ductus,
1283 1198 1346 1256 in
1382 1216 1555 1257 cruce
1597 1213 1944 1274 suspensuS,
1974 1199 2033 1253 et
2057 1192 2283 1268 patien-

739 1291 883 1348 tiam
910 1291 1176 1350 exhibuit
1193 1333 1211 1363 ,
1246 1295 1303 1349 et
1338 1292 1398 1349 in
1429 1309 1501 1351 ea
1528 1309 1715 1367 usque
1744 1291 1824 1349 ad
1867 1293 2122 1348 mortem
2148 1302 2283 1362 per·

739 1386 1030 1444 severavit
1074 1404 1089 1443 :
1145 1387 1267 1444 imo
1309 1390 1534 1444 tantam
1571 1384 1955 1461 patientiam,
2000 1384 2065 1440 in
2108 1394 2280 1439 cruce

738 1478 1026 1552 pendens,
1056 1480 1346 1554 ostendit,
1375 1480 1542 1555 quod
1569 1477 1851 1537 commoti
1878 1475 2089 1552 populi
2119 1475 2282 1532 dixe-

738 1576 875 1629 runt
901 1572 981 1630 ad
999 1572 1262 1646 judicem
1288 1592 1302 1631 :
1336 1593 1367 1628 t(
1394 1572 1579 1632 Trade
1593 1573 1769 1632 nobis
1793 1571 2099 1630 hominem
2114 1584 2282 1627 sanc-

737 1668 886 1739 tum,
922 1666 1108 1726 redde
1161 1667 1338 1726 nobis
1389 1667 1696 1726 hominem
1739 1669 2005 1724 sanctum
2023 1708 2045 1738 ,
2089 1662 2278 1722 redde

737 1758 914 1817 nobis
938 1758 1243 1819 hominem
1271 1764 1389 1819 Deo
1426 1760 1700 1832 charum,
1722 1761 1969 1834 justum,
1999 1773 2277 1817 mansue-

736 1856 886 1926 tum,
917 1857 974 1913 et
1001 1856 1168 1931 pium
1197 1875 1212 1915 ε
1239 1878 1269 1913 n
1302 1857 1445 1933 quia
1476 1859 1604 1933 jam
1632 1873 1767 1915 ecce
1791 1856 1980 1915 biduo
2008 1853 2277 1930 pendens

738 1948 802 2005 in
830 1964 1003 2007 cruce
1030 1965 1152 2008 non
1194 1951 1460 2009 cessabat
1497 1967 1741 2010 monere
1777 1950 2091 2026 populum.
2119 1949 2277 2008 Scie-

734 2041 840 2100 bat
866 2041 1024 2100 enim
1043 2045 1276 2101 sanctus
1303 2044 1563 2103 Andreas
1590 2043 1905 2103 Dominum
1920 2043 2191 2101 docuisse
2210 2044 2273 2099 ²:

741 2158 771 2191 α
810 2138 919 2207 Qui
946 2153 1069 2196 non
1093 2139 1306 2214 accipit
1331 2156 1565 2198 crucem
1592 2157 1762 2198 suam
1791 2143 1850 2198 et
1875 2139 2138 2215 sequitur
2157 2153 2276 2210 me,

736 2246 860 2290 non
889 2233 976 2289 est
1000 2248 1095 2290 me
1126 2232 1363 2306 dignus.
1385 2254 1415 2289 >³
1447 2233 1600 2305 Quid
1628 2238 1714 2291 est
1739 2234 1899 2291 enim
1917 2250 2154 2292 crucem
2183 2249 2277 2290 ac-

737 2323 952 2399 cipere,
984 2330 1040 2383 et
1067 2327 1382 2384 Dominum
1410 2326 1615 2402 sequi,
1649 2327 1762 2384 nisi
1790 2327 2133 2402 patientiam
2159 2342 2278 2384 ser·

734 2434 900 2490 vare,
929 2418 1078 2475 dum
1106 2420 1391 2492 contingit
1417 2420 1600 2493 affligi
1617 2423 1647 2477 Y
1683 2423 1828 2478 Nam
1864 2419 1967 2495 qui
2008 2437 2132 2478 non
2160 2437 2280 2478 ser·

736 2513 837 2570 vat
863 2495 1205 2586 patientizlm
1227 2514 1292 2570 in
1319 2512 1614 2586 adversis,
1644 2515 1861 2587 dignus
1905 2514 2115 2572 Christi
2146 2529 2279 2587 gra·

736 2606 816 2663 tia
841 2621 966 2664 non
1007 2606 1219 2664 existit.
1250 2607 1551 2682 Numquid
1587 2607 1699 2665 sub
1728 2607 1919 2683 capite
1947 2606 2278 2680 vulneratO,

736 2698 921 2772 spinis
966 2699 1233 2774 undique
1276 2700 1608 2775 perforato,
1649 2701 1941 2758 arundine
1979 2704 2105 2758 tam
2149 2700 2276 2759 dire

643 2837 648 2843 .
735 2808 1053 2865 percusso,
1089 2799 1145 2851 et
1185 2794 1374 2869 alapis
1423 2811 1603 2867 caeso,
1652 2796 1989 2854 membrum
2031 2795 2277 2853 transire

735 2887 951 2962 poterit
976 2887 1101 2946 sine
1129 2887 1289 2946 bello
1307 2891 1338 2946 ‘3
1363 2890 1664 2964 Numquid
1692 2906 1828 2963 rege
1858 2890 2068 2948 lancea
2088 2888 2280 2965 perfo-

736 2982 904 3052 rato,
932 2985 989 3039 et
1013 2983 1299 3055 sanguine
1336 2986 1460 3042 toto
1517 2999 1766 3058 corpore
1805 2987 2132 3056 cruentato,
2164 2982 2276 3041 mi·

697 3117 714 3133 .
738 3073 822 3132 les
849 3074 1094 3148 quiescit
1138 3076 1252 3134 sub
1288 3092 1398 3134 suo
1438 3079 1738 3137 tentorio?
1781 3078 2014 3152 Legitur
2043 3077 2200 3135 enim
2233 3077 2278 3151 ⁸,

740 3170 907 3245 quod
943 3171 1280 3232 Alexandro
1325 3173 1641 3232 Macedone
1679 3190 1819 3248 rege
1865 3175 2060 3232 saeculi
2102 3173 2280 3232 idolis

740 3264 1070 3324 immolanti
1091 3310 1107 3337 ,
1136 3283 1289 3342 puer
1313 3267 1532 3326 nobilis
1569 3285 1706 3326 cum
1741 3269 2044 3327 thuribulo
2089 3272 2149 3327 et
2187 3268 2277 3327 in-

739 3373 917 3417 censo
944 3360 1199 3433 astabat,
1228 3377 1405 3436 super
1435 3363 1602 3435 cujus
1635 3363 1946 3420 brachium
1972 3363 2153 3420 carbo
2184 3378 2279 3419 ar-

740 3451 887 3509 dens
917 3451 1195 3526 delapsus
1221 3458 1307 3512 est
1337 3471 1350 3511 :
1381 3453 1518 3512 licet
1545 3471 1687 3528 ergo
1715 3456 1869 3529 ignis
1897 3472 2102 3514 carnes
2133 3455 2279 3513 adu-

737 3549 910 3615 reret,
936 3545 1018 3603 ita
1044 3551 1106 3604 ut
1132 3546 1287 3605 odor
1313 3549 1634 3605 exustionis
1674 3549 1753 3606 ad
1789 3564 1963 3606 nares
2008 3548 2278 3606 omnium

738 3638 1052 3697 astantium
1077 3641 1430 3714 perveniret,
1457 3657 1605 3716 puer
1634 3645 1832 3700 tamen
1871 3641 2021 3700 adeo
2047 3642 2278 3716 patiens

737 3730 846 3789 ruit
870 3737 1113 3807 propter
1133 3734 1523 3793 reverentiam
1550 3735 1776 3793 domini
1795 3736 1886 3793 sui
1905 3736 2078 3808 regiS,
2110 3736 2280 3811 quod

739 3841 861 3883 non
894 3825 1088 3885 solum
1129 3827 1404 3886 dolorem
1453 3829 1684 3888 silentio
1719 3830 1959 3903 pressit,
2004 3830 2111 3887 sed
2139 3830 2278 3888 bra-

739 3919 940 3977 chium
958 3922 1202 3980 omnino
1241 3921 1547 3983 immobile
1588 3923 1809 3995 tenuit,
1837 3928 2120 3998 tanquam
2145 3924 2279 3982 vili-

740 4012 1022 4086 penderet
1059 4031 1300 4088 poenam
1340 4014 1512 4089 ignis.
1547 4019 1701 4090 Ergo
1746 4018 1795 4073 si
1835 4020 1996 4076 tanta
2030 4004 2140 4074 fuit
2167 4033 2279 4099 pa7

741 4105 940 4164 tientia
966 4108 1047 4166 ob
1070 4112 1461 4167 reverentiam
1488 4110 1643 4183 regis
1667 4110 2042 4169 daemonibus
2068 4110 2282 4170 immo-

740 4200 933 4272 lantis,
964 4206 1186 4276 quanta
1214 4202 1455 4262 deberet
1482 4218 1606 4261 esse
1643 4204 1705 4261 in
1728 4203 2074 4262 hominibus
2102 4204 2285 4262 chris-

639 4294 646 4302 ‘
741 4293 915 4352 tianis
942 4294 1022 4353 ad
1049 4312 1224 4353 suum
1250 4312 1476 4369 regem,
1509 4298 1609 4372 qui
1636 4298 1712 4355 ad
1747 4298 1861 4356 hoc
1890 4302 2135 4373 propter
2170 4315 2281 4357 nos

742 4388 864 4462 pati
887 4389 1111 4459 voluit,
1137 4394 1202 4447 ut
1238 4405 1350 4447 nos
1375 4391 1659 4464 patientes
1687 4407 1813 4449 esse
1859 4391 2144 4450 doceret?
2171 4393 2282 4449 Sed

741 4482 1102 4556 plorandum
1126 4488 1233 4553 est,
1264 4482 1406 4557 quia
1433 4483 1602 4541 obliti
1637 4484 1928 4559 patientias
1953 4486 2115 4544 illius
2141 4486 2282 4559 agni

742 4576 1137 4649 mundissimi,
1166 4592 1290 4635 non
1316 4577 1508 4636 solum
1537 4578 1724 4651 facta,
1762 4580 1867 4637 sed
1902 4596 2011 4638 nec
2048 4585 2284 4655 portare

744 4686 1063 4745 possumus
1088 4672 1297 4745 verba,
1354 4673 1498 4747 quin
1528 4674 1908 4748 exquiramus
1949 4678 2074 4733 toto
2110 4691 2283 4750 posse

743 4764 1089 4824 vindictam.
1119 4769 1246 4824 Non
1275 4768 1356 4824 sic
1394 4767 1696 4841 Dominus,
1722 4768 1797 4828 de
1826 4785 1949 4844 quo
1979 4770 2192 4827 dicitur
2212 4770 2235 4805 δ
2271 4786 2287 4825 z

752 4878 782 4913 ι
809 4856 955 4918 Cum
982 4859 1465 4933 malediceretur,
1512 4878 1635 4920 non
1683 4863 2115 4934 maledicebat3
2147 4879 2284 4920 cum

747 4956 1073 5025 pateretur,
1101 4970 1224 5012 non
1252 4955 1746 5014 comminabatur.
1776 4978 1803 5009 n
1849 4957 1903 5015 Si
1932 4958 2066 5014 talis
2092 4957 2287 5013 Domi-

747 5060 879 5115 nus,
909 5047 1104 5121 qualis
1140 5048 1381 5106 deberet
1408 5065 1533 5107 esse
1561 5052 1805 5108 servus?
1832 5050 2090 5109 Christus
2119 5067 2286 5124 erg0,

749 5142 856 5217 qui
881 5147 967 5201 est
991 5142 1272 5217 patientia
1300 5146 1504 5203 nostra
1514 5185 1539 5216 ,
1573 5143 1674 5203 det
1704 5144 1881 5204 nobis
1926 5145 2179 5219 gratiam
2205 5146 2289 5206 sie

748 5235 1031 5310 patiendi.

811 5362 832 5398 ¹
861 5364 1036 5429 Greg„
1069 5363 1125 5412 in
1150 5363 1368 5427 Evany„
1403 5363 1547 5415 hom.
1576 5376 1734 5429 xxxv,
1762 5379 1819 5417 n.
1848 5364 1897 5417 Ἰ.
1928 5392 1985 5404 -
2027 5367 2047 5398 ²
2082 5365 2289 5427 natm,

753 5445 817 5498 x,
844 5437 921 5486 38.
950 5460 1013 5473 —
1039 5434 1059 5466 ⁸
1085 5434 1254 5487 valer.
1285 5436 1441 5500 Max„
1474 5436 1564 5486 lib.
1594 5436 1692 5500 ΙΙΙ,
1720 5432 1768 5489 'c.
1800 5449 1889 5503 111,
1917 5441 2116 5497 extem.
2148 5452 2206 5488 n.
2241 5441 2287 5490 ί.

1782 486 2198 560 saumones
2236 485 2335 554 nn:
2375 482 2729 554 smmis,
2776 436 2911 555 iv(

2581 706 2690 782 DE
2748 704 2812 783 S.
2874 702 3254 781 NIGOLAO
3310 703 3763 782 EPISGOPO.

2833 877 3089 939 SERMO
3132 878 3424 941 PRIMUS
3449 881 3496 939 ⁸.

2466 1000 2737 1057 Proecedat
2767 1001 3029 1058 Dominus
3062 1016 3210 1058 metas
3251 1006 3380 1060 ante
3417 1017 3639 1059 servum
3678 1017 3869 1073 sm,
3894 1008 3940 1060 et

2393 1108 2486 1165 eqo
2521 1108 2717 1165 sequar
2746 1095 3021 1166 paulatim
3055 1097 3287 1165 vestiqia
3329 1096 3443 1166 εἰπε
3478 1096 3526 1152 ⁸.
3570 1095 3939 1154 Rationabile

2389 1186 2568 1245 valde
2596 1190 2704 1257 est,
2728 1190 2784 1244 et
2822 1187 3057 1259 iustitiae
3092 1203 3450 1259 consonum,
3478 1192 3550 1246 ut
3568 1187 3777 1261 miles,
3804 1188 3937 1247 dum

2391 1280 2621 1356 aliquid
2650 1280 2772 1354 agit
2810 1283 3141 1354 strenuum,
3171 1298 3405 1357 semper
3441 1297 3574 1357 prae
3615 1282 3814 1340 oculis
3843 1282 3937 1340 ha·

2388 1373 2530 1432 beat
2572 1375 2663 1432 sui
2719 1373 2887 1431 ducis
2929 1375 3290 1450 exemplum.
3344 1379 3493 1434 Nam
3546 1375 3835 1434 videmus
3882 1376 3933 1433 in

2390 1468 2660 1541 gruibus,
2695 1467 2861 1542 quod
2892 1484 3015 1528 una
3042 1485 3117 1527 ex
3149 1471 3234 1527 eis
3258 1486 3497 1544 semper
3523 1486 3759 1544 agmen
3798 1486 3931 1544 pre-

2389 1563 2562 1635 cedit,
2606 1566 2664 1621 et
2701 1578 2935 1639 semper
2977 1563 3294 1623 clamando
3333 1564 3412 1623 ad
3458 1572 3670 1624 rectos
3715 1565 3930 1623 volatm

2388 1662 2628 1716 caeteras
2655 1658 2831 1731 cogit.
2861 1663 3013 1732 Apes
3038 1659 3216 1717 etiam
3243 1658 3490 1734 quando
3521 1675 3561 1718 a
3588 1660 3725 1718 suis
3751 1659 3930 1719 alvoe-
3947 1670 4059 1785 gn:

3948 1793 4053 1848 qe-

2386 1752 2553 1811 ribus
2579 1756 2815 1825 exeunt,
2848 1768 2886 1810 a
2910 1767 3052 1825 rege
3088 1751 3290 1811 oculos
3323 1768 3449 1812 non
3485 1756 3808 1825 avertunt,
3842 1754 3929 1811 sed

2386 1862 2621 1922 semper
2648 1847 2728 1905 ad
2752 1864 2889 1906 eum
2916 1846 3244 1920 intendunt,
3273 1850 3330 1906 et
3363 1864 3438 1906 eo
3478 1852 3669 1907 eunte
3696 1849 3931 1918 vadunt,

2387 1943 2468 2012 et,
2495 1957 2569 1999 eo
2603 1958 2665 2000 se
2693 1941 3052 2017 deponente,
3081 1943 3139 2000 et
3163 1943 3306 2017 ipsse
3333 1942 3662 2016 deponunt
3682 1958 3773 2001 se.
3802 1946 3930 2001 Nam

2386 2037 2531 2096 etin
2559 2035 2818 2095 exercitu
2846 2053 2970 2096 uno
2999 2036 3123 2095 dux
3158 2040 3245 2095 est
3268 2053 3422 2095 unus
3452 2055 3469 2095 ε
3508 2038 3577 2096 in
3603 2039 3759 2097 navi
3796 2055 3933 2097 unus

2386 2135 2474 2190 est
2498 2131 2905 2205 gubernator:
2948 2132 3013 2189 in
3058 2131 3242 2190 domo
3271 2130 3713 2206 paterfamilias
3757 2149 3931 2201 nnus,

2387 2227 2467 2284 ad
2498 2242 2652 2300 quos
2679 2241 2887 2284 omnes
2922 2225 3200 2297 tendunt,
3247 2226 3466 2300 quibus
3513 2226 3851 2297 obediunt,
3886 2232 3935 2284 et

2387 2334 2596 2376 eorum
2623 2322 2951 2393 sequuntur
2972 2318 3264 2394 exempla.
3287 2319 3450 2378 Unde
3478 2320 3784 2378 Dominus
3804 2320 3935 2378 dixit

2387 2413 2571 2487 Moysi
2595 2409 2618 2445 ⁷
2650 2432 2665 2471 :
2701 2432 2729 2467 α
2756 2413 2900 2472 Vide
2929 2414 3154 2483 omnia,
3186 2418 3243 2472 et
3266 2413 3360 2471 fac
3387 2414 3737 2472 secundum
3753 2430 3935 2472 exem·

2385 2505 2518 2581 plar
2546 2506 2711 2581 quod
2741 2506 2849 2565 tibi
2884 2506 2947 2564 in
2982 2512 3184 2564 monte
3223 2510 3626 2565 monstratum
3657 2511 3769 2565 est-
3820 2530 3848 2559 υ
3878 2508 3937 2563 Et

2386 2599 2669 2657 Dominus
2703 2598 2851 2658 dixit
2886 2600 3169 2676 apostolis
3202 2601 3265 2657 in
3305 2603 3515 2658 Ioanne
3540 2600 3564 2636 ⁸
3608 2618 3625 2658 :
3666 2621 3699 2656 α
3731 2605 3935 2660 Exem-

2384 2692 2555 2769 plum
2590 2693 2733 2752 dedi
2767 2694 2972 2768 vobis,
3002 2697 3069 2752 ut
3110 2695 3634 2770 quemadmodum
3676 2712 3795 2770 ego
3834 2696 3936 2755 feci

2385 2786 2579 2860 vobis,
2608 2788 2690 2846 ita
2716 2792 2774 2847 et
2806 2804 2918 2846 vos
2943 2788 3184 2848 faciatis.
3219 2810 3247 2845 n
3277 2792 3395 2848 Hoc
3424 2805 3567 2864 ergo
3599 2790 3823 2849 beatus
3848 2790 3934 2850 ffi-

2385 2882 2592 2939 colaus
2619 2882 2926 2942 attendens
2954 2888 3012 2943 et
3040 2884 3296 2959 loquens
3323 2885 3402 2943 ad
3430 2884 3785 2958 Dominum,
3816 2885 3933 2943 ait:

2385 2980 2660 3038 Proecedat
2703 2982 2966 3037 Dominus
3003 2996 3213 3038 servum
3258 2996 3445 3048 sumn,
3495 2986 3550 3036 et
3605 2997 3705 3052 eqo
3747 2997 3937 3054 sequa

2381 3075 2651 3146 paulatim
2676 3077 2913 3146 vestiqia
2946 3073 3081 3146 ejus.
3119 3074 3295 3144 Quasi
3323 3073 3544 3132 diceret
3581 3092 3598 3130 :
3631 3078 3720 3132 Tu
3750 3074 3936 3133 Domi·

2383 3181 2517 3236 nuS,
2540 3182 2651 3239 ego
2679 3182 2882 3225 servus
2907 3187 2920 3221 ε
2946 3172 3008 3225 tu
3032 3168 3358 3242 exemplar,
3381 3183 3495 3240 ego
3525 3167 3930 3243 exemplatus:

2385 3262 2451 3317 tu
2476 3260 2698 3333 forma,
2743 3277 2858 3334 ego
2897 3277 3042 3320 vero
3087 3262 3393 3319 foi-matris.
3438 3264 3599 3335 Ergo
3641 3264 3821 3320 tuum
3859 3266 3936 3319 est

2384 3355 2739 3428 praecedere,
2761 3361 2925 3415 tuum
2952 3357 3293 3432 praecipere,
3316 3362 3373 3416 et
3398 3361 3570 3415 tuum
3593 3358 3932 3429 ostendere3

2384 3449 2492 3507 sed
2520 3467 2719 3509 meum
2749 3456 2836 3510 est
2861 3451 3028 3527 sequi
3070 3456 3155 3522 te,
3186 3455 3245 3510 et
3278 3452 3383 3510 tibi
3414 3468 3524 3526 per
3550 3453 3769 3511 omnia
3798 3453 3933 3511 obe-

2387 3543 2535 3603 dire.
2577 3548 2644 3603 Et
2685 3545 2765 3603 ad
2808 3544 3099 3619 litteram,
3143 3547 3292 3605 sicut
3347 3546 3491 3604 dicit
3531 3548 3932 3620 Augustinus,

2392 3658 2423 3694 α
2448 3640 2729 3698 Dominus
2759 3641 3071 3713 praecessit,
3102 3640 3263 3699 viam
3289 3641 3476 3700 servis
3501 3640 3714 3699 salutis
3749 3648 3933 3700 osten·

2387 3733 2503 3805 dit,
2559 3738 2615 3792 et
2667 3735 2882 3793 ostium
2937 3750 3060 3810 quo
3101 3738 3228 3793 erat
3268 3733 3619 3793 intrandum
3664 3737 3932 3811 aperuit,

2385 3829 2630 3903 quando
2661 3829 2841 3888 dixit:
2870 3831 2984 3901 qu
3008 3846 3126 3887 sum
3152 3833 3249 3886 via
3265 3830 3309 3896 ⁹,
3338 3846 3431 3902 eqo
3454 3846 3574 3887 sum
3598 3833 3807 3886 ostium·
3830 3828 3925 3885 ”a

2384 3925 2557 3981 Juxta
2579 3924 2696 3981 hoc
2732 3939 2873 3996 ergo
2913 3923 3121 3983 beatus
3149 3921 3423 3982 Nicolaus
3457 3922 3522 3980 in
3559 3921 3763 3981 verbo
3798 3938 3934 3997 pre-

2388 4016 2546 4074 dicto
2579 4017 2838 4076 maxime
2880 4016 3022 4075 facit
3055 4016 3181 4075 haec
3217 4016 3361 4076 duo.
3414 4015 3616 4074 Primo
3658 4015 3829 4074 enim
3854 4015 3933 4073 lo-

2386 4125 2577 4184 quens
2620 4109 2699 4168 ad
2741 4110 3055 4183 Christum,
3105 4111 3304 4185 ipsum
3339 4109 3660 4168 Dominum
3689 4126 3825 4169 esse
3850 4109 3932 4167 fa·

2386 4205 2570 4277 tetur;
2612 4204 2899 4275 secundo,
2943 4208 3291 4263 convertens
3327 4203 3689 4278 parabolam
3738 4203 3821 4262 ad
3855 4219 3935 4259 se-

2387 4297 2606 4372 ipsum,
2626 4315 2688 4357 se
2704 4298 2857 4357 vene
2878 4299 3046 4374 sequi
3067 4299 3403 4371 Dominum,
3422 4296 3773 4371 pollicemr.
3788 4300 3932 4369 Ergo

2389 4391 2501 4450 sibi
2530 4394 2725 4468 primo
2752 4394 3034 4468 proponit
3057 4394 3394 4463 Dominum,
3422 4397 3719 4466 tanquam
3746 4406 3935 4450 exem·

2387 4487 2520 4562 plar
2544 4488 2779 4559 vivum,
2813 4486 3029 4545 imitari
3066 4488 3144 4546 ab
3191 4486 3470 4545 omnibus
3511 4486 3793 4558 dignum.
3837 4487 3935 4544 Se-

2391 4582 2589 4639 eundo
2618 4597 2794 4639 suum
2820 4580 3096 4656 patefacit
3127 4579 3433 4651 affectum,
3469 4582 3528 4637 et
3566 4579 3831 4653 spondet
3856 4575 3936 4635 ef·

2389 4675 2629 4734 fectum.
2656 4679 2750 4733 Est
2766 4678 2965 4733 tamen
2984 4674 3246 4733 notabile
3274 4673 3442 4749 quod
3469 4673 3615 4731 dicit
3639 4675 3938 4731 :Paulatim

2389 4786 2603 4843 aequam
2643 4771 2783 4844 quia
2818 4785 2941 4827 non
2974 4785 3292 4844 possumus
3323 4766 3646 4826 Salvatoris
3694 4765 3939 4839 vestim:

2392 4880 2467 4921 ex
2496 4867 2618 4922 toto
2648 4864 2847 4938 sequi,
2877 4863 2984 4921 sed
3024 4861 3345 4933 debemus,
3393 4864 3689 4937 quantum
3732 4874 3939 4936 possu-

2392 4974 2546 5029 muS,
2575 4959 2773 5032 ipsum
2800 4958 2863 5014 in
2896 4957 3016 5015 suis
3055 4956 3311 5030 vestigiis
3345 4954 3586 5013 imitari.
3628 4957 3733 5013 Est
3770 4954 3941 5028 igitur

2392 5051 2745 5122 notandum,
2776 5051 2943 5127 quod
2970 5050 3201 5109 Domini
3225 5048 3476 5124 vestigia
3503 5048 3792 5125 quaedam
3817 5048 3941 5105 fue·

2394 5251 2458 5263 —
2485 5225 2505 5257 ⁴
2535 5226 2553 5276 l
2582 5226 2740 5288 Petu,
2769 5235 2827 5288 11,
2851 5226 2932 5275 23.
2954 5250 3018 5262 —
3039 5225 3058 5256 ⁸
3082 5224 3227 5275 Hunc
3263 5235 3371 5275 non
3395 5221 3556 5273 babet
3590 5220 3717 5273 edit.
3750 5223 3937 5286 Hagen

2396 5310 2484 5347 an.
2515 5300 2652 5349 1496.
2681 5323 2746 5335 -
2771 5296 2791 5326 ⁸
2823 5296 2967 5358 Gen„
3002 5307 3203 5358 xxxin,
3231 5298 3311 5346 4⁴.
3343 5321 3398 5331 —
3439 5296 3457 5325 ²
3485 5292 3682 5355 End„
3709 5304 3834 5356 xxv,
3862 5294 3939 5342 ω.

2396 5394 2460 5489 Ξ-
2482 5369 2514 5488 ;
2536 5369 2698 5431 ιΙι)ιυι.,
2732 5379 2857 5432 xm,
2905 5370 2981 5418 15.
3015 5394 3080 5406 —
3108 5367 3132 5403 ⁹
3161 5365 3308 5431 ibid„
3349 5377 3465 5431 xtv,
3509 5368 3564 5418 6.
3608 5392 3663 5403 -
3713 5365 3755 5402 ⁸·
3793 5362 3941 5426 uuid-⁸

2436 5475 2455 5503 ,
2517 5477 2530 5491 .
