4059 6317
730 456 848 518 372

725 594 885 655 cata.
918 589 937 625 ¹
970 611 1004 652 α
1028 587 1096 654 si
1123 587 1194 668 in
1219 588 1326 656 via
1351 588 1601 654 Domini
1639 585 2045 667 ambulasset,
2078 585 2263 651 habi-

722 700 916 761 tasset
965 697 1046 779 (a)
1094 697 1316 780 utique
1364 697 1428 760 in
1480 714 1634 780 pace
1682 713 1875 779 super
1916 698 2178 759 terram.
2231 715 2262 754 t

724 802 1027 886 Sequitur
1042 805 1104 868 ἰ
1136 827 1167 864 α
1191 803 1269 869 Et
1295 803 1737 868 reconcilietur
1762 802 1969 881 vobis,
1995 824 2026 862 n
2054 800 2264 884 quoad

721 911 1026 994 seipsum,
1065 911 1230 976 sicut
1267 916 1447 994 pater
1491 909 1929 975 reconciliatus
1973 909 2095 973 fuit
2130 907 2264 972 fllio

722 1019 1020 1102 prodigo.
1070 1019 1243 1085 Unde
1289 1021 1312 1056 ⁸
1356 1043 1371 1084 ε
1427 1042 1458 1080 α
1513 1017 1929 1084 obsecramus
1978 1036 2096 1085 vos
2145 1035 2264 1100 pro

724 1126 991 1206 Christo,
1038 1127 1537 1192 reconciliamini
1577 1127 1727 1192 Deo.
1771 1149 1803 1187 n
1851 1126 2155 1210 Sequitur
2187 1130 2259 1188 ²:

731 1257 764 1295 α
811 1233 1032 1318 Neque
1081 1253 1198 1300 vos
1240 1235 1487 1301 deserat
1526 1235 1597 1298 in
1640 1223 1925 1317 tempore
1968 1232 2174 1312 malo,
2221 1254 2253 1292 n

720 1342 931 1424 quoad
981 1341 1327 1407 diabolum.
1372 1340 1708 1406 Psalmista
1746 1342 1769 1376 ⁸
1810 1363 1827 1405 ε
1880 1364 1909 1402 c
1956 1339 2262 1404 Dominus

718 1466 850 1513 non
876 1448 1273 1532 derelinquet
1298 1467 1449 1514 eum
1478 1449 1545 1513 in
1573 1448 1869 1514 manibus
1899 1450 2064 1531 ejus.
2098 1469 2131 1507 n

800 1555 887 1620 De
923 1556 1204 1620 secundo
1246 1557 1268 1592 ⁸
1313 1577 1330 1621 ε
1379 1579 1411 1619 α
1455 1554 1853 1639 Quicumque
1892 1555 2110 1620 fecerit
2141 1573 2257 1619 vo-

716 1662 1025 1729 luntatem
1067 1662 1273 1728 Patris
1315 1665 1444 1728 mei
1484 1663 1598 1745 qui
1639 1664 1711 1728 in
1743 1663 1919 1728 coelis
1957 1667 2073 1741 est,
2122 1662 2259 1743 ipse

717 1787 900 1835 meus
925 1772 1140 1851 frater,
1169 1776 1235 1836 et
1259 1776 1488 1848 mater,
1521 1774 1584 1835 et
1604 1788 1785 1835 soror
1810 1773 1926 1835 est.
1957 1791 1990 1830 s
2024 1768 2261 1834 Volun-

715 1881 812 1942 tas
837 1877 946 1943 Dei
970 1883 1088 1958 est,
1110 1882 1184 1943 ut
1208 1878 1411 1944 Deum
1439 1877 1691 1957 timeas,
1719 1876 1920 1942 Deum
1942 1894 2018 1941 ac
2045 1876 2258 1959 proxi-

715 2002 899 2050 mum
939 1985 1191 2067 diligas,
1230 1989 1395 2050 caste
1436 1990 1503 2051 et
1543 1985 1782 2049 munde
1825 1985 2029 2066 vivas,
2070 1986 2256 2050 etsie

713 2092 793 2158 de
818 2091 958 2157 aliis
984 2093 1329 2158 virtutibus
1360 2115 1376 2160 ε
1407 2094 1431 2129 ⁸
1467 2092 1652 2159 «Haec
1678 2097 1774 2158 est
1797 2091 2094 2158 voluutas
2117 2091 2249 2172 Dei,

712 2202 1120 2267 sanctificatio
1147 2207 1380 2267 vestra.
1431 2224 1462 2262 n
1512 2200 1829 2267 Masculus
1859 2200 2093 2264 faciens
2134 2218 2250 2264 vo·

711 2307 1024 2373 luntatem
1064 2309 1176 2374 Dei
1211 2307 1416 2373 Patris
1432 2357 1451 2389 ,
1500 2311 1694 2373 frater
1744 2308 1973 2373 Christi
2021 2312 2117 2372 est
2157 2308 2180 2343 '¹
2233 2327 2248 2371 ε

720 2439 752 2478 α
778 2415 918 2482 Non
944 2417 1352 2482 confunditur
1387 2417 1612 2481 fratres
1638 2433 1866 2480 vocare
1893 2433 2026 2492 eos,
2057 2436 2089 2474 n
2127 2418 2249 2479 etc.

709 2522 1001 2589 Foemina
1039 2523 1274 2589 faciens
1321 2525 1717 2590 voluntatem
1758 2521 2018 2601 Christi,
2072 2539 2254 2586 soror

710 2636 825 2697 est.
842 2631 865 2667 ⁸
884 2655 917 2693 α
943 2631 1160 2715 Aperi,
1191 2649 1373 2696 soror
1391 2649 1553 2695 mea.
1581 2651 1612 2690 n
1642 2627 1863 2693 Frater
1881 2627 1991 2693 Dei
2014 2628 2252 2692 faciens

709 2738 1107 2805 voluntatem
1154 2738 1284 2819 Dei,
1329 2742 1534 2803 mater
1574 2736 1804 2803 Christi
1856 2740 1969 2802 est.
2028 2734 2249 2818 Ipsum

708 2847 883 2911 enim
908 2865 949 2911 a
974 2846 1216 2930 Spiritu
1242 2851 1459 2911 sancto
1500 2845 1772 2927 concipit
1806 2862 1921 2927 per
1954 2842 2149 2907 fldem
2184 2845 2250 2905 et

707 2973 1018 3034 amorem,
1043 2958 1107 3020 et
1139 2957 1347 3037 gestat
1379 2955 1451 3017 in
1487 2958 1670 3017 utero
1712 2950 2012 3016 castitatis
2053 2949 2248 3032 spiri-

705 3063 986 3144 tualiter,
1017 3064 1182 3129 sicut
1219 3062 1419 3127 Maria
1445 3065 1650 3126 mater
1675 3060 2105 3143 corporaliter.
2134 3058 2248 3125 Ni-

707 3174 802 3239 hil
826 3172 941 3238 tibi
968 3171 1243 3255 prodest,
1273 3170 1445 3253 quod
1471 3168 1670 3234 Maria
1696 3167 2018 3232 Christum
2044 3185 2163 3251 pro
2181 3172 2247 3233 te

708 3281 983 3363 gestavit
1007 3280 1077 3343 in
1104 3284 1349 3358 ventre,
1389 3278 1511 3341 nisi
1544 3281 1618 3341 tu
1663 3275 1983 3341 Christum
2033 3279 2247 3358 gestes

705 3390 774 3453 in
801 3391 1033 3452 mente.
1066 3386 1232 3465 Quid
1261 3385 1522 3463 mirum,
1566 3401 1716 3449 cum
1751 3383 1948 3447 etiam
1984 3383 2063 3448 de
2106 3383 2246 3466 ipsa

702 3495 901 3562 Maria
927 3496 1095 3560 dicat
1136 3494 1535 3576 Augustinus
1565 3492 1589 3528 ⁹
1635 3514 1650 3557 ε
1691 3514 1721 3553 ιι
1767 3491 2050 3556 Materna
2093 3511 2242 3576 pro-

705 3605 1026 3690 pinquitas
1050 3602 1215 3668 nihil
1253 3602 1472 3667 Mariae
1503 3600 1863 3684 profuisset,
1902 3599 2027 3664 nisi
2065 3601 2244 3683 prius

705 3711 1029 3778 Christum
1053 3711 1264 3790 corde,
1295 3727 1493 3794 quam
1520 3726 1712 3773 carne
1740 3711 2071 3789 gestasset.
2101 3728 2133 3768 n

783 3816 871 3881 De
901 3815 1108 3895 tertio,
1149 3813 1486 3879 Psalmista
1520 3813 1565 3848 ¹⁰
1597 3830 1614 3877 ε
1643 3834 1675 3873 α
1715 3810 1878 3875 Doce
1904 3827 2008 3875 me
2034 3811 2242 3876 facere

702 3925 1099 3993 voluntatem
1149 3927 1352 4003 tuam,
1403 3921 1553 4004 quia
1597 3918 1760 3984 Deus
1803 3936 1986 3982 meus
2027 3935 2096 3982 es
2139 3922 2238 3984 tu.

701 4033 976 4117 Spiritus
1013 4036 1164 4097 tuus
1198 4031 1407 4095 bonus
1439 4028 1704 4094 deducet
1745 4044 1851 4090 me
1895 4026 1962 4089 in
1998 4031 2238 4091 terram

698 4147 960 4218 rectam,
980 4161 1012 4199 n
1029 4143 1147 4204 etc.
1176 4136 1454 4204 Deducet
1474 4136 1541 4198 in
1559 4134 2041 4199 conversatione
2068 4133 2240 4199 bona

697 4254 762 4314 et
785 4247 1158 4314 virtutibus.
1191 4241 1526 4307 Psalmista
1552 4240 1593 4277 ¹¹
1619 4258 1681 4304 :n
1700 4239 1968 4322 Propter
1998 4257 2236 4304 nomeu

695 4360 883 4421 tuum
911 4353 1180 4419 deduces
1207 4368 1333 4415 me.
1356 4370 1387 4409 t
1419 4348 1640 4413 Glossa
1668 4369 1684 4411 z
1728 4370 1759 4408 a
1786 4347 1874 4412 De
1900 4347 2138 4412 virtute
2166 4346 2234 4411 in

696 4465 1023 4529 virtutem.
1061 4484 1092 4523 r>
1129 4459 1239 4525 Dei
1278 4458 1674 4523 voluntatem
1714 4456 1917 4521 tacere
1956 4473 2091 4520 non
2129 4474 2232 4521 so-

694 4573 833 4638 lum
856 4574 952 4635 est
972 4568 1275 4648 hominis,
1303 4565 1615 4631 sedetiam
1631 4564 2037 4646 angelorum.
2066 4563 2235 4629 Psal-

692 4681 884 4746 mista
896 4680 943 4715 ¹¹
962 4700 977 4744 ε
993 4701 1024 4739 α
1045 4676 1401 4742 Benedicite
1411 4673 1677 4738 Domino
1695 4689 1919 4737 omnes
1930 4673 2170 4754 angeli,
2192 4694 2224 4733 s

691 4793 811 4855 etc.
844 4788 980 4852 Imo
1005 4787 1197 4852 etiam
1225 4782 1455 4849 Christi
1482 4785 1574 4846 est
1601 4780 1806 4845 facere
1831 4779 2230 4846 voluntatem

688 4900 834 4982 ejus
862 4896 910 4936 ¹⁸
952 4917 967 4959 ι
1011 4917 1041 4956 α
1067 4892 1149 4958 Ut
1189 4892 1415 4956 faciam
1459 4891 1600 4972 ejus
1645 4887 2079 4969 voluntatem,
2117 4889 2228 4972 qui

753 5094 938 5156 ¹Bar.,
969 5102 1053 5155 111,
1083 5091 1158 5142 13.
1189 5113 1244 5126 -
1277 5088 1295 5119 ²
1323 5088 1361 5138 ΙΙ
1388 5085 1575 5147 uach„
1608 5098 1647 5149 1,
1673 5086 1722 5146 3,
1746 5087 1869 5135 4.-
1894 5084 1917 5122 ⁸
1939 5085 1981 5135 ll
2010 5085 2148 5151 Cor„
2173 5097 2225 5149 v,

686 5168 766 5217 20.
799 5191 863 5203 -
903 5164 926 5198 δ
967 5162 1106 5214 Ρεαὶ.
1151 5172 1338 5221 xxxvi,
1385 5161 1466 5209 33.
1503 5184 1564 5197 -·
1608 5159 1630 5194 ⁸
1669 5158 1869 5208 ΜαιεΙι..
1907 5168 2009 5222 xn,
2052 5161 2132 5208 50.
2162 5185 2225 5196 —

686 5239 707 5269 ⁸
741 5239 755 5286 Ι
791 5235 970 5299 mss„
999 5247 1070 5298 ιν,
1105 5236 1154 5284 3.
1187 5259 1248 5271 -
1285 5234 1303 5265 '¹
1331 5229 1501 5287 Hebr„
1538 5242 1605 5292 11,
1637 5233 1715 5279 11.
1741 5255 1805 5266 —
1846 5230 1866 5259 ⁸
1892 5229 2061 5289 Cant„
2092 5241 2139 5294 v,
2173 5234 2220 5281 2.

685 5334 747 5348 -
771 5310 791 5341 ⁹
818 5312 972 5373 Aug„
1000 5307 1074 5357 De
1092 5309 1252 5357 cunct.
1289 5305 1556 5369 Virqinit„
1583 5316 1639 5352 n.
1667 5304 1717 5353 3.
1737 5328 1799 5340 -
1819 5302 1865 5338 ¹0
1888 5301 2028 5351 Paul.
2057 5314 2224 5365 erm,

685 5384 850 5432 to-tl.
892 5405 957 5417 —
992 5377 1031 5415 ¹¹
1074 5376 1211 5429 Psoi.
1260 5387 1398 5440 xxx,
1434 5377 1483 5425 4.
1529 5400 1586 5412 -
1630 5372 1671 5409 ²²
1715 5371 1855 5423 psal.
1893 5384 1994 5436 cn,
2036 5375 2118 5424 21.
2159 5400 2223 5412 —

682 5455 726 5492 ²³
757 5454 921 5518 Joau„
961 5464 1034 5514 iv,
1074 5455 1152 5501 34.
1181 5476 1242 5486 —
1282 5449 1312 5478 ¹¹
1343 5450 1460 5512 Im,
1489 5459 1612 5510 ιιιι,
1647 5445 1720 5496 10.
1754 5471 1815 5483 -
1843 5445 1885 5480 ¹⁸
1913 5445 2114 5509 uacua,
2148 5458 2217 5511 w,

1826 448 2244 519 SERMONES
2284 449 2386 516 DE
2423 449 2817 520 TEMPORE.

2378 587 2550 651 misit
2579 605 2705 653 me.
2734 610 2768 651 n
2802 588 2979 656 Hauc
3005 592 3287 657 maxime
3314 591 3460 657 fecit
3484 607 3604 675 pro
3642 591 3876 674 peccatis

2376 694 2709 760 moriendo
2751 697 2796 733 ¹⁸
2829 719 2845 760 ε
2894 722 2926 761 α
2957 698 3023 764 Si
3065 700 3349 783 posuerit
3391 700 3677 764 animam
3717 716 3875 762 suam

2372 817 2490 883 pro
2535 808 2787 884 peccato
2807 852 2825 883 ,
2869 804 3110 871 videbit
3143 825 3360 871 semen
3400 805 3792 887 longaevum,
3828 815 3878 868 et

2372 909 2669 974 voluntas
2716 911 2971 976 Domini
3015 914 3082 978 iu
3122 914 3421 978 menibus
3478 915 3622 996 ejus
3665 899 3877 993 diripe·

2372 1017 2499 1080 tur.
2545 1038 2576 1076 »
2618 1018 2683 1096 Sj
2729 1037 2892 1101 ergo
2940 1020 3225 1086 Christus
3263 1023 3657 1088 voluntatem
3705 1020 3879 1085 Patris

2370 1122 2514 1187 tecit
2559 1131 2816 1209 propter
2853 1126 3146 1193 homines
3164 1178 3181 1208 ,
3232 1147 3432 1212 quare
3479 1129 3676 1193 miser
3710 1127 3877 1191 homo

2369 1250 2500 1296 non
2524 1234 2668 1298 facit
2692 1253 2809 1318 pro
2836 1238 3086 1319 seipso?
3116 1240 3271 1302 Ecce
3298 1237 3516 1319 angeli
3544 1237 3683 1315 Dei,
3704 1240 3764 1301 et
3783 1235 3878 1299 fllii

2369 1337 2477 1403 Dei
2506 1341 2748 1406 faciunt
2772 1344 3167 1410 voluntatem
3196 1344 3336 1424 Dei3
3377 1350 3441 1409 et
3467 1348 3564 1419 tu,
3596 1347 3879 1426 peccator,

2365 1447 2522 1511 facis
2546 1447 2945 1516 voluntatem
2972 1451 3239 1516 diaboli!
3292 1450 3438 1529 Ora,
3469 1451 3689 1529 miser,
3723 1456 3781 1514 et
3801 1451 3881 1514 dic

2365 1553 2522 1619 illud
2540 1554 2582 1596 ¹¹
2609 1577 2625 1619 ι
2655 1556 2816 1624 Fiat
2840 1557 3139 1626 voluntas
3162 1565 3300 1640 tua,
3319 1560 3489 1625 sicut
3502 1560 3579 1625 in
3597 1559 3764 1637 coelo,
3778 1563 3878 1621 etc.

2366 1660 2621 1728 Glossa:
2661 1687 2692 1725 α
2721 1663 2897 1730 Sicut
2925 1666 2995 1730 in
3021 1666 3287 1748 angeUS,
3320 1666 3411 1731 ita
3434 1666 3599 1730 etin
3629 1665 3880 1731 homini-

2364 1769 2486 1834 bus
2501 1787 2522 1851 3
2552 1770 2653 1835 vel
2681 1772 2846 1837 sicut
2867 1772 2936 1837 in
2964 1772 3233 1852 Christo,
3264 1774 3354 1838 ita
3379 1777 3442 1838 et
3479 1774 3549 1837 in
3600 1772 3881 1850 Ecclesia;

2363 1878 2467 1944 vel
2491 1879 2654 1945 sicut
2679 1880 2747 1944 in
2778 1882 2992 1963 justis,
3026 1882 3118 1946 ita
3156 1882 3226 1946 in
3277 1883 3754 1966 peccatoribus;
3798 1881 3884 1945 vel

2361 1984 2527 2050 sicut
2551 1991 2789 2068 mente,
2814 1988 2903 2051 ita
2928 1990 2996 2052 in
3023 2003 3234 2055 carne.
3262 2011 3293 2050 ιι

2442 2092 2530 2157 De
2553 2099 2783 2176 quarto
2807 2094 3042 2161 dicitur
3068 2097 3176 2161 hic
3193 2098 3276 2161 ¹⁸:
3303 2097 3426 2171 Oui
3444 2097 3667 2177 fecerit
3692 2094 3887 2163 volem·

2364 2204 2559 2268 tatem
2582 2202 2721 2281 Dei,
2762 2207 2909 2280 etc„
2939 2222 3144 2285 usque
3171 2226 3186 2267 ε
3219 2204 3493 2271 intrabit
3533 2205 3611 2270 in
3639 2220 3883 2288 reqnum

2362 2310 2499 2374 Dei.
2549 2307 2783 2390 Magna
2827 2310 3186 2391 promissio.
3237 2309 3383 2390 Sed,
3437 2311 3604 2376 heu!
3666 2317 3885 2395 quanta

2360 2415 2739 2481 detrimenta
2762 2417 2911 2481 facit
2935 2417 3130 2482 homo
3159 2417 3303 2496 sibi,
3335 2418 3621 2483 faciendo
3666 2419 3884 2483 volun·

2358 2527 2554 2588 tatem
2600 2523 2850 2588 Domini
2899 2523 3003 2588 sui
3050 2524 3414 2608 temporalis
3451 2543 3571 2608 pro
3610 2526 3886 2609 quinque

2359 2630 2576 2696 solidis
2592 2681 2609 2710 ,
2656 2634 2719 2696 et
2760 2649 3097 2715 nunquam
3137 2632 3287 2696 facit
3330 2632 3733 2698 voluntatem
3774 2632 3883 2696 Do·

2358 2737 2519 2802 mini
2539 2737 2643 2803 Dei
2672 2739 2774 2803 sui
2813 2757 2931 2822 pro
2965 2757 3174 2820 regno
3201 2740 3530 2819 coelorum,
3562 2741 3741 2821 quod
3766 2737 3887 2804 uti·

2356 2863 2484 2929 que
2507 2845 2767 2929 recipiet
2791 2864 3016 2912 servus
3054 2845 3446 2911 voluntatem
3476 2845 3589 2911 Dei
3634 2845 3884 2910 faciens.

2357 2953 2403 2989 ¹⁷
2440 2976 2471 3014 α
2503 2953 2579 3018 Ut
2621 2953 2789 3018 servi
2834 2953 3093 3032 Christi,
3149 2953 3448 3018 facientes
3499 2952 3886 3018 voluntatem

2355 3060 2465 3127 Dei
2492 3080 2575 3127 ex
2598 3062 2838 3140 animo,
2868 3081 3019 3126 cum
3045 3062 3213 3127 bona
3237 3061 3569 3126 voluntate
3607 3061 3885 3126 servien-

2354 3172 2470 3248 tes,
2500 3170 2663 3234 sicut
2688 3169 2978 3249 Domino,
3008 3172 3072 3234 et
3095 3187 3226 3233 nou
3251 3167 3668 3233 hominibus:
3702 3168 3888 3233 scien·

2355 3281 2449 3341 tes
2485 3279 2655 3360 quod
2690 3276 3134 3360 unusquisque
3177 3276 3629 3359 quodcumque
3681 3273 3889 3340 fecerit

2353 3386 2618 3467 bonum,
2651 3386 2777 3451 hoc
2814 3386 3077 3469 recipiet
3109 3404 3151 3450 a
3196 3386 3345 3449 Deo.
3397 3406 3428 3445 a
3461 3382 3663 3449 Debet
3702 3383 3886 3448 homo

2352 3494 2561 3578 primo
2584 3492 2980 3560 voluntatem
3006 3492 3118 3558 Dei
3142 3509 3558 3573 cognoscere3
3586 3490 3884 3572 secundo,

2351 3601 2680 3682 cognitam
2701 3602 2908 3668 facere
2934 3599 2979 3637 ¹⁸
3012 3621 3074 3665 z«
3100 3597 3342 3666 Servus
3358 3615 3761 3680 cognoscens
3784 3616 3885 3664 vo-

2348 3707 2662 3774 luntatem
2689 3707 2944 3772 Domini
2982 3707 3121 3784 sui,
3142 3729 3173 3766 n
3209 3709 3353 3786 etc.;
3384 3707 3607 3787 tertio,
3652 3725 3773 3791 pro
3798 3707 3884 3771 fa-

2348 3815 2571 3880 cienda
2619 3813 2730 3879 Dei
2779 3816 3128 3892 voluntate,
3186 3813 3354 3878 mala
3398 3813 3722 3879 sustinere
3768 3815 3813 3852 ¹⁹
3865 3835 3882 3878 t

2358 3946 2389 3986 α
2416 3924 2641 3988 Melius
2665 3927 2761 3988 est
2785 3922 2959 3987 enim
2997 3926 3073 3987 ut
3110 3921 3595 4003 benefacientes,
3644 3924 3706 3987 si
3740 3923 3888 3989 velit

2349 4029 2645 4097 voluntas
2695 4030 2838 4109 Dei,
2886 4031 3052 4113 pati,
3098 4048 3295 4113 quam
3326 4029 3807 4095 maleficientes.
3854 4051 3882 4088 u

2347 4137 2421 4202 In
2472 4138 2881 4203 tribulatione
2933 4155 3097 4220 ergo
3140 4138 3505 4203 consolatur
3555 4137 3885 4204 hominem

2347 4245 2479 4311 divi
2486 4263 2585 4309 nae
2604 4245 2950 4310 voluntatis
2967 4246 3384 4311 consideratio
3401 4247 3703 4330 exemplo
3722 4247 3887 4314 Chri·

2347 4353 2427 4416 sti
2451 4351 2500 4392 ²⁰
2532 4374 2594 4417 :e
2611 4352 2797 4417 Pater
2813 4353 2928 4432 mi,
2958 4353 3162 4417 sinon
3191 4357 3393 4436 potest
3420 4354 3697 4419 transire
3726 4353 3886 4419 calix

2344 4459 2462 4524 iste
2488 4459 2614 4523 nisi
2647 4460 2862 4524 bibam
2890 4460 3070 4525 illum
3087 4508 3108 4540 ,
3163 4460 3277 4525 fiat
3322 4460 3624 4526 voluntas
3662 4466 3803 4527 tua.
3850 4482 3882 4521 n

2343 4565 2502 4632 Ecce
2533 4567 2723 4650 quale
2757 4568 3086 4650 speculum
3124 4568 3389 4651 patienti
3422 4571 3521 4631 est
3556 4568 3880 4634 Christus!

2343 4676 2703 4742 Bernardus
2742 4679 2784 4714 ²¹
2830 4695 2847 4741 z
2885 4701 2917 4738 «
2944 4676 3302 4761 Utrumque
3346 4677 3539 4758 mihi,
3588 4678 3879 4758 Domine,

2340 4802 2430 4863 es,
2468 4788 2533 4848 et
2569 4783 2901 4866 speculum
2940 4784 3243 4867 patiendi,
3279 4788 3343 4850 et
3382 4784 3729 4867 praemium
3770 4804 3881 4868 pa-

2340 4892 2553 4955 tientis
2585 4896 2990 4974 :utrumque
3028 4892 3272 4957 fortiter
3303 4896 3630 4976 provocat,
3666 4898 3738 4958 et
3770 4911 3880 4959 ve·

2337 4998 2669 5064 hementer
2693 4999 2999 5064 accendit.
3032 5020 3062 5058 ιι

2341 5201 2416 5249 10.
2446 5224 2506 5235 —
2534 5198 2577 5232 ¹³
2607 5197 2757 5261 ibid„
2782 5209 2872 5259 vn,
2897 5199 2977 5248 11.
3006 5222 3066 5234 -—
3096 5198 3138 5233 ¹⁷
3166 5196 3366 5262 Ephes„
3396 5209 3466 5262 vr,
3496 5201 3543 5250 6.
3569 5223 3632 5237 -
3664 5199 3716 5236 ¹⁸
3738 5199 3880 5261 Luc..

2335 5281 2442 5332 ιιι,
2470 5272 2547 5319 47.
2576 5296 2639 5307 —
2679 5271 2714 5305 ¹⁹
2751 5272 2765 5318 ι
2806 5271 2962 5331 Peon,
2992 5279 3080 5330 ιιι,
3119 5271 3193 5320 Π.
3225 5295 3287 5307 -
3320 5270 3360 5303 ²·
3386 5269 3590 5335 Mami„
3618 5281 3768 5336 nvi,
3796 5273 3874 5322 42.

2337 5367 2391 5377 —
2421 5342 2461 5375 ¹¹
2493 5342 2667 5406 Rern„
2697 5342 2752 5391 in
2779 5341 2949 5404 Cant„
2975 5354 3131 5392 serm.
3160 5353 3323 5406 nvn,
3349 5355 3402 5393 n.
3428 5344 3477 5394 6.

2396 5449 2470 5513 (a)
2510 5447 2654 5514 ναῖς.
2679 5448 3012 5515 ambulasses,
3036 5448 3334 5502 habitasses.
