4059 6317
767 468 1145 537 noumch
1182 467 1336 534 INF.
1381 466 1550 533 OCT.
1598 461 1944 532 ΝΑΤΠΙΤ.
1997 466 2301 536 DOMINI.
2342 467 2609 536 SERMO
2650 467 2758 541 111.
3269 475 3340 537 61

209 609 275 675 ad
312 606 620 689 sagittam.
657 625 693 666 ι
745 603 1101 670 Maximum
1147 602 1322 670 enim
1374 600 1701 667 charitatis

208 717 438 796 signum
460 712 611 791 fnit,
646 711 819 795 quod
859 711 1151 777 Christus
1183 710 1447 793 sagittas
1475 724 1703 792 oppro-

206 822 485 901 briorum,
524 819 897 884 irrisionum
916 867 935 899 ‚
976 822 1314 902 sputorum
1335 865 1351 890 .
1403 815 1700 898 colapho-

204 948 327 995 rum
341 978 364 1009 ,
389 929 710 993 clavorum
747 930 810 992 et
840 927 1077 992 lanceae
1112 926 1424 991 sustinere
1470 922 1697 990 voluit.

204 1036 292 1103 Sic
312 1041 370 1101 et
391 1054 501 1100 nos
527 1053 643 1118 per
664 1034 1039 1098 charitatem
1067 1050 1201 1099 esse
1226 1031 1533 1097 debemus
1558 1033 1702 1094 tan-

191 1161 370 1227 quam
392 1141 715 1206 immobile
738 1140 1010 1222 signum
1036 1145 1258 1205 contra
1284 1137 1550 1220 sagittas
1573 1154 1703 1201 cas-

203 1249 553 1331 tigationum
595 1248 1009 1328 divinarum,
1056 1247 1135 1312 de
1173 1245 1410 1329 quibus
1434 1246 1452 1281 ¹
1487 1266 1504 1310 ε
1535 1266 1567 1306 α
1589 1242 1702 1309 Sa·

207 1358 359 1440 gittae
382 1356 621 1423 Domini
646 1357 720 1420 in
745 1373 853 1421 me
878 1359 1049 1420 sunt.
1078 1377 1109 1416 n
1146 1354 1304 1419 ltem
1344 1353 1564 1417 contra
1596 1368 1704 1415 sa-

205 1464 368 1546 gittas
388 1463 816 1529 irritationum
852 1464 1319 1539 humanarum,
1359 1459 1437 1523 de
1463 1459 1702 1541 quibus

208 1571 494 1636 Psalmista
510 1573 535 1607 ²
562 1590 580 1635 ε
621 1593 654 1632 α
678 1570 827 1636 Filii
850 1570 1188 1635 hominum
1210 1616 1228 1647 ,
1258 1568 1501 1646 dentes,
1527 1587 1559 1627 υ
1578 1569 1696 1630 etc.

206 1680 337 1745 item
359 1684 569 1744 contra
607 1679 884 1760 sagittas
911 1676 1333 1742 tentationum
1358 1673 1699 1738 diabolica-

203 1805 327 1854 rum
348 1788 372 1824 ⁸
403 1807 420 1851 :
451 1811 481 1846 α
504 1786 580 1850 ln
606 1785 908 1851 omnibus
932 1785 1255 1849 sumentes
1280 1785 1533 1846 scutum
1555 1780 1702 1845 fidei

208 1896 446 1978 (contra)
480 1894 609 1960 tela
634 1892 1034 1976 nequissimi.
1056 1913 1087 1952 n
1123 1890 1281 1955 ltem
1321 1892 1543 1954 contra
1566 1891 1702 1952 tam

205 2002 541 2086 multiplices
569 2002 839 2083 sagittas
863 1998 1320 2065 adversitatum
1346 2000 1472 2062 stat
1495 1995 1701 2060 chari·

203 2114 281 2174 tas
295 2158 317 2191 ,
351 2110 526 2193 quasi
569 2110 842 2191 signum
888 2106 965 2191 (a)
996 2104 1345 2170 immobile.
1387 2102 1701 2185 Augusti-

201 2217 362 2282 nus‘:
392 2241 421 2278 ι
444 2217 733 2284 Charitas
754 2215 923 2280 inter
948 2212 1292 2297 opprobria
1315 2229 1540 2276 secura
1556 2214 1654 2275 est
1681 2232 1697 2275 ε

204 2325 339 2389 inter
361 2326 515 2405 odia,
546 2325 874 2402 benet-hcm
894 2322 1061 2386 inter
1080 2321 1259 2385 rixas
1292 2319 1392 2399 (b),
1422 2317 1697 2401 placida3

206 2433 340 2498 inter
360 2433 643 2510 insidias,
672 2433 981 2498 innocens
1011 2427 1459 2511 :iniquitatem
1490 2425 1560 2510 (c)
1594 2441 1704 2506 ge-

207 2556 369 2621 metis,
386 2541 740 2606 inveritate
761 2538 1104 2621 respirans.
1121 2558 1153 2596 n
1189 2533 1334 2614 Sed,
1354 2533 1518 2598 heul
1549 2532 1703 2597 huic

207 2646 360 2727 signo
384 2647 837 2712 contradicitur
863 2663 981 2728 per
1004 2644 1274 2726 signum
1296 2641 1425 2706 odii
1451 2644 1516 2706 et
1535 2640 1705 2704 frau-

207 2753 458 2820 dulentiae
478 2803 498 2834 ‚
546 2756 721 2819 sicut
769 2753 966 2818 Iudas
1009 2751 1123 2835 qui
1165 2748 1426 2815 tradidit
1465 2747 1557 2813 eis
1613 2747 1697 2828 (d)

209 2863 419 2944 sionim!
437 2911 452 2941 ‚
479 2885 512 2924 s
546 2867 676 2928 etc·

264 2968 336 3035 De
356 2975 577 3054 quarto
608 2975 632 3010 ⁸
665 2990 683 3032 z
723 2991 756 3029 α
774 2966 900 3032 Fac
927 2983 1184 3031 mecum
1205 2964 1470 3046 signum
1492 2963 1563 3026 in
1589 2962 1703 3027 bo-

208 3083 511 3155 num‚»etc.
529 3077 757 3142 Glossa
770 3081 794 3116 ⁸
816 3096 878 3140 :c
896 3071 1395 3137 Resurrectionis
1409 3069 1695 3151 signum,

206 3183 398 3248 scilicet
453 3186 727 3266 signum
784 3179 967 3246 Jonae
1024 3179 1379 3262 Prophetas.
1436 3199 1467 3237 n
1525 3175 1706 3242 Sicut

208 3289 343 3353 enim
364 3291 385 3324 '¹
406 3290 594 3356 Jonas
633 3290 828 3354 tertia
852 3289 954 3353 die
979 3287 1049 3352 in
1074 3287 1320 3352 aridam
1357 3286 1697 3365 evomitur,

205 3396 276 3460 ita
295 3397 553 3464 Christus
578 3398 776 3464 tertia
798 3396 902 3462 die
933 3395 1003 3459 in
1029 3393 1404 3459 soliditatem
1432 3394 1701 3457 immor-

205 3503 413 3570 talitatis
428 3506 803 3581 suscitatur,
823 3502 1043 3568 relicto
1062 3501 1226 3566 mari
1248 3500 1533 3565 mortalis
1550 3499 1701 3565 vitae

205 3614 255 3674 et
286 3612 635 3677 fluctuantis
678 3608 899 3675 saeculi
912 3657 931 3688 ,
975 3607 1055 3672 de
1078 3612 1300 3673 ventre
1326 3606 1557 3671 inferni
1589 3623 1699 3671 ex-

205 3717 331 3784 iens.
367 3718 443 3785 Ut
476 3736 648 3802 ergo
683 3717 755 3781 iu
798 3713 1259 3780 resurrectione
1300 3712 1587 3796 generali
1630 3712 1702 3776 in

205 3825 402 3890 an'dam
423 3824 782 3903 evomaris,
811 3823 915 3888 dic
940 3821 1212 3886 Domino
1240 3842 1258 3884 ι
1291 3822 1425 3886 Fac
1460 3836 1700 3887 mecum

205 3934 417 4015 dmm
454 3937 533 4002 in
583 3934 826 4000 bonum
853 3931 949 4010 (e).
998 3928 1047 3995 Ο
1083 3927 1387 4009 signum!
1432 3926 1481 3993 Ο
1531 3945 1699 4008 gau-

206 4037 377 4120 dium,
424 4041 684 4124 quando
728 4037 1086 4118 naufragus
1129 4034 1306 4102 venit
1339 4034 1417 4099 ad
1457 4034 1702 4099 aridam

207 4145 410 4211 salutis!
438 4147 603 4213 Huic
627 4148 852 4211 autem
878 4143 1073 4224 signo
1100 4139 1550 4207 contradicitur
1588 4158 1703 4224 per

206 4249 424 4332 signum
458 4251 851 4319 transitoria
876 4248 1118 4314 laetitiae
1133 4295 1152 4328 ‚
1204 4250 1462 4330 propter
1502 4264 1701 4329 quam

206 4354 443 4424 letitiam
466 4357 860 4425 immortalis
905 4356 1039 4422 vita
1063 4373 1235 4439 saepe
1276 4355 1644 4419 destruitur.
1674 4353 1698 4388 ⁸

213 4462 437 4533 ‘Venite
459 4485 644 4550 ergo,
669 4471 739 4532 et
756 4466 1053 4531 fruamur
1079 4463 1264 4529 bonis
1280 4510 1299 4543 ,
1319 4484 1351 4523 n
1383 4465 1450 4527 et
1473 4465 1703 4527 caetera

22 4591 25 4672 l
88 4595 181 4641 uss
208 4587 415 4654 mque:
449 4597 480 4634 α
506 4574 763 4657 Ubique
788 4572 1228 4654 relinquamus
1252 4567 1446 4650 signa
1465 4566 1703 4633 laetitiae

89 4659 176 4762 ἓξ
207 4685 399 4746 nostrae
428 4704 443 4745 :
474 4704 505 4743 n
538 4683 656 4748 ubi
682 4680 1030 4746 stultorum
1055 4678 1278 4742 laetitia
1302 4676 1702 4759 specificatur

208 4780 590 4866 injuventute
606 4837 629 4869 ,
658 4789 735 4852 in
760 4786 919 4853 vino
938 4834 955 4866 ,
987 4785 1057 4849 in
1080 4784 1468 4866 unguentis,
1496 4783 1567 4847 in
1593 4801 1702 4849 co-

210 4894 673 4974 mnisrosarum
706 4942 727 4975 ‚
778 4894 853 4958 in
906 4891 1169 4958 luxuria
1205 4940 1228 4970 ‚
1283 4890 1355 4954 in
1407 4890 1700 4956 societate

262 5158 390 5220 Ἰώ,
413 5172 486 5224 n,
514 5162 561 5211 4.
586 5187 645 5198 —
667 5161 689 5192 ²
706 5158 848 5211 psal.
876 5167 985 5221 mn,
1010 5159 1124 5208 5.-
1147 5156 1171 5193 ⁸
1196 5154 1401 5221 Ephesi„
1434 5168 1511 5220 vr,
1545 5159 1701 5208 ¹6.-

213 5223 839 5295 ‘mammonas-it„
867 5228 934 5280 al.
957 5229 1118 5280 Ser-m.
1138 5238 1285 5292 αισι,
1307 5230 1490 5279 n.3.—
1510 5229 1532 5266 ⁸
1559 5226 1699 5279 Psal.

214 5307 367 5366 lxxxv,
390 5306 463 5354 Π.
491 5331 546 5342 -
577 5305 599 5337 ⁸
629 5303 802 5355 Gloss.
835 5300 1006 5352 interi.
1040 5326 1094 5338 —-
1126 5301 1142 5332 ⁷
1166 5299 1369 5365 Halm,
1397 5311 1504 5363 xn,
1531 5301 1608 5353 4⁰.
1636 5326 1702 5339 —

214 5365 366 5435 ἐφη
386 5387 443 5441 11,
466 5378 571 5428 6-9.
599 5403 664 5416 -
690 5377 715 5407 ’
741 5375 887 5436 Luc„
921 5383 991 5435 n,
1026 5373 1106 5423 35.
1131 5396 1195 5410 —
1224 5372 1262 5403 ¹·
1289 5370 1401 5435 Job,
1428 5384 1526 5437 n,
1555 5375 1700 5426 14.—

217 5444 245 5477 ¹¹
269 5447 439 5510 Epfioe„
463 5462 542 5513 vt,
572 5454 652 5502 ¹3.
679 5474 748 5486 —
777 5448 817 5482 ¹²
844 5444 1059 5508 ludim„
1096 5457 1178 5509 vi,
1208 5447 1257 5495 4.
1276 5469 1337 5481 —
1367 5444 1410 5481 ¹³
1437 5444 1578 5508 Luc„
1608 5456 1695 5504 xv,

2358 682 2644 754 SERMO
2684 684 2801 753 111.

1898 814 2098 882 Tuam
2140 819 2352 899 ipsius
2400 820 2690 886 animam
2738 817 3157 901 pertransibit
3207 817 3344 901 qta-

1808 919 2261 989 diusv.(}10ssa
2288 947 2359 989 :et
2385 925 2571 991 Dolor
2590 924 2924 990 dominicae
2939 925 3246 1007 passionis
3270 948 3285 990 :
3309 946 3340 985 n

1807 1029 1962 1111 quia
2000 1048 2131 1095 non
2158 1034 2407 1114 poterat
2433 1032 2651 1097 videre
2678 1033 3057 1098 crucifixum
3084 1034 3225 1097 sine
3250 1034 3343 1097 at-

1808 1136 1974 1201 fectu
2004 1139 2277 1203 materni
2316 1139 2550 1205 doloris
2570 1188 2591 1220 ,
2636 1139 2886 1204 tametsi
2929 1144 3212 1222 speraret
3252 1159 3350 1205 re·

1808 1247 2249 1310 surrecturum
2271 1249 2336 1312 et
2354 1249 2628 1311 mortem
2641 1246 3064 1312 devicturum.
3090 1244 3348 1312 Gladius
3394 1260 3578 1306 eumn.

1808 1353 2022 1414 autem
2044 1353 2468 1433 pertransiens
2491 1352 2774 1417 animam
2798 1352 3200 1437 quadruplex
3227 1357 3343 1433 est,
3375 1327 3572 1430 ⁹⁶33

1808 1457 2042 1523 scilicet
2088 1458 2412 1524 diabolicae
2478 1459 2840 1524 tentationis
2869 1508 2891 1540 ‚
2960 1461 3348 1543 evangelicae
3382 1449 3580 1565 m

1808 1565 2272 1647 praedicationis
2293 1615 2311 1647 ,
2338 1568 2694 1650 tyrannicae
2719 1568 3176 1652 persecutionis
3189 1617 3212 1648 ‚
3237 1588 3346 1635 ex-
3372 1576 3491 1632 plex-

1807 1676 2030 1737 tremae
2055 1673 2644 1739 animadversionis.
2676 1674 2936 1740 Primus
2960 1676 3189 1741 transit
3212 1676 3346 1740 ani-

1808 1797 1981 1844 mam
2023 1781 2094 1845 iu
2123 1781 2572 1847 consentiendo
2596 1803 2614 1860 ;
2664 1782 2978 1847 secundus
2998 1830 3018 1861 ‚
3065 1783 3137 1847 iu
3178 1802 3348 1849 com-

1808 1889 2194 1969 pungendo;
2226 1889 2450 1954 tertius
2471 1937 2488 1968 ‚
2527 1889 2595 1952 iu
2627 1889 3103 1972 compatiend03
3143 1907 3340 1973 quar-

1807 1996 1912 2058 tus
1930 2042 1951 2074 ,
1981 1995 2051 2060 in
2076 1997 2579 2062 condemnando.

1889 2102 1975 2167 De
1999 2104 2210 2185 primo
2234 2104 2344 2171 Job
2367 2105 2452 2167 ¹⁰:
2484 2127 2516 2166 α
2541 2103 2665 2180 Qui
2688 2106 2831 2170 fecit
2856 2124 3007 2170 eum
3024 2153 3043 2185 ‚
3069 2104 3346 2190 applica-

1808 2209 1996 2273 bitin
2022 2228 2174 2275 eum
2201 2210 2511 2293 gladium.
2540 2234 2571 2272 ο
2612 2210 2842 2277 Contra
2876 2212 3167 2294 gladium
3198 2216 3338 2277 ten-

1808 2316 2066 2382 tationis
2088 2319 2324 2383 armari
2348 2319 2652 2384 debemus
2679 2319 3034 2385 virtutibus
3056 2321 3096 2356 ¹¹
3130 2342 3146 2384 :
3178 2343 3209 2382 ι
3234 2319 3347 2385 In-

1808 2426 1984 2491 duite
2008 2445 2123 2493 vos
2149 2432 2475 2493 armatura
2505 2427 2575 2510 (f)
2607 2427 2715 2494 Dei
2734 2476 2753 2508 ,
2787 2450 2817 2489 n
2853 2432 2973 2494 etc.
3021 2428 3198 2495 Sicut
3238 2449 3347 2495 au-

1810 2536 1939 2598 tem
1952 2532 2114 2599 latro
2133 2534 2529 2616 transfigitur
2545 2535 2655 2617 (q),
2673 2539 2747 2598 ut
2762 2553 2872 2600 cor
2886 2536 3102 2617 gladio
3120 2537 3343 2603 vulne·

1807 2642 2009 2716 retur,
2039 2639 2127 2703 ita
2155 2639 2443 2705 diabolus
2469 2641 2637 2705 facit.
2669 2641 2846 2707 Unde
2870 2641 3238 2709 Holofernes
3262 2644 3342 2709 de

1809 2745 2045 2811 Achior
2061 2745 2151 2811 ait
2164 2747 2244 2811 ¹²:
2275 2769 2306 2808 α
2329 2745 2589 2812 Gladius
2617 2747 2861 2814 militiae
2887 2767 3049 2815 meae
3068 2754 3346 2816 transeat

1807 2871 1922 2937 per
1945 2851 2147 2918 latera
2170 2857 2277 2917 tua
2298 2903 2320 2928 ,
2353 2856 2419 2918 et
2444 2853 2736 2918 confixus
2775 2854 2959 2920 cades
2999 2857 3167 2922 inter
3194 2857 3338 2923 vul-

1803 2966 2059 3027 neratos
2086 2960 2278 3027 lsrael
2300 3010 2318 3041 ,
2356 2967 2421 3026 et
2460 2979 2592 3026 non
2615 2963 2955 3044 respirabis
2981 2965 3180 3046 ultra,
3227 2967 3341 3032 do-

1808 3086 1925 3133 nec
1952 3068 2474 3135 exterminaberis
2499 3086 2650 3132 cum
2675 3068 2821 3135 illis.
2849 3092 2879 3131 n
2911 3071 3342 3156 Holopbernes

1807 3175 2132 3241 diabolum
2159 3176 2480 3258 significat
2508 3192 2525 3238 :
2554 3174 3008 3261 interpretatur
3032 3180 3204 3243 enim
3231 3182 3336 3248 in-

1807 3284 2078 3364 firmans
2095 3285 2367 3354 vitulum
2380 3287 2772 3368 saqinatum,
2795 3287 2857 3350 id
2871 3290 2967 3351 est
2982 3286 3302 3352 Christum
3320 3312 3336 3354 ε

1807 3389 1886 3454 de
1903 3390 2129 3473 quoin
2155 3394 2333 3458 Luca
2347 3393 2425 3456 ¹⁸:
2450 3391 2759 3457 Adducite
2785 3391 3064 3457 vitulum
3091 3394 3344 3476 sagina·

1806 3499 1948 3561 tum
1971 3545 1988 3578 ‚
2019 3501 2087 3561 et
2124 3497 2404 3563 occidite.
2435 3520 2467 3559 n
2495 3497 2609 3564 Vel
2638 3498 2958 3580 significat
2988 3500 3341 3583 quemlibet

1798 3606 2050 3686 ,iustum
2071 3627 2090 3684 ;
2124 3604 2520 3670 Psalmista¹⁴
2558 3627 2574 3670 ε
2614 3628 2647 3666 α
2674 3604 3006 3689 Imponent
3033 3606 3110 3689 (h)
3149 3626 3342 3691 super

1804 3713 2000 3778 altare
2078 3716 2269 3777 tuum
2322 3712 2556 3778 vitulos
2580 3761 2600 3792 ,
2643 3734 2674 3773 n
2728 3717 2847 3777 etc.
2899 3712 3124 3778 Latera
3186 3721 3340 3779 sunt

1803 3836 1993 3899 uxor,
2023 3836 2172 3902 quae
2198 3818 2277 3883 de
2303 3817 2500 3883 latere
2536 3819 2662 3883 viri
2685 3819 2848 3883 sacta
2873 3823 2995 3898 est;
3036 3818 3140 3884 vel
3181 3838 3341 3885 con-

1805 3924 2068 4005 sinerii,
2100 3929 2213 3992 aut
2237 3925 2601 3990 familiares.
2634 3923 2996 3989 Bernardus
3022 3926 3112 3992 ad
3138 3926 3341 4009 Euae·

1804 4033 1990 4100 nium
2018 4033 2262 4116 Papam
2289 4034 2336 4073 ¹⁸
2366 4055 2381 4094 ε
2420 4056 2451 4095 α
2475 4031 2616 4097 Nou
2639 4037 2702 4096 te
2728 4050 2959 4096 sanum
2991 4034 3337 4114 putaveris,

1805 4137 2125 4204 dolentem
2152 4139 2346 4204 latera
2386 4140 2455 4219 (i)
2470 4186 2491 4218 ,
2527 4156 2735 4220 neque
2763 4141 2828 4201 te
2855 4138 3097 4202 bonum
3139 4139 3339 4204 credi-

1805 4245 1973 4310 deris
1999 4246 2201 4310 malos
2244 4245 2649 4313 invocantem
2681 4245 2782 4328 (j).
2809 4265 2840 4304 n
2875 4245 3030 4311 Istos
3057 4245 3345 4311 diabolus

1807 4369 1921 4435 per
1936 4353 2247 4418 malitiam
2266 4353 2579 4430 vulnerat,
2605 4357 2678 4417 ut
2701 4371 2812 4435 per
2833 4370 2943 4418 eos
2965 4351 3133 4417 latus
3153 4357 3341 4417 tuum

1809 4461 2206 4526 vulneretur.
2265 4460 2443 4526 Sicut
2496 4459 2937 4525 fraudulentus
2997 4459 3344 4525 amicitiam
3413 4442 3422 4450 ”

1804 4567 2103 4647 simulat,
2142 4570 2218 4633 ut
2241 4567 2498 4632 interim
2524 4567 2746 4646 feriat3
2784 4566 2875 4630 ita
2900 4565 3189 4631 diabolus
3231 4584 3345 4649 per

1804 4674 2218 4758 temporalem
2238 4674 2593 4739 felicitatem
2613 4678 2678 4738 et
2692 4672 3079 4755 voluptatem
3096 4674 3343 4739 homiui

1804 4783 2038 4849 arridet
2062 4787 2126 4847 et
2147 4782 2396 4848 occidit.
2418 4780 2550 4846 Hoc
2568 4780 2998 4863 significatum
3018 4785 3113 4845 est
3132 4785 3202 4860 ¹⁶,
3237 4780 3346 4844 ubi

1803 4924 1885 4973 23.
1904 4947 1969 4961 —
1988 4922 2025 4954 ¹⁴
2048 4921 2186 4973 Psal.
2222 4933 2273 4985 1.,
2307 4924 2387 4973 21.
2409 4946 2473 4959 —
2501 4922 2544 4959 ¹⁸
2581 4923 2757 4984 Bern„
2779 4920 2840 4970 de
2872 4919 3098 4983 consid„
3130 4919 3218 4972 lib.
3258 4921 3344 4986 tv,

1806 5007 1853 5045 c.
1882 5004 1955 5057 ιν,
1986 5006 2043 5043 n.
2071 4995 2121 5043 9.
2148 5018 2213 5031 -—
2239 4992 2280 5028 ¹⁶
2309 4994 2350 5043 il
2383 4993 2520 5057 neq„
2547 5004 2635 5056 xx,
2663 4994 2712 5043 9.

1869 5084 1937 5146 (α)
1966 5081 2090 5133 Goet.
2116 5081 2237 5132 edit.
2264 5081 2539 5146 lignum.—
2573 5079 2639 5146 (ὁ)
2666 5079 2752 5132 ΔΙ.
2776 5079 2896 5131 iras.
2921 5105 2983 5119 -
3010 5078 3071 5145 (c)
3098 5078 3179 5134 Al.
3212 5079 3347 5133 inter

1804 5155 2111 5222 iniquitates.
2131 5181 2196 5193 —
2226 5154 2309 5221 (d)
2352 5155 2503 5220 Vulg.
2539 5153 2682 5206 dedit
2713 5153 2847 5206 illis.
2877 5180 2932 5192 -
2974 5154 3035 5220 (e)
3065 5154 3190 5205 caet.
3220 5154 3347 5205 edit.

1808 5227 1947 5279 bono.
1985 5253 2042 5264 —
2078 5227 2146 5289 (f)
2197 5225 2342 5291 ναις.
2387 5225 2612 5290 Accipite
2652 5229 2980 5277 armaturam.
3018 5250 3080 5263 —
3122 5222 3199 5289 (a)
3226 5225 3343 5290 [ιφ.

1802 5298 2072 5363 transfigit.
2095 5324 2158 5336 —
2193 5298 2264 5362 (h)
2309 5297 2433 5349 Coet.
2466 5297 2585 5348 edit.
2629 5298 2875 5361 imponet.
2899 5322 2954 5333 —
2982 5295 3045 5360 (i)
3069 5295 3189 5347 Coee.
3219 5295 3343 5345 edit.

1804 5373 1949 5422 omis.
1990 5370 2166 5421 latera.
2189 5395 2252 5408 -
2290 5369 2360 5434 (j)
2406 5368 2549 5420 Edit.
2588 5366 2792 5419 nabin.
2833 5368 2971 5417 ¹690.
3017 5365 3161 5430 Oper.
3195 5366 3346 5418 Rern.

1803 5442 1905 5495 hoc
1930 5445 2037 5505 est,
2055 5454 2124 5492 ne
2150 5444 2202 5492 tc
2227 5439 2415 5494 dixeris
2440 5440 2667 5501 bonum,
2696 5437 2842 5490 malis
2866 5436 3188 5489 innitentem.
