4059 6317
1355 457 1458 524 DE
1501 426 1572 523 s.
1615 455 1874 523 Luem.
1920 456 2188 527 sirano
2231 458 2308 525 n.

226 591 480 667 sophum
516 591 536 627 ¹
552 632 576 664 ,
608 590 865 667 imponit
896 591 1299 653 necessitatem
1324 591 1449 667 his,
1479 609 1613 668 quae
1638 597 1776 653 sunt

226 685 305 744 ad
330 684 533 743 finem.
584 685 725 744 Ideo
772 686 822 743 si
864 685 1144 747 volumus
1181 686 1433 745 victores
1467 704 1626 760 esse,
1660 703 1770 746 ne-

223 796 382 839 cesse
398 780 694 841 habemus
716 780 973 854 bellare3
1004 784 1062 839 et
1087 781 1136 840 si
1163 782 1393 841 bonum
1413 786 1499 841 est
1517 782 1770 855 vincere,

222 876 449 933 constat
474 874 645 949 quod
681 874 912 933 bonum
949 879 1033 933 est
1073 886 1375 950 pugnare,
1422 876 1565 950 quia
1603 877 1772 950 cujus

220 966 356 1027 finis
381 966 635 1039 bonum,
673 967 870 1042 ipsum
917 984 1161 1045 quoque
1192 968 1418 1028 bonum
1449 972 1495 1028 ².
1543 968 1662 1029 Illis
1686 972 1770 1027 ta·

220 1076 359 1119 men
403 1062 574 1134 juxta
622 1060 888 1121 divinam
935 1063 1375 1122 moderantiam
1429 1063 1772 1122 conceditur

216 1154 446 1213 bellum
469 1155 620 1227 leve,
647 1156 752 1231 qui
769 1161 1075 1231 nequount
1103 1157 1309 1231 gravia
1327 1154 1490 1214 bella
1510 1161 1767 1231 portare.

222 1248 310 1306 Ob
335 1265 522 1323 quam
549 1265 790 1307 causam
812 1253 1046 1311 sanctus
1081 1252 1272 1310 Sixtus
1295 1250 1531 1310 dicebat
1565 1255 1769 1310 sancto

216 1344 562 1402 Laurentio:
598 1347 758 1402 «Nos
785 1346 955 1420 quasi
983 1344 1246 1405 seniores
1272 1345 1514 1403 levioris
1545 1362 1766 1420 pugnae

217 1455 456 1498 cursum
476 1439 797 1515 recipimus
813 1459 832 1513 3
855 1441 913 1498 te
932 1442 1131 1499 autem
1154 1440 1327 1515 quasi
1339 1440 1626 1513 juvenem
1643 1456 1771 1500 ma·

213 1535 315 1591 net
327 1532 646 1607 gloriosior
673 1533 750 1591 de
777 1537 1030 1609 tyranno
1048 1533 1403 1609 triumphus.
1433 1534 1525 1593 Sic
1549 1533 1767 1592 iterum

216 1627 447 1700 majora
480 1627 588 1687 tibi
630 1627 922 1686 debentur
946 1644 1058 1704 pro
1091 1627 1213 1686 fide
1251 1628 1459 1686 Christi
1494 1628 1764 1687 certami-

212 1736 293 1783 na
317 1722 361 1777 ⁸.
392 1741 423 1776 n
460 1720 612 1792 Quia
642 1737 785 1794 ergo
812 1722 940 1781 haec
971 1720 1142 1795 virgo
1169 1726 1369 1781 sancta
1393 1721 1503 1780 fuit
1523 1721 1766 1782 fortissi-

213 1830 336 1886 ma,
366 1819 424 1873 et
450 1814 532 1874 ad
555 1830 838 1888 magnam
875 1815 1187 1877 victoriam
1228 1821 1578 1891 praeparata,
1622 1816 1763 1875 ideo

214 1907 382 1966 fortis
409 1912 500 1967 est
526 1909 583 1969 ei
609 1909 749 1968 data
772 1925 996 1984 pugna.
1043 1912 1196 1968 Bene
1224 1925 1369 1983 ergo
1399 1909 1644 1985 Sapiens
1670 1910 1763 1968 di-

209 2004 287 2060 cit
312 2020 327 2059 :
358 2003 637 2061 certamen
664 2007 812 2074 forte
850 2004 1004 2061 dedit
1030 2006 1123 2061 illi
1159 2008 1224 2061 ut
1257 2006 1513 2062 vinceret.
1545 2008 1608 2063 ln
1637 2019 1761 2079 quo

207 2096 392 2155 verbo
425 2096 705 2159 describit
747 2113 883 2155 eam
911 2099 1200 2171 quantum
1240 2096 1321 2155 ad
1359 2099 1482 2155 duo
1512 2115 1529 2154 ε
1563 2096 1760 2173 primo

207 2194 500 2264 quantum
537 2189 616 2255 ad
658 2189 866 2251 flamm
908 2189 1243 2249 tentationis
1288 2193 1347 2249 et
1382 2206 1626 2265 pugnae3
1673 2206 1764 2249 se-

206 2284 409 2343 cundo
433 2288 725 2359 quantum
744 2283 824 2342 ad
841 2288 1055 2343 statum
1074 2284 1353 2355 victorias,
1382 2284 1479 2342 vel
1503 2300 1756 2344 coronoe.

208 2378 470 2437 Primum
489 2378 730 2454 respicit
745 2381 962 2437 statum
981 2378 1194 2451 meriti,
1226 2395 1350 2454 quo
1376 2378 1636 2452 refulsit3
1668 2395 1761 2438 se·

204 2472 475 2531 cundum
506 2475 722 2531 statum
761 2472 1013 2549 praemii,
1056 2473 1225 2549 quod
1270 2473 1515 2549 accepit.
1563 2476 1630 2531 ln
1666 2473 1760 2531 his

204 2565 475 2638 duobus,
500 2566 723 2625 scilicet
737 2566 982 2642 praemio
1004 2569 1060 2625 et
1078 2566 1315 2638 merit0,
1338 2566 1760 2626 omnebonum

201 2660 464 2719 hominis
512 2660 803 2731 consistit,
848 2660 991 2734 quia
1031 2661 1313 2718 meritum
1354 2659 1594 2734 respicit
1644 2659 1758 2719 bo-

199 2769 351 2811 num
387 2753 535 2825 viae,
572 2753 680 2812 sed
715 2753 1029 2830 praemium
1054 2753 1287 2812 bonum
1319 2754 1543 2828 patriae.
1581 2756 1758 2813 Nota-

201 2853 297 2909 tur
330 2863 477 2921 ergo
518 2853 700 2907 status
742 2847 967 2920 meriti,
1009 2848 1134 2906 sive
1172 2864 1409 2924 pugnoe,
1442 2864 1579 2905 cum
1606 2847 1756 2906 dici·

200 2945 335 3000 tur:
367 2943 646 3000 Certamen
684 2944 826 3011 forte
859 2942 1012 3000 dedit
1037 2944 1129 2999 ilci
1146 2984 1168 3009 ,
1209 2941 1429 3000 scilicet
1459 2944 1610 3000 Deus
1632 2941 1756 3002 vir-

200 3034 349 3108 gini.
381 3035 499 3093 Sed
524 3040 762 3095 notatur
783 3039 963 3095 status
990 3034 1245 3112 praemii,
1264 3039 1325 3094 et
1341 3050 1599 3107 coronae,
1618 3052 1757 3095 cum

199 3130 486 3189 additur:
526 3132 599 3187 Ut
620 3134 880 3200 vinceret,
906 3129 973 3187 id
1008 3132 1114 3201 est,
1142 3132 1208 3189 ut
1230 3128 1552 3204 perfectam
1577 3130 1759 3190 victo-

196 3224 356 3283 riam
404 3223 715 3283 obtineret.
755 3226 852 3282 Est
887 3238 1030 3297 ergo
1072 3223 1169 3282 hic
1206 3223 1560 3296 notandum,
1589 3224 1758 3298 quod

159 3388 172 3401 ·
197 3320 388 3376 certat
398 3317 586 3377 homo
604 3333 743 3376 cum
762 3320 903 3390 Dee,
922 3320 988 3375 ut
1010 3316 1089 3377 ab
1111 3332 1183 3376 eo
1205 3332 1457 3390 regnum
1475 3318 1753 3393 accipiat;

194 3410 504 3487 proximo,
531 3426 608 3470 ne
634 3410 798 3470 malo
822 3409 1185 3480 consentiat3
1217 3410 1488 3485 diabolo,
1517 3414 1585 3469 ut
1615 3426 1755 3471 eum

193 3504 419 3562 vincat.

266 3597 413 3656 Dico
455 3598 624 3671 quod
663 3598 755 3657 vir
788 3597 1107 3673 spiritualis
1141 3597 1338 3673 primo
1382 3598 1568 3657 bellat
1615 3614 1754 3658 cum

192 3693 319 3749 Deo
341 3690 592 3765 orande,
613 3691 913 3764 instando,
939 3691 1261 3767 plorando,
1294 3692 1462 3750 etsie
1487 3691 1754 3766 quodam

179 3784 388 3843 modo
411 3800 550 3845 eum
575 3784 1017 3860 compellendo,
1035 3789 1097 3842 ut
1114 3784 1286 3843 illum
1313 3783 1582 3858 accipiat3
1611 3785 1754 3859 quia

191 3877 531 3939 secundum
588 3882 879 3941 Joannem
913 3879 935 3914 ⁴
978 3894 1232 3952 regnum
1290 3878 1580 3937 coelorum
1628 3878 1753 3936 vim

190 3971 437 4048 patitur,
474 3977 533 4032 et
565 3972 811 4033 violenti
844 3973 1082 4048 rapiunt
1106 3971 1280 4045 illud,
1310 3972 1460 4032 sicut
1493 3972 1747 4031 dicitur:

190 4082 348 4129 nam
396 4082 534 4127 cum
573 4068 693 4126 Deo
739 4066 1057 4138 bellamus,
1089 4071 1147 4124 et
1181 4067 1235 4123 ei
1272 4066 1539 4141 quodam
1563 4065 1750 4125 modo

187 4163 325 4220 vim
366 4160 638 4232 iacimuS,
687 4160 832 4219 dum
880 4159 936 4218 ei
983 4158 1332 4234 lacrymosis
1383 4159 1751 4219 orationibus

189 4256 584 4315 obtestamur.
615 4255 949 4314 Bernardus
980 4254 1039 4311 ⁸:
1075 4274 1106 4309 α
1131 4254 1327 4314 Oratio
1362 4256 1548 4313 Deum
1583 4254 1746 4329 lenit,

187 4349 307 4411 sed
350 4348 617 4424 lacryma
657 4349 952 4424 perungit.
993 4369 1022 4405 ι»
1088 4348 1251 4407 Unde
1288 4355 1489 4408 narrat
1527 4352 1746 4423 Grego-

186 4445 323 4503 rius
357 4441 382 4476 ⁸
427 4442 595 4517 quod
640 4442 890 4519 quidam
923 4442 1200 4501 sacerdos
1222 4442 1467 4501 nomine
1502 4445 1748 4503 Severus

187 4553 230 4597 a
285 4535 561 4610 quodam
622 4535 859 4595 infirmo
901 4552 1013 4612 pro
1039 4535 1383 4610 poenitentia
1409 4537 1744 4612 requisitus,

188 4631 348 4691 dum
398 4629 677 4689 sacerdos
722 4629 1020 4703 tardavit,
1065 4646 1223 4704 aeger
1274 4646 1313 4689 a
1361 4631 1483 4689 vita
1524 4630 1745 4688 disces-

186 4725 285 4785 sit.
349 4723 523 4794 Quod
578 4724 856 4783 sacerdos
916 4723 1064 4782 dum
1122 4722 1305 4794 vidit,
1354 4723 1523 4796 juxta
1579 4740 1744 4782 mor·

187 4822 369 4881 tuum
408 4817 752 4893 genuflexit,
794 4821 851 4875 et
893 4818 1111 4876 amaris
1156 4816 1435 4893 lacrymis
1471 4833 1536 4875 se
1574 4833 1745 4879 reum

189 4912 600 4975 damnationis
617 4911 777 4971 illius
792 4911 1048 4969 clamare
1066 4910 1261 4986 coepit.
1283 4911 1577 4985 Lacrymis
1596 4927 1746 4987 quo-

186 5022 318 5083 que
343 5005 506 5067 illius
529 5004 981 5083 quodammodo
1000 5004 1344 5065 constrictus
1365 5008 1537 5077 Deus,
1563 5020 1742 5078 ange-

256 5179 275 5213 ¹
305 5177 483 5240 Arist„
519 5175 740 5241 Physica,
776 5176 865 5228 lib.
909 5178 981 5239 ΙΙ,
1022 5180 1149 5229 text.
1188 5180 1267 5228 29.
1307 5203 1370 5216 —
1408 5178 1433 5214 ²
1472 5177 1743 5243 sophisma

51 5233 68 5247 ’
185 5249 489 5303 nrtliodoxo
525 5249 888 5301 Bonaventura
911 5249 1198 5314 indignum,
1228 5249 1332 5301 hoe
1359 5253 1439 5300 est
1461 5249 1601 5301 enim
1622 5263 1744 5301 con-

185 5321 448 5373 tradicere
478 5319 636 5372 Paulo
661 5319 905 5373 scribenti
933 5321 1087 5387 (Rom.
1096 5358 1116 5386 ,
1142 5332 1221 5384 ιιι,
1250 5322 1302 5385 8)
1324 5337 1340 5372 z
1367 5321 1435 5373 Et
1462 5336 1559 5372 non
1584 5322 1742 5386 faeia-

188 5406 309 5445 mus
337 5391 515 5453 mala,
551 5394 610 5442 ut
653 5395 880 5443 eveniant
920 5392 1065 5443 bona.
1095 5418 1157 5430 -
1198 5392 1221 5427 ⁸
1247 5393 1504 5459 navim..
1528 5406 1740 5460 respon·

3305 470 3417 533 8ss

1873 592 2004 655 lum
2047 596 2240 657 statim
2274 595 2453 667 misit,
2483 594 2589 672 qui
2616 594 2838 655 diceret
2873 595 3249 659 daemonibus
3286 613 3427 659 eum

1876 689 2264 750 ducentibus:
2300 709 2327 746 α
2344 690 2620 748 Reducite
2648 706 2786 751 eum
2812 689 2892 749 ad
2906 706 3144 766 corpus,
3163 691 3303 769 quia
3328 694 3429 752 Se·

1874 799 2051 842 verus
2092 784 2401 859 presbyter
2442 782 2693 859 plangit.
2737 805 2765 837 »
2805 784 2982 853 Quasi
3023 784 3222 843 dicat:
3264 786 3430 860 Cogit

1874 893 1973 935 me
2002 878 2326 937 sacerdotis
2369 877 2651 952 lacryma,
2695 882 2760 936 ut
2798 893 2996 935 meam
3035 883 3259 936 mutem
3297 895 3431 938 sen·

1874 971 2138 1035 tentiam.
2171 973 2302 1029 Haec
2329 975 2529 1029 autem
2555 986 2762 1046 pugna
2779 969 2890 1029 fuit
2914 971 3180 1044 signata⁷
3203 990 3219 1029 ε
3243 962 3427 1031 Jacob

1872 1062 2126 1122 luctatus
2153 1068 2241 1123 est
2263 1080 2401 1123 cum
2427 1064 2664 1138 angelo,
2704 1080 2814 1122 nec
2841 1069 2977 1124 ante
3005 1081 3144 1123 eum
3181 1065 3423 1137 dimisit,

1874 1155 2068 1215 donec
2091 1157 2145 1216 ei
2170 1157 2497 1230 benedixit,
2528 1161 2595 1216 ut
2620 1163 2677 1216 et
2700 1157 2778 1216 ab
2810 1173 2882 1216 eo
2908 1164 3043 1234 post
3066 1158 3286 1218 luctam
3316 1175 3427 1218 au-

1873 1249 2054 1309 divit:
2089 1252 2180 1309 «Si
2209 1256 2414 1324 contra
2441 1254 2623 1309 Deum
2650 1251 2817 1310 fortis
2840 1250 3021 1322 fuisti,
3051 1257 3275 1326 quanto
3302 1270 3429 1312 ma-

1873 1344 1963 1417 gis
1990 1349 2196 1404 contra
2219 1345 2490 1416 homines
2518 1345 2868 1419 praevalebis
2882 1348 2912 1403 ?
2928 1368 2954 1401 n
2974 1351 3040 1405 Et
3066 1346 3142 1404 de
3158 1347 3275 1405 hoc
3303 1363 3427 1405 cer·

1871 1438 2093 1497 tamine
2136 1442 2328 1513 potest
2364 1438 2517 1497 illud
2553 1440 2774 1514 exponi
2814 1440 3077 1515 Apostoli
3107 1439 3129 1474 ³
3162 1458 3178 1499 z
3230 1459 3263 1495 α
3295 1443 3427 1500 Non

1871 1532 2283 1603 coronabitur,
2318 1532 2433 1590 nisi
2461 1532 2565 1607 qui
2592 1532 2859 1606 legitime
2884 1534 3248 1593 certaverit.»
3284 1534 3424 1595 Ideo

1870 1626 2031 1685 enim
2060 1627 2341 1686 Dominus
2370 1627 2499 1685 vult
2525 1642 2637 1685 nos
2666 1627 2895 1686 orando
2925 1644 3193 1702 pugnare
3211 1670 3233 1701 ,
3261 1634 3327 1689 ut
3352 1629 3426 1687 sit

1869 1720 2187 1793 gloriosior
2197 1720 2496 1796 perceptio
2507 1735 2770 1778 coronoe:
2786 1720 2929 1795 quia
2939 1721 3166 1780 honore
3180 1721 3425 1781 nobilis·

1867 1813 2020 1872 simo
2049 1814 2353 1888 possidere
2381 1813 2459 1871 ab
2502 1814 2728 1889 aliquo,
2757 1814 2926 1890 quod
2953 1813 3277 1890 acquiritur
3304 1832 3421 1890 pu-

1866 1908 2134 1980 gnando,
2165 1925 2348 1983 quam
2375 1908 2544 1984 quod
2572 1925 2647 1967 ex
2674 1909 2836 1967 dono
2871 1909 3153 1985 accipitur
3195 1910 3412 1968 alieno.

1868 2002 2035 2060 Unde
2060 2001 2235 2061 beata
2261 2003 2458 2073 Lucia,
2481 2003 2661 2076 plena
2681 2003 2988 2078 sapientia,
3009 2019 3133 2061 non
3150 2003 3261 2062 fuit
3284 2019 3422 2062 con-

1866 2097 2027 2153 tenta
2053 2111 2223 2154 orare
2250 2096 2315 2153 in
2354 2095 2540 2155 domo
2581 2097 2845 2172 propria,
2885 2096 2994 2155 sed
3033 2113 3140 2171 per
3172 2098 3420 2172 longam

1864 2189 2027 2247 viam
2053 2189 2159 2249 ivit
2182 2189 2264 2248 ad
2288 2193 2504 2248 sanctae
2533 2190 2768 2263 Agathoe
2795 2190 3140 2249 ecclesiam:
3171 2194 3229 2248 et
3273 2190 3421 2251 dum

1863 2281 2159 2342 ferventer
2181 2284 2391 2358 oravit,
2414 2301 2592 2343 omne
2612 2284 2778 2360 quod
2800 2284 3117 2361 postulavit
3143 2286 3416 2359 obtinuit,

1865 2375 2015 2435 sicut
2053 2376 2433 2436 manifestum
2474 2383 2562 2437 est
2601 2395 2676 2437 ex
2716 2377 3009 2452 Legenda.
3040 2379 3230 2448 Quare
3257 2379 3418 2439 enim

1863 2485 1977 2529 nos
2004 2486 2130 2529 non
2156 2471 2522 2546 accipimus?
2551 2460 2694 2547 qu'ia
2715 2487 2838 2529 non
2860 2473 3135 2547 petimus,
3158 2473 3256 2530 vel
3274 2473 3418 2549 quia

1863 2580 1988 2623 non
2004 2565 2160 2624 bene
2189 2581 2447 2624 oramus.
2470 2566 2634 2624 Unde
2661 2566 2873 2625 dicitur
2898 2567 2953 2627 ἐ
2991 2569 3160 2625 «Non
3183 2566 3417 2626 habetis

1865 2673 1938 2717 ea
1966 2675 2100 2733 quae
2125 2658 2468 2734 postulatis:
2510 2660 2721 2734 petitiS,
2760 2664 2818 2719 et
2857 2675 2981 2718 non
3016 2660 3298 2736 accipitis,
3342 2677 3414 2720 eo

1867 2752 2036 2826 quod
2062 2752 2220 2810 male
2247 2752 2476 2826 petatis,
2515 2773 2543 2807 n
2592 2757 2825 2812 Certum
2855 2753 3090 2828 signum
3125 2760 3211 2813 est
3247 2756 3415 2830 quod

1865 2844 2009 2903 dare
2035 2846 2253 2920 cupiat,
2283 2846 2388 2920 qui
2405 2846 2574 2906 toties
2599 2863 2709 2904 nos
2728 2848 2806 2905 ad
2825 2848 3149 2930 petendum
3170 2848 3407 2908 invitat:

1872 2958 1900 2992 ι
1923 2939 2123 3011 Petite,
2160 2940 2355 3015 inquit
2386 2940 2442 3012 ¹⁰,
2472 2944 2531 2999 et
2556 2940 2852 3015 accipietis
2870 2961 2889 3014 ς
2932 2942 3196 3016 quaerite,
3239 2945 3297 3001 et
3318 2943 3412 3001 in-
3494 2963 3651 3007 Exom-

1861 3033 2145 3107 venietis3
2189 3033 2444 3108 pulsate,
2483 3038 2540 3093 et
2577 3035 2875 3110 aperietur
2900 3035 3139 3095 vobis.»
3183 3041 3330 3096 Nam
3356 3042 3414 3097 et
3438 3023 3578 3081 piam.

1863 3127 2113 3202 quidam
2130 3133 2365 3187 sanctus
2378 3132 2566 3202 Pater,
2585 3129 2753 3200 dum,
2772 3133 2839 3188 ut
2855 3134 3069 3203 oraret,
3088 3132 3413 3193 Jerusalem

1863 3221 2217 3293 advenisset,
2246 3228 2303 3281 et
2328 3223 2534 3282 iratres
2557 3228 3061 3298 conquererentur
3099 3225 3268 3300 quod
3288 3242 3414 3287 non

1861 3314 2114 3388 plueret,
2160 3315 2307 3375 dixit
2347 3317 2431 3374 eis
2461 3335 2476 3374 z
2521 3319 2764 3387 «Quare
2807 3334 2932 3376 non
2971 3319 3198 3377 oratis?
3229 3341 3258 3377 w
3304 3321 3414 3391 Qui

1865 3408 2145 3468 dixerunt
2176 3428 2192 3468 ε
2225 3430 2257 3465 α
2277 3414 2546 3484 oramus,
2575 3414 2763 3484 Pater,
2793 3417 2849 3470 et
2869 3428 2995 3471 non
3018 3414 3189 3488 pluit.
3221 3436 3249 3471 ν
3279 3415 3414 3484 Qui·

1860 3502 1975 3561 bus
2001 3502 2105 3561 ille
2141 3521 2157 3561 ε
2207 3523 2238 3558 α
2263 3507 2432 3576 Puto,
2462 3505 2629 3580 quod
2654 3520 2779 3563 non
2807 3509 3021 3565 attente
3062 3508 3259 3567 oratis,
3305 3511 3414 3567 Ve-

1861 3595 1981 3653 nite
2007 3612 2177 3669 erge,
2207 3601 2264 3655 et
2291 3613 2548 3657 oremus.
2570 3618 2599 3654 >²
2634 3599 2837 3658 Statim
2858 3604 3055 3659 autem
3075 3606 3141 3659 ut
3165 3602 3266 3660 ille
3285 3602 3413 3677 pal-

1861 3705 1991 3747 mas
2023 3689 2103 3748 ad
2130 3693 2315 3749 Deum
2344 3692 2607 3765 tetendit,
2634 3709 2780 3751 mox
2806 3691 3013 3767 pluvia
3037 3694 3217 3753 venit.

1931 3784 2272 3843 Secundum
2304 3791 2601 3844 certamen
2635 3786 2747 3845 viri
2784 3787 3102 3861 spiritualis
3139 3794 3226 3847 est
3268 3806 3406 3853 cum

1858 3876 2167 3952 proxime,
2196 3893 2273 3936 ne
2310 3895 2373 3937 se
2406 3878 2484 3937 ab
2530 3895 2603 3938 eo
2641 3880 2845 3938 seduci
2887 3884 3213 3955 permittat,
3257 3883 3406 3944 dum

1859 3985 1997 4028 eum
2024 3970 2105 4028 ad
2145 3971 2373 4030 malum
2413 3972 2637 4030 invitat.
2668 3975 2910 4032 Multum
2948 3975 3109 4035 enim
3155 3978 3403 4038 Pascha-.-

1857 4062 1980 4121 sius
2005 4065 2168 4123 nisus
2199 4069 2284 4123 est
2309 4066 2545 4124 Luciam
2575 4067 2857 4127 inducere
2885 4069 2965 4127 ad
2986 4070 3163 4128 idolis
3189 4071 3403 4130 immo·

1856 4156 2110 4217 landum
2131 4178 2146 4217 2
2175 4158 2271 4218 cui
2289 4159 2395 4218 illa
2409 4160 2587 4218 valde
2604 4161 3031 4221 rationabiliter
3059 4166 3402 4226 auctoritate

1857 4269 2038 4312 sacrae
2070 4253 2368 4330 scripturae
2398 4255 2853 4330 prudentissime
2894 4260 3317 4334 respondebat,
3343 4266 3402 4322 et

1854 4353 2123 4423 patenter
2149 4364 2287 4407 eum
2298 4391 2320 4422 ,
2347 4348 2410 4406 in
2438 4349 2834 4425 disputatione
2851 4352 3036 4426 longa
3054 4354 3398 4430 verborum,

1854 4440 2056 4500 verbis
2097 4442 2395 4519 sapientise
2435 4444 2845 4504 convincebat.
2896 4448 3046 4520 Lege
3086 4452 3269 4508 totam
3308 4450 3398 4508 di-

1854 4534 2252 4609 sputationem
2268 4578 2289 4608 ,
2338 4537 2481 4611 quia
2523 4538 2772 4611 pulchra
2817 4544 2904 4597 est
2947 4540 3123 4600 valde
3141 4583 3161 4614 ,
3210 4547 3268 4601 et
3313 4549 3401 4603 est

1854 4628 2029 4687 valde
2101 4629 2422 4688 mirabilis:
2485 4631 2628 4705 quia
2687 4650 2825 4692 cum
2868 4634 3057 4695 verba
3094 4637 3294 4695 ducha
3340 4644 3398 4698 et

1851 4723 2234 4781 rationabilia
2260 4723 2363 4783 irae
2390 4724 2508 4783 sint
2531 4726 2849 4801 placativa,
2885 4744 3010 4788 non
3045 4733 3242 4791 tamen
3269 4733 3398 4808 pla·

1853 4820 2014 4875 catus
2035 4815 2144 4875 fuit
2171 4817 2512 4877 Paschasius
2530 4836 2567 4879 a
2586 4821 2783 4881 Lucia.
2812 4826 3214 4884 Excaecaverat
3236 4827 3396 4887 enim

1853 4924 1991 4969 eum
2007 4911 2392 4989 malitiasua,
2420 4919 2478 4972 et
2503 4930 2674 4974 amor
2699 4916 2902 4990 falsus,
2927 4936 3109 4995 quem
3132 4921 3395 4983 habebat

1851 5003 1933 5062 ad
1957 5004 2124 5064 idola
2133 5024 2155 5079 ς
2197 5021 2310 5065 nec
2354 5008 2696 5068 attendebat
2738 5012 2900 5070 unde
2936 5016 3096 5073 tanta
3138 5020 3288 5074 esset
3328 5016 3394 5077 in

1851 5188 1956 5225 sor.
1985 5177 2035 5239 2,
2062 5179 2203 5227 noct.
2235 5179 2283 5238 2,
2317 5176 2368 5226 in
2399 5177 2529 5228 festo
2562 5180 2616 5231 S.
2648 5181 2885 5233 Laurent.
2909 5210 2974 5222 —
2997 5183 3020 5219 ὅ
3044 5185 3155 5238 lmo
3185 5188 3388 5252 naith„

1850 5256 1936 5311 11,
1967 5248 2046 5297 12.
2079 5272 2142 5285 —·
2177 5249 2200 5284 ⁸
2228 5248 2378 5299 Bern.
2411 5274 2467 5284 —
2506 5250 2527 5284 ⁸
2561 5252 2737 5319 Greg.,
2766 5253 2988 5321 Dialoy„
3016 5256 3108 5308 lib.
3140 5259 3189 5324 t,
3216 5272 3262 5311 c.
3292 5271 3389 5315 ιιι.

1850 5342 1911 5355 -
1937 5318 1960 5354 ⁷
1989 5318 2137 5380 Gen„
2170 5330 2339 5383 xxm,
2366 5321 2447 5371 24.
2474 5346 2539 5358 -
2566 5322 2587 5352 ⁸
2618 5324 2657 5374 n
2689 5322 2836 5391 Tim„
2864 5338 2931 5389 11,
2953 5331 3002 5380 5.
3029 5354 3092 5369 -
3117 5330 3137 5362 ’
3160 5331 3287 5397 lae..
3313 5343 3389 5405 tv,

1849 5397 1900 5460 2,
1928 5395 1976 5447 3.
1997 5420 2062 5432 -
2092 5396 2129 5427 ¹⁰
2156 5395 2361 5459 Marta„
2387 5405 2480 5461 vu,
2508 5399 2556 5448 Ἰ.
