<?xml version="1.0" encoding="UTF-8"?>
<!DOCTYPE html PUBLIC "-//W3C//DTD XHTML 1.0 Transitional//EN"
    "http://www.w3.org/TR/xhtml1/DTD/xhtml1-transitional.dtd">
<html xmlns="http://www.w3.org/1999/xhtml" xml:lang="en" lang="en">
 <head>
  <title>
</title>
<meta http-equiv="Content-Type" content="text/html;charset=utf-8" />
  <meta name='ocr-system' content='tesseract 3.04.00' />
  <meta name='ocr-capabilities' content='ocr_page ocr_carea ocr_par ocr_line ocrx_word'/>
</head>
<body>
  <div class='ocr_page' id='page_1' title='image "./srecardinalissb02peltgoog_0163.png"; bbox 0 0 4059 6317; ppageno 0'>
   <div class='ocr_carea' id='block_1_1' title="bbox 969 551 2609 633">
    <p class='ocr_par' dir='ltr' id='par_1_1' title="bbox 969 551 2609 633">
     <span class='ocr_line' id='line_1_1' title="bbox 969 551 2609 633; baseline 0.002 -14"><span class='ocrx_word' id='word_1_1' title='bbox 969 551 1347 620; x_wconf 80' lang='lat' dir='ltr'><strong>DOMINIGA</strong></span> <span class='ocrx_word' id='word_1_2' title='bbox 1387 551 1470 618; x_wconf 83' lang='grc' dir='ltr'><strong>ΙΝ</strong></span> <span class='ocrx_word' id='word_1_3' title='bbox 1509 551 2182 633; x_wconf 81' lang='lat' dir='ltr'><strong>QUINQUAGESIMA.</strong></span> <span class='ocrx_word' id='word_1_4' title='bbox 2228 554 2489 623; x_wconf 83' lang='lat' dir='ltr'>SERMO</span> <span class='ocrx_word' id='word_1_5' title='bbox 2531 557 2609 623; x_wconf 89' lang='lat'><strong>11.</strong></span> 
     </span>
    </p>
   </div>
   <div class='ocr_carea' id='block_1_2' title="bbox 226 687 1743 3572">
    <p class='ocr_par' dir='ltr' id='par_1_2' title="bbox 226 687 1741 2925">
     <span class='ocr_line' id='line_1_2' title="bbox 232 687 1736 773; baseline -0.001 -18"><span class='ocrx_word' id='word_1_6' title='bbox 232 687 494 773; x_wconf 70' lang='lat' dir='ltr'><strong>oetquod</strong></span> <span class='ocrx_word' id='word_1_7' title='bbox 518 687 758 754; x_wconf 83' lang='lat' dir='ltr'><strong>dicebat</strong></span> <span class='ocrx_word' id='word_1_8' title='bbox 781 687 1736 754; x_wconf 71' lang='lat' dir='ltr'><strong>eisDominus¹zcll1ultabona</strong></span> 
     </span>
     <span class='ocr_line' id='line_1_3' title="bbox 232 794 1734 880; baseline 0.001 -20"><span class='ocrx_word' id='word_1_9' title='bbox 232 814 406 880; x_wconf 88' lang='lat' dir='ltr'><strong>opera</strong></span> <span class='ocrx_word' id='word_1_10' title='bbox 451 799 736 879; x_wconf 84' lang='lat' dir='ltr'><strong>operatus</strong></span> <span class='ocrx_word' id='word_1_11' title='bbox 784 813 931 861; x_wconf 91' lang='lat' dir='ltr'><strong>sum</strong></span> <span class='ocrx_word' id='word_1_12' title='bbox 974 796 1195 874; x_wconf 82' lang='lat' dir='ltr'><strong>vobis3</strong></span> <span class='ocrx_word' id='word_1_13' title='bbox 1250 799 1510 879; x_wconf 87' lang='lat' dir='ltr'><strong>propter</strong></span> <span class='ocrx_word' id='word_1_14' title='bbox 1561 794 1734 878; x_wconf 88' lang='lat' dir='ltr'><strong>quod</strong></span> 
     </span>
     <span class='ocr_line' id='line_1_4' title="bbox 229 900 1727 978; baseline -0.002 -9"><span class='ocrx_word' id='word_1_15' title='bbox 229 904 406 969; x_wconf 87' lang='lat' dir='ltr'><strong>vultis</strong></span> <span class='ocrx_word' id='word_1_16' title='bbox 431 922 528 969; x_wconf 90' lang='lat' dir='ltr'><strong>me</strong></span> <span class='ocrx_word' id='word_1_17' title='bbox 544 903 866 969; x_wconf 76' lang='lat' dir='ltr'><strong>occidere?</strong></span> <span class='ocrx_word' id='word_1_18' title='bbox 897 923 930 963; x_wconf 70' lang='lat' dir='ltr'><strong>n</strong></span> <span class='ocrx_word' id='word_1_19' title='bbox 966 902 1084 968; x_wconf 85' lang='lat' dir='ltr'><strong>Hie</strong></span> <span class='ocrx_word' id='word_1_20' title='bbox 1106 902 1278 968; x_wconf 91' lang='lat' dir='ltr'><strong>enim</strong></span> <span class='ocrx_word' id='word_1_21' title='bbox 1304 907 1400 966; x_wconf 90' lang='lat' dir='ltr'><strong>est</strong></span> <span class='ocrx_word' id='word_1_22' title='bbox 1417 900 1727 978; x_wconf 76' lang='lat' dir='ltr'><strong>Christus,</strong></span> 
     </span>
     <span class='ocr_line' id='line_1_5' title="bbox 230 1011 1731 1099; baseline -0.003 -20"><span class='ocrx_word' id='word_1_23' title='bbox 230 1014 331 1099; x_wconf 87' lang='lat' dir='ltr'><strong>qui</strong></span> <span class='ocrx_word' id='word_1_24' title='bbox 354 1030 760 1096; x_wconf 69' lang='lat' dir='ltr'><strong>quascumque</strong></span> <span class='ocrx_word' id='word_1_25' title='bbox 786 1013 1053 1095; x_wconf 81' lang='lat' dir='ltr'><strong>mystica</strong></span> <span class='ocrx_word' id='word_1_26' title='bbox 1075 1011 1316 1079; x_wconf 78' lang='lat' dir='ltr'><strong>Veteris</strong></span> <span class='ocrx_word' id='word_1_27' title='bbox 1342 1011 1731 1077; x_wconf 77' lang='lat' dir='ltr'><strong>Testamenti</strong></span> 
     </span>
     <span class='ocr_line' id='line_1_6' title="bbox 228 1119 1733 1205; baseline -0.001 -20"><span class='ocrx_word' id='word_1_28' title='bbox 228 1120 582 1204; x_wconf 75' lang='lat' dir='ltr'>adimplevit.</span> <span class='ocrx_word' id='word_1_29' title='bbox 618 1119 790 1190; x_wconf 84' lang='lat' dir='ltr'><strong>Nam</strong></span> <span class='ocrx_word' id='word_1_30' title='bbox 820 1138 861 1184; x_wconf 90' lang='lat' dir='ltr'><strong>a</strong></span> <span class='ocrx_word' id='word_1_31' title='bbox 884 1119 1078 1184; x_wconf 87' lang='lat' dir='ltr'><strong>latere</strong></span> <span class='ocrx_word' id='word_1_32' title='bbox 1111 1120 1266 1185; x_wconf 84' lang='lat' dir='ltr'><strong>Adae</strong></span> <span class='ocrx_word' id='word_1_33' title='bbox 1306 1124 1733 1205; x_wconf 89' lang='lat' dir='ltr'><strong>sequestratus</strong></span> 
     </span>
     <span class='ocr_line' id='line_1_7' title="bbox 228 1228 1734 1308; baseline 0 -15"><span class='ocrx_word' id='word_1_34' title='bbox 228 1231 333 1308; x_wconf 90' lang='lat' dir='ltr'><strong>est,</strong></span> <span class='ocrx_word' id='word_1_35' title='bbox 380 1231 452 1293; x_wconf 88' lang='lat' dir='ltr'><strong>ut</strong></span> <span class='ocrx_word' id='word_1_36' title='bbox 485 1228 621 1293; x_wconf 91' lang='lat' dir='ltr'><strong>inde</strong></span> <span class='ocrx_word' id='word_1_37' title='bbox 663 1229 845 1292; x_wconf 82' lang='lat' dir='ltr'><strong>fleret</strong></span> <span class='ocrx_word' id='word_1_38' title='bbox 867 1228 1166 1293; x_wconf 73' lang='lat' dir='ltr'><strong>Ecclesia.</strong></span> <span class='ocrx_word' id='word_1_39' title='bbox 1196 1228 1273 1294; x_wconf 92' lang='lat' dir='ltr'><strong>In</strong></span> <span class='ocrx_word' id='word_1_40' title='bbox 1301 1228 1460 1294; x_wconf 83' lang='lat' dir='ltr'><strong>Abel</strong></span> <span class='ocrx_word' id='word_1_41' title='bbox 1489 1228 1734 1294; x_wconf 88' lang='lat' dir='ltr'><strong>occisus</strong></span> 
     </span>
     <span class='ocr_line' id='line_1_8' title="bbox 229 1336 1733 1422; baseline -0.001 -20"><span class='ocrx_word' id='word_1_42' title='bbox 229 1341 332 1417; x_wconf 88' lang='lat' dir='ltr'><strong>est,</strong></span> <span class='ocrx_word' id='word_1_43' title='bbox 358 1338 425 1401; x_wconf 93' lang='lat' dir='ltr'><strong>in</strong></span> <span class='ocrx_word' id='word_1_44' title='bbox 448 1336 566 1403; x_wconf 85' lang='lat' dir='ltr'><strong>Noe</strong></span> <span class='ocrx_word' id='word_1_45' title='bbox 578 1338 882 1417; x_wconf 89' lang='lat' dir='ltr'><strong>nudatus,</strong></span> <span class='ocrx_word' id='word_1_46' title='bbox 910 1338 982 1402; x_wconf 91' lang='lat' dir='ltr'><strong>in</strong></span> <span class='ocrx_word' id='word_1_47' title='bbox 1003 1337 1328 1403; x_wconf 81' lang='lat' dir='ltr'><strong>Abraham</strong></span> <span class='ocrx_word' id='word_1_48' title='bbox 1359 1337 1733 1422; x_wconf 86' lang='lat' dir='ltr'><strong>multiplica-</strong></span> 
     </span>
     <span class='ocr_line' id='line_1_9' title="bbox 227 1444 1732 1528; baseline -0.001 -17"><span class='ocrx_word' id='word_1_49' title='bbox 227 1450 341 1524; x_wconf 89' lang='lat' dir='ltr'><strong>tus,</strong></span> <span class='ocrx_word' id='word_1_50' title='bbox 371 1446 434 1510; x_wconf 91' lang='lat' dir='ltr'><strong>in</strong></span> <span class='ocrx_word' id='word_1_51' title='bbox 458 1445 613 1511; x_wconf 83' lang='lat' dir='ltr'><strong>Isaac</strong></span> <span class='ocrx_word' id='word_1_52' title='bbox 629 1444 1026 1511; x_wconf 89' lang='lat' dir='ltr'><strong>immolatus.</strong></span> <span class='ocrx_word' id='word_1_53' title='bbox 1051 1444 1185 1511; x_wconf 88' lang='lat' dir='ltr'><strong>Hoc</strong></span> <span class='ocrx_word' id='word_1_54' title='bbox 1206 1447 1379 1511; x_wconf 87' lang='lat' dir='ltr'><strong>enim</strong></span> <span class='ocrx_word' id='word_1_55' title='bbox 1402 1444 1732 1528; x_wconf 88' lang='lat' dir='ltr'><strong>singulare</strong></span> 
     </span>
     <span class='ocr_line' id='line_1_10' title="bbox 227 1551 1731 1636; baseline -0.001 -18"><span class='ocrx_word' id='word_1_56' title='bbox 227 1553 576 1618; x_wconf 83' lang='lat' dir='ltr'><strong>sacrificium</strong></span> <span class='ocrx_word' id='word_1_57' title='bbox 625 1553 706 1618; x_wconf 89' lang='lat' dir='ltr'><strong>ad</strong></span> <span class='ocrx_word' id='word_1_58' title='bbox 763 1553 1183 1636; x_wconf 86' lang='lat' dir='ltr'><strong>figurandum</strong></span> <span class='ocrx_word' id='word_1_59' title='bbox 1224 1554 1442 1618; x_wconf 90' lang='lat' dir='ltr'><strong>omnia</strong></span> <span class='ocrx_word' id='word_1_60' title='bbox 1488 1551 1731 1620; x_wconf 79' lang='lat' dir='ltr'><strong>Veteris</strong></span> 
     </span>
     <span class='ocr_line' id='line_1_11' title="bbox 226 1659 1727 1728; baseline 0.001 -4"><span class='ocrx_word' id='word_1_61' title='bbox 226 1660 577 1725; x_wconf 77' lang='lat' dir='ltr'><strong>Testamenti</strong></span> <span class='ocrx_word' id='word_1_62' title='bbox 599 1659 1223 1726; x_wconf 81' lang='lat' dir='ltr'><strong>sacrificiahactenus</strong></span> <span class='ocrx_word' id='word_1_63' title='bbox 1244 1660 1727 1728; x_wconf 81' lang='lat' dir='ltr'><strong>insudaverunt.</strong></span> 
     </span>
     <span class='ocr_line' id='line_1_12' title="bbox 227 1765 1730 1851; baseline 0.003 -21"><span class='ocrx_word' id='word_1_64' title='bbox 227 1765 292 1829; x_wconf 90' lang='lat' dir='ltr'><strong>In</strong></span> <span class='ocrx_word' id='word_1_65' title='bbox 325 1765 508 1831; x_wconf 84' lang='lat' dir='ltr'><strong>Jacob</strong></span> <span class='ocrx_word' id='word_1_66' title='bbox 539 1766 1015 1848; x_wconf 74' lang='lat' dir='ltr'><strong>peregrinatus,</strong></span> <span class='ocrx_word' id='word_1_67' title='bbox 1046 1766 1113 1832; x_wconf 88' lang='lat' dir='ltr'><strong>in</strong></span> <span class='ocrx_word' id='word_1_68' title='bbox 1151 1767 1384 1851; x_wconf 77' lang='lat' dir='ltr'><strong>soseph</strong></span> <span class='ocrx_word' id='word_1_69' title='bbox 1410 1768 1730 1847; x_wconf 66' lang='lat' dir='ltr'><strong>venditus»,</strong></span> 
     </span>
     <span class='ocr_line' id='line_1_13' title="bbox 227 1871 1733 1958; baseline 0.004 -23"><span class='ocrx_word' id='word_1_70' title='bbox 227 1872 288 1935; x_wconf 89' lang='lat' dir='ltr'><strong>in</strong></span> <span class='ocrx_word' id='word_1_71' title='bbox 310 1871 510 1956; x_wconf 79' lang='lat' dir='ltr'><strong>Moyse</strong></span> <span class='ocrx_word' id='word_1_72' title='bbox 526 1872 898 1952; x_wconf 87' lang='lat' dir='ltr'><strong>occultatus,</strong></span> <span class='ocrx_word' id='word_1_73' title='bbox 923 1873 995 1937; x_wconf 91' lang='lat' dir='ltr'><strong>in</strong></span> <span class='ocrx_word' id='word_1_74' title='bbox 1016 1873 1214 1939; x_wconf 88' lang='lat' dir='ltr'><strong>David</strong></span> <span class='ocrx_word' id='word_1_75' title='bbox 1240 1879 1630 1958; x_wconf 89' lang='lat' dir='ltr'><strong>persecutus,</strong></span> <span class='ocrx_word' id='word_1_76' title='bbox 1665 1876 1733 1940; x_wconf 91' lang='lat' dir='ltr'><strong>in</strong></span> 
     </span>
     <span class='ocr_line' id='line_1_14' title="bbox 227 1979 1734 2066; baseline 0.003 -22"><span class='ocrx_word' id='word_1_77' title='bbox 227 1979 524 2064; x_wconf 86' lang='lat' dir='ltr'><strong>prophetis</strong></span> <span class='ocrx_word' id='word_1_78' title='bbox 547 1981 1004 2047; x_wconf 84' lang='lat' dir='ltr'><strong>exhonoratus.</strong></span> <span class='ocrx_word' id='word_1_79' title='bbox 1033 1980 1101 2047; x_wconf 89' lang='lat' dir='ltr'><strong>Si</strong></span> <span class='ocrx_word' id='word_1_80' title='bbox 1124 2000 1286 2064; x_wconf 90' lang='lat' dir='ltr'><strong>ergo</strong></span> <span class='ocrx_word' id='word_1_81' title='bbox 1303 1983 1567 2066; x_wconf 86' lang='lat' dir='ltr'><strong>quilibet</strong></span> <span class='ocrx_word' id='word_1_82' title='bbox 1579 1984 1701 2048; x_wconf 88' lang='lat' dir='ltr'><strong>isto</strong></span> <span class='ocrx_word' id='word_1_83' title='bbox 1719 2018 1734 2032; x_wconf 92' lang='lat'><strong>·</strong></span> 
     </span>
     <span class='ocr_line' id='line_1_15' title="bbox 229 2087 1738 2173; baseline 0.003 -22"><span class='ocrx_word' id='word_1_84' title='bbox 229 2105 385 2167; x_wconf 87' lang='lat' dir='ltr'><strong>rum,</strong></span> <span class='ocrx_word' id='word_1_85' title='bbox 413 2091 662 2171; x_wconf 87' lang='lat' dir='ltr'><strong>excepto</strong></span> <span class='ocrx_word' id='word_1_86' title='bbox 689 2087 921 2166; x_wconf 82' lang='lat' dir='ltr'><strong>Adam,</strong></span> <span class='ocrx_word' id='word_1_87' title='bbox 950 2088 1177 2155; x_wconf 89' lang='lat' dir='ltr'><strong>habuit</strong></span> <span class='ocrx_word' id='word_1_88' title='bbox 1205 2091 1357 2155; x_wconf 89' lang='lat' dir='ltr'><strong>satis</strong></span> <span class='ocrx_word' id='word_1_89' title='bbox 1388 2093 1639 2173; x_wconf 85' lang='lat' dir='ltr'><strong>portare</strong></span> <span class='ocrx_word' id='word_1_90' title='bbox 1659 2091 1738 2156; x_wconf 91' lang='lat' dir='ltr'><strong>de</strong></span> 
     </span>
     <span class='ocr_line' id='line_1_16' title="bbox 229 2196 1740 2280; baseline 0.002 -20"><span class='ocrx_word' id='word_1_91' title='bbox 229 2212 332 2259; x_wconf 85' lang='lat' dir='ltr'><strong>sua</strong></span> <span class='ocrx_word' id='word_1_92' title='bbox 349 2196 763 2274; x_wconf 78' lang='lat' dir='ltr'><strong>tribulatione,</strong></span> <span class='ocrx_word' id='word_1_93' title='bbox 793 2199 1107 2279; x_wconf 87' lang='lat' dir='ltr'><strong>quantum</strong></span> <span class='ocrx_word' id='word_1_94' title='bbox 1128 2215 1285 2280; x_wconf 90' lang='lat' dir='ltr'><strong>ergo</strong></span> <span class='ocrx_word' id='word_1_95' title='bbox 1296 2197 1522 2263; x_wconf 88' lang='lat' dir='ltr'><strong>habuit</strong></span> <span class='ocrx_word' id='word_1_96' title='bbox 1535 2197 1740 2263; x_wconf 86' lang='lat' dir='ltr'><strong>Chris-</strong></span> 
     </span>
     <span class='ocr_line' id='line_1_17' title="bbox 230 2305 1739 2387; baseline 0.001 -20"><span class='ocrx_word' id='word_1_97' title='bbox 230 2307 324 2366; x_wconf 88' lang='lat' dir='ltr'><strong>tus</strong></span> <span class='ocrx_word' id='word_1_98' title='bbox 357 2306 596 2385; x_wconf 89' lang='lat' dir='ltr'><strong>portare</strong></span> <span class='ocrx_word' id='word_1_99' title='bbox 615 2352 632 2385; x_wconf 91' lang='lat'><strong>,</strong></span> <span class='ocrx_word' id='word_1_100' title='bbox 668 2321 865 2386; x_wconf 89' lang='lat' dir='ltr'><strong>super</strong></span> <span class='ocrx_word' id='word_1_101' title='bbox 891 2321 1115 2386; x_wconf 89' lang='lat' dir='ltr'><strong>quem,</strong></span> <span class='ocrx_word' id='word_1_102' title='bbox 1150 2309 1214 2369; x_wconf 91' lang='lat' dir='ltr'><strong>et</strong></span> <span class='ocrx_word' id='word_1_103' title='bbox 1245 2305 1315 2367; x_wconf 92' lang='lat' dir='ltr'><strong>in</strong></span> <span class='ocrx_word' id='word_1_104' title='bbox 1351 2321 1481 2387; x_wconf 90' lang='lat' dir='ltr'><strong>quo</strong></span> <span class='ocrx_word' id='word_1_105' title='bbox 1513 2321 1739 2369; x_wconf 90' lang='lat' dir='ltr'><strong>omnes</strong></span> 
     </span>
     <span class='ocr_line' id='line_1_18' title="bbox 231 2408 1734 2495; baseline 0.002 -22"><span class='ocrx_word' id='word_1_106' title='bbox 231 2408 474 2473; x_wconf 88' lang='lat' dir='ltr'><strong>istorum</strong></span> <span class='ocrx_word' id='word_1_107' title='bbox 499 2410 728 2475; x_wconf 83' lang='lat' dir='ltr'><strong>fluctus</strong></span> <span class='ocrx_word' id='word_1_108' title='bbox 746 2410 1009 2475; x_wconf 77' lang='lat' dir='ltr'><strong>fuerunt</strong></span> <span class='ocrx_word' id='word_1_109' title='bbox 1021 2411 1266 2476; x_wconf 90' lang='lat' dir='ltr'><strong>inducti</strong></span> <span class='ocrx_word' id='word_1_110' title='bbox 1291 2414 1354 2477; x_wconf 88' lang='lat' dir='ltr'><strong>et</strong></span> <span class='ocrx_word' id='word_1_111' title='bbox 1380 2411 1734 2495; x_wconf 78' lang='lat' dir='ltr'><strong>adimpleti!</strong></span> 
     </span>
     <span class='ocr_line' id='line_1_19' title="bbox 235 2514 1736 2600; baseline 0.005 -22"><span class='ocrx_word' id='word_1_112' title='bbox 235 2514 387 2581; x_wconf 86' lang='lat' dir='ltr'><strong>Unde</strong></span> <span class='ocrx_word' id='word_1_113' title='bbox 412 2517 650 2582; x_wconf 89' lang='lat' dir='ltr'><strong>ratione</strong></span> <span class='ocrx_word' id='word_1_114' title='bbox 689 2517 868 2582; x_wconf 86' lang='lat' dir='ltr'><strong>illius</strong></span> <span class='ocrx_word' id='word_1_115' title='bbox 903 2518 1294 2584; x_wconf 76' lang='lat' dir='ltr'><strong>crudelitatis</strong></span> <span class='ocrx_word' id='word_1_116' title='bbox 1326 2523 1389 2584; x_wconf 90' lang='lat' dir='ltr'><strong>et</strong></span> <span class='ocrx_word' id='word_1_117' title='bbox 1426 2520 1695 2587; x_wconf 79' lang='lat' dir='ltr'><strong>saevitiae</strong></span> <span class='ocrx_word' id='word_1_118' title='bbox 1715 2569 1736 2600; x_wconf 91' lang='lat'><strong>,</strong></span> 
     </span>
     <span class='ocr_line' id='line_1_20' title="bbox 232 2618 1739 2711; baseline 0.002 -23"><span class='ocrx_word' id='word_1_119' title='bbox 232 2642 403 2705; x_wconf 87' lang='lat' dir='ltr'><strong>quam</strong></span> <span class='ocrx_word' id='word_1_120' title='bbox 427 2629 849 2691; x_wconf 87' lang='lat' dir='ltr'><strong>exercuerunt</strong></span> <span class='ocrx_word' id='word_1_121' title='bbox 872 2625 944 2689; x_wconf 87' lang='lat' dir='ltr'><strong>in</strong></span> <span class='ocrx_word' id='word_1_122' title='bbox 967 2643 1118 2691; x_wconf 88' lang='lat' dir='ltr'><strong>eum</strong></span> <span class='ocrx_word' id='word_1_123' title='bbox 1143 2618 1372 2708; x_wconf 78' lang='lat' dir='ltr'><strong>Judaei,</strong></span> <span class='ocrx_word' id='word_1_124' title='bbox 1396 2632 1601 2711; x_wconf 58' lang='lat' dir='ltr'><strong>potem</strong></span> <span class='ocrx_word' id='word_1_125' title='bbox 1615 2628 1739 2693; x_wconf 89' lang='lat' dir='ltr'><strong>dici</strong></span> 
     </span>
     <span class='ocr_line' id='line_1_21' title="bbox 232 2732 1741 2817; baseline 0.005 -22"><span class='ocrx_word' id='word_1_126' title='bbox 232 2732 299 2796; x_wconf 88' lang='lat' dir='ltr'><strong>de</strong></span> <span class='ocrx_word' id='word_1_127' title='bbox 315 2732 400 2796; x_wconf 88' lang='lat' dir='ltr'><strong>eis</strong></span> <span class='ocrx_word' id='word_1_128' title='bbox 420 2737 480 2798; x_wconf 82' lang='lat'><strong>²:</strong></span> <span class='ocrx_word' id='word_1_129' title='bbox 511 2756 542 2794; x_wconf 75' lang='grc' dir='ltr'>ι</span> <span class='ocrx_word' id='word_1_130' title='bbox 569 2732 772 2816; x_wconf 85' lang='lat' dir='ltr'><strong>Caput</strong></span> <span class='ocrx_word' id='word_1_131' title='bbox 800 2734 1096 2816; x_wconf 89' lang='lat' dir='ltr'><strong>aspidum</strong></span> <span class='ocrx_word' id='word_1_132' title='bbox 1137 2741 1367 2817; x_wconf 88' lang='lat' dir='ltr'><strong>suget,</strong></span> <span class='ocrx_word' id='word_1_133' title='bbox 1397 2740 1462 2802; x_wconf 91' lang='lat' dir='ltr'><strong>et</strong></span> <span class='ocrx_word' id='word_1_134' title='bbox 1503 2736 1741 2802; x_wconf 89' lang='lat' dir='ltr'><strong>occidet</strong></span> 
     </span>
     <span class='ocr_line' id='line_1_22' title="bbox 235 2839 953 2925; baseline -0.001 -22"><span class='ocrx_word' id='word_1_135' title='bbox 235 2856 357 2903; x_wconf 87' lang='lat' dir='ltr'><strong>eum</strong></span> <span class='ocrx_word' id='word_1_136' title='bbox 385 2839 604 2923; x_wconf 88' lang='lat' dir='ltr'><strong>lingua</strong></span> <span class='ocrx_word' id='word_1_137' title='bbox 626 2842 890 2925; x_wconf 70' lang='lat' dir='ltr'><strong>viperee.</strong></span> <span class='ocrx_word' id='word_1_138' title='bbox 921 2863 953 2902; x_wconf 72' lang='lat' dir='ltr'><strong>n</strong></span> 
     </span>
    </p>

    <p class='ocr_par' dir='ltr' id='par_1_3' title="bbox 233 2944 1743 3572">
     <span class='ocr_line' id='line_1_23' title="bbox 299 2944 1741 3036; baseline 0.004 -25"><span class='ocrx_word' id='word_1_139' title='bbox 299 2944 489 3013; x_wconf 87' lang='lat' dir='ltr'><strong>Tertio</strong></span> <span class='ocrx_word' id='word_1_140' title='bbox 556 2949 1006 3015; x_wconf 87' lang='lat' dir='ltr'><strong>vehementem</strong></span> <span class='ocrx_word' id='word_1_141' title='bbox 1072 2951 1477 3017; x_wconf 79' lang='lat' dir='ltr'><strong>acerbitatem</strong></span> <span class='ocrx_word' id='word_1_142' title='bbox 1543 2953 1741 3036; x_wconf 74' lang='lat' dir='ltr'><strong>huJus</strong></span> 
     </span>
     <span class='ocr_line' id='line_1_24' title="bbox 234 3053 1742 3140; baseline 0.005 -22"><span class='ocrx_word' id='word_1_143' title='bbox 234 3053 475 3121; x_wconf 89' lang='lat' dir='ltr'><strong>dolorosi</strong></span> <span class='ocrx_word' id='word_1_144' title='bbox 526 3055 821 3140; x_wconf 87' lang='lat' dir='ltr'><strong>supplicii</strong></span> <span class='ocrx_word' id='word_1_145' title='bbox 864 3056 1133 3124; x_wconf 81' lang='lat' dir='ltr'><strong>ostendit</strong></span> <span class='ocrx_word' id='word_1_146' title='bbox 1185 3059 1481 3124; x_wconf 84' lang='lat' dir='ltr'><strong>atrocitas</strong></span> <span class='ocrx_word' id='word_1_147' title='bbox 1537 3062 1742 3127; x_wconf 88' lang='lat' dir='ltr'><strong>amari</strong></span> 
     </span>
     <span class='ocr_line' id='line_1_25' title="bbox 234 3162 1740 3247; baseline 0.005 -21"><span class='ocrx_word' id='word_1_148' title='bbox 234 3162 494 3245; x_wconf 83' lang='lat' dir='ltr'><strong>supplicii</strong></span> <span class='ocrx_word' id='word_1_149' title='bbox 544 3164 834 3229; x_wconf 81' lang='lat' dir='ltr'><strong>celeriter</strong></span> <span class='ocrx_word' id='word_1_150' title='bbox 878 3165 1270 3247; x_wconf 88' lang='lat' dir='ltr'><strong>perimentis.</strong></span> <span class='ocrx_word' id='word_1_151' title='bbox 1318 3166 1515 3233; x_wconf 87' lang='lat' dir='ltr'><strong>Valde</strong></span> <span class='ocrx_word' id='word_1_152' title='bbox 1566 3168 1740 3234; x_wconf 90' lang='lat' dir='ltr'><strong>enim</strong></span> 
     </span>
     <span class='ocr_line' id='line_1_26' title="bbox 235 3270 1742 3360; baseline 0.006 -26"><span class='ocrx_word' id='word_1_153' title='bbox 235 3270 458 3335; x_wconf 77' lang='lat' dir='ltr'><strong>crudele</strong></span> <span class='ocrx_word' id='word_1_154' title='bbox 482 3277 544 3337; x_wconf 91' lang='lat' dir='ltr'><strong>et</strong></span> <span class='ocrx_word' id='word_1_155' title='bbox 569 3289 867 3336; x_wconf 90' lang='lat' dir='ltr'><strong>amarum</strong></span> <span class='ocrx_word' id='word_1_156' title='bbox 893 3273 1015 3338; x_wconf 87' lang='lat' dir='ltr'><strong>fuit</strong></span> <span class='ocrx_word' id='word_1_157' title='bbox 1039 3274 1447 3357; x_wconf 89' lang='lat' dir='ltr'><strong>supplicium,</strong></span> <span class='ocrx_word' id='word_1_158' title='bbox 1468 3295 1545 3342; x_wconf 88' lang='lat' dir='ltr'><strong>eo</strong></span> <span class='ocrx_word' id='word_1_159' title='bbox 1569 3276 1742 3360; x_wconf 89' lang='lat' dir='ltr'><strong>quod</strong></span> 
     </span>
     <span class='ocr_line' id='line_1_27' title="bbox 233 3375 1743 3448; baseline 0.005 -8"><span class='ocrx_word' id='word_1_160' title='bbox 233 3375 291 3440; x_wconf 86' lang='lat' dir='ltr'><strong>in</strong></span> <span class='ocrx_word' id='word_1_161' title='bbox 330 3396 400 3443; x_wconf 89' lang='lat' dir='ltr'><strong>eo</strong></span> <span class='ocrx_word' id='word_1_162' title='bbox 449 3379 676 3445; x_wconf 89' lang='lat' dir='ltr'><strong>babuit</strong></span> <span class='ocrx_word' id='word_1_163' title='bbox 716 3379 1155 3445; x_wconf 89' lang='lat' dir='ltr'><strong>membrorum</strong></span> <span class='ocrx_word' id='word_1_164' title='bbox 1194 3382 1653 3448; x_wconf 88' lang='lat' dir='ltr'><strong>denudationes</strong></span> <span class='ocrx_word' id='word_1_165' title='bbox 1670 3387 1743 3448; x_wconf 91' lang='lat' dir='ltr'><strong>et</strong></span> 
     </span>
     <span class='ocr_line' id='line_1_28' title="bbox 235 3484 1741 3572; baseline 0.007 -25"><span class='ocrx_word' id='word_1_166' title='bbox 235 3484 635 3566; x_wconf 85' lang='lat' dir='ltr'><strong>extensiones,</strong></span> <span class='ocrx_word' id='word_1_167' title='bbox 674 3485 897 3552; x_wconf 88' lang='lat' dir='ltr'><strong>dolens</strong></span> <span class='ocrx_word' id='word_1_168' title='bbox 934 3487 1002 3550; x_wconf 93' lang='lat' dir='ltr'><strong>in</strong></span> <span class='ocrx_word' id='word_1_169' title='bbox 1044 3487 1236 3566; x_wconf 55' lang='lat' dir='ltr'><strong>omniss</strong></span> <span class='ocrx_word' id='word_1_170' title='bbox 1255 3492 1436 3572; x_wconf 89' lang='lat' dir='ltr'><strong>parte</strong></span> <span class='ocrx_word' id='word_1_171' title='bbox 1463 3489 1564 3556; x_wconf 89' lang='lat' dir='ltr'><strong>sui</strong></span> <span class='ocrx_word' id='word_1_172' title='bbox 1604 3492 1741 3557; x_wconf 89' lang='lat' dir='ltr'><strong>sine</strong></span> 
     </span>
    </p>
   </div>
   <div class='ocr_carea' id='block_1_3' title="bbox 233 3590 1786 3679">
    <p class='ocr_par' dir='ltr' id='par_1_4' title="bbox 233 3590 1786 3679">
     <span class='ocr_line' id='line_1_29' title="bbox 233 3590 1786 3679; baseline 0.006 -24"><span class='ocrx_word' id='word_1_173' title='bbox 233 3590 348 3655; x_wconf 87' lang='lat' dir='ltr'><strong>ulls</strong></span> <span class='ocrx_word' id='word_1_174' title='bbox 369 3593 767 3658; x_wconf 88' lang='lat' dir='ltr'><strong>miseratione</strong></span> <span class='ocrx_word' id='word_1_175' title='bbox 789 3615 807 3673; x_wconf 89' lang='lat'>;</span> <span class='ocrx_word' id='word_1_176' title='bbox 839 3592 1169 3660; x_wconf 85' lang='lat' dir='ltr'><strong>clavorum</strong></span> <span class='ocrx_word' id='word_1_177' title='bbox 1196 3598 1647 3679; x_wconf 78' lang='lat' dir='ltr'><strong>perforationes</strong></span> <span class='ocrx_word' id='word_1_178' title='bbox 1671 3600 1741 3664; x_wconf 90' lang='lat' dir='ltr'><strong>in</strong></span> <span class='ocrx_word' id='word_1_179' title='bbox 1760 3629 1786 3656; x_wconf 70' lang='lat' dir='ltr'><strong>s</strong></span> 
     </span>
    </p>
   </div>
   <div class='ocr_carea' id='block_1_4' title="bbox 233 3701 1746 5397">
    <p class='ocr_par' dir='ltr' id='par_1_5' title="bbox 233 3701 1746 5397">
     <span class='ocr_line' id='line_1_30' title="bbox 233 3701 1742 3785; baseline 0.005 -19"><span class='ocrx_word' id='word_1_180' title='bbox 233 3701 474 3781; x_wconf 84' lang='lat' dir='ltr'><strong>pedibus</strong></span> <span class='ocrx_word' id='word_1_181' title='bbox 510 3706 572 3767; x_wconf 90' lang='lat' dir='ltr'><strong>et</strong></span> <span class='ocrx_word' id='word_1_182' title='bbox 616 3701 955 3781; x_wconf 87' lang='lat' dir='ltr'><strong>manibus,</strong></span> <span class='ocrx_word' id='word_1_183' title='bbox 982 3704 1227 3785; x_wconf 87' lang='lat' dir='ltr'><strong>patiens</strong></span> <span class='ocrx_word' id='word_1_184' title='bbox 1253 3706 1322 3785; x_wconf 90' lang='lat' dir='ltr'><strong>in</strong></span> <span class='ocrx_word' id='word_1_185' title='bbox 1362 3706 1541 3771; x_wconf 90' lang='lat' dir='ltr'><strong>omni</strong></span> <span class='ocrx_word' id='word_1_186' title='bbox 1583 3706 1742 3773; x_wconf 88' lang='lat' dir='ltr'><strong>hora</strong></span> 
     </span>
     <span class='ocr_line' id='line_1_31' title="bbox 235 3807 1742 3893; baseline 0.005 -22"><span class='ocrx_word' id='word_1_187' title='bbox 235 3807 354 3872; x_wconf 87' lang='lat' dir='ltr'><strong>sine</strong></span> <span class='ocrx_word' id='word_1_188' title='bbox 391 3809 786 3891; x_wconf 79' lang='lat' dir='ltr'><strong>requietione</strong></span> <span class='ocrx_word' id='word_1_189' title='bbox 823 3831 839 3873; x_wconf 73' lang='grc' dir='ltr'>ε</span> <span class='ocrx_word' id='word_1_190' title='bbox 896 3812 1196 3893; x_wconf 82' lang='lat' dir='ltr'><strong>tanquam</strong></span> <span class='ocrx_word' id='word_1_191' title='bbox 1245 3812 1419 3876; x_wconf 91' lang='lat' dir='ltr'><strong>enim</strong></span> <span class='ocrx_word' id='word_1_192' title='bbox 1461 3813 1742 3880; x_wconf 81' lang='lat' dir='ltr'><strong>carnifex</strong></span> 
     </span>
     <span class='ocr_line' id='line_1_32' title="bbox 235 3915 1743 4000; baseline 0.005 -21"><span class='ocrx_word' id='word_1_193' title='bbox 235 3915 320 3979; x_wconf 86' lang='lat' dir='ltr'><strong>sui</strong></span> <span class='ocrx_word' id='word_1_194' title='bbox 359 3916 557 3998; x_wconf 87' lang='lat' dir='ltr'><strong>ipsius</strong></span> <span class='ocrx_word' id='word_1_195' title='bbox 577 3966 596 3997; x_wconf 92' lang='lat'><strong>,</strong></span> <span class='ocrx_word' id='word_1_196' title='bbox 637 3916 695 3981; x_wconf 92' lang='lat' dir='ltr'><strong>si</strong></span> <span class='ocrx_word' id='word_1_197' title='bbox 735 3916 1035 3999; x_wconf 88' lang='lat' dir='ltr'><strong>parcebat</strong></span> <span class='ocrx_word' id='word_1_198' title='bbox 1073 3917 1341 4000; x_wconf 90' lang='lat' dir='ltr'><strong>pedibus</strong></span> <span class='ocrx_word' id='word_1_199' title='bbox 1357 3967 1376 4000; x_wconf 82' lang='lat'>‚</span> <span class='ocrx_word' id='word_1_200' title='bbox 1417 3920 1743 3986; x_wconf 90' lang='lat' dir='ltr'><strong>cruciabat</strong></span> 
     </span>
     <span class='ocr_line' id='line_1_33' title="bbox 233 4024 1744 4106; baseline 0.005 -19"><span class='ocrx_word' id='word_1_201' title='bbox 233 4038 472 4103; x_wconf 82' lang='lat' dir='ltr'><strong>manus3</strong></span> <span class='ocrx_word' id='word_1_202' title='bbox 519 4027 586 4089; x_wconf 83' lang='lat' dir='ltr'><strong>et</strong></span> <span class='ocrx_word' id='word_1_203' title='bbox 610 4024 666 4087; x_wconf 91' lang='lat' dir='ltr'><strong>si</strong></span> <span class='ocrx_word' id='word_1_204' title='bbox 710 4024 1011 4106; x_wconf 85' lang='lat' dir='ltr'><strong>parcebat</strong></span> <span class='ocrx_word' id='word_1_205' title='bbox 1052 4025 1349 4090; x_wconf 89' lang='lat' dir='ltr'><strong>manibus</strong></span> <span class='ocrx_word' id='word_1_206' title='bbox 1369 4073 1391 4106; x_wconf 89' lang='lat'><strong>,</strong></span> <span class='ocrx_word' id='word_1_207' title='bbox 1422 4028 1744 4094; x_wconf 85' lang='lat' dir='ltr'><strong>cruciabat</strong></span> 
     </span>
     <span class='ocr_line' id='line_1_34' title="bbox 234 4129 1743 4213; baseline 0.004 -19"><span class='ocrx_word' id='word_1_208' title='bbox 234 4129 415 4210; x_wconf 88' lang='lat' dir='ltr'><strong>pedes.</strong></span> <span class='ocrx_word' id='word_1_209' title='bbox 447 4130 625 4197; x_wconf 87' lang='lat' dir='ltr'><strong>Unde</strong></span> <span class='ocrx_word' id='word_1_210' title='bbox 664 4132 818 4213; x_wconf 89' lang='lat' dir='ltr'><strong>quia</strong></span> <span class='ocrx_word' id='word_1_211' title='bbox 852 4131 1138 4196; x_wconf 86' lang='lat' dir='ltr'><strong>maxima</strong></span> <span class='ocrx_word' id='word_1_212' title='bbox 1171 4136 1307 4197; x_wconf 92' lang='lat' dir='ltr'><strong>erat</strong></span> <span class='ocrx_word' id='word_1_213' title='bbox 1344 4132 1433 4197; x_wconf 92' lang='lat' dir='ltr'><strong>ibi</strong></span> <span class='ocrx_word' id='word_1_214' title='bbox 1460 4132 1743 4200; x_wconf 89' lang='lat' dir='ltr'><strong>collectio</strong></span> 
     </span>
     <span class='ocr_line' id='line_1_35' title="bbox 234 4238 1744 4325; baseline 0.003 -23"><span class='ocrx_word' id='word_1_215' title='bbox 234 4253 581 4318; x_wconf 85' lang='lat' dir='ltr'><strong>nervorum,</strong></span> <span class='ocrx_word' id='word_1_216' title='bbox 609 4238 754 4304; x_wconf 90' lang='lat' dir='ltr'><strong>ideo</strong></span> <span class='ocrx_word' id='word_1_217' title='bbox 780 4239 1065 4304; x_wconf 88' lang='lat' dir='ltr'><strong>maxima</strong></span> <span class='ocrx_word' id='word_1_218' title='bbox 1090 4243 1227 4304; x_wconf 91' lang='lat' dir='ltr'><strong>erat</strong></span> <span class='ocrx_word' id='word_1_219' title='bbox 1250 4240 1505 4307; x_wconf 87' lang='lat' dir='ltr'><strong>afflictio</strong></span> <span class='ocrx_word' id='word_1_220' title='bbox 1530 4260 1744 4325; x_wconf 84' lang='lat' dir='ltr'><strong>poena-</strong></span> 
     </span>
     <span class='ocr_line' id='line_1_36' title="bbox 237 4345 1743 4429; baseline 0.003 -19"><span class='ocrx_word' id='word_1_221' title='bbox 237 4360 397 4411; x_wconf 84' lang='lat' dir='ltr'><strong>rum:</strong></span> <span class='ocrx_word' id='word_1_222' title='bbox 425 4350 488 4412; x_wconf 91' lang='lat' dir='ltr'><strong>et</strong></span> <span class='ocrx_word' id='word_1_223' title='bbox 528 4345 684 4429; x_wconf 89' lang='lat' dir='ltr'><strong>quia</strong></span> <span class='ocrx_word' id='word_1_224' title='bbox 708 4346 993 4411; x_wconf 85' lang='lat' dir='ltr'><strong>maxima</strong></span> <span class='ocrx_word' id='word_1_225' title='bbox 1021 4346 1091 4411; x_wconf 91' lang='lat' dir='ltr'><strong>in</strong></span> <span class='ocrx_word' id='word_1_226' title='bbox 1117 4345 1482 4415; x_wconf 87' lang='lat' dir='ltr'><strong>collectione</strong></span> <span class='ocrx_word' id='word_1_227' title='bbox 1510 4367 1743 4417; x_wconf 92' lang='lat' dir='ltr'><strong>nervo-</strong></span> 
     </span>
     <span class='ocr_line' id='line_1_37' title="bbox 234 4454 1743 4536; baseline 0.005 -19"><span class='ocrx_word' id='word_1_228' title='bbox 234 4468 360 4517; x_wconf 87' lang='lat' dir='ltr'><strong>mm</strong></span> <span class='ocrx_word' id='word_1_229' title='bbox 391 4455 657 4536; x_wconf 88' lang='lat' dir='ltr'><strong>vigebat</strong></span> <span class='ocrx_word' id='word_1_230' title='bbox 681 4454 1018 4533; x_wconf 87' lang='lat' dir='ltr'><strong>vivacitas,</strong></span> <span class='ocrx_word' id='word_1_231' title='bbox 1048 4455 1332 4520; x_wconf 90' lang='lat' dir='ltr'><strong>maxima</strong></span> <span class='ocrx_word' id='word_1_232' title='bbox 1356 4457 1743 4523; x_wconf 89' lang='lat' dir='ltr'><strong>sentiebatur</strong></span> 
     </span>
     <span class='ocr_line' id='line_1_38' title="bbox 233 4560 1746 4645; baseline 0.004 -21"><span class='ocrx_word' id='word_1_233' title='bbox 233 4560 576 4638; x_wconf 81' lang='lat' dir='ltr'><strong>poenalitas:</strong></span> <span class='ocrx_word' id='word_1_234' title='bbox 615 4563 807 4645; x_wconf 79' lang='lat' dir='ltr'><strong>cujus</strong></span> <span class='ocrx_word' id='word_1_235' title='bbox 833 4562 1259 4627; x_wconf 86' lang='lat' dir='ltr'><strong>immensitate</strong></span> <span class='ocrx_word' id='word_1_236' title='bbox 1296 4564 1653 4632; x_wconf 84' lang='lat' dir='ltr'><strong>acerbitatis</strong></span> <span class='ocrx_word' id='word_1_237' title='bbox 1679 4568 1746 4631; x_wconf 88' lang='lat' dir='ltr'><strong>et</strong></span> 
     </span>
     <span class='ocr_line' id='line_1_39' title="bbox 234 4668 1744 4748; baseline 0.003 -14"><span class='ocrx_word' id='word_1_238' title='bbox 234 4668 624 4748; x_wconf 80' lang='lat' dir='ltr'><strong>poenalitatis,</strong></span> <span class='ocrx_word' id='word_1_239' title='bbox 678 4669 968 4735; x_wconf 89' lang='lat' dir='ltr'><strong>celeriter</strong></span> <span class='ocrx_word' id='word_1_240' title='bbox 1018 4669 1236 4735; x_wconf 88' lang='lat' dir='ltr'><strong>anima</strong></span> <span class='ocrx_word' id='word_1_241' title='bbox 1284 4672 1408 4736; x_wconf 88' lang='lat' dir='ltr'><strong>fuit</strong></span> <span class='ocrx_word' id='word_1_242' title='bbox 1452 4672 1654 4738; x_wconf 85' lang='lat' dir='ltr'><strong>divisa</strong></span> <span class='ocrx_word' id='word_1_243' title='bbox 1705 4691 1744 4738; x_wconf 87' lang='lat' dir='ltr'><strong>a</strong></span> 
     </span>
     <span class='ocr_line' id='line_1_40' title="bbox 236 4777 1742 4864; baseline 0.005 -25"><span class='ocrx_word' id='word_1_244' title='bbox 236 4792 420 4844; x_wconf 80' lang='lat' dir='ltr'><strong>cerne.</strong></span> <span class='ocrx_word' id='word_1_245' title='bbox 444 4779 613 4844; x_wconf 82' lang='lat' dir='ltr'><strong>Ante</strong></span> <span class='ocrx_word' id='word_1_246' title='bbox 638 4777 813 4843; x_wconf 91' lang='lat' dir='ltr'><strong>enim</strong></span> <span class='ocrx_word' id='word_1_247' title='bbox 841 4777 1020 4858; x_wconf 89' lang='lat' dir='ltr'><strong>obiit,</strong></span> <span class='ocrx_word' id='word_1_248' title='bbox 1050 4797 1248 4862; x_wconf 87' lang='lat' dir='ltr'><strong>quam</strong></span> <span class='ocrx_word' id='word_1_249' title='bbox 1274 4779 1408 4858; x_wconf 84' lang='lat' dir='ltr'><strong>alii,</strong></span> <span class='ocrx_word' id='word_1_250' title='bbox 1438 4781 1552 4864; x_wconf 88' lang='lat' dir='ltr'><strong>qui</strong></span> <span class='ocrx_word' id='word_1_251' title='bbox 1588 4799 1742 4846; x_wconf 90' lang='lat' dir='ltr'><strong>cum</strong></span> 
     </span>
     <span class='ocr_line' id='line_1_41' title="bbox 238 4885 1740 4971; baseline 0.005 -25"><span class='ocrx_word' id='word_1_252' title='bbox 238 4899 300 4946; x_wconf 89' lang='lat' dir='ltr'><strong>eo</strong></span> <span class='ocrx_word' id='word_1_253' title='bbox 325 4890 516 4952; x_wconf 87' lang='lat' dir='ltr'><strong>erant.</strong></span> <span class='ocrx_word' id='word_1_254' title='bbox 555 4885 636 4951; x_wconf 88' lang='lat' dir='ltr'><strong>Et</strong></span> <span class='ocrx_word' id='word_1_255' title='bbox 667 4903 819 4950; x_wconf 89' lang='lat' dir='ltr'><strong>cum</strong></span> <span class='ocrx_word' id='word_1_256' title='bbox 850 4902 1184 4967; x_wconf 89' lang='lat' dir='ltr'><strong>percussus</strong></span> <span class='ocrx_word' id='word_1_257' title='bbox 1208 4891 1373 4952; x_wconf 85' lang='lat' dir='ltr'><strong>esset</strong></span> <span class='ocrx_word' id='word_1_258' title='bbox 1409 4885 1479 4952; x_wconf 93' lang='lat' dir='ltr'><strong>in</strong></span> <span class='ocrx_word' id='word_1_259' title='bbox 1521 4888 1740 4971; x_wconf 78' lang='lat' dir='ltr'><strong>latere,</strong></span> 
     </span>
     <span class='ocr_line' id='line_1_42' title="bbox 238 4990 1744 5077; baseline 0.007 -26"><span class='ocrx_word' id='word_1_260' title='bbox 238 4990 453 5056; x_wconf 84' lang='lat' dir='ltr'><strong>ratione</strong></span> <span class='ocrx_word' id='word_1_261' title='bbox 521 4990 992 5058; x_wconf 88' lang='lat' dir='ltr'><strong>accelerationis</strong></span> <span class='ocrx_word' id='word_1_262' title='bbox 1007 5039 1027 5072; x_wconf 98' lang='lat'><strong>,</strong></span> <span class='ocrx_word' id='word_1_263' title='bbox 1080 4992 1280 5058; x_wconf 83' lang='lat' dir='ltr'><strong>exivit</strong></span> <span class='ocrx_word' id='word_1_264' title='bbox 1340 4996 1613 5077; x_wconf 89' lang='lat' dir='ltr'><strong>sanguis</strong></span> <span class='ocrx_word' id='word_1_265' title='bbox 1680 5002 1744 5063; x_wconf 90' lang='lat' dir='ltr'><strong>et</strong></span> 
     </span>
     <span class='ocr_line' id='line_1_43' title="bbox 238 5098 1745 5185; baseline 0.005 -22"><span class='ocrx_word' id='word_1_266' title='bbox 238 5113 401 5179; x_wconf 82' lang='lat' dir='ltr'><strong>aqua.</strong></span> <span class='ocrx_word' id='word_1_267' title='bbox 425 5098 521 5164; x_wconf 85' lang='lat' dir='ltr'><strong>Ex</strong></span> <span class='ocrx_word' id='word_1_268' title='bbox 544 5115 681 5184; x_wconf 87' lang='lat' dir='ltr'><strong>quo</strong></span> <span class='ocrx_word' id='word_1_269' title='bbox 711 5101 975 5181; x_wconf 88' lang='lat' dir='ltr'><strong>apparet</strong></span> <span class='ocrx_word' id='word_1_270' title='bbox 998 5099 1171 5183; x_wconf 86' lang='lat' dir='ltr'><strong>quod</strong></span> <span class='ocrx_word' id='word_1_271' title='bbox 1195 5100 1406 5165; x_wconf 89' lang='lat' dir='ltr'><strong>adhuc</strong></span> <span class='ocrx_word' id='word_1_272' title='bbox 1429 5105 1745 5185; x_wconf 84' lang='lat' dir='ltr'><strong>sanguine</strong></span> 
     </span>
     <span class='ocr_line' id='line_1_44' title="bbox 240 5204 1746 5291; baseline 0.005 -22"><span class='ocrx_word' id='word_1_273' title='bbox 240 5204 517 5272; x_wconf 85' lang='lat' dir='ltr'><strong>existente</strong></span> <span class='ocrx_word' id='word_1_274' title='bbox 544 5208 614 5272; x_wconf 89' lang='lat' dir='ltr'><strong>in</strong></span> <span class='ocrx_word' id='word_1_275' title='bbox 640 5204 833 5271; x_wconf 87' lang='lat' dir='ltr'><strong>corde</strong></span> <span class='ocrx_word' id='word_1_276' title='bbox 850 5251 873 5284; x_wconf 92' lang='lat'><strong>,</strong></span> <span class='ocrx_word' id='word_1_277' title='bbox 901 5205 1016 5269; x_wconf 91' lang='lat' dir='ltr'><strong>ubi</strong></span> <span class='ocrx_word' id='word_1_278' title='bbox 1042 5208 1139 5270; x_wconf 87' lang='lat' dir='ltr'><strong>est</strong></span> <span class='ocrx_word' id='word_1_279' title='bbox 1178 5207 1318 5272; x_wconf 84' lang='lat' dir='ltr'><strong>fons</strong></span> <span class='ocrx_word' id='word_1_280' title='bbox 1348 5210 1499 5275; x_wconf 85' lang='lat' dir='ltr'><strong>vitae</strong></span> <span class='ocrx_word' id='word_1_281' title='bbox 1514 5258 1540 5291; x_wconf 87' lang='lat'><strong>,</strong></span> <span class='ocrx_word' id='word_1_282' title='bbox 1582 5211 1746 5277; x_wconf 84' lang='lat' dir='ltr'><strong>facta</strong></span> 
     </span>
     <span class='ocr_line' id='line_1_45' title="bbox 243 5312 1743 5397; baseline 0.007 -23"><span class='ocrx_word' id='word_1_283' title='bbox 243 5313 325 5375; x_wconf 85' lang='lat' dir='ltr'><strong>est</strong></span> <span class='ocrx_word' id='word_1_284' title='bbox 345 5314 643 5397; x_wconf 82' lang='lat' dir='ltr'><strong>separatio</strong></span> <span class='ocrx_word' id='word_1_285' title='bbox 672 5312 908 5378; x_wconf 78' lang='lat' dir='ltr'><strong>animae</strong></span> <span class='ocrx_word' id='word_1_286' title='bbox 938 5331 979 5377; x_wconf 88' lang='lat' dir='ltr'><strong>a</strong></span> <span class='ocrx_word' id='word_1_287' title='bbox 1016 5331 1295 5397; x_wconf 88' lang='lat' dir='ltr'><strong>corpore.</strong></span> <span class='ocrx_word' id='word_1_288' title='bbox 1326 5314 1394 5380; x_wconf 91' lang='lat' dir='ltr'><strong>Si</strong></span> <span class='ocrx_word' id='word_1_289' title='bbox 1430 5318 1602 5383; x_wconf 90' lang='lat' dir='ltr'><strong>enim</strong></span> <span class='ocrx_word' id='word_1_290' title='bbox 1628 5338 1743 5384; x_wconf 90' lang='lat' dir='ltr'><strong>na-</strong></span> 
     </span>
    </p>
   </div>
   <div class='ocr_carea' id='block_1_5' title="bbox 253 5470 1747 5620">
    <p class='ocr_par' dir='ltr' id='par_1_6' title="bbox 253 5470 1747 5620">
     <span class='ocr_line' id='line_1_46' title="bbox 296 5470 1747 5543; baseline 0.003 -16"><span class='ocrx_word' id='word_1_291' title='bbox 296 5473 489 5539; x_wconf 56' lang='lat' dir='ltr'><strong>mot,</strong></span> <span class='ocrx_word' id='word_1_292' title='bbox 514 5486 570 5540; x_wconf 86' lang='lat' dir='ltr'><strong>x,</strong></span> <span class='ocrx_word' id='word_1_293' title='bbox 596 5477 679 5526; x_wconf 78' lang='lat'><strong>32.</strong></span> <span class='ocrx_word' id='word_1_294' title='bbox 697 5499 763 5512; x_wconf 93' lang='lat'>-</span> <span class='ocrx_word' id='word_1_295' title='bbox 789 5474 812 5507; x_wconf 77' lang='lat'>²</span> <span class='ocrx_word' id='word_1_296' title='bbox 830 5470 941 5535; x_wconf 69' lang='lat'><strong>1012,</strong></span> <span class='ocrx_word' id='word_1_297' title='bbox 973 5484 1064 5537; x_wconf 79' lang='lat' dir='ltr'><strong>xx,</strong></span> <span class='ocrx_word' id='word_1_298' title='bbox 1092 5475 1169 5525; x_wconf 80' lang='lat'><strong>¹6.</strong></span> <span class='ocrx_word' id='word_1_299' title='bbox 1201 5499 1263 5512; x_wconf 93' lang='lat'>—</span> <span class='ocrx_word' id='word_1_300' title='bbox 1295 5475 1464 5540; x_wconf 61' lang='lat' dir='ltr'><strong>uec..</strong></span> <span class='ocrx_word' id='word_1_301' title='bbox 1495 5490 1551 5543; x_wconf 85' lang='lat'><strong>1,</strong></span> <span class='ocrx_word' id='word_1_302' title='bbox 1577 5480 1656 5531; x_wconf 85' lang='lat'><strong>39.</strong></span> <span class='ocrx_word' id='word_1_303' title='bbox 1684 5504 1747 5517; x_wconf 92' lang='lat'><strong>—-</strong></span> 
     </span>
     <span class='ocr_line' id='line_1_47' title="bbox 253 5543 1743 5620; baseline 0.005 -24"><span class='ocrx_word' id='word_1_304' title='bbox 253 5543 268 5574; x_wconf 87' lang='lat'>⁴</span> <span class='ocrx_word' id='word_1_305' title='bbox 289 5543 421 5596; x_wconf 75' lang='lat' dir='ltr'><strong>Hunc</strong></span> <span class='ocrx_word' id='word_1_306' title='bbox 444 5552 498 5601; x_wconf 80' lang='lat' dir='ltr'><strong>et</strong></span> <span class='ocrx_word' id='word_1_307' title='bbox 525 5560 633 5615; x_wconf 86' lang='lat' dir='ltr'><strong>seq.</strong></span> <span class='ocrx_word' id='word_1_308' title='bbox 664 5558 829 5612; x_wconf 88' lang='lat' dir='ltr'><strong>usque</strong></span> <span class='ocrx_word' id='word_1_309' title='bbox 855 5544 922 5600; x_wconf 78' lang='lat' dir='ltr'><strong>sd</strong></span> <span class='ocrx_word' id='word_1_310' title='bbox 946 5557 1104 5598; x_wconf 83' lang='lat' dir='ltr'><strong>serm.</strong></span> <span class='ocrx_word' id='word_1_311' title='bbox 1134 5557 1185 5612; x_wconf 86' lang='lat'><strong>1,</strong></span> <span class='ocrx_word' id='word_1_312' title='bbox 1213 5544 1492 5620; x_wconf 83' lang='lat' dir='ltr'><strong>inclusive,</strong></span> <span class='ocrx_word' id='word_1_313' title='bbox 1517 5551 1667 5604; x_wconf 91' lang='lat' dir='ltr'><strong>Dom.</strong></span> <span class='ocrx_word' id='word_1_314' title='bbox 1697 5556 1743 5604; x_wconf 86' lang='grc'><strong>1.</strong></span> 
     </span>
    </p>
   </div>
   <div class='ocr_carea' id='block_1_6' title="bbox 3259 565 3377 627">
    <p class='ocr_par' dir='ltr' id='par_1_7' title="bbox 3259 565 3377 627">
     <span class='ocr_line' id='line_1_48' title="bbox 3259 565 3377 627; baseline 0 0"><span class='ocrx_word' id='word_1_315' title='bbox 3259 565 3377 627; x_wconf 82' lang='lat'><strong>133</strong></span> 
     </span>
    </p>
   </div>
   <div class='ocr_carea' id='block_1_7' title="bbox 1838 689 3382 2385">
    <p class='ocr_par' dir='ltr' id='par_1_8' title="bbox 1838 689 3382 2385">
     <span class='ocr_line' id='line_1_49' title="bbox 1846 689 3376 780; baseline 0.006 -26"><span class='ocrx_word' id='word_1_316' title='bbox 1846 689 2135 755; x_wconf 86' lang='lat' dir='ltr'><strong>turaliter</strong></span> <span class='ocrx_word' id='word_1_317' title='bbox 2168 690 2383 756; x_wconf 87' lang='lat' dir='ltr'><strong>anima</strong></span> <span class='ocrx_word' id='word_1_318' title='bbox 2402 695 2658 776; x_wconf 85' lang='lat' dir='ltr'><strong>appetat</strong></span> <span class='ocrx_word' id='word_1_319' title='bbox 2677 694 2969 760; x_wconf 88' lang='lat' dir='ltr'><strong>habitare</strong></span> <span class='ocrx_word' id='word_1_320' title='bbox 2996 694 3066 761; x_wconf 92' lang='lat' dir='ltr'><strong>in</strong></span> <span class='ocrx_word' id='word_1_321' title='bbox 3090 714 3376 780; x_wconf 88' lang='lat' dir='ltr'><strong>corpore,</strong></span> 
     </span>
     <span class='ocr_line' id='line_1_50' title="bbox 1840 797 3374 882; baseline 0.005 -22"><span class='ocrx_word' id='word_1_322' title='bbox 1840 797 2148 879; x_wconf 87' lang='lat' dir='ltr'><strong>quamdiu</strong></span> <span class='ocrx_word' id='word_1_323' title='bbox 2176 799 2445 881; x_wconf 86' lang='lat' dir='ltr'><strong>sanguis</strong></span> <span class='ocrx_word' id='word_1_324' title='bbox 2457 800 2735 866; x_wconf 89' lang='lat' dir='ltr'><strong>abundat</strong></span> <span class='ocrx_word' id='word_1_325' title='bbox 2759 802 2829 866; x_wconf 90' lang='lat' dir='ltr'><strong>in</strong></span> <span class='ocrx_word' id='word_1_326' title='bbox 2848 801 3167 867; x_wconf 88' lang='lat' dir='ltr'><strong>domicilio</strong></span> <span class='ocrx_word' id='word_1_327' title='bbox 3192 802 3374 882; x_wconf 85' lang='lat' dir='ltr'><strong>vitae;</strong></span> 
     </span>
     <span class='ocr_line' id='line_1_51' title="bbox 1840 903 3379 992; baseline 0.005 -26"><span class='ocrx_word' id='word_1_328' title='bbox 1840 919 1999 984; x_wconf 91' lang='lat' dir='ltr'><strong>ergo</strong></span> <span class='ocrx_word' id='word_1_329' title='bbox 2039 903 2275 987; x_wconf 88' lang='lat' dir='ltr'><strong>absque</strong></span> <span class='ocrx_word' id='word_1_330' title='bbox 2315 906 2599 972; x_wconf 88' lang='lat' dir='ltr'><strong>maximo</strong></span> <span class='ocrx_word' id='word_1_331' title='bbox 2624 906 2841 973; x_wconf 88' lang='lat' dir='ltr'><strong>dolore</strong></span> <span class='ocrx_word' id='word_1_332' title='bbox 2878 909 2959 973; x_wconf 90' lang='lat' dir='ltr'><strong>de</strong></span> <span class='ocrx_word' id='word_1_333' title='bbox 2997 910 3134 973; x_wconf 87' lang='lat' dir='ltr'><strong>tam</strong></span> <span class='ocrx_word' id='word_1_334' title='bbox 3160 910 3379 992; x_wconf 88' lang='lat' dir='ltr'><strong>aperto</strong></span> 
     </span>
     <span class='ocr_line' id='line_1_52' title="bbox 1840 1010 3380 1100; baseline 0.004 -25"><span class='ocrx_word' id='word_1_335' title='bbox 1840 1010 2159 1076; x_wconf 88' lang='lat' dir='ltr'><strong>domicilio</strong></span> <span class='ocrx_word' id='word_1_336' title='bbox 2199 1012 2350 1077; x_wconf 69' lang='lat' dir='ltr'><strong>vitas</strong></span> <span class='ocrx_word' id='word_1_337' title='bbox 2390 1013 2577 1079; x_wconf 89' lang='lat' dir='ltr'><strong>avelli</strong></span> <span class='ocrx_word' id='word_1_338' title='bbox 2619 1032 2754 1080; x_wconf 91' lang='lat' dir='ltr'><strong>non</strong></span> <span class='ocrx_word' id='word_1_339' title='bbox 2791 1014 3019 1098; x_wconf 89' lang='lat' dir='ltr'><strong>potuit.</strong></span> <span class='ocrx_word' id='word_1_340' title='bbox 3059 1014 3159 1080; x_wconf 82' lang='lat' dir='ltr'><strong>Ad</strong></span> <span class='ocrx_word' id='word_1_341' title='bbox 3193 1017 3380 1100; x_wconf 88' lang='lat' dir='ltr'><strong>cujus</strong></span> 
     </span>
     <span class='ocr_line' id='line_1_53' title="bbox 1841 1117 3381 1203; baseline 0.005 -22"><span class='ocrx_word' id='word_1_342' title='bbox 1841 1117 2225 1201; x_wconf 82' lang='lat' dir='ltr'><strong>poenalitatis</strong></span> <span class='ocrx_word' id='word_1_343' title='bbox 2270 1120 2742 1203; x_wconf 88' lang='lat' dir='ltr'><strong>expressionem</strong></span> <span class='ocrx_word' id='word_1_344' title='bbox 2799 1141 2948 1187; x_wconf 90' lang='lat' dir='ltr'><strong>cum</strong></span> <span class='ocrx_word' id='word_1_345' title='bbox 2997 1121 3381 1188; x_wconf 88' lang='lat' dir='ltr'><strong>clamoribus</strong></span> 
     </span>
     <span class='ocr_line' id='line_1_54' title="bbox 1841 1223 3374 1310; baseline 0.004 -23"><span class='ocrx_word' id='word_1_346' title='bbox 1841 1223 2070 1288; x_wconf 89' lang='lat' dir='ltr'><strong>validis</strong></span> <span class='ocrx_word' id='word_1_347' title='bbox 2096 1224 2309 1290; x_wconf 90' lang='lat' dir='ltr'><strong>emisit</strong></span> <span class='ocrx_word' id='word_1_348' title='bbox 2347 1227 2662 1310; x_wconf 88' lang='lat' dir='ltr'><strong>spiritum.</strong></span> <span class='ocrx_word' id='word_1_349' title='bbox 2686 1228 2767 1294; x_wconf 93' lang='lat' dir='ltr'><strong>Et</strong></span> <span class='ocrx_word' id='word_1_350' title='bbox 2790 1229 2869 1294; x_wconf 92' lang='lat' dir='ltr'><strong>de</strong></span> <span class='ocrx_word' id='word_1_351' title='bbox 2906 1230 3029 1294; x_wconf 92' lang='lat' dir='ltr'><strong>hoc</strong></span> <span class='ocrx_word' id='word_1_352' title='bbox 3060 1228 3294 1294; x_wconf 91' lang='lat' dir='ltr'><strong>dicitur</strong></span> <span class='ocrx_word' id='word_1_353' title='bbox 3312 1230 3374 1293; x_wconf 83' lang='lat'><strong>⁸:</strong></span> 
     </span>
     <span class='ocr_line' id='line_1_55' title="bbox 1850 1331 3381 1420; baseline 0.004 -26"><span class='ocrx_word' id='word_1_354' title='bbox 1850 1354 1882 1393; x_wconf 76' lang='grc' dir='ltr'><strong>α</strong></span> <span class='ocrx_word' id='word_1_355' title='bbox 1898 1331 2024 1396; x_wconf 91' lang='lat' dir='ltr'><strong>Nos</strong></span> <span class='ocrx_word' id='word_1_356' title='bbox 2052 1336 2238 1398; x_wconf 84' lang='lat' dir='ltr'><strong>testes</strong></span> <span class='ocrx_word' id='word_1_357' title='bbox 2261 1350 2489 1399; x_wconf 91' lang='lat' dir='ltr'><strong>sumus</strong></span> <span class='ocrx_word' id='word_1_358' title='bbox 2516 1336 2829 1416; x_wconf 91' lang='lat' dir='ltr'><strong>omnium,</strong></span> <span class='ocrx_word' id='word_1_359' title='bbox 2859 1354 3006 1420; x_wconf 83' lang='lat' dir='ltr'><strong>quae</strong></span> <span class='ocrx_word' id='word_1_360' title='bbox 3028 1337 3174 1402; x_wconf 83' lang='lat' dir='ltr'><strong>fecit</strong></span> <span class='ocrx_word' id='word_1_361' title='bbox 3197 1335 3381 1401; x_wconf 89' lang='lat' dir='ltr'><strong>Jesus</strong></span> 
     </span>
     <span class='ocr_line' id='line_1_56' title="bbox 1839 1439 3380 1527; baseline 0.004 -25"><span class='ocrx_word' id='word_1_362' title='bbox 1839 1439 1910 1504; x_wconf 89' lang='lat' dir='ltr'><strong>in</strong></span> <span class='ocrx_word' id='word_1_363' title='bbox 1931 1439 2200 1523; x_wconf 80' lang='lat' dir='ltr'><strong>regione</strong></span> <span class='ocrx_word' id='word_1_364' title='bbox 2235 1439 2609 1507; x_wconf 83' lang='lat' dir='ltr'><strong>Judaeorum</strong></span> <span class='ocrx_word' id='word_1_365' title='bbox 2623 1490 2646 1521; x_wconf 95' lang='lat'><strong>,</strong></span> <span class='ocrx_word' id='word_1_366' title='bbox 2675 1447 2741 1508; x_wconf 89' lang='lat' dir='ltr'><strong>et</strong></span> <span class='ocrx_word' id='word_1_367' title='bbox 2779 1461 2974 1527; x_wconf 88' lang='lat' dir='ltr'><strong>quem</strong></span> <span class='ocrx_word' id='word_1_368' title='bbox 3010 1443 3380 1508; x_wconf 88' lang='lat' dir='ltr'><strong>occiderunt</strong></span> 
     </span>
     <span class='ocr_line' id='line_1_57' title="bbox 1838 1545 3372 1634; baseline 0 -23"><span class='ocrx_word' id='word_1_369' title='bbox 1838 1545 1872 1612; x_wconf 87' lang='lat' dir='ltr'>J</span> <span class='ocrx_word' id='word_1_370' title='bbox 1877 1546 2045 1611; x_wconf 80' lang='lat' dir='ltr'><strong>udaei</strong></span> <span class='ocrx_word' id='word_1_371' title='bbox 2076 1547 2145 1611; x_wconf 88' lang='lat' dir='ltr'><strong>in</strong></span> <span class='ocrx_word' id='word_1_372' title='bbox 2168 1546 2519 1613; x_wconf 85' lang='lat' dir='ltr'><strong>Jerusalem</strong></span> <span class='ocrx_word' id='word_1_373' title='bbox 2550 1550 3002 1634; x_wconf 86' lang='lat' dir='ltr'><strong>suspendentes</strong></span> <span class='ocrx_word' id='word_1_374' title='bbox 3041 1551 3111 1615; x_wconf 89' lang='lat' dir='ltr'><strong>in</strong></span> <span class='ocrx_word' id='word_1_375' title='bbox 3139 1551 3322 1633; x_wconf 85' lang='lat' dir='ltr'><strong>ligno</strong></span> <span class='ocrx_word' id='word_1_376' title='bbox 3340 1572 3372 1611; x_wconf 72' lang='lat' dir='ltr'>n</span> 
     </span>
     <span class='ocr_line' id='line_1_58' title="bbox 1840 1653 3375 1738; baseline 0.003 -20"><span class='ocrx_word' id='word_1_377' title='bbox 1840 1653 2086 1720; x_wconf 88' lang='lat' dir='ltr'><strong>crucis:</strong></span> <span class='ocrx_word' id='word_1_378' title='bbox 2123 1654 2195 1719; x_wconf 88' lang='lat' dir='ltr'><strong>in</strong></span> <span class='ocrx_word' id='word_1_379' title='bbox 2233 1673 2362 1738; x_wconf 89' lang='lat' dir='ltr'><strong>quo</strong></span> <span class='ocrx_word' id='word_1_380' title='bbox 2390 1673 2519 1720; x_wconf 91' lang='lat' dir='ltr'><strong>non</strong></span> <span class='ocrx_word' id='word_1_381' title='bbox 2546 1656 2772 1722; x_wconf 89' lang='lat' dir='ltr'><strong>habuit</strong></span> <span class='ocrx_word' id='word_1_382' title='bbox 2794 1704 2812 1735; x_wconf 92' lang='lat'><strong>,</strong></span> <span class='ocrx_word' id='word_1_383' title='bbox 2845 1656 3089 1723; x_wconf 90' lang='lat' dir='ltr'><strong>ratione</strong></span> <span class='ocrx_word' id='word_1_384' title='bbox 3114 1658 3375 1723; x_wconf 88' lang='lat' dir='ltr'><strong>arctitu-</strong></span> 
     </span>
     <span class='ocr_line' id='line_1_59' title="bbox 1840 1760 3382 1845; baseline 0.001 -19"><span class='ocrx_word' id='word_1_385' title='bbox 1840 1760 2044 1838; x_wconf 82' lang='lat' dir='ltr'><strong>dinis,</strong></span> <span class='ocrx_word' id='word_1_386' title='bbox 2083 1762 2193 1826; x_wconf 88' lang='lat' dir='ltr'><strong>ubi</strong></span> <span class='ocrx_word' id='word_1_387' title='bbox 2238 1765 2429 1845; x_wconf 91' lang='lat' dir='ltr'><strong>caput</strong></span> <span class='ocrx_word' id='word_1_388' title='bbox 2462 1781 2657 1828; x_wconf 89' lang='lat' dir='ltr'><strong>suum</strong></span> <span class='ocrx_word' id='word_1_389' title='bbox 2705 1763 3071 1844; x_wconf 86' lang='lat' dir='ltr'><strong>inclinaret,</strong></span> <span class='ocrx_word' id='word_1_390' title='bbox 3113 1777 3231 1830; x_wconf 81' lang='lat' dir='ltr'><strong>nec</strong></span> <span class='ocrx_word' id='word_1_391' title='bbox 3263 1764 3382 1829; x_wconf 90' lang='lat' dir='ltr'><strong>ubi</strong></span> 
     </span>
     <span class='ocr_line' id='line_1_60' title="bbox 1842 1869 3381 1956; baseline 0.003 -23"><span class='ocrx_word' id='word_1_392' title='bbox 1842 1869 2134 1934; x_wconf 90' lang='lat' dir='ltr'><strong>membra</strong></span> <span class='ocrx_word' id='word_1_393' title='bbox 2160 1870 2442 1954; x_wconf 89' lang='lat' dir='ltr'><strong>corporis</strong></span> <span class='ocrx_word' id='word_1_394' title='bbox 2469 1872 2871 1955; x_wconf 76' lang='lat' dir='ltr'><strong>appodiaretz</strong></span> <span class='ocrx_word' id='word_1_395' title='bbox 2905 1872 3047 1939; x_wconf 92' lang='lat' dir='ltr'><strong>ideo</strong></span> <span class='ocrx_word' id='word_1_396' title='bbox 3089 1872 3381 1956; x_wconf 86' lang='lat' dir='ltr'><strong>aliquan-</strong></span> 
     </span>
     <span class='ocr_line' id='line_1_61' title="bbox 1842 1975 3381 2064; baseline 0.003 -23"><span class='ocrx_word' id='word_1_397' title='bbox 1842 1975 1926 2041; x_wconf 91' lang='lat' dir='ltr'><strong>do</strong></span> <span class='ocrx_word' id='word_1_398' title='bbox 1942 1976 2321 2059; x_wconf 85' lang='lat' dir='ltr'><strong>appodiabat</strong></span> <span class='ocrx_word' id='word_1_399' title='bbox 2347 1996 2415 2044; x_wconf 91' lang='lat' dir='ltr'><strong>se</strong></span> <span class='ocrx_word' id='word_1_400' title='bbox 2437 1979 2518 2044; x_wconf 90' lang='lat' dir='ltr'><strong>ad</strong></span> <span class='ocrx_word' id='word_1_401' title='bbox 2534 1978 2748 2045; x_wconf 88' lang='lat' dir='ltr'><strong>clavos</strong></span> <span class='ocrx_word' id='word_1_402' title='bbox 2759 1981 3022 2064; x_wconf 89' lang='lat' dir='ltr'><strong>pedum,</strong></span> <span class='ocrx_word' id='word_1_403' title='bbox 3038 1981 3381 2064; x_wconf 86' lang='lat' dir='ltr'><strong>aliquando</strong></span> 
     </span>
     <span class='ocr_line' id='line_1_62' title="bbox 1841 2084 3382 2155; baseline 0.005 -7"><span class='ocrx_word' id='word_1_404' title='bbox 1841 2084 1923 2149; x_wconf 90' lang='lat' dir='ltr'><strong>ad</strong></span> <span class='ocrx_word' id='word_1_405' title='bbox 1952 2084 2165 2150; x_wconf 84' lang='lat' dir='ltr'><strong>clavos</strong></span> <span class='ocrx_word' id='word_1_406' title='bbox 2199 2105 2547 2153; x_wconf 89' lang='lat' dir='ltr'><strong>manuum:</strong></span> <span class='ocrx_word' id='word_1_407' title='bbox 2591 2094 2655 2154; x_wconf 90' lang='lat' dir='ltr'><strong>et</strong></span> <span class='ocrx_word' id='word_1_408' title='bbox 2681 2089 2822 2154; x_wconf 89' lang='lat' dir='ltr'><strong>ideo</strong></span> <span class='ocrx_word' id='word_1_409' title='bbox 2855 2090 3036 2154; x_wconf 91' lang='lat' dir='ltr'><strong>omni</strong></span> <span class='ocrx_word' id='word_1_410' title='bbox 3060 2089 3219 2155; x_wconf 90' lang='lat' dir='ltr'><strong>hora</strong></span> <span class='ocrx_word' id='word_1_411' title='bbox 3245 2090 3382 2155; x_wconf 90' lang='lat' dir='ltr'><strong>sine</strong></span> 
     </span>
     <span class='ocr_line' id='line_1_63' title="bbox 1840 2192 3376 2283; baseline 0.003 -25"><span class='ocrx_word' id='word_1_412' title='bbox 1840 2192 2324 2277; x_wconf 86' lang='lat' dir='ltr'><strong>interpolatione</strong></span> <span class='ocrx_word' id='word_1_413' title='bbox 2377 2195 2936 2263; x_wconf 88' lang='lat' dir='ltr'><strong>vehementissime</strong></span> <span class='ocrx_word' id='word_1_414' title='bbox 2988 2198 3376 2283; x_wconf 88' lang='lat' dir='ltr'><strong>patiebatur.</strong></span> 
     </span>
     <span class='ocr_line' id='line_1_64' title="bbox 1844 2299 3065 2385; baseline 0.002 -20"><span class='ocrx_word' id='word_1_415' title='bbox 1844 2299 2172 2383; x_wconf 82' lang='lat' dir='ltr'><strong>Rogemus</strong></span> <span class='ocrx_word' id='word_1_416' title='bbox 2196 2319 2383 2385; x_wconf 89' lang='lat' dir='ltr'><strong>ergo,</strong></span> <span class='ocrx_word' id='word_1_417' title='bbox 2424 2307 2546 2368; x_wconf 89' lang='lat' dir='ltr'><strong>etc.</strong></span> <span class='ocrx_word' id='word_1_418' title='bbox 3060 2330 3065 2334; x_wconf 96' lang='lat'>·</span> 
     </span>
    </p>
   </div>
   <div class='ocr_carea' id='block_1_8' title="bbox 2376 2481 2848 2554">
    <p class='ocr_par' dir='ltr' id='par_1_9' title="bbox 2376 2481 2848 2554">
     <span class='ocr_line' id='line_1_65' title="bbox 2376 2481 2848 2554; baseline 0.006 -3"><span class='ocrx_word' id='word_1_419' title='bbox 2376 2481 2667 2554; x_wconf 86' lang='lat' dir='ltr'>SERMO</span> <span class='ocrx_word' id='word_1_420' title='bbox 2709 2484 2772 2553; x_wconf 92' lang='lat'><strong>11</strong></span> <span class='ocrx_word' id='word_1_421' title='bbox 2801 2495 2848 2553; x_wconf 74' lang='lat'><strong>⁸.</strong></span> 
     </span>
    </p>
   </div>
   <div class='ocr_carea' id='block_1_9' title="bbox 1843 2622 3463 5291">
    <p class='ocr_par' dir='ltr' id='par_1_10' title="bbox 1843 2622 3463 3352">
     <span class='ocr_line' id='line_1_66' title="bbox 1932 2622 3463 2713; baseline 0.001 -24"><span class='ocrx_word' id='word_1_422' title='bbox 1932 2622 2242 2692; x_wconf 78' lang='lat' dir='ltr'><strong>Tradetur</strong></span> <span class='ocrx_word' id='word_1_423' title='bbox 2284 2626 2579 2708; x_wconf 68' lang='lat' dir='ltr'><strong>amitibus</strong></span> <span class='ocrx_word' id='word_1_424' title='bbox 2616 2627 3042 2710; x_wconf 68' lang='lat' dir='ltr'><strong>attundetur,</strong></span> <span class='ocrx_word' id='word_1_425' title='bbox 3072 2634 3134 2697; x_wconf 82' lang='lat' dir='ltr'><strong>et</strong></span> <span class='ocrx_word' id='word_1_426' title='bbox 3168 2630 3385 2713; x_wconf 68' lang='lat' dir='ltr'><strong>flavel-</strong></span> <span class='ocrx_word' id='word_1_427' title='bbox 3458 2687 3463 2691; x_wconf 85' lang='lat'><strong>.</strong></span> 
     </span>
     <span class='ocr_line' id='line_1_67' title="bbox 1845 2727 3384 2819; baseline 0.005 -24"><span class='ocrx_word' id='word_1_428' title='bbox 1845 2727 2111 2811; x_wconf 80' lang='lat' dir='ltr'><strong>labitur,</strong></span> <span class='ocrx_word' id='word_1_429' title='bbox 2143 2735 2203 2798; x_wconf 79' lang='lat' dir='ltr'><strong>et</strong></span> <span class='ocrx_word' id='word_1_430' title='bbox 2228 2739 2607 2814; x_wconf 75' lang='lat' dir='ltr'><strong>conspuetur</strong></span> <span class='ocrx_word' id='word_1_431' title='bbox 2632 2737 2679 2798; x_wconf 89' lang='lat'><strong>⁸.</strong></span> <span class='ocrx_word' id='word_1_432' title='bbox 2703 2733 2879 2799; x_wconf 85' lang='lat' dir='ltr'><strong>Talia</strong></span> <span class='ocrx_word' id='word_1_433' title='bbox 2902 2753 3129 2819; x_wconf 85' lang='lat' dir='ltr'><strong>passus</strong></span> <span class='ocrx_word' id='word_1_434' title='bbox 3152 2741 3248 2802; x_wconf 84' lang='lat' dir='ltr'><strong>est</strong></span> <span class='ocrx_word' id='word_1_435' title='bbox 3262 2736 3384 2803; x_wconf 87' lang='lat' dir='ltr'><strong>Do·</strong></span> 
     </span>
     <span class='ocr_line' id='line_1_68' title="bbox 1845 2837 3382 2927; baseline 0.007 -26"><span class='ocrx_word' id='word_1_436' title='bbox 1845 2837 2062 2902; x_wconf 92' lang='lat' dir='ltr'><strong>minus</strong></span> <span class='ocrx_word' id='word_1_437' title='bbox 2112 2842 2457 2922; x_wconf 87' lang='lat' dir='ltr'><strong>antequam</strong></span> <span class='ocrx_word' id='word_1_438' title='bbox 2511 2841 2901 2908; x_wconf 83' lang='lat' dir='ltr'><strong>occideretur</strong></span> <span class='ocrx_word' id='word_1_439' title='bbox 2954 2844 3382 2927; x_wconf 86' lang='lat' dir='ltr'><strong>corporaliter,</strong></span> 
     </span>
     <span class='ocr_line' id='line_1_69' title="bbox 1843 2945 3388 3036; baseline 0.005 -26"><span class='ocrx_word' id='word_1_440' title='bbox 1843 2945 2402 3028; x_wconf 74' lang='lat' dir='ltr'><strong>qulataliapatitur</strong></span> <span class='ocrx_word' id='word_1_441' title='bbox 2413 2947 2710 3013; x_wconf 84' lang='lat' dir='ltr'><strong>animant</strong></span> <span class='ocrx_word' id='word_1_442' title='bbox 2721 2953 2861 3032; x_wconf 87' lang='lat' dir='ltr'><strong>post</strong></span> <span class='ocrx_word' id='word_1_443' title='bbox 2871 2950 3194 3017; x_wconf 90' lang='lat' dir='ltr'><strong>occidatur</strong></span> <span class='ocrx_word' id='word_1_444' title='bbox 3206 2952 3388 3036; x_wconf 88' lang='lat' dir='ltr'><strong>spiri-</strong></span> 
     </span>
     <span class='ocr_line' id='line_1_70' title="bbox 1850 3052 3385 3141; baseline 0.007 -25"><span class='ocrx_word' id='word_1_445' title='bbox 1850 3052 2131 3118; x_wconf 89' lang='lat' dir='ltr'><strong>tualiter.</strong></span> <span class='ocrx_word' id='word_1_446' title='bbox 2158 3053 2456 3119; x_wconf 89' lang='lat' dir='ltr'><strong>Traditur</strong></span> <span class='ocrx_word' id='word_1_447' title='bbox 2482 3054 2659 3119; x_wconf 90' lang='lat' dir='ltr'><strong>enim</strong></span> <span class='ocrx_word' id='word_1_448' title='bbox 2676 3074 2712 3120; x_wconf 88' lang='lat' dir='ltr'><strong>a</strong></span> <span class='ocrx_word' id='word_1_449' title='bbox 2742 3055 2991 3122; x_wconf 91' lang='lat' dir='ltr'><strong>diabolo</strong></span> <span class='ocrx_word' id='word_1_450' title='bbox 3016 3060 3385 3141; x_wconf 86' lang='lat' dir='ltr'><strong>suggestio·</strong></span> 
     </span>
     <span class='ocr_line' id='line_1_71' title="bbox 1846 3160 3387 3249; baseline 0.007 -25"><span class='ocrx_word' id='word_1_451' title='bbox 1846 3160 2037 3226; x_wconf 89' lang='lat' dir='ltr'><strong>nibus</strong></span> <span class='ocrx_word' id='word_1_452' title='bbox 2058 3209 2077 3241; x_wconf 95' lang='lat'><strong>,</strong></span> <span class='ocrx_word' id='word_1_453' title='bbox 2105 3161 2394 3226; x_wconf 84' lang='lat' dir='ltr'><strong>illuditur</strong></span> <span class='ocrx_word' id='word_1_454' title='bbox 2435 3163 2961 3247; x_wconf 87' lang='lat' dir='ltr'><strong>prosperitatibus</strong></span> <span class='ocrx_word' id='word_1_455' title='bbox 2977 3214 2996 3245; x_wconf 92' lang='lat'><strong>,</strong></span> <span class='ocrx_word' id='word_1_456' title='bbox 3025 3166 3387 3249; x_wconf 85' lang='lat' dir='ltr'><strong>flagellatur</strong></span> 
     </span>
     <span class='ocr_line' id='line_1_72' title="bbox 1847 3268 3383 3352; baseline 0.005 -19"><span class='ocrx_word' id='word_1_457' title='bbox 1847 3268 2342 3335; x_wconf 84' lang='lat' dir='ltr'><strong>adversitatibus</strong></span> <span class='ocrx_word' id='word_1_458' title='bbox 2356 3316 2379 3349; x_wconf 89' lang='lat'><strong>,</strong></span> <span class='ocrx_word' id='word_1_459' title='bbox 2427 3269 2804 3352; x_wconf 88' lang='lat' dir='ltr'><strong>conspuitur</strong></span> <span class='ocrx_word' id='word_1_460' title='bbox 2842 3271 3383 3341; x_wconf 89' lang='lat' dir='ltr'><strong>delectationibus.</strong></span> 
     </span>
    </p>

    <p class='ocr_par' dir='ltr' id='par_1_11' title="bbox 1845 3375 3391 5291">
     <span class='ocr_line' id='line_1_73' title="bbox 1924 3375 3391 3463; baseline 0.005 -22"><span class='ocrx_word' id='word_1_461' title='bbox 1924 3375 2012 3441; x_wconf 90' lang='lat' dir='ltr'><strong>De</strong></span> <span class='ocrx_word' id='word_1_462' title='bbox 2049 3376 2256 3459; x_wconf 91' lang='lat' dir='ltr'><strong>primo</strong></span> <span class='ocrx_word' id='word_1_463' title='bbox 2301 3375 2711 3441; x_wconf 75' lang='lat' dir='ltr'><strong>Psalmista⁸2</strong></span> <span class='ocrx_word' id='word_1_464' title='bbox 2751 3376 3091 3445; x_wconf 73' lang='lat' dir='ltr'><strong>«Traditus</strong></span> <span class='ocrx_word' id='word_1_465' title='bbox 3110 3398 3286 3463; x_wconf 91' lang='lat' dir='ltr'><strong>sum,</strong></span> <span class='ocrx_word' id='word_1_466' title='bbox 3324 3387 3391 3449; x_wconf 90' lang='lat' dir='ltr'><strong>et</strong></span> 
     </span>
     <span class='ocr_line' id='line_1_74' title="bbox 1848 3482 3388 3569; baseline 0.006 -22"><span class='ocrx_word' id='word_1_467' title='bbox 1848 3499 1984 3548; x_wconf 92' lang='lat' dir='ltr'><strong>non</strong></span> <span class='ocrx_word' id='word_1_468' title='bbox 2028 3484 2423 3567; x_wconf 88' lang='lat' dir='ltr'><strong>egrediebar.</strong></span> <span class='ocrx_word' id='word_1_469' title='bbox 2445 3504 2477 3543; x_wconf 72' lang='grc' dir='ltr'><strong>υ</strong></span> <span class='ocrx_word' id='word_1_470' title='bbox 2510 3482 2689 3549; x_wconf 89' lang='lat' dir='ltr'><strong>Sicut</strong></span> <span class='ocrx_word' id='word_1_471' title='bbox 2727 3484 2903 3549; x_wconf 89' lang='lat' dir='ltr'><strong>euim</strong></span> <span class='ocrx_word' id='word_1_472' title='bbox 2941 3487 3056 3569; x_wconf 89' lang='lat' dir='ltr'><strong>qui</strong></span> <span class='ocrx_word' id='word_1_473' title='bbox 3094 3489 3388 3556; x_wconf 86' lang='lat' dir='ltr'><strong>traditio-</strong></span> 
     </span>
     <span class='ocr_line' id='line_1_75' title="bbox 1847 3591 3391 3674; baseline 0.005 -18"><span class='ocrx_word' id='word_1_474' title='bbox 1847 3610 1999 3657; x_wconf 92' lang='lat' dir='ltr'><strong>nem</strong></span> <span class='ocrx_word' id='word_1_475' title='bbox 2025 3593 2230 3672; x_wconf 88' lang='lat' dir='ltr'><strong>timet,</strong></span> <span class='ocrx_word' id='word_1_476' title='bbox 2264 3609 2396 3657; x_wconf 91' lang='lat' dir='ltr'><strong>non</strong></span> <span class='ocrx_word' id='word_1_477' title='bbox 2419 3592 2610 3657; x_wconf 90' lang='lat' dir='ltr'><strong>audet</strong></span> <span class='ocrx_word' id='word_1_478' title='bbox 2634 3591 2860 3674; x_wconf 88' lang='lat' dir='ltr'><strong>egredi</strong></span> <span class='ocrx_word' id='word_1_479' title='bbox 2882 3597 3161 3664; x_wconf 83' lang='lat' dir='ltr'><strong>castmm</strong></span> <span class='ocrx_word' id='word_1_480' title='bbox 3190 3600 3254 3661; x_wconf 91' lang='lat' dir='ltr'><strong>et</strong></span> <span class='ocrx_word' id='word_1_481' title='bbox 3279 3596 3391 3664; x_wconf 92' lang='lat' dir='ltr'><strong>do-</strong></span> 
     </span>
     <span class='ocr_line' id='line_1_76' title="bbox 1847 3699 3390 3788; baseline 0.005 -23"><span class='ocrx_word' id='word_1_482' title='bbox 1847 3718 2060 3779; x_wconf 90' lang='lat' dir='ltr'><strong>mum;</strong></span> <span class='ocrx_word' id='word_1_483' title='bbox 2087 3700 2178 3765; x_wconf 90' lang='lat' dir='ltr'><strong>sic</strong></span> <span class='ocrx_word' id='word_1_484' title='bbox 2205 3700 2421 3764; x_wconf 88' lang='lat' dir='ltr'><strong>anima</strong></span> <span class='ocrx_word' id='word_1_485' title='bbox 2445 3699 2741 3765; x_wconf 89' lang='lat' dir='ltr'><strong>timorata</strong></span> <span class='ocrx_word' id='word_1_486' title='bbox 2765 3719 2897 3766; x_wconf 88' lang='lat' dir='ltr'><strong>non</strong></span> <span class='ocrx_word' id='word_1_487' title='bbox 2922 3701 3190 3769; x_wconf 88' lang='lat' dir='ltr'><strong>libenter</strong></span> <span class='ocrx_word' id='word_1_488' title='bbox 3205 3722 3390 3788; x_wconf 90' lang='lat' dir='ltr'><strong>egre-</strong></span> 
     </span>
     <span class='ocr_line' id='line_1_77' title="bbox 1845 3808 3389 3893; baseline 0.003 -20"><span class='ocrx_word' id='word_1_489' title='bbox 1845 3808 2017 3873; x_wconf 87' lang='lat' dir='ltr'><strong>ditur</strong></span> <span class='ocrx_word' id='word_1_490' title='bbox 2052 3808 2132 3873; x_wconf 91' lang='lat' dir='ltr'><strong>de</strong></span> <span class='ocrx_word' id='word_1_491' title='bbox 2174 3808 2386 3890; x_wconf 90' lang='lat' dir='ltr'><strong>prima</strong></span> <span class='ocrx_word' id='word_1_492' title='bbox 2421 3808 2742 3874; x_wconf 86' lang='lat' dir='ltr'><strong>custodia:</strong></span> <span class='ocrx_word' id='word_1_493' title='bbox 2781 3808 3174 3893; x_wconf 89' lang='lat' dir='ltr'><strong>periculosus</strong></span> <span class='ocrx_word' id='word_1_494' title='bbox 3214 3812 3389 3878; x_wconf 90' lang='lat' dir='ltr'><strong>enim</strong></span> 
     </span>
     <span class='ocr_line' id='line_1_78' title="bbox 1848 3913 3388 3998; baseline 0.003 -18"><span class='ocrx_word' id='word_1_495' title='bbox 1848 3921 1944 3980; x_wconf 89' lang='lat' dir='ltr'><strong>est</strong></span> <span class='ocrx_word' id='word_1_496' title='bbox 1971 3917 2093 3981; x_wconf 90' lang='lat' dir='ltr'><strong>iste</strong></span> <span class='ocrx_word' id='word_1_497' title='bbox 2119 3933 2421 3998; x_wconf 89' lang='lat' dir='ltr'><strong>egressus</strong></span> <span class='ocrx_word' id='word_1_498' title='bbox 2439 3914 2495 3979; x_wconf 81' lang='lat'><strong>⁷:</strong></span> <span class='ocrx_word' id='word_1_499' title='bbox 2536 3913 2858 3998; x_wconf 76' lang='lat' dir='ltr'><strong>«Egressa</strong></span> <span class='ocrx_word' id='word_1_500' title='bbox 2892 3920 2986 3982; x_wconf 88' lang='lat' dir='ltr'><strong>est</strong></span> <span class='ocrx_word' id='word_1_501' title='bbox 3022 3922 3240 3984; x_wconf 89' lang='lat' dir='ltr'><strong>autem</strong></span> <span class='ocrx_word' id='word_1_502' title='bbox 3277 3919 3388 3985; x_wconf 89' lang='lat' dir='ltr'><strong>Di-</strong></span> 
     </span>
     <span class='ocr_line' id='line_1_79' title="bbox 1849 4021 3388 4109; baseline 0.004 -21"><span class='ocrx_word' id='word_1_503' title='bbox 1849 4041 1956 4104; x_wconf 89' lang='lat' dir='ltr'><strong>na,</strong></span> <span class='ocrx_word' id='word_1_504' title='bbox 1974 4044 2007 4084; x_wconf 69' lang='lat' dir='ltr'><strong>n</strong></span> <span class='ocrx_word' id='word_1_505' title='bbox 2040 4027 2163 4087; x_wconf 89' lang='lat' dir='ltr'><strong>etc.</strong></span> <span class='ocrx_word' id='word_1_506' title='bbox 2190 4021 2489 4087; x_wconf 87' lang='lat' dir='ltr'><strong>Traditur</strong></span> <span class='ocrx_word' id='word_1_507' title='bbox 2512 4022 2692 4087; x_wconf 87' lang='lat' dir='ltr'><strong>enim</strong></span> <span class='ocrx_word' id='word_1_508' title='bbox 2714 4024 2930 4089; x_wconf 87' lang='lat' dir='ltr'><strong>anima</strong></span> <span class='ocrx_word' id='word_1_509' title='bbox 2949 4028 3388 4109; x_wconf 87' lang='lat' dir='ltr'><strong>suggestioni·</strong></span> 
     </span>
     <span class='ocr_line' id='line_1_80' title="bbox 1845 4129 3384 4217; baseline 0.003 -21"><span class='ocrx_word' id='word_1_510' title='bbox 1845 4132 1968 4196; x_wconf 89' lang='lat' dir='ltr'><strong>bus</strong></span> <span class='ocrx_word' id='word_1_511' title='bbox 1993 4129 2180 4196; x_wconf 88' lang='lat' dir='ltr'><strong>malis</strong></span> <span class='ocrx_word' id='word_1_512' title='bbox 2204 4131 2590 4215; x_wconf 90' lang='lat' dir='ltr'><strong>quandoque</strong></span> <span class='ocrx_word' id='word_1_513' title='bbox 2616 4148 2731 4215; x_wconf 85' lang='lat' dir='ltr'><strong>per</strong></span> <span class='ocrx_word' id='word_1_514' title='bbox 2755 4149 3065 4212; x_wconf 89' lang='lat' dir='ltr'><strong>amorem,</strong></span> <span class='ocrx_word' id='word_1_515' title='bbox 3093 4135 3384 4217; x_wconf 87' lang='lat' dir='ltr'><strong>quando-</strong></span> 
     </span>
     <span class='ocr_line' id='line_1_81' title="bbox 1846 4238 3384 4323; baseline 0.003 -19"><span class='ocrx_word' id='word_1_516' title='bbox 1846 4257 1976 4323; x_wconf 85' lang='lat' dir='ltr'><strong>que</strong></span> <span class='ocrx_word' id='word_1_517' title='bbox 2015 4256 2132 4321; x_wconf 90' lang='lat' dir='ltr'><strong>per</strong></span> <span class='ocrx_word' id='word_1_518' title='bbox 2154 4238 2490 4319; x_wconf 89' lang='lat' dir='ltr'><strong>rationem,</strong></span> <span class='ocrx_word' id='word_1_519' title='bbox 2520 4238 2903 4322; x_wconf 85' lang='lat' dir='ltr'><strong>quandoque</strong></span> <span class='ocrx_word' id='word_1_520' title='bbox 2936 4257 3051 4323; x_wconf 90' lang='lat' dir='ltr'><strong>per</strong></span> <span class='ocrx_word' id='word_1_521' title='bbox 3073 4240 3384 4309; x_wconf 84' lang='lat' dir='ltr'><strong>favorem.</strong></span> 
     </span>
     <span class='ocr_line' id='line_1_82' title="bbox 1847 4345 3386 4429; baseline 0.001 -18"><span class='ocrx_word' id='word_1_522' title='bbox 1847 4345 2239 4429; x_wconf 85' lang='lat' dir='ltr'><strong>Quandoque</strong></span> <span class='ocrx_word' id='word_1_523' title='bbox 2276 4345 2568 4411; x_wconf 85' lang='lat' dir='ltr'><strong>diabolus</strong></span> <span class='ocrx_word' id='word_1_524' title='bbox 2606 4349 2904 4428; x_wconf 88' lang='lat' dir='ltr'><strong>suggerit</strong></span> <span class='ocrx_word' id='word_1_525' title='bbox 2929 4347 3176 4414; x_wconf 89' lang='lat' dir='ltr'><strong>homini</strong></span> <span class='ocrx_word' id='word_1_526' title='bbox 3214 4353 3386 4416; x_wconf 91' lang='lat' dir='ltr'><strong>tem-</strong></span> 
     </span>
     <span class='ocr_line' id='line_1_83' title="bbox 1848 4446 3389 4537; baseline 0.005 -20"><span class='ocrx_word' id='word_1_527' title='bbox 1848 4452 2165 4537; x_wconf 87' lang='lat' dir='ltr'><strong>poralium</strong></span> <span class='ocrx_word' id='word_1_528' title='bbox 2183 4446 2778 4535; x_wconf 84' lang='lat' dir='ltr'><strong>concupiscentiam,</strong></span> <span class='ocrx_word' id='word_1_529' title='bbox 2800 4455 3240 4537; x_wconf 91' lang='lat' dir='ltr'><strong>proximorum</strong></span> <span class='ocrx_word' id='word_1_530' title='bbox 3260 4457 3389 4523; x_wconf 87' lang='lat' dir='ltr'><strong>dis-</strong></span> 
     </span>
     <span class='ocr_line' id='line_1_84' title="bbox 1846 4559 3386 4645; baseline 0.003 -21"><span class='ocrx_word' id='word_1_531' title='bbox 1846 4559 2205 4643; x_wconf 88' lang='lat' dir='ltr'><strong>plicentiam</strong></span> <span class='ocrx_word' id='word_1_532' title='bbox 2223 4607 2242 4642; x_wconf 92' lang='lat'><strong>,</strong></span> <span class='ocrx_word' id='word_1_533' title='bbox 2283 4561 2608 4644; x_wconf 89' lang='lat' dir='ltr'><strong>propriam</strong></span> <span class='ocrx_word' id='word_1_534' title='bbox 2651 4561 3192 4645; x_wconf 86' lang='lat' dir='ltr'><strong>complacentiam.</strong></span> <span class='ocrx_word' id='word_1_535' title='bbox 3240 4563 3386 4629; x_wconf 92' lang='lat' dir='ltr'><strong>Ideo</strong></span> 
     </span>
     <span class='ocr_line' id='line_1_85' title="bbox 1849 4666 3383 4754; baseline 0.003 -22"><span class='ocrx_word' id='word_1_536' title='bbox 1849 4666 2133 4733; x_wconf 86' lang='lat' dir='ltr'><strong>Christus</strong></span> <span class='ocrx_word' id='word_1_537' title='bbox 2158 4670 2233 4733; x_wconf 89' lang='lat' dir='ltr'><strong>ut</strong></span> <span class='ocrx_word' id='word_1_538' title='bbox 2273 4668 2396 4733; x_wconf 88' lang='lat' dir='ltr'><strong>hoc</strong></span> <span class='ocrx_word' id='word_1_539' title='bbox 2420 4671 2777 4747; x_wconf 85' lang='lat' dir='ltr'><strong>amoveret,</strong></span> <span class='ocrx_word' id='word_1_540' title='bbox 2808 4674 2883 4735; x_wconf 91' lang='lat' dir='ltr'><strong>ut</strong></span> <span class='ocrx_word' id='word_1_541' title='bbox 2906 4688 3024 4754; x_wconf 90' lang='lat' dir='ltr'><strong>pro</strong></span> <span class='ocrx_word' id='word_1_542' title='bbox 3060 4671 3164 4737; x_wconf 85' lang='lat' dir='ltr'><strong>his</strong></span> <span class='ocrx_word' id='word_1_543' title='bbox 3201 4671 3383 4737; x_wconf 89' lang='lat' dir='ltr'><strong>satis-</strong></span> 
     </span>
     <span class='ocr_line' id='line_1_86' title="bbox 1847 4774 3380 4858; baseline 0.004 -19"><span class='ocrx_word' id='word_1_544' title='bbox 1847 4775 2102 4855; x_wconf 84' lang='lat' dir='ltr'><strong>faceret,</strong></span> <span class='ocrx_word' id='word_1_545' title='bbox 2130 4775 2267 4858; x_wconf 89' lang='lat' dir='ltr'><strong>ipse</strong></span> <span class='ocrx_word' id='word_1_546' title='bbox 2291 4774 2565 4840; x_wconf 89' lang='lat' dir='ltr'><strong>traditur</strong></span> <span class='ocrx_word' id='word_1_547' title='bbox 2590 4794 2631 4839; x_wconf 90' lang='lat' dir='ltr'><strong>a</strong></span> <span class='ocrx_word' id='word_1_548' title='bbox 2654 4775 2840 4856; x_wconf 82' lang='lat' dir='ltr'><strong>Juda,</strong></span> <span class='ocrx_word' id='word_1_549' title='bbox 2868 4795 2908 4840; x_wconf 88' lang='lat' dir='ltr'><strong>a</strong></span> <span class='ocrx_word' id='word_1_550' title='bbox 2933 4778 3380 4858; x_wconf 87' lang='lat' dir='ltr'><strong>sacerdotibus,</strong></span> 
     </span>
     <span class='ocr_line' id='line_1_87' title="bbox 1849 4886 3387 4970; baseline 0.001 -18"><span class='ocrx_word' id='word_1_551' title='bbox 1849 4906 1888 4952; x_wconf 94' lang='lat' dir='ltr'><strong>a</strong></span> <span class='ocrx_word' id='word_1_552' title='bbox 1916 4887 2139 4953; x_wconf 83' lang='lat' dir='ltr'><strong>Pilato.</strong></span> <span class='ocrx_word' id='word_1_553' title='bbox 2169 4886 2405 4953; x_wconf 87' lang='lat' dir='ltr'><strong>AJuda</strong></span> <span class='ocrx_word' id='word_1_554' title='bbox 2428 4891 2684 4970; x_wconf 88' lang='lat' dir='ltr'><strong>propter</strong></span> <span class='ocrx_word' id='word_1_555' title='bbox 2712 4887 3050 4954; x_wconf 90' lang='lat' dir='ltr'><strong>avaritiam</strong></span> <span class='ocrx_word' id='word_1_556' title='bbox 3067 4889 3130 4954; x_wconf 84' lang='lat'><strong>⁸:</strong></span> <span class='ocrx_word' id='word_1_557' title='bbox 3170 4913 3202 4952; x_wconf 77' lang='grc' dir='ltr'><strong>α</strong></span> <span class='ocrx_word' id='word_1_558' title='bbox 3222 4886 3387 4968; x_wconf 83' lang='lat' dir='ltr'><strong>Quid</strong></span> 
     </span>
     <span class='ocr_line' id='line_1_88' title="bbox 1852 4985 3378 5075; baseline 0.002 -15"><span class='ocrx_word' id='word_1_559' title='bbox 1852 4985 2047 5060; x_wconf 83' lang='lat' dir='ltr'><strong>vultis</strong></span> <span class='ocrx_word' id='word_1_560' title='bbox 2072 4995 2231 5059; x_wconf 91' lang='lat' dir='ltr'><strong>mihi</strong></span> <span class='ocrx_word' id='word_1_561' title='bbox 2257 4994 2430 5074; x_wconf 90' lang='lat' dir='ltr'><strong>dare,</strong></span> <span class='ocrx_word' id='word_1_562' title='bbox 2450 4997 2515 5060; x_wconf 92' lang='lat' dir='ltr'><strong>et</strong></span> <span class='ocrx_word' id='word_1_563' title='bbox 2531 5011 2659 5075; x_wconf 89' lang='lat' dir='ltr'><strong>ego</strong></span> <span class='ocrx_word' id='word_1_564' title='bbox 2674 5012 2826 5059; x_wconf 90' lang='lat' dir='ltr'><strong>eum</strong></span> <span class='ocrx_word' id='word_1_565' title='bbox 2843 4995 3027 5061; x_wconf 91' lang='lat' dir='ltr'><strong>vobis</strong></span> <span class='ocrx_word' id='word_1_566' title='bbox 3050 4998 3378 5063; x_wconf 67' lang='lat' dir='ltr'><strong>tradam‘h</strong></span> 
     </span>
     <span class='ocr_line' id='line_1_89' title="bbox 1848 5100 3389 5184; baseline 0.003 -17"><span class='ocrx_word' id='word_1_567' title='bbox 1848 5100 2145 5167; x_wconf 89' lang='lat' dir='ltr'><strong>Traditus</strong></span> <span class='ocrx_word' id='word_1_568' title='bbox 2172 5105 2265 5165; x_wconf 90' lang='lat' dir='ltr'><strong>est</strong></span> <span class='ocrx_word' id='word_1_569' title='bbox 2289 5118 2404 5184; x_wconf 89' lang='lat' dir='ltr'><strong>pro</strong></span> <span class='ocrx_word' id='word_1_570' title='bbox 2435 5100 2711 5167; x_wconf 90' lang='lat' dir='ltr'><strong>denariis</strong></span> <span class='ocrx_word' id='word_1_571' title='bbox 2734 5100 2995 5167; x_wconf 91' lang='lat' dir='ltr'><strong>inimico</strong></span> <span class='ocrx_word' id='word_1_572' title='bbox 3010 5151 3030 5184; x_wconf 98' lang='lat'><strong>,</strong></span> <span class='ocrx_word' id='word_1_573' title='bbox 3058 5108 3238 5171; x_wconf 90' lang='lat' dir='ltr'><strong>netu</strong></span> <span class='ocrx_word' id='word_1_574' title='bbox 3262 5109 3389 5171; x_wconf 88' lang='lat' dir='ltr'><strong>tra-</strong></span> 
     </span>
     <span class='ocr_line' id='line_1_90' title="bbox 1850 5205 3386 5291; baseline 0.005 -17"><span class='ocrx_word' id='word_1_575' title='bbox 1850 5208 2021 5274; x_wconf 88' lang='lat' dir='ltr'><strong>daris</strong></span> <span class='ocrx_word' id='word_1_576' title='bbox 2046 5223 2162 5291; x_wconf 89' lang='lat' dir='ltr'><strong>pro</strong></span> <span class='ocrx_word' id='word_1_577' title='bbox 2183 5205 2456 5271; x_wconf 87' lang='lat' dir='ltr'><strong>denariis</strong></span> <span class='ocrx_word' id='word_1_578' title='bbox 2480 5205 2751 5272; x_wconf 86' lang='lat' dir='ltr'><strong>diabolo.</strong></span> <span class='ocrx_word' id='word_1_579' title='bbox 2788 5206 2948 5274; x_wconf 92' lang='lat' dir='ltr'><strong>ltem</strong></span> <span class='ocrx_word' id='word_1_580' title='bbox 2978 5226 3022 5275; x_wconf 87' lang='lat' dir='ltr'><strong>a</strong></span> <span class='ocrx_word' id='word_1_581' title='bbox 3045 5213 3386 5281; x_wconf 89' lang='lat' dir='ltr'><strong>sacerdoti-</strong></span> 
     </span>
    </p>
   </div>
   <div class='ocr_carea' id='block_1_10' title="bbox 1852 5402 3388 5620">
    <p class='ocr_par' dir='ltr' id='par_1_12' title="bbox 1852 5402 3388 5620">
     <span class='ocr_line' id='line_1_91' title="bbox 1852 5402 3388 5470; baseline 0.005 -14"><span class='ocrx_word' id='word_1_582' title='bbox 1852 5405 1905 5456; x_wconf 87' lang='lat' dir='ltr'><strong>in</strong></span> <span class='ocrx_word' id='word_1_583' title='bbox 1934 5404 2214 5470; x_wconf 69' lang='lat' dir='ltr'><strong>Quadrag„</strong></span> <span class='ocrx_word' id='word_1_584' title='bbox 2246 5403 2404 5455; x_wconf 85' lang='lat' dir='ltr'><strong>habet</strong></span> <span class='ocrx_word' id='word_1_585' title='bbox 2443 5415 2648 5469; x_wconf 86' lang='lat' dir='ltr'><strong>quoque</strong></span> <span class='ocrx_word' id='word_1_586' title='bbox 2685 5402 2807 5455; x_wconf 88' lang='lat' dir='ltr'><strong>edit.</strong></span> <span class='ocrx_word' id='word_1_587' title='bbox 2843 5405 3004 5458; x_wconf 86' lang='lat' dir='ltr'><strong>Paris.</strong></span> <span class='ocrx_word' id='word_1_588' title='bbox 3036 5422 3124 5460; x_wconf 85' lang='lat' dir='ltr'><strong>an.</strong></span> <span class='ocrx_word' id='word_1_589' title='bbox 3165 5412 3303 5464; x_wconf 72' lang='grc'><strong>1521.</strong></span> <span class='ocrx_word' id='word_1_590' title='bbox 3325 5439 3388 5454; x_wconf 92' lang='grc'><strong>-</strong></span> 
     </span>
     <span class='ocr_line' id='line_1_92' title="bbox 1852 5474 3388 5552; baseline 0.015 -37"><span class='ocrx_word' id='word_1_591' title='bbox 1852 5479 1876 5515; x_wconf 70' lang='lat'>⁸</span> <span class='ocrx_word' id='word_1_592' title='bbox 1900 5477 2038 5542; x_wconf 49' lang='lat' dir='ltr'><strong>Luc„</strong></span> <span class='ocrx_word' id='word_1_593' title='bbox 2075 5487 2235 5538; x_wconf 66' lang='lat' dir='ltr'>XVIII,</span> <span class='ocrx_word' id='word_1_594' title='bbox 2273 5476 2351 5527; x_wconf 67' lang='lat'><strong>³2.</strong></span> <span class='ocrx_word' id='word_1_595' title='bbox 2387 5500 2449 5513; x_wconf 79' lang='lat'><strong>⁸—</strong></span> <span class='ocrx_word' id='word_1_596' title='bbox 2488 5475 2509 5506; x_wconf 66' lang='lat'>⁸</span> <span class='ocrx_word' id='word_1_597' title='bbox 2542 5474 2681 5526; x_wconf 53' lang='lat' dir='ltr'><strong><em>Psal-</em></strong></span> <span class='ocrx_word' id='word_1_598' title='bbox 2719 5486 2962 5541; x_wconf 67' lang='lat' dir='ltr'><strong>Lmvll,</strong></span> <span class='ocrx_word' id='word_1_599' title='bbox 2994 5481 3045 5533; x_wconf 81' lang='grc' dir='ltr'><strong>9ο</strong></span> <span class='ocrx_word' id='word_1_600' title='bbox 3080 5507 3142 5521; x_wconf 83' lang='grc'>-</span> <span class='ocrx_word' id='word_1_601' title='bbox 3185 5483 3204 5515; x_wconf 50' lang='lat' dir='ltr'><em>v</em></span> <span class='ocrx_word' id='word_1_602' title='bbox 3241 5482 3388 5552; x_wconf 60' lang='lat' dir='ltr'><strong>Gens·</strong></span> 
     </span>
     <span class='ocr_line' id='line_1_93' title="bbox 1855 5545 2983 5620; baseline -0.004 -14"><span class='ocrx_word' id='word_1_603' title='bbox 1855 5560 2038 5616; x_wconf 75' lang='lat' dir='ltr'><strong>xxxw,</strong></span> <span class='ocrx_word' id='word_1_604' title='bbox 2064 5552 2091 5601; x_wconf 81' lang='grc'><strong>1</strong></span> <span class='ocrx_word' id='word_1_605' title='bbox 2122 5551 2176 5601; x_wconf 88' lang='lat' dir='ltr'><strong>et</strong></span> <span class='ocrx_word' id='word_1_606' title='bbox 2204 5560 2313 5620; x_wconf 78' lang='lat' dir='ltr'><strong>seq.</strong></span> <span class='ocrx_word' id='word_1_607' title='bbox 2349 5572 2404 5584; x_wconf 92' lang='lat'>-</span> <span class='ocrx_word' id='word_1_608' title='bbox 2439 5546 2464 5585; x_wconf 79' lang='lat'>⁸</span> <span class='ocrx_word' id='word_1_609' title='bbox 2488 5545 2697 5612; x_wconf 70' lang='lat' dir='ltr'><strong>natm..</strong></span> <span class='ocrx_word' id='word_1_610' title='bbox 2720 5557 2869 5616; x_wconf 85' lang='lat' dir='ltr'><strong>xxv1,</strong></span> <span class='ocrx_word' id='word_1_611' title='bbox 2902 5551 2983 5609; x_wconf 71' lang='grc'><strong>15.</strong></span> 
     </span>
    </p>
   </div>
  </div>
 </body>
</html>
