4059 6317
704 543 785 605 92
1794 537 2210 605 SERMONES
2250 537 2352 604 DE
2392 537 2787 606 TEMPORE.

705 678 836 755 est,
866 675 1075 740 idiotis
1100 680 1164 741 et
1188 676 1582 759 simplicibus
1602 724 1622 755 ,
1663 678 1737 740 ut
1766 674 1880 756 qui
1916 691 2051 737 non
2085 690 2235 755 pos·

706 787 856 847 sunt
880 782 1115 847 elevari
1154 801 1267 867 per
1291 781 1887 866 contemplationem
1911 829 1928 862 ,
1976 781 2239 846 eleven-

707 893 815 954 tur
844 908 958 973 per
982 890 1487 955 admirationem.

787 996 1074 1062 Secundo
1114 1015 1227 1081 per
1254 997 1513 1079 signum
1542 996 1739 1062 stellae
1769 996 2072 1078 fulgentis
2100 1014 2238 1060 ma—

705 1103 1026 1168 nifestavit
1048 1105 1396 1169 claritatem
1416 1104 1743 1186 sapientise
1785 1103 2230 1185 gubernantis».

707 1214 787 1279 Et
811 1213 890 1278 de
913 1213 1038 1277 hoc
1061 1213 1294 1277 dicitur
1318 1213 1338 1250 ¹
1371 1235 1387 1277 ε
1426 1235 1457 1273 α
1485 1211 1805 1294 Investiga
1830 1211 2238 1295 sapientiam,

710 1327 772 1387 et
807 1320 1312 1385 manifestabitur
1345 1319 1459 1383 tibi
1483 1367 1500 1398 ‚
1543 1323 1605 1382 et
1632 1320 1962 1384 continens
1998 1319 2200 1383 faetus
2217 1366 2239 1398 ,

709 1447 842 1494 non
885 1428 1283 1509 derelinques
1313 1444 1479 1491 eam.
1512 1447 1541 1486 ι)
1575 1425 1703 1489 Ista
1729 1424 2036 1507 sapientia
2064 1424 2246 1487 Chri-

711 1539 847 1600 stus
878 1540 1008 1614 est,
1038 1552 1235 1618 quam
1263 1533 1439 1615 Magi
1468 1533 1770 1615 primitias
1804 1531 1951 1597 fidei
1990 1531 2248 1613 gentilis

711 1643 928 1726 populi
948 1689 965 1720 ‚
1002 1642 1561 1723 investigaverunt
1593 1657 1708 1722 per
1750 1639 2013 1721 signum
2050 1639 2245 1704 stellae

710 1750 1017 1833 fulgentis
1048 1797 1070 1828 ,
1140 1765 1473 1831 quousque
1540 1746 2051 1811 manifestaretur
2128 1746 2244 1810 eis.

713 1857 921 1923 Etiam
950 1857 1042 1921 sie
1081 1873 1195 1939 per
1243 1853 1632 1919 infusionem
1668 1870 1967 1936 supernae
2019 1854 2249 1935 gratiae

714 1969 779 2031 et
834 1963 1396 2030 manuductionem
1448 1966 1755 2027 creaturae
1809 1962 2250 2026 manifestatur

714 2073 997 2138 Christus
1017 2120 1036 2152 ,
1068 2073 1179 2155 qui
1208 2075 1302 2136 est
1326 2071 1445 2135 lux
1484 2070 1832 2153 sapientiae.
1875 2068 1952 2132 Et
1990 2070 2112 2135 hoc
2155 2073 2252 2133 est

715 2181 881 2265 quod
907 2180 1137 2245 dicitur
1154 2181 1177 2216 ¹
1211 2201 1227 2243 :
1262 2202 1293 2240 α
1311 2178 1495 2255 Quod
1508 2181 1735 2243 notum
1759 2181 1855 2241 est
1875 2175 1982 2241 Dei
2006 2177 2096 2259 (a)
2112 2194 2250 2240 ma·

714 2289 1013 2353 nifestum
1042 2290 1136 2351 est
1164 2286 1228 2351 in
1252 2285 1376 2349 illis
1407 2307 1421 2350 ε
1454 2285 1621 2349 Deus
1647 2287 1860 2348 autem
1889 2283 2249 2347 manifesta-

715 2396 809 2461 vit
834 2394 958 2458 illis
990 2417 1004 2460 ε
1037 2393 1379 2459 invisibilia
1418 2393 1592 2457 enim
1645 2393 1844 2474 ipsius
1881 2411 1920 2456 a
1962 2396 2254 2456 creatura

718 2501 938 2568 mundi
986 2520 1100 2584 per
1144 2519 1220 2565 ea
1242 2548 1259 2578 ‚
1304 2519 1450 2584 quae
1507 2501 1669 2564 facta
1712 2503 1863 2564 sunt
1879 2547 1900 2580 ,
1940 2497 2255 2563 intellecta

716 2609 1212 2693 conspiciuntur.
1243 2631 1275 2669 ι)

727 2763 738 2768 -
797 2717 1008 2783 Tertio
1034 2766 1050 2797 ‚
1096 2734 1210 2799 per
1251 2716 1513 2798 signum
1550 2714 1740 2779 undae
1767 2715 2207 2795 regenerantis
2230 2763 2251 2796 ,

721 2825 1147 2890 manifestavit
1191 2824 1648 2905 benignitatem
1693 2822 2040 2888 elementiae
2082 2824 2257 2888 redi-

721 2933 971 2998 mentis.
1020 2932 1098 2997 Et
1145 2931 1223 2996 de
1266 2931 1389 2994 hoc
1427 2931 1657 2995 dicitur
1679 2932 1748 2993 ⁸:
1790 2953 1821 2991 α
1865 2929 1999 2994 Ηοε
2043 2935 2257 2996 autem

714 3043 856 3123 jam
899 3039 1083 3104 tertio
1129 3038 1555 3102 manifestavit
1601 3055 1668 3101 se
1714 3035 1897 3101 Jesus
1934 3036 2258 3119 discipulis

725 3148 881 3212 suis.
909 3145 1026 3210 »Et
1053 3146 1213 3210 bene
1239 3144 1511 3208 verbum
1537 3144 1694 3208 illud
1724 3142 1999 3224 contigit
2020 3143 2088 3206 in
2116 3146 2266 3224 pro-'

726 3253 929 3336 posito
979 3274 994 3317 ε
1043 3270 1195 3316 nam
1237 3252 1445 3334 primo
1503 3250 1784 3316 Christus
1835 3249 2263 3314 manifestavit

727 3360 1070 3425 claritatem
1099 3359 1423 3442 sapientiae
1467 3358 1534 3421 in
1576 3357 1972 3438 apparitione
2020 3356 2257 3437 stellae3

728 3468 1039 3546 secundo,
1083 3467 1546 3532 virtuositatem
1599 3464 1896 3548 potentiae
1942 3464 2011 3528 in
2052 3469 2258 3528 trans-

729 3574 1077 3639 mutatione
1103 3590 1324 3656 aquae3
1356 3578 1419 3637 et
1451 3573 1643 3638 tertio
1662 3575 1800 3654 jam
1836 3571 2265 3637 manifestavit

731 3701 799 3746 se
853 3682 1138 3748 Christus
1189 3681 1685 3746 manifestatione
1743 3696 1879 3744 suae
1932 3679 2264 3759 dignitatis

727 3789 990 3873 triplicis
1017 3790 1086 3852 in
1122 3790 1407 3870 benigna
1435 3787 1924 3852 sanctificatione
1955 3804 2143 3868 aquae
2167 3805 2266 3852 re-

729 3898 1117 3978 generantiS‚
1148 3901 1212 3962 et
1237 3897 1358 3961 hoc
1386 3900 1644 3979 propter
1674 3896 2119 3979 perfectionem
2147 3900 2266 3960 tes-

729 4005 1001 4069 timonii.
1032 4004 1195 4069 Nam
1221 4004 1430 4086 primo
1457 4003 1883 4068 manifestavit
1907 4020 1975 4067 se
2001 4020 2116 4085 per
2146 4007 2267 4067 tes·

729 4111 1070 4176 timonium
1115 4109 1527 4192 baptizantis3
1574 4110 1848 4175 secundo
1866 4158 1889 4189 ,
1913 4097 1917 4102 ’
1937 4129 2054 4192 per
2092 4110 2262 4175 testi·

731 4218 1018 4284 monium
1045 4216 1321 4300 Spiritus
1348 4216 1548 4280 sancti
1576 4216 2008 4281 descendentis
2027 4217 2097 4280 in
2127 4235 2262 4298 spe-

730 4325 823 4390 cie
850 4324 1426 4403 columbae31ertio,
1451 4342 1564 4406 per
1590 4324 2027 4390 testimonium
2057 4324 2265 4389 Patris

729 4433 797 4495 in
826 4450 1020 4511 voce,
1052 4436 1117 4496 et
1142 4432 1232 4495 sic
1262 4433 1449 4499 tertio
1477 4449 1546 4495 se
1578 4430 2048 4511 manifestavit,
2081 4431 2140 4495 id
2172 4435 2267 4496 est

728 4539 999 4622 perfecte
1021 4587 1039 4618 ,
1098 4539 1249 4621 quia
1301 4538 1373 4601 in
1427 4554 1700 4601 numero
1739 4538 2016 4621 perfecto
2047 4587 2065 4618 ,
2125 4542 2265 4603 tum

728 4650 986 4729 propter
1013 4645 1576 4710 manifestationem
1623 4662 1758 4709 suae
1803 4644 2068 4727 tripIIcis
2116 4663 2263 4726 pro-

726 4747 1013 4835 prietatis
1035 4801 1052 4831 ,
1102 4756 1243 4817 tum
1290 4754 1547 4835 propter
1583 4751 2033 4833 perfectionem
2080 4752 2264 4816 testi-

728 4860 967 4940 monii,
995 4863 1133 4924 tum
1163 4864 1420 4941 propter
1461 4858 2077 4924 commendationem
2120 4878 2265 4942 my-

728 4967 902 5032 sterii
931 4967 1278 5032 Trinitatis.
1325 4969 1413 5031 De
1440 4967 1563 5031 hoc
1605 4970 1808 5049 potest
1842 4967 1964 5030 dici
2003 4967 2159 5031 illud
2185 4968 2209 5004 ¹·
2243 4990 2259 5032 z

737 5098 770 5137 n
789 5075 859 5139 ln
882 5079 1153 5140 mortem
1175 5074 1516 5139 traduntur
1542 5091 1656 5155 per
1679 5073 1896 5139 Jesum
1915 5121 1932 5153 ‚
1957 5077 2033 5137 ut
2053 5078 2118 5138 et
2135 5076 2268 5139 vita

730 5181 1167 5248 manifestetur
1182 5179 1335 5248 Jesu
1356 5180 1425 5246 in
1443 5197 1630 5245 earne
1659 5179 1983 5245 mortali.»
2013 5180 2088 5244 In
2117 5180 2269 5263 bap-

795 5378 812 5412 ¹
846 5377 1021 5439 Ecrli„
1049 5390 1122 5441 v1‚
1145 5380 1225 5429 28.
1253 5405 1313 5417 —
1340 5380 1361 5413 ²
1388 5379 1542 5439 Rom„
1574 5391 1612 5442 1,
1644 5381 1808 5430 ¹9-20.
1828 5406 1886 5417 —
1919 5381 1942 5415 ⁸
1962 5381 2130 5447 Joan„
2159 5394 2272 5447 xx1‚

732 5450 969 5586 ghi-b:
1008 5450 1050 5500 ll
1089 5452 1223 5512 Cor„
1274 5463 1345 5517 ιν,
1391 5455 1471 5524 ‚¹⁰⁸
1510 5478 1573 5489 —
1613 5452 1630 5481 ⁵
1672 5450 1812 5512 lud„
1850 5455 1898 5502 5.
1944 5479 2007 5490 -
2045 5454 2067 5489 ⁸
2105 5455 2268 5518 Joan„

2347 673 2538 738 tismo
2575 674 2836 755 Christi,
2892 678 3254 740 consecrato
3302 674 3529 739 merito
3571 673 3867 757 passionis

2350 780 2597 861 Christi,
2627 782 2716 846 ita
2740 783 3054 848 tradimur
3078 784 3143 846 in
3160 786 3364 846 morte
3388 781 3717 862 originalis
3737 800 3869 865 pee-

2349 888 2471 952 cati
2493 893 2556 952 et
2567 890 2829 954 actualis
2851 890 3224 973 iniquitatis,
3251 893 3326 954 ut
3339 891 3589 954 novitas
3620 887 3694 971 (b)
3729 889 3871 952 vitae

2347 994 2499 1060 Jesu
2521 1014 2636 1078 per
2659 997 2932 1078 gratiam
2961 997 3421 1080 baptismalem,
3454 999 3517 1061 et
3539 995 3873 1077 aliquando

2350 1103 2842 1185 poenitentialem
2884 1105 3322 1169 manifestetur
3350 1103 3419 1167 in
3455 1121 3643 1167 carne
3668 1107 3877 1166 nostra

2353 1209 2629 1275 mortali.

2433 1317 2641 1383 Tertio
2670 1319 2980 1385 subinfert
3011 1340 3029 1385 ε
3055 1321 3139 1387 Et
3177 1317 3594 1386 crediderunt
3630 1321 3707 1385 in
3743 1334 3880 1384 eum

2352 1425 2665 1508 discipuli
2708 1427 2847 1510 ejus
2906 1450 2922 1493 :
2972 1427 3087 1492 ubi
3126 1430 3382 1492 notatur
3432 1426 3581 1489 disci
3586 1425 3882 1508 pulorum

2354 1533 2582 1599 Christi
2630 1535 3112 1600 manuducentis
3159 1533 3562 1599 illuminatio.
3605 1532 3883 1615 Apostoli

2353 1658 2633 1724 namque
2655 1646 2719 1706 et
2740 1641 2847 1705 alii
2871 1641 3241 1716 Christiani,
3271 1658 3387 1723 pro
3426 1640 3663 1722 quibus
3692 1640 3883 1722 patri·

2355 1751 2477 1816 bus
2502 1750 2634 1814 nati
2672 1754 2825 1814 sunt
2854 1750 2966 1814 filii
3013 1767 3127 1831 per
3163 1749 3552 1814 infusionem
3592 1764 3889 1829 supernae

2354 1857 2582 1939 gratiae
2605 1861 2669 1921 et
2693 1856 3252 1921 manuductionem
3268 1856 3438 1920 illius
3454 1855 3631 1937 signi
3649 1859 3719 1918 et
3744 1854 3891 1917 alio-

2356 1982 2503 2029 rum
2529 1965 2863 2044 signorum
2907 1962 3174 2041 Christi3
3214 1967 3279 2026 et
3308 1962 3585 2025 maxime
3611 1978 3730 2043 per
3758 1978 3890 2023 ma-

2356 2072 2809 2138 nuductionem
2838 2071 3036 2136 trium
3062 2070 3402 2153 signorum
3428 2068 3730 2150 superius
3757 2067 3888 2131 dic-

2356 2183 2597 2260 torum,
2618 2179 2703 2243 ita
2730 2180 2997 2262 perfecte
3012 2179 3271 2242 fuerunt
3295 2174 3637 2241 illuminati
3661 2179 3744 2239 ut
3768 2192 3892 2238 ere·

2357 2289 2580 2352 derent
2608 2309 2623 2350 ε
2656 2286 2865 2369 primo
2903 2303 3015 2369 per
3055 2287 3195 2368 ejus
3242 2284 3588 2367 potentiam
3627 2282 3889 2347 durissi-

2360 2397 2595 2460 simum
2651 2394 2995 2459 Pharaonis
3047 2393 3392 2477 imperium
3442 2391 3890 2469 exterminari;

2361 2502 2634 2567 seeundo
2661 2520 2774 2585 per
2801 2503 2941 2583 ejus
2965 2499 3340 2584 sapientiam
3367 2499 3765 2563 obeaecatum
3796 2516 3897 2561 ra-

2359 2609 2548 2674 tionis
2569 2610 2829 2675 oeulum
2850 2607 3153 2672 illustrari
3169 2626 3189 2689 ;
3219 2607 3407 2671 tertie
3442 2591 3554 2688 per
3592 2607 3742 2688 ejus
3771 2606 3896 2669 cle-

2362 2720 2665 2783 mentiam
2700 2718 3036 2800 antiquum
3077 2716 3185 2780 Dei
3230 2720 3293 2780 et
3333 2714 3615 2781 hominis
3652 2715 3897 2780 bellum

2361 2825 2770 2891 reconciliari.

2445 2931 2660 2997 Primo
2688 2949 2847 3013 ergo
2875 2930 3278 2996 erediderunt
3301 2929 3590 3012 discipuli
3614 2947 3738 3012 per
3765 2931 3821 3012 ej
3832 2947 3905 2993 us

2362 3040 2710 3122 potentiam
2764 3038 3086 3104 durissimi
3146 3036 3492 3102 Pharaonis
3548 3037 3902 3119 imperium

2364 3147 2801 3213 exterminari.
2834 3145 2911 3211 Et
2935 3147 3014 3211 de
3035 3146 3158 3211 hoc
3182 3145 3332 3211 dicit
3353 3145 3375 3180 ⁸
3398 3168 3414 3209 ι
3438 3169 3469 3207 c
3496 3144 3681 3210 Jesus
3708 3164 3908 3229 popu·

2364 3256 2503 3320 lum
2531 3274 2725 3319 suum
2750 3254 3018 3318 salvavit
3040 3253 3117 3316 de
3135 3257 3306 3317 terra
3322 3251 3621 3334 AEgypti3,
3653 3270 3771 3320 eos
3796 3253 3908 3335 qui

2367 3380 2500 3426 non
2534 3361 2970 3440 crediderunt,
3001 3360 3296 3443 perdidit.
3318 3381 3348 3420 n
3384 3358 3707 3441 AEgyptus
3735 3359 3909 3424 enim

2369 3469 2817 3550 interpretatur
2839 3468 3280 3549 coanqustatio
3305 3515 3321 3543 ,
3348 3470 3413 3531 et
3439 3465 3711 3533 tenebroe
3725 3514 3745 3545 ‚
3777 3466 3910 3530 sive

2370 3574 2728 3643 tribulatio.
2758 3574 2934 3639 Unde
2956 3573 3063 3637 hic
3090 3573 3272 3640 Iesus
3293 3574 3579 3640 salvavit
3603 3573 3911 3656 populum

2368 3701 2558 3751 suum
2610 3684 2971 3748 credentem
3028 3684 3152 3747 sibi
3203 3682 3281 3748 de
3335 3687 3506 3749 terra
3572 3683 3867 3766 AEqypti
3887 3730 3904 3761 ‚

2369 3791 2622 3875 quando
2668 3810 2775 3857 eos
2803 3791 3075 3856 salvavit
3120 3809 3162 3854 a
3197 3791 3724 3871 coangustatione
3765 3808 3907 3872 pro-

2370 3899 2526 3981 priae
2556 3898 2903 3982 iniquitatis
2923 3946 2941 3978 ,
2970 3898 3051 3962 ab
3076 3896 3496 3961 obcaecatione
3523 3896 3912 3977 ignorantiae

2376 4005 2760 4084 damnantis,
2791 4005 2872 4068 ab
2900 4003 3312 4096 oppressione
3339 4002 3475 4067 sive
3500 4002 3915 4068 tribulatione

2370 4114 2657 4178 adversae
2684 4111 3006 4195 potestatis
3030 4157 3048 4186 ‚
3097 4127 3212 4191 per
3236 4109 3754 4192 impetrationem
3800 4127 3913 4191 ge-

2371 4220 2610 4286 neralis
2635 4220 2844 4285 veniae
2867 4266 2886 4298 ,
2931 4237 3045 4301 per
3072 4218 3459 4283 infusionem
3497 4217 3918 4283 illuminantis

2374 4329 2602 4411 gratiae
2624 4377 2640 4408 ‚
2676 4333 2741 4392 et
2781 4345 2894 4411 per
2931 4324 3298 4392 evasionem
3342 4325 3764 4407 opprimentis
3803 4346 3915 4409 po-

2370 4435 2607 4501 tentiae.
2639 4435 2715 4500 Et
2739 4450 2839 4501 eos
2861 4482 2878 4510 ‚
2922 4434 3195 4515 quinon
3221 4431 3632 4499 crediderunt
3649 4480 3667 4511 ‚
3692 4433 3918 4515 perde·-

2370 4543 2473 4611 dic
2495 4559 2613 4626 per
2637 4540 3112 4608 damnationem
3142 4541 3363 4606 mortis
3388 4544 3670 4605 aeternae.

2451 4650 2740 4714 Secundo
2765 4648 3173 4713 crediderunt
3190 4641 3484 4729 discipuli
3513 4665 3622 4729 per
3651 4650 3797 4731 ejus
3820 4666 3921 4712 sa·

2372 4757 2674 4840 pientiam
2699 4756 3090 4819 obeaeeatum
3122 4754 3384 4818 oculum
3426 4754 3692 4818 rationis
3732 4754 3915 4819 illus·

2371 4864 2545 4928 trari.
2597 4861 2774 4928 Unde
2819 4863 2884 4926 in
2924 4863 3166 4929 Ioanne
3196 4861 3267 4944 (c)
3311 4862 3335 4898 ⁶
3385 4884 3400 4925 :
3435 4883 3467 4922 α
3503 4861 3637 4942 Ego
3690 4861 3816 4926 lux
3853 4864 3921 4926 in

2373 4971 2690 5035 mundum
2718 4969 2866 5034 veni
2889 5018 2907 5049 ,
2938 4975 3013 5033 ut
3037 4969 3280 5047 omnis,
3313 4969 3427 5050 qui
3448 4969 3642 5032 eredit
3672 4968 3743 5032 in
3773 4987 3915 5048 me,

2375 5077 2444 5140 in
2474 5076 2750 5142 tenebris
2795 5095 2922 5140 non
2970 5081 3244 5140 maneat.
3268 5097 3301 5136 ιι
3331 5075 3560 5140 Fidelis
3598 5093 3819 5140 sermo
3859 5082 3923 5140 et

2374 5184 2552 5249 omni
2603 5183 2965 5266 acceptione
3019 5183 3258 5264 dignus
3297 5230 3319 5262 ,
3377 5183 3682 5265 quoniam
3734 5181 3922 5248 Jesus

2375 5290 2659 5356 Christus
2685 5290 2922 5355 candor
2945 5290 3105 5354 lucis
3131 5293 3395 5362 aeternae,
3416 5338 3432 5369 ,
3464 5290 3685 5353 lumen
3713 5308 3921 5372 ange-

2374 5399 2585 5463 lorum
2601 5445 2623 5477 ,
2652 5397 2926 5464 venitin
2958 5398 3271 5462 mundum
3305 5398 3476 5462 nube
3502 5397 3922 5462 humanitatis

2440 5526 2512 5589 (a)
2541 5524 2664 5575 Coet.
2690 5522 2814 5574 edit.
2845 5524 2972 5575 Deo.
3002 5549 3061 5561 —
3087 5522 3153 5588 (b)
3171 5521 3431 5576 novitatis.
3459 5548 3513 5560 -
3546 5521 3871 5587 (enom-nes.
