4059 6317
716 522 834 585 156

710 653 960 734 cientis,
986 675 1019 714 n
1051 653 1118 718 id
1142 655 1239 718 est
1259 651 1509 717 Christi.
1539 651 1557 688 ¹
1596 673 1629 714 ι
1656 651 1872 718 clama
1894 698 1912 729 ,
1940 656 2005 717 et
2026 651 2237 732 ulula,

710 761 803 827 fili
821 760 1126 838 hominis,
1151 781 1183 819 n
1207 764 1326 824 etc.
1349 759 1471 824 Iste
1487 759 1741 841 gladius
1766 761 1860 824 εει
1886 759 2238 823 sententia:

709 869 981 952 quinon
1005 866 1214 932 solum
1249 870 1501 945 acutus,
1533 866 1645 931 sed
1669 870 1977 931 exacutus
2003 869 2134 942 est,
2168 869 2246 929 ut
2292 911 2300 920 .

707 994 822 1060 per
839 976 1052 1059 ipsum
1079 992 1211 1039 non
1237 972 1443 1038 solum
1464 991 1701 1055 corpus
1720 1021 1736 1051 ,
1758 972 1865 1037 sed
1889 972 2083 1037 etiam
2109 972 2242 1037 ani-

709 1101 818 1148 ma
843 1082 1109 1147 feriatur
1138 1104 1153 1146 z
1187 1082 1443 1146 limatus
1456 1129 1477 1161 ,
1516 1083 1580 1145 ει
1610 1078 1944 1162 splendens
1988 1083 2121 1159 est,
2167 1082 2241 1143 ut

707 1189 776 1254 in
820 1191 1119 1273 promptu
1160 1187 1469 1252 habeatur
1495 1194 1520 1228 ¹
1551 1204 1569 1251 ε
1597 1208 1629 1247 α
1660 1185 1728 1250 Si
1756 1202 1985 1250 acuero
2008 1189 2087 1249 ut
2111 1185 2236 1250 ful-

711 1315 842 1380 gur
859 1296 1150 1379 gladium
1171 1313 1419 1373 meum,
1435 1317 1466 1356 1>
1492 1296 1611 1359 etc.
1643 1291 1982 1377 Promptus
2000 1295 2243 1358 estnon

708 1404 918 1471 solum
943 1403 1273 1487 injudicio
1292 1451 1313 1483 ‚
1344 1402 1453 1466 sed
1481 1401 1671 1466 etiam
1696 1400 1763 1464 in
1793 1405 1996 1465 morte
2023 1419 2238 1483 pecca-

695 1511 887 1584 toris.
909 1510 1087 1577 Unde
1112 1510 1291 1576 omni
1318 1511 1479 1576 hora
1502 1507 1825 1573 timendus
1849 1512 1964 1572 est.
1998 1507 2145 1572 ldeo
2173 1508 2244 1573 in

710 1619 992 1685 oratione
1023 1617 1427 1683 clamandum
1456 1622 1590 1697 est,
1638 1635 1713 1680 ac
1754 1616 1807 1679 si
1848 1618 1989 1700 jam
2027 1615 2244 1698 gladio

710 1727 1015 1793 transfodi
1057 1725 1339 1793 deberes.
1379 1731 1403 1768 ⁸
1437 1748 1470 1788 ι
1497 1724 1744 1790 Ululate
1761 1772 1783 1805 ,
1829 1729 1892 1790 et
1930 1725 2200 1791 clamate
2217 1774 2239 1806 ,

713 1834 1039 1918 aspergite
1086 1852 1203 1899 vos
1237 1834 1444 1899 cinere
1495 1856 1512 1898 ι
1564 1833 1718 1918 quia
1764 1833 2061 1917 completi
2093 1836 2245 1898 sunt

710 1943 846 2007 dies
862 1990 879 2018 ‚
911 1946 986 2007 ut
1011 1941 1500 2006 interficiamini.
1530 1962 1561 2001 n
1600 1941 1881 2014 clamate
1908 1943 1982 2009 in
2007 1943 2238 2022 cinere,

712 2050 776 2115 id
795 2054 909 2130 est,
932 2049 1179 2114 futuros
1200 2066 1317 2115 vos
1334 2049 1575 2114 cineres
1592 2048 2081 2114 considerantes.
2111 2049 2244 2115 Hoc

710 2159 904 2223 etiam
927 2157 1155 2223 dicitur
1183 2157 1227 2237 ⁶,
1254 2158 1426 2240 quod
1462 2180 1493 2219 α
1522 2156 1659 2222 Rex
1696 2156 1855 2221 sedit
1891 2157 1960 2221 in
2005 2158 2239 2236 cinere,

711 2269 775 2332 et
799 2265 1092 2331 homines
1108 2313 1129 2345 ,
1162 2267 1226 2329 et
1262 2264 1594 2344 mulieres,
1628 2268 1692 2328 et
1711 2266 2007 2348 jumenta
2023 2313 2041 2345 ,
2083 2264 2243 2329 nihil

699 2377 1059 2458 gustantes,
1089 2373 1285 2438 saccis
1306 2372 1779 2455 operiebantur,
1809 2375 1871 2436 et
1895 2371 2243 2438 clamarent

708 2483 791 2549 ad
813 2482 1157 2547 Dominum
1182 2481 1253 2545 in
1281 2479 1648 2545 fortitudine
1675 2497 1813 2544 sua.
1843 2499 1874 2540 n

787 2590 874 2655 De
896 2593 1127 2673 quarto
1150 2589 1174 2625 ⁸
1208 2608 1224 2653 ε
1261 2610 1276 2652 :
1310 2611 1339 2648 ιι
1361 2586 1655 2652 Clamabo
1684 2586 1762 2651 ad
1794 2585 1993 2651 Deum
2022 2585 2242 2651 altissi-

707 2718 915 2777 mum,
937 2720 970 2759 1)
997 2701 1059 2762 et
1075 2701 1304 2762 caetera
1328 2714 1534 2779 usque
1564 2713 1582 2759 ε
1607 2719 1639 2758 α
1657 2696 1736 2761 de
1763 2695 1974 2761 medio
1999 2696 2237 2761 catulo·

706 2826 854 2870 rum
894 2805 1173 2870 leonum.
1201 2827 1232 2864 ι»
1264 2802 1314 2867 Ο
1352 2803 1408 2867 si
1442 2805 1669 2885 tejam
1703 2804 1833 2883 leo,
1865 2802 1968 2866 vel
2006 2803 2234 2886 lupuS,

671 2977 678 2984 .
707 2914 810 2979 vel
838 2930 1094 2996 serpens
1109 2911 1458 2990 invaderet,
1482 2929 1522 2975 o
1537 2910 1860 2993 quomodo
1894 2910 2233 2975 clamares!

708 3021 757 3086 Ο
787 3024 1024 3104 quanto
1052 3018 1257 3100 magis
1282 3017 1686 3083 clamandum
1718 3021 1813 3081 est
1847 3021 2068 3082 contra
2099 3018 2235 3082 dia·

708 3129 930 3194 bolum
952 3176 971 3206 ,
1011 3127 1263 3192 leonem
1311 3125 1725 3190 fortissimum
1748 3127 1764 3188 l
1788 3131 1810 3167 ⁶
1839 3147 1869 3185 «ι
1901 3124 2237 3207 Tanquam

706 3235 806 3300 leo
852 3235 1117 3315 rugiens
1135 3281 1153 3311 ,
1191 3254 1222 3293 n
1254 3236 1371 3296 etc.
1417 3229 1817 3296 Necessarius
1871 3235 2090 3296 autem
2145 3236 2238 3297 est

704 3342 943 3407 clamor
980 3338 1278 3406 orationis
1320 3342 1542 3404 contra
1577 3338 1921 3404 diabolum.
1963 3338 2241 3405 Joannes

706 3449 1189 3533 chrysostomus
1212 3453 1236 3488 ‘¹
1269 3465 1287 3512 z
1320 3469 1352 3507 α
1390 3446 1604 3511 Oratio
1638 3446 1853 3528 jugis,
1899 3446 2239 3512 infirmitas

703 3560 799 3622 est
838 3556 1062 3621 hostis,
1091 3576 1123 3614 n
1157 3553 1296 3637 lpse
1337 3556 1560 3618 contra
1604 3571 1673 3617 se
1711 3552 1836 3617 tela
1883 3553 2235 3635 ministrat,

701 3664 816 3748 qui
860 3663 1110 3728 hostem
1158 3679 1420 3745 precum
1466 3660 1762 3725 instantia
1812 3677 1942 3724 non
1985 3661 2235 3742 fatigat.

703 3771 880 3836 Unde
906 3770 1098 3835 etlam
1125 3768 1352 3836 Tobias
1379 3769 1711 3849 clamavit,
1731 3763 1881 3833 cum
1907 3769 2239 3835 invaderet

700 3896 849 3944 eum
884 3878 1101 3960 piscis,
1147 3878 1210 3942 id
1239 3880 1375 3954 est,
1417 3877 1707 3943 diabolus
1733 3882 1756 3917 ⁸
1792 3897 1807 3940 ε
1847 3899 1878 3938 α
1908 3875 2233 3960 Expaves-

700 4004 849 4051 cens
884 3984 1114 4050 Tobias
1149 3982 1448 4050 clamavit
1469 4001 1626 4048 voce
1654 4001 1891 4080 magna
1908 4031 1927 4063 ,
1966 3984 2184 4049 dicens
2214 4006 2230 4049 :

701 4095 996 4170 Domine,
1017 4091 1262 4159 invadit
1283 4111 1385 4157 me
1410 4092 1618 4175 piscis,
1640 4114 1670 4152 ι
1699 4092 1766 4157 Si
1783 4091 2018 4157 clamat
2040 4111 2235 4175 quem

641 4245 646 4250 ·
702 4201 886 4285 piscis
916 4201 1033 4264 iste
1059 4198 1349 4264 diabolus
1372 4199 1615 4265 invadit
1652 4199 1950 4265 tentando
1971 4247 1988 4279 ,
2031 4199 2236 4265 multo

701 4308 912 4391 magis
937 4308 1200 4386 clamet,
1230 4307 1343 4390 qui
1360 4307 1429 4372 in
1457 4312 1680 4372 ventre
1701 4308 1899 4389 hujus
1925 4307 2117 4391 piscis
2141 4311 2237 4372 est

699 4417 867 4482 male
891 4415 1164 4481 vivendo
1185 4415 1207 4450 ⁹
1239 4436 1256 4479 ε
1287 4437 1318 4475 ›>
1346 4413 1627 4480 Clamavi
1657 4415 1738 4479 ad
1773 4414 2119 4480 Dominum
2156 4416 2235 4482 de

698 4521 1106 4588 tribulatione
1133 4541 1308 4602 mea,
1339 4526 1403 4587 et
1429 4522 1759 4587 exaudivit
1786 4539 1887 4588 me
1908 4522 1987 4588 de
2007 4528 2234 4589 ventre

697 4630 954 4698 inferni.
980 4650 1012 4690 ι)

1241 4797 1531 4870 SERMO
1575 4799 1691 4868 111.

777 4956 1044 5025 Dimitte
1070 4972 1212 5023 eam
1237 4960 1310 5033 ¹⁰,
1340 4958 1458 5018 etc.
1495 4952 1652 5018 Ecce
1681 4952 1910 5017 mulier
1954 4903 2232 5017 multum

694 5062 1059 5140 clamando,
1089 5061 1329 5128 multos
1356 5060 1562 5127 movit
1578 5059 1657 5124 ad
1685 5058 2227 5124 intercedendum.

694 5169 823 5237 Nos
847 5189 1105 5256 quoque
1132 5169 1372 5235 orando
1398 5166 1833 5243 clamabimus,
1864 5166 1915 5230 si
1943 5165 2233 5230 multitu-

760 5299 773 5330 ·
799 5297 1001 5359 Ezech„
1029 5307 1141 5359 ιιι,
1171 5299 1250 5347 ¹2.
1271 5319 1333 5334 -
1359 5294 1379 5326 ²
1400 5294 1569 5355 Deua,
1595 5303 1761 5356 xxxu,
1791 5293 1954 5343 41.—
1978 5289 2002 5327 ⁸
2025 5291 2230 5354 Jsrem„

694 5380 819 5433 xxv,
851 5371 930 5421 ³4.
952 5394 1015 5407 -
1039 5369 1057 5400 ⁴
1079 5370 1212 5430 ἄση,
1241 5379 1325 5431 ιιι,
1347 5369 1380 5417 6
1399 5369 1452 5417 ει
1473 5378 1584 5431 seq.
1614 5390 1670 5401 —
1699 5363 1723 5400 ⁸
1747 5361 1884 5415 Psat.
1909 5373 2017 5426 mn,
2042 5363 2146 5412 3-5.
2168 5385 2232 5398 —

696 5442 955 5506 ‘imi-q
995 5452 1051 5505 v,
1084 5443 1133 5494 8.
1169 5466 1233 5479 —
1274 5439 1682 5504 ’Chumet-
1724 5433 1748 5471 ⁸
1791 5434 1925 5499 Tob„
1962 5445 2045 5496 V1,
2088 5435 2228 5484 3.-

697 5513 720 5551 .
745 5514 879 5580 lonc,
916 5523 986 5577 11,
1017 5514 1068 5564 3·
1093 5538 1159 5552 -
1191 5511 1233 5549 ¹·
1259 5510 1466 5577 natm-2
1498 5520 1585 5574 xv,
1624 5510 1703 5561 230
1732 5531 1793 5545 -“
1833 5507 1876 5543 ¹¹
1904 5505 2042 5572 Luco,
2067 5514 2229 5574 XVIII,

1802 515 2218 583 SERMONES
2259 517 2361 583 DE
2401 516 2797 588 TEMPORE.

2354 652 2571 717 dinem
2597 654 3221 738 impedimentorum,
3239 657 3666 736 inimicorum,
3680 677 3870 726 neces-

2355 760 2693 840 sariorum,
2724 763 3210 829 intercessorum
3238 765 3729 833 consideramus.
3756 768 3871 833 Cla·

2355 885 2533 932 mare
2544 886 2707 950 ergo
2723 869 3046 951 debemus,
3063 875 3137 937 ut
3149 872 3600 955 impedimenta
3623 878 3869 941 transea-

2362 992 2529 1054 mus,
2555 979 2629 1040 ιιι
2655 975 2947 1041 inimicos
2978 978 3462 1060 confundamus,
3499 984 3574 1044 ut
3592 981 3870 1047 interces-

2356 1099 2531 1147 sores
2555 1100 2931 1149 moveamus
2947 1131 2965 1164 ,
2988 1090 3060 1149 ut
3084 1087 3437 1152 necessaria
3466 1089 3869 1156 obtineamus.

2439 1186 2527 1252 De
2556 1190 2764 1271 primo
2787 1191 2828 1227 ¹¹
2859 1209 2930 1254 :e
2965 1192 3087 1270 Qui
3112 1194 3449 1277 praeibant,
3479 1197 3877 1280 increpabant

2355 1311 2506 1359 eum
2554 1298 2629 1360 ut
2670 1300 2925 1363 taceret.
2952 1320 2982 1358 ο
3018 1298 3250 1366 Turbae
3291 1302 3693 1386 increpantes
3741 1311 3878 1371 sunt

2354 1401 2770 1482 cogitationes
2812 1408 2877 1469 et
2925 1405 3275 1489 phantasiae
3319 1410 3643 1477 orationes
3688 1412 3873 1496 impe-

2355 1506 2617 1573 dientes.
2634 1507 2842 1592 Magis
2859 1516 3073 1578 autem
3094 1514 3355 1598 impedit
3375 1516 3723 1584 clamorem
3747 1538 3878 1585 ora·

2352 1615 2542 1680 tionis
2568 1616 2889 1699 elongatio
2916 1618 3266 1686 clamantis.
3309 1621 3511 1688 Tanto
3545 1631 3761 1690 autem
3793 1632 3882 1692 est

2354 1721 2551 1787 homo
2575 1741 2615 1787 a
2646 1723 2771 1789 Deo
2813 1725 3072 1807 longius
3090 1774 3111 1807 ‚
3153 1734 3393 1811 quanto
3430 1730 3498 1794 in
3526 1731 3698 1797 vitiis
3740 1751 3876 1817 pro·

2355 1827 2638 1896 fundius.
2670 1830 2748 1896 Et
2774 1832 2915 1898 ideo
2938 1833 3012 1897 in
3044 1852 3312 1917 persona
3340 1838 3636 1919 profundi
3668 1857 3878 1923 pecca-

2354 1937 2510 2001 toris
2535 1938 2625 2002 ait
2651 1937 2983 2006 Psalmista
3009 1942 3093 2006 ¹²:
3134 1965 3165 2001 α
3190 1942 3434 2008 Infixus
3461 1964 3608 2011 sum
3639 1947 3713 2011 in
3738 1947 3883 2023 limo

2355 2044 2690 2127 profundi,
2722 2051 2786 2111 et
2814 2066 2947 2113 non
2972 2052 3068 2113 est
3093 2049 3467 2116 substantia.
3497 2052 3656 2118 Veni
3701 2055 3768 2119 in
3794 2054 3880 2119 al·

2354 2151 2690 2217 titudinem
2710 2155 2907 2218 maris
2923 2202 2941 2234 ‚
2958 2160 3022 2220 et
3037 2159 3379 2240 tempestas
3394 2159 3696 2225 demersit
3716 2179 3837 2225 me.
3848 2183 3875 2219 n

2356 2258 2764 2341 Augustinus
2784 2263 2861 2324 ¹⁸:
2887 2284 2918 2324 ι
2937 2261 3127 2329 Debet
3142 2266 3583 2350 unusquisque
3595 2271 3885 2333 nostrum

2351 2369 2569 2435 videre
2587 2370 2654 2435 in
2680 2390 2812 2454 quo
2832 2372 3145 2456 profundo
3164 2374 3252 2456 (a)
3276 2375 3381 2454 sit,
3405 2376 3484 2441 de
3505 2394 3638 2458 quo
3659 2377 3887 2442 clamet

2353 2476 2434 2541 ad
2461 2477 2826 2543 Dominum.
2848 2501 2879 2539 n
2916 2479 3224 2544 Clamavit
3259 2482 3433 2545 enim
3467 2483 3544 2547 de
3575 2483 3886 2566 profundo

2350 2582 2543 2649 Jonas
2571 2584 2648 2649 de
2673 2588 2896 2650 ventre
2922 2586 3064 2650 ceti.
3099 2586 3275 2652 Unde
3321 2589 3547 2654 melius
3584 2595 3684 2654 est
3710 2609 3879 2655 nunc

2349 2691 2712 2774 poenitendo
2739 2692 2817 2758 de
2855 2689 3173 2776 profundo
3202 2696 3441 2777 peccati
3481 2696 3763 2763 clamare
3787 2716 3886 2763 sa-

2348 2798 2637 2864 lubriter.
2683 2798 3017 2865 Psalmista
3064 2803 3111 2842 ¹⁸
3141 2822 3156 2866 :
3193 2824 3225 2863 α
3254 2801 3341 2867 Βε
3379 2804 3712 2886 profundis
3760 2805 3884 2869 cla·

2353 2907 2565 2985 mavi,
2595 2926 2626 2967 n
2662 2911 2779 2972 etc.
2811 2907 3016 2986 Quam
3045 2908 3124 2972 de
3147 2908 3459 2991 profundo
3485 2910 3723 2976 inferni
3752 2912 3889 2977 inu-

2349 3013 2579 3080 tiliter!
2634 3012 2809 3079 Sicut
2854 3013 3033 3079 dives
3059 3015 3129 3078 in
3178 3015 3427 3082 inferno
3464 3016 3756 3099 sepultus
3797 3021 3840 3056 ¹⁸
3868 3038 3885 3084 ε

2357 3143 2389 3182 α
2408 3119 2547 3204 Ipse
2561 3120 2862 3200 clamans,
2884 3120 3045 3186 dixit
3068 3143 3083 3186 z
3116 3121 3301 3187 Pater
3320 3123 3647 3189 Abrabam
3664 3173 3685 3207 ,
3702 3148 3734 3186 n
3766 3130 3884 3192 etc.

2429 3227 2517 3293 De
2560 3228 2837 3306 secundo
2866 3234 2912 3271 ¹⁸
2946 3251 2960 3293 :
3003 3251 3035 3290 α
3057 3229 3151 3295 Νε
3193 3230 3482 3295 timueris
3524 3232 3893 3299 multitudi-

2347 3353 2501 3399 nem
2529 3353 2786 3414 eorum,
2826 3338 2893 3400 et
2933 3336 3243 3419 impetum
3271 3356 3499 3403 eorum
3537 3356 3622 3404 ne
3664 3342 3891 3406 formi-

2348 3443 2501 3508 des:
2534 3464 2565 3503 υ
2599 3447 2662 3507 ει
2697 3446 2926 3508 caetera
2962 3462 3170 3527 usque
3208 3461 3226 3508 ε
3262 3468 3292 3506 α
3320 3443 3503 3511 Νιιιιε
3539 3446 3891 3514 clamemus

2350 3551 2416 3615 in
2444 3550 2700 3616 coelum.
2722 3573 2755 3612 κ»
2781 3551 2832 3617 Ο
2858 3569 3056 3635 quam
3083 3553 3489 3619 clamandum
3517 3558 3687 3620 esset
3706 3575 3894 3641 prop-

2348 3663 2445 3724 ter
2474 3659 2834 3724 tentationis
2865 3661 3179 3744 impetum
3196 3710 3218 3742 ,
3248 3665 3313 3726 et
3334 3662 3749 3730 formidinem
3767 3712 3787 3742 ,
3831 3670 3893 3731 et

2347 3770 2605 3849 propter
2620 3765 3096 3833 multitudinem
3115 3771 3499 3835 tentantium
3516 3772 3533 3833 1
3550 3768 3605 3836 N
3608 3789 3694 3836 on
3715 3773 3892 3838 enim

2349 3872 2547 3938 habes
2574 3875 2641 3938 in
2669 3874 2871 3957 capite
2901 3877 2998 3939 tot
3024 3875 3282 3957 capillos
3301 3925 3320 3956 ,
3349 3880 3509 3959 quot
3533 3878 3757 3944 anima
3784 3885 3897 3944 tua

2343 3980 2538 4045 habet
2571 3980 2880 4045 inimicos
2906 3979 3195 4047 psalmus
3222 3983 3266 4019 ¹⁷
3299 4004 3314 4047 :
3351 4005 3383 4044 α
3408 3982 3727 4051 Laboravi
3762 3987 3893 4051 cla-

2347 4106 2564 4167 mans,
2596 4105 2807 4152 raucae
2834 4088 3015 4153 factae
3048 4094 3200 4154 sunt
3225 4091 3437 4156 fauces
3467 4109 3628 4156 meae
3661 4108 3679 4155 z
3716 4093 3890 4159 mul-

2347 4194 2606 4278 tiplicati
2631 4200 2783 4258 sunt
2810 4212 3006 4279 super
3052 4195 3350 4278 capillos,
3379 4221 3410 4259 u
3445 4201 3563 4263 etc.
3600 4196 3671 4264 Si
3712 4202 3892 4266 enim

2345 4300 2522 4383 legio
2564 4301 2935 4367 daemonum
2979 4302 3234 4368 vexavit
3288 4322 3493 4368 unum
3551 4304 3894 4373 hominem
4009 4377 4013 4382 ,

2345 4407 2775 4491 corporaliter,
2818 4409 2983 4474 sicut
3021 4409 3255 4474 dicitur
3281 4413 3353 4491 ¹⁸,
3383 4412 3537 4495 quid
3559 4430 3723 4496 ergo
3770 4416 3896 4481 erit

2344 4515 2424 4581 de
2463 4516 2713 4597 anima,
2759 4534 2955 4600 quam
3001 4517 3145 4600 plus
3190 4523 3702 4602 persequuntur?
3746 4522 3890 4588 Cla-

2346 4641 2525 4688 more
2550 4640 2715 4705 ergo
2739 4624 3042 4688 orationis
3083 4624 3350 4707 fugandi
3400 4631 3569 4692 sunt.
3613 4626 3895 4711 Legitur

2343 4732 2518 4796 enim
2540 4733 2585 4772 ¹⁰
2610 4732 2783 4816 quod
2808 4751 2921 4815 per
2945 4734 3133 4797 tubas
3158 4738 3453 4800 sonantes
3477 4740 3542 4801 et
3566 4755 3680 4820 per
3727 4757 3888 4805 con-

2341 4838 2573 4905 fractas
2597 4840 2863 4921 lagenas
2886 4840 3101 4906 hostes
3141 4842 3561 4924 fugabantur.
3611 4844 3689 4909 In
3730 4865 3892 4913 con-

2343 4947 2646 5012 fractione
2664 4948 3069 5028 lagenarum,
3086 4949 3485 5017 mortificatio
3502 4970 3854 5034 corporum
3870 4941 3892 5033 ξ

2340 5055 2412 5119 in
2438 5055 2631 5133 tubis,
2655 5055 2977 5121 orationes
3005 5057 3475 5138 significantur.
3505 5058 3688 5125 Tuba
3708 5063 3896 5127 enim

2341 5199 2420 5250 39.
2453 5224 2516 5237 -
2553 5198 2589 5229 ¹²
2617 5197 2753 5251 Psal.
2797 5211 2993 5264 uvm,
3027 5202 3136 5253 3-4.
3164 5227 3227 5240 —
3266 5202 3304 5237 ¹⁸
3332 5202 3482 5268 Aug„
3515 5203 3569 5253 in
3596 5203 3680 5254 Ps.
3705 5215 3894 5269 cxxix,

2338 5284 2394 5321 u.
2439 5275 2483 5322 1.
2511 5295 2574 5308 -
2613 5270 2653 5306 ¹⁴
2684 5270 2828 5322 Paul.
2875 5282 3065 5337 cmx,
3110 5277 3153 5324 1.
3192 5299 3253 5313 —
3296 5272 3337 5309 ¹⁸
3371 5274 3518 5337 Lam,
3556 5285 3665 5339 xvr,
3714 5277 3802 5327 24.
3836 5300 3899 5315 —

2340 5343 2383 5378 ¹⁸
2412 5343 2429 5392 ι
2459 5341 2647 5403 nach„
2680 5353 2754 5407 w,
2801 5345 2935 5396 8-10.
2966 5371 3027 5381 -
3057 5345 3094 5380 '⁷
3121 5343 3259 5397 psal.
3289 5357 3475 5410 txvm,
3513 5349 3555 5398 ὁ.
3589 5374 3649 5385 --
3677 5349 3718 5385 ¹⁸
3746 5349 3897 5410 Luc„

2340 5425 2468 5475 νιιι,
2498 5416 2575 5465 3ο.
2595 5441 2656 5453 -
2688 5415 2723 5445 ⁸·
2748 5414 2933 5476 Judic..
2963 5427 3067 5482 vu,
3096 5420 3173 5469 19.

2407 5502 2476 5570 (a)
2506 5503 2627 5556 Coet.
2656 5503 2777 5556 edit.
2804 5504 3121 5576 profundius.
