4059 6317
1124 494 1503 559 DOMINICA
1553 493 1574 558 1
1614 492 2055 560 ADVENTUS.
2101 493 2363 560 SERMO
2408 495 2482 558 ll.
3364 498 3399 554 “Ι

243 639 434 700 suetus
473 632 811 698 ascendens
843 632 913 695 in
954 632 1059 696 die
1106 629 1477 696 Palmarum
1506 633 1525 667 ¹
1554 647 1747 714 super

244 744 459 807 asinam
485 738 1087 822 contemptibilitatis
1100 786 1124 818 ,
1166 741 1243 803 ut
1271 738 1600 802 hominem
1625 743 1749 802 ter-

241 867 443 915 renum
470 851 785 913 revocaret
827 847 908 910 ab
947 864 1169 911 amore
1209 849 1610 910 terrenorum
1633 894 1650 924 ,
1683 849 1750 908 et

241 957 307 1022 ad
347 973 619 1021 amorem
668 954 776 1018 Dei
822 958 1221 1037 provocaret.
1276 953 1487 1019 Noluit
1528 954 1749 1018 venire

240 1082 558 1149 pomposus
582 1064 649 1126 in
682 1061 917 1127 divitiis
943 1065 1008 1125 et
1045 1060 1372 1143 lapidibus
1411 1060 1708 1142 pretiosis
1722 1107 1744 1138 ,

238 1173 332 1237 sed
356 1190 587 1254 pauper
606 1173 665 1234 et
692 1186 941 1251 egenus
971 1188 988 1232 :
1019 1171 1094 1233 ut
1141 1169 1233 1232 sic
1257 1186 1371 1250 per
1405 1185 1588 1231 suam
1629 1166 1751 1231 hu-

236 1278 543 1343 militatem
564 1277 880 1344 destructa
900 1275 1114 1342 omnis
1130 1275 1212 1357 (a)
1236 1274 1554 1357 superbia,
1573 1276 1749 1357 etper

232 1405 405 1451 suam
443 1387 875 1469 paupertatem
924 1381 1148 1447 mundi
1196 1380 1439 1446 malitia
1482 1398 1750 1462 cognos-

231 1500 420 1568 catur,
459 1493 608 1576 quia
631 1493 767 1576 ipse
793 1495 891 1556 est
916 1508 1113 1555 verus
1150 1490 1446 1554 salvator.
1495 1489 1574 1554 Et
1626 1490 1747 1555 hoc

228 1607 315 1666 est
336 1601 497 1685 quod
534 1601 670 1683 ipse
710 1598 1017 1663 Dominus
1043 1597 1198 1661 dicit
1218 1602 1276 1658 ¹:
1309 1597 1518 1663 Filius
1556 1596 1749 1664 homi-

224 1714 325 1777 nis
343 1726 466 1777 non
489 1711 667 1776 venit
692 1716 767 1775 ut
792 1708 1278 1775 ministraretur
1302 1709 1384 1784 ei,
1415 1705 1532 1772 sed
1558 1708 1749 1773 mini-

222 1822 466 1894 straret,
506 1821 565 1882 et
596 1815 784 1881 daret
826 1814 903 1896 (b)
951 1816 1239 1881 animam
1293 1830 1478 1880 suam
1532 1816 1607 1880 in
1658 1830 1748 1880 re-

225 1921 628 2002 demptionem
681 1933 803 2000 pro
870 1918 1112 1984 multis.
1178 1917 1354 1980 Certe
1423 1917 1750 1981 erubescet

225 2029 575 2094 membrum
602 2043 740 2090 aese
779 2025 1161 2109 superbum,
1199 2042 1347 2088 cum
1386 2027 1528 2106 ejus
1560 2029 1750 2108 caput

222 2141 313 2201 est
342 2133 612 2211 humum
658 2132 945 2215 alioquin
975 2135 1380 2196 monstruosa
1409 2149 1512 2196 res
1538 2136 1662 2211 est,
1693 2133 1748 2195 si

222 2262 327 2328 pes
351 2261 478 2308 non
502 2241 646 2307 vult
672 2240 911 2305 imitari
946 2244 1010 2304 et
1036 2240 1267 2323 subjici
1294 2239 1519 2323 capiti,
1551 2241 1662 2304 sed
1688 2240 1747 2305 ei

224 2351 513 2435 praeponi.

295 2458 587 2541 Sequitur
646 2479 663 2521 ε
719 2453 1156 2523 Desideratus.
1204 2453 1320 2519 Hic
1364 2455 1748 2537 exprimitur

226 2565 469 2629 aviditas
492 2568 558 2629 et
584 2564 915 2628 sinceritas
938 2561 1161 2645 populi
1187 2563 1555 2645 appetentis.
1601 2562 1748 2629 Avi·

228 2673 298 2736 de
315 2672 473 2736 enim
501 2676 567 2736 et
603 2690 758 2735 eum
803 2670 1161 2734 sinceritate
1197 2669 1402 2733 cordis
1430 2669 1747 2734 desidera-

229 2780 362 2843 bant
384 2779 581 2844 sancti
613 2782 826 2861 patres
854 2776 1090 2841 Filium
1117 2776 1225 2840 Dei
1269 2775 1585 2841 incarnari
1603 2826 1624 2857 ,
1670 2797 1746 2842 eo

230 2886 378 2967 quod
402 2887 523 2949 tria
546 2887 733 2950 erant
775 2885 843 2947 in
881 2883 1045 2966 ipso,
1090 2900 1241 2966 quae
1281 2901 1471 2960 omne
1507 2884 1747 2950 deside-

1 3050 2 3057 ,
104 3006 171 3047 m·
230 2992 377 3055 rium
402 2992 669 3075 replent.
718 2990 880 3056 Nam
904 2993 1031 3055 tria
1057 2995 1232 3070 suut,
1262 3009 1410 3074 quae
1432 2992 1748 3057 sufficien-

66 3075 192 3182 ἕξ
232 3103 315 3161 ter
336 3099 678 3181 quamlibet
697 3116 837 3162 rem
865 3116 986 3163 suo
1026 3097 1218 3162 modo
1258 3098 1537 3162 reddunt
1576 3100 1741 3164 desi—

60 3199 210 3306 Ϊὺ·
230 3203 548 3270 durabilem
581 3228 597 3270 ε
631 3205 947 3283 videlicet,
976 3205 1341 3288 speciositas
1366 3205 1436 3269 in
1461 3210 1741 3289 aspectu,

229 3313 441 3377 utilitas
462 3314 531 3377 in
550 3313 808 3392 affectu,
831 3312 1212 3378 deliciositas
1232 3314 1298 3378 in
1320 3320 1543 3395 gustu.
1566 3314 1747 3380 Tunc

225 3420 379 3484 enim
402 3425 497 3486 eet
514 3420 760 3503 aliquid
781 3420 1169 3484 sufficienter
1193 3420 1607 3487 desiderabile
1626 3442 1744 3488 suo

219 3531 415 3610 modo,
462 3549 614 3595 cum
656 3530 870 3612 primo
919 3529 1182 3594 delectat
1231 3515 1482 3610 visani,
1545 3531 1614 3595 in
1656 3533 1748 3596 in-

217 3639 473 3717 tuend03
503 3619 809 3716 secundo,
830 3637 1086 3702 decorat
1111 3637 1491 3719 subjectum,
1516 3640 1581 3702 in
1598 3658 1742 3722 pos-

217 3746 487 3825 sidend03
541 3746 751 3826 tertio,
801 3745 1087 3810 dulcorat
1134 3751 1421 3826 gustum,
1464 3747 1534 3810 in
1568 3752 1746 3813 uten-

214 3853 287 3918 do
308 3854 440 3919 sive
473 3853 885 3938 perfruenda
923 3851 1084 3917 Cum
1118 3870 1279 3934 ergo
1311 3853 1433 3917 ista
1468 3855 1590 3918 tria
1620 3856 1746 3920 sint

211 3959 273 4024 in
297 3960 544 4026 Christo
587 3959 740 4024 lesu
766 3959 1294 4024 excellentissime
1307 4010 1323 4039 ‚
1358 3961 1587 4026 merito
1611 3981 1744 4027 non

210 4073 448 4134 tantum
476 4088 516 4133 a
547 4067 784 4132 sanctis
806 4067 1119 4150 patribus,
1150 4067 1260 4131 sed
1286 4068 1477 4132 etiam
1504 4068 1585 4133 ab
1613 4088 1746 4134 om-

206 4176 386 4241 nibus
409 4177 663 4240 ratione
690 4174 1015 4239 utentibus
1048 4173 1231 4239 debet
1261 4193 1397 4239 esse
1424 4176 1741 4241 desidera-

206 4289 326 4348 tus.
370 4283 423 4347 N
428 4303 538 4348 am
578 4282 789 4365 primo
835 4282 1124 4346 Christus
1164 4289 1257 4346 est
1301 4283 1620 4366 speciosus
1660 4285 1741 4350 ad

206 4391 600 4469 intuendum,
629 4393 886 4472 propter
905 4390 1180 4454 nitorem
1203 4391 1533 4472 originalis
1560 4393 1740 4458 inno-

204 4498 452 4578 centiae3
480 4495 765 4562 secundo
796 4497 968 4562 utilis
996 4501 1060 4561 et
1084 4499 1401 4580 pretiosus
1428 4499 1504 4564 ad
1534 4501 1734 4583 possi-

204 4605 497 4683 dendum,
527 4607 788 4687 propter
821 4604 1285 4671 decorationem
1319 4606 1738 4673 illuminantis

207 4712 451 4802 gretiae3
470 4711 687 4789 terti0,
734 4693 964 4775 nobilis
994 4715 1059 4776 et
1102 4712 1435 4779 deliciosus
1479 4716 1559 4780 ad
1588 4735 1733 4799 per-

209 4820 560 4898 imendum,
572 4823 834 4902 propter
847 4818 1332 4886 oblectationem
1350 4822 1736 4905 sapientialis

216 4927 654 4994 demulcentiae.

286 5034 487 5102 Primo
512 5040 612 5101 aet
634 5033 1034 5101 desideratus
1073 5039 1328 5119 propter
1370 5039 1730 5120 speciosita-

224 5146 334 5207 tem
367 5142 691 5227 originalis
741 5141 1148 5206 innocentiae.
1202 5143 1472 5208 Delectat
1517 5147 1727 5214 visum

276 5271 289 5304 t
320 5270 503 5332 nauh„
535 5282 656 5332 χχι,
700 5271 751 5318 5.
791 5291 863 5304 —
900 5266 919 5294 ²
948 5266 1148 5328 Manli„
1183 5281 1280 5332 11,
1318 5272 1399 5321 28.
1437 5295 1499 5308 -·
1530 5271 1552 5306 ⁸
1588 5274 1729 5326 Psal.

218 5345 394 5403 ruva.
428 5371 481 5382 -
510 5343 529 5378 ⁸
566 5343 723 5403 Gen„
769 5347 939 5392 mx,
968 5339 1042 5388 26.
1068 5365 1129 5376 —
1165 5340 1187 5375 ⁸
1212 5340 1352 5405 Sap„
1390 5352 1494 5405 vn,
1532 5345 1616 5406 26,
1648 5349 1727 5396 29.

215 5438 263 5451 -
286 5415 510 5478 alpem,
538 5427 580 5479 1,
610 5415 697 5464 12,
743 5435 805 5445 —-
845 5408 869 5443 ⁷
902 5407 970 5457 ΙΙΙ
997 5408 1126 5473 Req„
1153 5423 1208 5474 x,
1231 5415 1309 5463 24.
1338 5440 1400 5450 —
1429 5417 1448 5442 ⁸
1487 5420 1637 5478 Aug„
1668 5416 1729 5464 de

210 5486 335 5540 Cim‘t.
365 5489 485 5552 Dei,
511 5486 605 5537 lib.
639 5482 818 5542 xvii,
848 5493 901 5528 c.
934 5489 1050 5542 vnn,
1077 5493 1130 5531 n.
1157 5485 1205 5533 2.
1229 5509 1289 5521 —
1311 5485 1332 5520 ⁹
1356 5485 1476 5546 Ita„
1506 5496 1650 5551 nvr,
1678 5490 1724 5538 9.

1859 628 1927 693 in
1952 630 2277 695 intuendo.
2317 629 2547 695 Nullus
2590 630 2761 695 enim
2808 630 2928 694 ruit
2965 627 3038 711 (e)
3085 627 3221 692 sine
3254 645 3399 711 pec-

1859 741 1998 802 cato
2023 737 2255 802 actuali
2281 736 2384 804 vel
2402 736 2728 818 originali,
2749 736 2875 801 nisi
2894 735 3067 800 solus
3086 734 3401 816 chrisma,

1858 842 1971 924 qui
1998 847 2094 907 est
2124 847 2148 883 ⁸
2186 846 2508 926 speciosus
2548 845 2756 925 forma
2787 858 2927 926 proe
2975 840 3139 922 filiis
3193 841 3401 909 homi-

1857 969 2038 1031 num,
2068 953 2091 988 ⁸
2141 954 2536 1021 desiderium
2582 954 2840 1021 collium
2881 957 3293 1033 (eternorum,
3337 953 3402 1018 id

1858 1063 1953 1124 est
1978 1061 2360 1142 angelorum
2388 1066 2452 1126 et
2484 1066 2847 1128 sanctorum
2892 1063 3171 1143 patrum,
3207 1067 3229 1102 ⁸
3271 1077 3403 1143 spe-

1856 1168 2070 1234 culum
2097 1171 2238 1235 sine
2267 1168 2519 1235 macula
2551 1170 2669 1236 Dei
2697 1168 2784 1252 (d)
2830 1167 3225 1250 maiestatis,
3254 1183 3403 1250 spe·

1857 1277 2064 1342 eiosor
2114 1275 2266 1355 sole,
2324 1277 2347 1313 ⁸
2397 1279 2473 1343 in
2531 1293 2716 1359 quem
2768 1275 3145 1343 desiderant
3184 1275 3404 1359 anqeli

1853 1385 2243 1465 prospicere,
2274 1388 2339 1448 et
2383 1401 2575 1449 verus
2610 1383 2716 1446 ille
2761 1382 3061 1447 Salomon
3078 1431 3097 1462 ,
3145 1382 3225 1448 de
3270 1401 3400 1466 quo

1853 1490 2096 1555 dictum
2151 1494 2290 1554 est:
2347 1496 2370 1530 ⁷
2433 1488 2744 1557 Universa
2784 1497 2951 1557 terra
2995 1488 3404 1557 desiderabat

1855 1597 2074 1663 videre
2123 1596 2370 1663 vultum
2423 1596 2803 1663 Salomonis.
2849 1596 3176 1680 Multiplici
3218 1598 3398 1663 enim

1856 1705 2074 1785 figura
2121 1703 2441 1783 figuratus
2489 1702 2596 1767 ille
2638 1701 2936 1768 Salomon
2987 1709 3403 1787 repraesentat

1858 1828 2088 1875 verum
2115 1808 2522 1874 Salomonem
2549 1809 2892 1875 Christum.
2924 1809 3104 1875 Unde
3131 1811 3400 1895 Augus-

1857 1917 2061 1996 tinus»,
2095 1916 2174 1982 de
2228 1917 2280 1980 Τ
2275 1917 2548 1984 virtitute
2590 1918 2665 1998 (e)
2693 1916 2763 1978 ⁸:
2817 1939 2849 1979 α
2884 1916 3042 1995 Quae
3089 1920 3167 1985 de
3218 1919 3396 1988 Salo·

1857 2042 2047 2089 mone
2087 2024 2389 2089 dicuntur
2434 2042 2471 2087 a
2519 2023 2678 2103 Deo,
2709 2024 2828 2088 soli
2872 2023 3119 2091 Christo
3164 2044 3397 2094 conve-

1855 2132 2044 2197 niunt
2076 2153 2091 2195 ε
2123 2135 2187 2196 et
2219 2131 2288 2194 in
2323 2129 2432 2195 illo
2467 2129 2587 2194 ruit
2623 2129 2842 2212 figura
2880 2132 3261 2199 obumbrata
3292 2135 3400 2217 (t),

1855 2239 1964 2303 sed
2016 2240 2085 2302 in
2122 2238 2368 2303 Christo
2421 2237 2655 2302 veritas
2704 2244 3176 2321 repraesentata.
3209 2263 3242 2302 n
3279 2240 3401 2307 Se-

1856 2345 2066 2411 cundo
2093 2349 2188 2410 est
2214 2343 2620 2412 desideratus
2648 2343 2951 2428 Christus,
2972 2348 3123 2431 quia
3139 2353 3402 2433 propter

1857 2471 2041 2517 suam
2079 2454 2532 2537 pretiositatem
2571 2452 2993 2520 illuminantis
3028 2458 3256 2539 gratiae
3287 2459 3397 2524 de-

1856 2564 2033 2624 corat
2077 2560 2409 2643 proprium
2460 2559 2821 2642 subjectum
2869 2561 2938 2625 in
2993 2566 3396 2647 possidendo.

1857 2664 2034 2731 Unde
2060 2667 2082 2702 ⁸
2116 2689 2132 2730 ι
2164 2667 2404 2733 Anima
2431 2684 2571 2733 mea
2595 2667 2989 2738 desideravit
3012 2677 3073 2739 te
3102 2674 3178 2740 in
3196 2681 3398 2757 noete,

1853 2778 1928 2839 ut
1978 2775 2187 2840 videat
2232 2774 2278 2809 ¹⁰
2320 2775 2532 2840 lumen
2575 2776 2651 2842 in
2698 2776 2938 2844 lumine
2980 2785 3114 2848 tuo.
3162 2781 3404 2847 Anima

1857 2899 1999 2945 mea
2024 2881 2405 2946 desideravit
2430 2885 2494 2946 te
2517 2882 2587 2946 in
2619 2887 2827 2962 nocte,
2860 2886 3095 2952 scilicet
3115 2890 3404 2957 tenebro-

1854 2989 2055 3052 sitatis
2100 2991 2164 3052 et
2201 2989 2622 3070 ignorantiae,
2671 2993 2746 3054 ut
2788 2992 3012 3059 lumen
3064 2996 3279 3063 videat
3329 2999 3402 3063 in

1854 3098 2098 3161 lumine
2145 3100 2281 3161 tuo.
2339 3095 2418 3160 Et
2461 3097 2708 3162 ratione
2751 3097 2951 3182 hujus
2995 3104 3401 3184 pretiositatis

1855 3204 2086 3268 dicitur
2131 3205 2174 3240 ¹¹
2207 3222 2226 3267 ε
2262 3204 2497 3269 Omnia
2541 3219 2685 3286 quoe
2727 3203 3214 3292 desiderantur,
3254 3212 3401 3283 huie

1856 3329 1987 3378 non
2026 3310 2243 3378 valent
2276 3312 2686 3394 comparari;
2724 3316 2878 3396 quia
2925 3316 3089 3381 sieut
3128 3337 3263 3383 non
3306 3325 3402 3385 est

1853 3418 2240 3502 comparatio
2274 3418 2442 3480 inter
2474 3419 2774 3485 umbram
2813 3426 2879 3486 et
2914 3424 3400 3493 similitudinem

1853 3528 1933 3592 ad
1956 3527 2285 3590 veritatem
2300 3571 2321 3602 ,
2354 3525 2445 3589 sic
2486 3543 2619 3590 non
2661 3533 2757 3593 est
2800 3533 3194 3614 comparatio
3234 3534 3401 3602 inter

1852 3639 2212 3700 creaturam
2238 3636 2303 3696 et
2328 3631 2611 3696 divinam
2640 3636 3042 3718 sapientiam.
3074 3638 3239 3705 Nam
3264 3660 3398 3708 om-

1851 3743 1950 3806 nis
1977 3747 2268 3806 creatura
2290 3742 2387 3804 est
2422 3738 2775 3808 similitudo
2800 3748 2864 3810 et
2893 3748 3128 3813 umbra
3159 3749 3397 3817 divinae
3477 3757 3480 3760 ’

1851 3851 2155 3915 veritatis,
2212 3850 2423 3917 Tertio
2486 3859 2582 3919 est
2635 3852 2921 3918 Christus
2968 3855 3398 3924 desiderabilis

1851 3963 2108 4040 propter
2164 3960 2645 4026 oblectationem
2706 3960 3091 4043 sapientialis
3144 3965 3391 4031 demul-

1850 4066 2101 4145 centiae,
2129 4065 2281 4148 quia
2310 4067 2581 4132 delectat
2595 4116 2612 4148 ‚
2644 4068 2782 4135 sive
2815 4067 3101 4134 dulcorat
3126 4076 3392 4151 gustum

1849 4176 1918 4239 in
1954 4177 2358 4259 perfruendo.
2405 4177 2583 4244 Unde
2610 4179 2657 4214 ¹²
2700 4200 2716 4241 ε
2770 4178 2896 4245 Sub
2936 4182 3159 4248 ambra
3184 4185 3387 4258 illius,

1847 4300 2031 4365 quem
2081 4284 2528 4352 desiderabam
2546 4334 2564 4367 ,
2612 4286 2783 4365 sedi,
2840 4294 2901 4354 et
2956 4290 3203 4368 tructus
3252 4291 3392 4372 eius

1847 4390 2058 4458 dulcis
2083 4396 2332 4475 quitari
2355 4409 2513 4461 meo.
2550 4393 2679 4460 Sub
2708 4395 2932 4462 umbra
2957 4397 3390 4479 refrigerantis

1844 4500 2098 4581 gratiae,
2130 4505 2193 4565 et
2225 4500 2430 4579 illius,
2461 4501 2698 4566 scilicet
2722 4500 2974 4582 Christi,
3005 4521 3189 4588 quem
3212 4505 3385 4573 desi-

1846 4608 2149 4676 derabam
2166 4627 2283 4692 per
2306 4625 2640 4672 excessum
2668 4609 3082 4676 inflammatae
3106 4612 3382 4677 dilectio-

1842 4716 1973 4796 nis;
2001 4717 2148 4783 sedi
2187 4735 2302 4800 per
2336 4717 2568 4781 mentis
2605 4717 3089 4799 quietationem3
3128 4725 3188 4787 et
3213 4721 3385 4801 fruo-

1844 4829 1948 4891 tus
1975 4824 2114 4906 ejus
2141 4824 2350 4890 dulcis
2380 4825 2627 4907 quum-i
2652 4839 2785 4892 meo
2806 4830 3059 4909 propter
3089 4828 3381 4910 degusta-

1843 4932 2082 4998 tionem
2128 4931 2476 5014 sapientiae.
2527 4930 2703 4997 Unde
2754 4934 2835 4997 ad
2885 4934 3006 4997 hoc
3048 4938 3121 4999 ut
3162 4936 3380 5001 anima

1838 5040 2140 5122 degustet
2161 5039 2558 5103 dulcedinem
2586 5038 2824 5104 divinae
2864 5040 3221 5123 sapientire,
3269 5061 3371 5108 re-

1836 5209 1899 5222 -
1924 5184 1976 5304 ἐῢ
2000 5181 2140 5234 Ρεαὶ.
2169 5192 2329 5246 xxxv,
2363 5186 2438 5235 1⁰.
2467 5209 2530 5222 —
2558 5185 2596 5219 ⁸¹
2624 5184 2787 5244 Pron„
2819 5194 2909 5248 111,
2941 5186 3015 5235 15.
3047 5209 3107 5223 -
3139 5186 3174 5216 ¹²
3201 5186 3371 5248 Cant„

1836 5265 1895 5319 11,
1958 5289 1973 5304 .

1900 5345 1968 5408 (a)
1983 5344 2098 5408 Leq.
2125 5344 2360 5395 omni.-
2375 5342 2443 5409 (ὁ)
2467 5344 2612 5409 vulg.
2633 5346 2978 5397 ministrari...
2997 5347 3303 5412 ministrare,
3324 5352 3372 5399 et

1836 5416 1974 5466 dare.
1996 5440 2056 5454 -
2082 5415 2145 5479 (c)
2171 5417 2294 5467 Coet.
2323 5417 2444 5467 edit.
2474 5416 2681 5482 profuit.
2701 5443 2762 5454 —
2782 5417 2860 5481 (d)
2888 5419 3042 5471 Deus.
3062 5446 3126 5457 -—
3155 5420 3221 5486 (e)
3245 5422 3366 5485 Leg-

1839 5488 1899 5538 de
1922 5489 2074 5539 Cim‘t.
2105 5488 2211 5538 Dei.
2238 5514 2297 5526 —
2327 5489 2387 5552 (f)
2422 5489 2535 5552 Leq.
2563 5489 2877 5542 adumbrata.

3459 4954 3603 4999 Utani

3433 5016 3592 5060 made-

3441 5080 3588 5130 guum
