4059 6317
622 450 743 513 288

622 585 812 661 sunt,
843 603 876 643 n
897 581 961 647 id
983 588 1107 662 est,
1137 583 1539 651 conscientia
1564 586 1911 651 manifestae
1940 590 2153 652 erunt.

624 688 786 766 Quid
804 707 965 770 ergo
982 690 1060 754 de
1076 689 1226 771 illis,
1254 692 1513 773 quinon
1538 691 1746 757 solum
1772 693 2156 776 scripturam

623 794 1058 875 conscientiae,
1101 797 1211 861 sed
1242 797 1434 863 etiam
1481 799 1807 882 sapientiae
1852 801 1921 863 in
1970 799 2159 865 corde

624 908 843 968 contra
869 903 1107 986 seipsos
1132 907 1395 983 tenent,
1426 906 1592 971 sicut
1615 906 1902 986 litterati,
1933 910 1999 971 et
2023 906 2154 986 alii,

623 1010 735 1093 qni
779 1010 985 1076 multa
1020 1010 1192 1076 bona
1244 1013 1487 1093 sciunt,
1540 1017 1605 1078 et
1661 1014 1831 1079 mala
1870 1014 2160 1079 faciunt?

623 1116 805 1182 Tales
841 1121 1085 1202 quanto
1112 1119 1441 1185 meliorem
1466 1121 1705 1186 babent
1739 1121 2114 1205 sapientiam
2136 1168 2155 1200 ,

622 1229 799 1291 tanto
841 1227 1054 1307 magis
1091 1226 1326 1292 habent
1361 1246 1497 1293 suae
1534 1228 1963 1294 damnationis
1990 1230 2162 1293 testi-

623 1333 938 1398 moninm.
971 1332 1149 1398 Unde
1171 1335 1230 1398 ¹:
1256 1358 1289 1396 α
1312 1334 1538 1401 Tollite
1565 1334 1807 1400 librum
1831 1335 2067 1416 istum,
2099 1339 2160 1400 ct

621 1441 838 1524 ponite
878 1459 1029 1507 eum
1067 1443 1139 1507 in
1180 1443 1376 1509 latere
1416 1460 1581 1508 arcae
1621 1443 1870 1509 roederis
1908 1443 2160 1509 Domini

623 1545 736 1613 Dei
755 1550 956 1614 nostri
972 1599 993 1631 ,
1008 1554 1083 1615 ut
1100 1550 1182 1615 sit
1199 1551 1315 1616 tibi
1334 1554 1555 1616 contra
1572 1554 1634 1615 te
1648 1551 2107 1617 testimonium.
2120 1572 2151 1612 ιι

624 1652 811 1720 Liber
835 1655 909 1720 in
932 1675 1078 1723 arca
1089 1704 1111 1738 ‚
1144 1661 1241 1723 est
1263 1658 1570 1742 sapientia
1594 1659 1662 1723 in
1688 1659 1898 1724 corde.

706 1760 1003 1829 Perbibet
1013 1765 1210 1830 bomo
1220 1783 1475 1849 qnoque
1488 1766 1923 1831 testimonium
1949 1767 2161 1850 proxi-

625 1891 735 1938 mo
782 1872 1047 1954 triplex,
1092 1872 1383 1938 videlicet
1420 1873 1704 1953 causale,
1748 1874 1988 1940 morale
2007 1924 2025 1955 ,
2076 1875 2162 1939 fl-

627 1982 791 2047 nale.
839 1980 1130 2047 Primum
1172 1982 1542 2066 perhibetur
1587 1983 1655 2045 in
1697 1983 1904 2047 causis
1945 1984 2172 2067 quoti-¹

626 2088 868 2169 dianis3
891 2088 1241 2154 secundum
1259 2138 1279 2170 ‚
1304 2090 1490 2170 bonae
1518 2089 1834 2172 opinionis
1854 2112 1872 2169 ;
1899 2091 2162 2156 tertium

622 2196 845 2280 judicii
873 2196 1103 2261 finalia.
1252 2257 1273 2282 ,

710 2302 999 2369 Primum
1026 2303 1094 2368 in
1126 2305 1333 2368 causis
1357 2302 1778 2387 quotidianis;
1812 2303 1922 2369 sed
1943 2351 1961 2385 ,
1992 2303 2159 2368 heu!

630 2427 800 2495 saepe
823 2411 1054 2477 falsum
1078 2412 1102 2447 ²
1133 2432 1148 2475 :
1188 2434 1220 2474 «ι
1249 2410 1542 2476 iaculum
1569 2418 1634 2476 et
1659 2411 1946 2493 gladius,
1975 2413 2040 2476 et
2073 2430 2167 2476 sa-

631 2519 796 2602 gitta
821 2522 1029 2598 acuta,
1059 2519 1254 2584 homo
1279 2520 1391 2602 qui
1409 2519 1697 2604 loquitur
1717 2522 1937 2584 contra
1963 2517 2167 2583 homi-

630 2643 784 2691 nem
809 2624 1041 2694 falsum
1069 2625 1529 2692 testimonium.
1548 2648 1580 2686 n
1600 2626 1917 2706 Iaculum,
1948 2632 2169 2690 contra

631 2733 1035 2818 proximum3
1076 2731 1336 2815 aladius
1355 2781 1375 2812 ‚
1418 2737 1639 2798 contra
1688 2732 2020 2816 seipsum;
2060 2749 2166 2801 sa-

630 2841 797 2922 qiua
819 2888 837 2920 ,
874 2841 1093 2905 contra
1119 2838 1344 2904 Deum.
1377 2839 1450 2904 ln
1482 2839 1605 2904 hoc
1635 2838 1995 2904 testimonio
2026 2839 2165 2903 exi-

632 2943 813 3029 gitur
832 2994 852 3026 ,
903 2964 1036 3011 non
1085 2946 1292 3012 solum
1342 2947 1689 3012 testimonii
1733 2946 2000 3025 veritas,
2058 2947 2168 3013 sed

631 3055 824 3119 etiam
872 3054 1219 3119 testimonii
1263 3055 1594 3138 pluralitas
1622 3053 1646 3089 ⁸
1674 3072 1692 3119 t
1731 3076 1763 3115 α
1787 3052 1930 3119 Non
1980 3055 2170 3119 stabit

630 3162 805 3226 testis
839 3179 1009 3227 unus
1044 3166 1263 3227 contra
1307 3163 1610 3247 aliquem.
1638 3184 1671 3223 n
1706 3161 1833 3229 Sed
1859 3162 2042 3230 valde
2079 3163 2168 3227 ti·-

631 3269 936 3333 mendum
988 3273 1085 3334 est
1114 3317 1133 3350 ,
1178 3269 1351 3353 quod
1387 3270 1664 3336 Isidorus
1720 3270 1811 3335 ait
1856 3270 1879 3306 ⁸
1924 3289 1943 3335 ε
1982 3292 2014 3331 α
2057 3268 2168 3334 Ille

631 3376 800 3459 apud
837 3375 1039 3441 Deum
1068 3377 1550 3454 condemnatur,
1580 3378 1692 3462 qui
1720 3377 2029 3442 adversus
2071 3377 2167 3439 in-

629 3486 964 3548 nocentem
995 3483 1226 3549 salsum
1250 3485 1686 3550 testimonium
1714 3483 1820 3550 vel
1849 3483 2030 3564 dicit,
2060 3483 2169 3549 vel

631 3587 985 3654 dicentibus
1014 3590 1232 3656 credit.
1268 3589 1430 3656 Nam
1455 3609 1588 3657 non
1609 3591 1817 3656 solum
1834 3608 1986 3655 reus
2027 3594 2163 3669 est,

631 3695 746 3781 qui
773 3696 1003 3762 falsum
1026 3697 1107 3762 de
1132 3696 1347 3781 aliquo
1373 3698 1633 3782 profert,
1663 3697 1773 3763 sed
1796 3698 1875 3776 is,
1905 3695 2018 3780 qui
2044 3695 2169 3762 cito

629 3820 854 3874 aurem
882 3806 1009 3871 dat.
1039 3826 1072 3866 n

711 3910 1079 3978 Secundum
1105 3918 1199 3979 est
1226 3912 1663 3979 testimonium
1691 3915 1879 3980 bonae
1909 3914 2164 3997 opinio·

631 4020 734 4085 nis
750 4022 774 4057 ⁸
803 4011 821 4086 Ξ
845 4043 877 4082 α
898 4020 1298 4087 Considerate
1320 4040 1476 4105 ergo
1503 4039 1585 4087 ex
1603 4021 1788 4088 vobis
1810 4022 1988 4088 viros
2013 4021 2168 4086 boni

632 4128 972 4193 testimonii
995 4178 1013 4210 ,
1061 4149 1093 4188 1>
1128 4133 1248 4194 etc.
1289 4128 1445 4194 Ecce
1492 4127 1679 4212 quale
1730 4127 2167 4193 testimonium

630 4235 868 4301 habere
892 4235 1155 4316 debent,
1187 4236 1300 4319 qui
1328 4237 1408 4302 ad
1433 4236 1642 4301 officia
1668 4236 1961 4301 sumendi
1987 4241 2162 4301 sunt.

631 4342 700 4408 Si
718 4361 879 4426 ergo
906 4344 1265 4428 praelatum,
1286 4344 1390 4411 vel
1408 4344 1713 4427 judicem,
1736 4344 1789 4407 si
1809 4343 2163 4423 consulem,

630 4451 685 4516 si
715 4470 986 4518 uxorem
1005 4499 1023 4531 ,
1058 4452 1112 4516 si
1138 4451 1473 4531 maritum,
1503 4452 1559 4515 si
1585 4451 1917 4517 dominum
1940 4457 2128 4517 tuum
2147 4500 2165 4531 ,

629 4560 683 4623 si
707 4559 1033 4639 ancillam,
1064 4559 1120 4622 si
1146 4559 1392 4624 socium
1432 4558 1705 4624 assumis
1726 4607 1744 4640 ,
1775 4559 1830 4622 si
1856 4559 2009 4625 boni
2037 4563 2170 4625 tes-

628 4666 882 4732 timonii
930 4667 1057 4731 sint
1100 4668 1407 4733 attendas,
1453 4666 1723 4744 Quidam
1767 4668 1941 4732 enim
1983 4668 2169 4734 valde

592 4759 599 4768 ⁴
628 4778 818 4858 turpe
843 4774 1082 4839 habent
1108 4775 1544 4870 testimonium
1566 4823 1584 4855 ,
1614 4776 1780 4839 sicut
1801 4780 1952 4840 sunt
1985 4795 2167 4841 men-

631 4880 816 4945 daces
837 4928 856 4961 ,
885 4881 1193 4960 latrones,
1220 4886 1506 4964 raptores
1524 4930 1546 4961 ,
1574 4884 1722 4962 etc.,
1750 4880 1830 4946 de
1857 4882 2163 4965 quibus‘:

639 5005 672 5047 α
697 4985 1020 5053 Cretenses
1062 4988 1395 5055 mendaces
1411 5036 1438 5070 ,
1480 4988 1667 5054 malae
1711 4989 1931 5056 bestiae
1953 5038 1972 5072 ,
2009 5008 2168 5056 ven-

630 5096 760 5158 tres
800 5095 974 5178 pigri
1006 5115 1023 5160 :
1052 5096 1488 5162 testimonium
1527 5097 1648 5162 boc
1692 5113 1923 5163 verum
1975 5100 2093 5163 est.
2127 5118 2161 5159 n

698 5294 718 5331 ¹
748 5291 917 5360 Dent„
941 5306 1100 5362 και,
1129 5297 1210 5349 26.
1237 5321 1304 5335 —
1336 5296 1357 5328 ²
1384 5296 1555 5361 Pron„
1581 5307 1704 5358 xxv,
1735 5296 1813 5348 ¹8.
1849 5321 1905 5333 -
1943 5293 1964 5326 ⁸
1993 5293 2169 5360 nent„

634 5369 747 5428 ιιι,
776 5367 852 5417 15.
875 5390 940 5405 —
964 5364 988 5404 δ
1016 5367 1156 5433 laid„
1182 5368 1320 5421 Sene.
1347 5366 1438 5421 lib.
1474 5368 1572 5433 111,
1602 5382 1649 5421 c.
1687 5378 1769 5419 nv.
1800 5390 1856 5404 —
1890 5366 1910 5398 ⁸
1933 5368 2065 5431 Act„
2095 5379 2168 5430 vr,

636 5439 686 5489 3.
716 5461 780 5475 -
811 5437 834 5474 ⁸
872 5437 991 5505 m„
1030 5451 1071 5505 ι,
1109 5442 1273 5496 12-13.
1300 5466 1365 5481 -
1397 5438 1596 5504 ⁷‘Ga1.,
1637 5449 1708 5504 iv,
1739 5440 1816 5492 15.
1850 5463 1915 5478 —
1954 5438 1974 5470 ⁸
2000 5440 2170 5502 Pron„

1719 443 2134 517 SERMONES
2175 441 2277 516 DE
2313 441 2707 518 TEMPORE.

2267 585 2662 652 Attendenda
2686 588 2903 650 autem
2929 590 3027 651 est
3054 600 3186 651 non
3219 585 3429 652 solum
3457 587 3794 653 testimonii

2270 693 2502 758 veritas
2518 741 2536 772 ‚
2568 692 2678 758 sed
2705 693 2898 758 etiam
2922 694 3182 759 testium
3206 693 3526 760 honestas.
3558 693 3796 760 Hones-

2266 804 2375 865 tus
2398 802 2579 867 testis
2627 801 2777 882 suit,
2823 801 2933 885 qui
2979 802 3145 866 dixit
3166 803 3190 839 ‘¹
3222 819 3240 866 z
3278 824 3310 865 α
3336 802 3795 868 Testimonium

2265 908 2567 990 perhibeo
2596 908 2802 987 vobis»,
2832 907 3003 992 quod
3018 955 3034 987 ,
3064 910 3121 973 si
3145 908 3286 975 fleri
3314 914 3558 993 posset,
3588 910 3797 976 oculos

2268 1014 2589 1080 eruissetis
2616 1020 2681 1080 et
2705 1016 3030 1081 dedissetis
3072 1017 3253 1082 mibi.
3282 1037 3314 1077 n
3348 1016 3513 1083 Nam
3550 1018 3796 1082 histrio-

2267 1139 2460 1199 num,
2501 1125 2565 1187 et
2589 1122 2926 1187 infamium
2945 1170 2964 1202 ‚
3005 1128 3068 1187 et
3102 1129 3580 1206 persecutorum
3609 1124 3795 1207 justi-

2267 1228 2376 1293 tiae
2406 1231 2467 1292 et
2489 1229 2780 1294 veritatis
2797 1277 2815 1308 ,
2845 1247 3078 1313 parum
3106 1232 3463 1296 curandum
3500 1235 3598 1296 est
3621 1231 3798 1296 testi·

2269 1335 2583 1399 monium.
2615 1334 2796 1420 Saepe
2825 1337 3001 1402 enim
3031 1337 3290 1402 laudant
3320 1337 3791 1422 vituperandos,

2267 1443 2331 1505 et
2349 1442 2713 1525 vituperant
2726 1443 3077 1509 laudandos
3090 1448 3114 1486 ⁸
3140 1464 3157 1510 ε
3172 1467 3203 1505 α
3217 1443 3340 1521 Qui
3354 1443 3798 1527 derelinquunt

2269 1548 2482 1630 legem
2502 1596 2520 1627 ,
2548 1549 2810 1615 laudant
2835 1551 3106 1635 impium
3131 1601 3147 1633 ‚
3174 1573 3205 1612 n
3243 1555 3363 1618 etc.
3845 1568 3854 1579 ·

2349 1655 2634 1722 Tertium
2665 1658 3103 1724 testimonium
3131 1659 3565 1744 perhibebitur
3591 1660 3661 1724 in
3692 1661 3797 1744 ju-

2270 1763 2434 1830 dicio
2458 1764 2636 1829 finali
2666 1766 2936 1849 angelis,
2967 1771 3031 1832 et
3058 1768 3293 1832 sanctis
3318 1767 3343 1803 ⁹
3373 1789 3390 1833 ε
3428 1790 3461 1828 α
3487 1767 3801 1833 Instauras

2270 1874 2462 1936 testes
2502 1876 2644 1938 tuos
2687 1878 2909 1939 contra
2935 1893 3040 1939 me
3064 1924 3081 1956 ,
3105 1897 3136 1936 n
3172 1878 3293 1941 etc.
3327 1874 3508 1941 Unde
3537 1876 3585 1916 ¹⁰
3613 1896 3630 1939 ε
3669 1897 3701 1936 α
3730 1873 3803 1940 Et

2272 1996 2496 2043 omnes
2519 1980 2734 2062 angeli
2760 1984 2967 2063 ejus.»
2995 1980 3210 2048 Glossa
3239 2005 3254 2047 z
3281 2004 3313 2044 ι
3335 1981 3552 2047 Testes
3577 1981 3800 2046 huma-

2272 2103 2507 2150 norum
2528 2092 2785 2151 actuum
2800 2136 2818 2168 ,
2847 2089 2967 2153 sub
2991 2106 3271 2172 quornm
3302 2088 3587 2155 custodia
3612 2088 3799 2162 bene,

2274 2192 2379 2257 vel
2404 2194 2572 2259 male
2602 2200 2898 2276 egerunt.
2926 2218 2957 2257 υ
2994 2194 3137 2263 Non
3183 2197 3391 2262 solum
3430 2199 3649 2261 autem
3688 2214 3800 2260 an-

2276 2300 2571 2382 gelorum
2582 2349 2605 2382 ,
2635 2302 2746 2367 sed
2771 2307 2836 2367 et
2858 2303 3055 2369 totius
3082 2304 3254 2370 orbis
3277 2308 3601 2370 terrarum
3627 2303 3801 2369 testi-

2275 2409 2493 2474 monio
2518 2408 2987 2476 confundentur
3014 2411 3268 2495 reprobi
3294 2412 3336 2448 ¹¹
3370 2429 3388 2473 z
3427 2433 3459 2473 ι
3486 2411 3806 2494 Pugnabit
3845 2473 3852 2483 ,

2273 2516 2446 2580 enim
2476 2533 2625 2582 cum
2671 2534 2747 2581 eo
2794 2518 2968 2582 orbis
2998 2524 3320 2584 terrarum
3347 2522 3568 2583 contra
3597 2519 3804 2583 insen·

2274 2628 2464 2689 satos.
2493 2645 2525 2684 n
2563 2623 2635 2688 In
2663 2624 2769 2689 illo
2796 2623 2898 2689 die
2922 2624 3087 2690 nihil
3112 2630 3208 2690 est
3240 2626 3413 2709 quod
3438 2625 3806 2708 respondea-

2275 2748 2451 2812 mus,
2496 2732 2611 2796 ubi
2642 2731 2876 2797 coelum
2907 2735 2971 2797 et
2997 2736 3168 2797 terra
3188 2780 3210 2812 ,
3262 2750 3432 2816 aqua
3470 2735 3536 2796 et
3571 2730 3699 2812 sol,
3746 2735 3806 2796 et

2274 2838 2430 2905 luna
2451 2886 2474 2918 ,
2521 2843 2585 2904 et
2611 2838 2745 2904 dies
2763 2888 2786 2919 ,
2830 2842 2894 2904 et
2917 2844 3166 2920 noctes,
3216 2843 3280 2905 et
3320 2844 3494 2906 totus
3534 2840 3808 2906 mundus

2275 2945 2469 3010 stabit
2494 2946 2838 3012 adversum
2876 2964 2996 3012 nos
3025 2947 3094 3011 in
3134 2947 3571 3012 testimonium
3602 2964 3808 3030 pecca·

2275 3055 2490 3118 torum
2517 3055 2887 3118 nostrorum
2909 3072 2928 3133 ;
2959 3056 3023 3117 et
3047 3053 3102 3116 si
3141 3053 3358 3117 omnia
3384 3057 3670 3133 taceant,
3715 3058 3806 3119 ta-

2275 3177 2426 3224 men
2450 3159 2606 3242 ipsae
2627 3158 3063 3241 cogitationes,
3095 3161 3158 3224 et
3177 3178 3371 3243 opera
3390 3159 3529 3243 ipsa
3549 3161 3806 3226 stabunt

2272 3265 2625 3349 soecialiter
2661 3269 2812 3331 ante
2855 3266 3072 3331 oculos
3112 3271 3398 3346 nostros,
3444 3271 3805 3333 accusantes

2273 3390 2390 3437 nos
2436 3374 2583 3437 ante
2626 3371 2855 3438 Deum.
2906 3371 3050 3437 Non
3092 3372 3302 3438 solum
3356 3376 3572 3439 autem
3613 3374 3804 3438 totius

2272 3479 2444 3545 orbis
2464 3528 2483 3561 ,
2515 3479 2625 3546 sed
2649 3482 2870 3546 orbem
2889 3480 3236 3564 judicantis
3261 3481 3628 3547 testimonio
3653 3498 3803 3547 con-

2273 3587 2615 3653 vincentur
2637 3587 2682 3623 ²⁸
2710 3607 2774 3651 :a
2795 3586 2933 3670 Ego
2959 3588 3135 3653 testis
3160 3588 3349 3655 velox
3372 3588 3678 3655 maleficis
3692 3636 3713 3670 ,
3741 3591 3826 3664 et,

2273 3693 2578 3762 adulteris
2594 3742 2617 3775 ,
2647 3699 2711 3761 et
2737 3694 3032 3779 periuris.
3061 3717 3093 3756 n

2816 3871 3103 3943 SERMO
3148 3872 3265 3942 111.

2348 4015 2445 4083 Ab
2456 4015 2653 4083 initio
2672 4031 2911 4084 mmm
2932 4016 3085 4083 estis
3104 4016 3173 4096 ¹²,
3195 4019 3317 4081 etc.
3348 4015 3637 4081 Christus
3651 4014 3805 4081 olim

2271 4122 2432 4189 dixit
2449 4122 2769 4207 apostoliS,
2797 4123 2911 4207 qui
2928 4140 3145 4189 secum
3161 4127 3344 4189 erant
3364 4123 3804 4207 corporaliter-3

2273 4231 2382 4296 sed
2410 4234 2578 4296 certe
2601 4230 2765 4295 bene
2792 4231 3029 4314 quibus
3052 4230 3261 4296 adhuc
3287 4231 3569 4314 quotidie
3601 4232 3807 4298 dicare

2272 4341 2479 4422 potest
2510 4359 2526 4400 ε
2557 4338 2803 4404 Mecum
2831 4338 2986 4405 eatis
3014 4357 3039 4400 .·
3065 4355 3320 4404 mecum
3352 4339 3578 4422 ntique
3611 4339 3803 4405 coba-

2271 4444 2532 4510 bitando
2555 4444 2993 4528 spiritualiter,
3022 4444 3486 4528 perseverando
3506 4445 3802 4525 finaliter,

2273 4552 2730 4635 congregando
2757 4551 3160 4617 aeternaliter.

2352 4661 2528 4726 Circa
2560 4661 2847 4744 primum
2872 4658 3012 4739 dic,
3054 4657 3226 4741 quod
3254 4657 3424 4724 beati
3459 4664 3612 4726 sunt
3657 4679 3805 4727 con·

2271 4774 2599 4838 versantes
2633 4788 2783 4835 cum
2825 4767 3125 4850 Domino,
3171 4767 3411 4851 quibus
3463 4774 3667 4853 potest
3708 4771 3804 4835 di-

2272 4897 2416 4944 cere
2446 4899 2463 4944 t
2494 4878 2739 4947 Mecum
2778 4878 2952 4944 estis.
2992 4873 3243 4941 Mecum
3271 4878 3423 4941 estis
3439 4913 3465 4958 ,f
3496 4876 3760 4962 inquam
3784 4925 3803 4957 ,

2273 4984 2672 5055 convivando
2698 4983 2967 5051 interius
2991 5000 3105 5067 per
3133 4982 3567 5065 devotionem,
3598 4986 3807 5052 tructi-

2272 5195 2466 5250 xxvm‚
2508 5186 2557 5236 4.
2592 5209 2647 5222 —
2683 5183 2708 5221 ⁹
2734 5181 2841 5248 Job,
2871 5194 2934 5248 x,
2966 5183 3045 5235 Π.
3070 5206 3132 5220 -
3167 5182 3212 5219 ¹⁰
3245 5179 3452 5244 nauh„
3479 5194 3605 5247 xxv,
3639 5185 3718 5236 31.
3744 5208 3806 5222 -—

2272 5258 2499 5380 2330„
2550 5268 2610 5322 v,
2649 5259 2732 5308 ει.
2766 5281 2823 5293 --
2866 5255 2912 5291 ¹·
2960 5251 3174 5319 natac„
3229 5265 3321 5320 ιιι,
3372 5256 3425 5306 5.
3455 5280 3520 5293 -
3554 5254 3598 5292 ¹⁸
3641 5256 3806 5318 mn„

2341 5366 2360 5394 ,
2452 5366 2467 5381 .

2334 5435 2404 5504 (a)
2434 5435 2560 5490 Goet.
2590 5435 2714 5489 edit.
2745 5433 3058 5500 relinquunt.
