4059 6317
722 484 840 551 iss

721 614 894 681 unde
920 614 1149 681 dicitur
1176 617 1196 657 ²
1228 637 1244 680 ε
1287 638 1320 678 «1
1345 615 1414 682 Si
1439 615 1583 700 quis
1609 615 1824 698 diligit
1851 633 1980 693 me,
2011 632 2255 680 sermo-

720 739 871 788 nem
897 740 1118 788 meum
1144 723 1444 802 servabit,
1492 726 1558 788 et
1584 720 1770 788 Pater
1807 740 1991 788 meus
2037 721 2261 804 diliget

719 846 896 907 eum,
926 832 992 897 et
1023 829 1106 895 ad
1143 847 1294 895 eum
1327 830 1660 896 veniemus
1678 879 1700 910 ,
1752 832 1818 895 et
1859 829 2259 894 mansionem

721 935 898 1019 apud·
915 953 1065 1001 eum
1091 935 1417 1002 faciemus.
1447 958 1479 997 ι
1522 937 1686 1015 Quia
1707 937 1731 973 ¹
1770 959 1804 998 α
1839 936 2128 1019 probatio
2155 934 2260 1000 di-

723 1045 857 1111 vini
874 1047 1113 1112 amoris
1128 1045 1439 1112 exhibitio
1464 1049 1561 1110 est
1588 1045 1822 1129 operis,
1843 1065 1875 1104 n
1902 1044 2045 1109 ideo
2066 1042 2255 1109 dicit:

727 1152 851 1227 Qui
875 1152 1098 1235 diliqit
1133 1169 1261 1229 me,
1307 1168 1655 1219 sermonem
1694 1169 1905 1219 meum
1941 1151 2260 1231 servabit,

721 1261 909 1345 quasi
934 1260 1142 1327 diest:
1172 1260 1311 1326 Mea
1335 1260 1585 1326 dilectio
1610 1278 1802 1344 opere
1830 1260 2161 1343 probatur,
2188 1277 2264 1325 eo

723 1367 946 1454 quod⁸
977 1390 1010 1429 α
1035 1385 1218 1433 amor
1245 1367 1356 1434 Dei
1389 1371 1693 1451 operatur
1727 1385 1999 1450 magna,
2043 1367 2099 1432 si
2130 1371 2262 1449 est3

727 1475 781 1540 si
806 1476 1023 1540 sutem
1050 1474 1301 1557 operari
1323 1475 1562 1555 renuit,
1582 1492 1765 1539 amor
1791 1473 1898 1539 Dei
1924 1492 2058 1539 non
2083 1477 2201 1540 est.
2224 1496 2256 1535 n

727 1582 812 1650 Et
829 1581 1020 1649 Pater
1038 1598 1218 1649 meus
1239 1580 1466 1666 diliqet
1491 1597 1655 1662 enni,
1685 1584 1945 1665 propter
1973 1582 2266 1648 observa·

728 1690 970 1756 tionem
1000 1690 1127 1754 mei
1163 1691 1498 1755 sermonis.
1531 1690 1694 1756 Nam
1734 1690 2024 1773 dignatio
2064 1690 2269 1755 divini

730 1796 991 1879 amoris,
1014 1797 1152 1864 sive
1176 1796 1547 1879 dilectionis,
1577 1798 1825 1863 fructus
1847 1801 1943 1869 est
1958 1799 2267 1864 humanae

731 1905 1106 1971 obedientiae
1121 1953 1139 1983 ,
1185 1905 1325 1971 sive
1365 1906 1552 1972 bonae
1596 1905 2003 1990 operationis.
2055 1906 2140 1974 Et
2182 1907 2273 1974 ad

731 2028 875 2079 eum
900 2013 1224 2079 vmiemus
1257 2032 1373 2097 per
1406 2015 1836 2098 septiformem
1886 2014 2114 2096 gratiae
2160 2015 2270 2080 Dei

731 2119 1155 2201 collationem,
1180 2127 1241 2190 et
1268 2124 1666 2190 mansionem
1688 2122 1867 2207 apud
1892 2140 2038 2190 eum
2064 2124 2270 2205 faeie·

733 2243 877 2295 mus
893 2245 1009 2310 per
1023 2228 1174 2293 boni
1196 2229 1408 2312 operis
1432 2230 2016 2313 multiplicationem
2035 2235 2100 2295 et
2119 2248 2270 2296 con-

733 2334 1251 2411 summationem.
1303 2335 1385 2401 Et
1427 2341 1687 2421 propter
1738 2338 1862 2402 hoc
1904 2338 2134 2403 dicitur
2178 2337 2203 2373 ⁸
2250 2360 2266 2402 ε

743 2464 774 2503 ι
801 2442 1227 2526 concupiscite
1251 2461 1414 2526 ergo
1441 2463 1766 2511 sermones
1789 2463 1989 2527 meos,
2022 2449 2089 2510 et
2126 2445 2269 2509 dili-

733 2549 868 2631 gite
911 2567 1052 2630 eos,
1096 2553 1161 2615 et
1197 2550 1511 2616 habebitis
1552 2552 1947 2637 disciplinam
1990 2555 2274 2634 paternae

735 2657 1167 2740 correptionis,
1196 2679 1228 2720 ι
1255 2677 1385 2724 non
1412 2661 1792 2724 sententiam
1814 2666 2073 2725 aeternae
2098 2660 2274 2726 dam-

734 2765 1031 2830 nationis.
1060 2764 1302 2847 Tertio,
1341 2767 1496 2850 quia
1529 2768 1932 2832 corroborata
1967 2768 2275 2851 longani-

737 2871 958 2937 mitate
981 2873 1140 2955 spei,
1169 2873 1357 2938 debet
1391 2892 1649 2939 servare
1691 2871 1984 2941 divinum
2028 2894 2270 2941 sermo-

738 2997 889 3044 nem
933 2997 1081 3044 cum
1135 2980 1373 3047 virtute
1422 2982 1745 3065 patientiae
1763 3029 1781 3060 ,
1835 2983 1906 3047 in
1949 2983 2276 3052 tolerando

740 3085 1017 3167 malum3
1048 3087 1220 3152 unde
1245 3088 1481 3153 dicitur
1496 3089 1519 3126 ⁸
1552 3111 1568 3154 ε
1600 3112 1631 3151 ι
1658 3089 1818 3169 Quia
1843 3093 2110 3157 servasti
2134 3110 2278 3158 ver-

739 3193 898 3257 bum
924 3194 1244 3277 patientias
1271 3213 1455 3275 meae,
1482 3200 1548 3261 et
1589 3199 1858 3264 servabo
1895 3204 1959 3264 te
1994 3202 2079 3265 ab
2118 3201 2279 3267 hora

739 3303 1125 3367 tentationis.
1159 3325 1190 3362 s
1218 3301 1329 3368 Ille
1349 3304 1644 3370 observat
1655 3308 1925 3372 verbum
1953 3311 2276 3391 patientias

741 3408 973 3473 Christi
997 3455 1015 3486 ‚
1062 3409 1174 3492 qui
1214 3411 1507 3494 exemplo
1543 3412 1866 3495 patientiae
1911 3417 1992 3499 (α)
2021 3465 2040 3495 ,
2087 3419 2279 3485 nullis

739 3516 1090 3600 suppliciis,
1120 3518 1315 3583 nullis
1340 3520 1614 3600 damnis,
1644 3522 1838 3587 nullis
1880 3526 2279 3591 contumeliis

742 3623 964 3703 illatis,
1003 3624 1085 3689 ab
1110 3625 1553 3693 observatione
1580 3629 1784 3695 divini
1816 3633 2129 3697 sermonis
2156 3652 2282 3699 ces-

742 3735 872 3796 sat:
901 3736 967 3796 et
982 3731 1093 3796 tali
1107 3732 1259 3798 dicit
1282 3734 1566 3800 Christus
1590 3758 1607 3801 t
1639 3736 1909 3810 Servabo
1924 3747 1995 3806 ’te
2021 3740 2102 3806 ab
2125 3741 2283 3809 hora

746 3841 1144 3920 tentationis,
1166 3844 1228 3905 et
1252 3841 1530 3908 maxime
1551 3843 1621 3907 in
1639 3849 1865 3927 morte,
1883 3847 1955 3911 in
1975 3866 2105 3932 qua
2121 3850 2283 3915 hora

745 3947 1030 4012 maxime
1054 3947 1278 4014 nititur
1311 3948 1602 4015 diabolus
1643 3952 1972 4019 hominem
2011 3961 2279 4041 tentare,

747 4058 823 4120 ut
837 4074 990 4120 eum
1005 4054 1280 4121 finaliter
1301 4059 1496 4141 possit
1511 4059 1900 4128 subvertere.
1933 4063 2283 4147 Gregorius

746 4162 820 4227 in
845 4163 1193 4230 Mos-atibus
1218 4164 1242 4200 ⁶
1274 4187 1289 4229 ε
1329 4188 1360 4227 α
1395 4164 1528 4230 Nisi
1568 4153 1875 4235 Dominus
1920 4174 2283 4246 misericors

746 4288 896 4335 cum
951 4272 1028 4353 (b)
1083 4272 1384 4337 humanis
1414 4274 1664 4339 viribus
1703 4280 2092 4347 tentamenta
2142 4304 2280 4351 mo-

747 4377 959 4443 dificet
991 4425 1009 4457 ,
1037 4379 1256 4445 nullus
1286 4384 1384 4445 est
1417 4382 1529 4464 qui
1564 4383 1883 4450 malorum
1909 4388 1984 4471 (e)
2025 4388 2284 4458 insidias

747 4486 990 4550 evitare
1030 4486 1227 4568 possit
1248 4486 1421 4570 ((1).)

826 4591 1037 4657 Tertio
1061 4593 1395 4676 sequitur:
1437 4595 1700 4662 Mortem
1731 4614 1863 4666 non
1901 4603 2188 4683 qustabit
2210 4608 2285 4673 in

746 4705 1055 4769 oeternum
1083 4721 1109 4763 .·
1134 4700 1246 4765 ubi
1272 4705 1528 4766 notatur
1552 4703 1860 4784 liberatio,
1891 4709 2028 4775 sive
2066 4715 2285 4782 evasio

748 4808 975 4873 mortis
999 4810 1280 4872 aeternae.
1311 4807 1436 4874 Sed
1462 4811 1614 4894 quia
1650 4813 1865 4879 nullus
1898 4820 2102 4900 potest
2125 4820 2282 4887 libe-

749 4915 878 4980 rari
905 4934 947 4978 a
970 4918 1177 4980 morte
1208 4920 1467 4981 aeternae
1502 4917 1896 5001 calamitatis,
1919 4926 2045 4990 nisi
2075 4929 2284 5010 primo

748 5026 1198 5106 praeservetur,
1248 5023 1383 5089 sive
1424 5022 1729 5090 liberetur
1761 5046 1801 5093 a
1838 5033 2114 5115 propriae
2161 5035 2282 5100 ini-

751 5131 1008 5213 quitatis
1033 5135 1237 5196 morte
1247 5153 1265 5211 ;
1304 5135 1369 5196 et
1405 5132 1684 5216 aliquem
1715 5135 1973 5203 liberari
2013 5160 2056 5205 a
2080 5149 2285 5209 morte

812 5258 830 5293 ¹
859 5258 1019 5319 loen„
1062 5270 1168 5322 xlv,
1214 5261 1290 5309 ¹3.
1315 5285 1370 5296 -
1401 5258 1421 5290 ²
1451 5261 1622 5326 Greg„
1656 5263 1708 5312 in
1732 5263 1946 5330 Evanq„
1970 5265 2116 5318 hom.
2156 5280 2282 5335 xxx,

753 5341 808 5378 n.
827 5330 942 5379 1.-
958 5329 980 5360 ⁸
1008 5328 1224 5395 ibid.,n.
1239 5330 1540 5396 2.—⁸Sup.,
1564 5345 1634 5396 vs,
1659 5336 1798 5385 ¹2-
1814 5336 1837 5372 ⁸
1852 5339 2022 5402 Apoc„
2039 5349 2119 5403 ιιι,
2145 5343 2284 5391 ¹⁰.—

754 5399 968 5463 ⁸Greg.‚
1012 5400 1214 5462 Mor-ul..
1253 5401 1339 5452 lib.
1373 5403 1454 5466 tx,
1485 5418 1530 5455 c.
1561 5417 1703 5468 vat,
1744 5407 1811 5458 al.
1852 5419 1976 5470 xxv,
2021 5424 2076 5459 n.
2112 5413 2193 5462 71.
2220 5438 2284 5451 —

757 5469 777 5509 7
805 5471 962 5535 Rom„
991 5483 1040 5540 v,
1073 5474 1147 5523 Π.
1170 5500 1234 5519 -
1260 5475 1318 5524 ⁸1
1346 5474 1484 5539 Gon,
1513 5487 1599 5547 xv,
1620 5478 1700 5527 22.
1728 5504 1791 5515 —
1816 5480 1840 5515 ⁰
1862 5479 2064 5551 E'plaes.²
2093 5495 2141 5547 v,
2178 5488 2251 5535 14.

1809 476 2230 546 SERMONES
2269 476 2372 545 DE
2410 476 2807 546 TEMPORE.

2363 614 2639 697 proprias
2662 614 3020 699 iniqnitatis
3036 617 3133 680 est
3158 614 3570 699 impossibile,
3596 615 3720 680 nisi
3744 615 3884 681 libe-

2363 724 2543 786 retur
2558 741 2598 786 a
2624 726 2831 787 morte
2848 721 3056 805 culpae
3078 712 3448 804 originalis:
3476 720 3617 786 ideo
3639 721 3890 804 quilibet

2363 828 2620 893 adultus
2644 830 2992 894 observans
3017 828 3309 894 divinum
3346 846 3707 893 sermonem
3724 877 3743 905 ,
3779 830 3890 912 pri-

2366 953 2470 1001 mo
2496 935 2804 1001 liberatur
2839 955 2879 1000 a
2922 940 3130 1001 morte
3167 935 3496 1018 originalis
3540 937 3748 1019 culpas
3791 953 3894 1019 per

2366 1042 2644 1125 gratiam
2702 1043 3145 1126 baptismalem
3168 1065 3186 1122 ;
3236 1042 3514 1108 secundo
3562 1044 3891 1121 liberatur,

2367 1152 2505 1216 sive
2531 1151 2907 1217 observatur
2937 1152 3009 1234 (e)
3035 1170 3075 1215 a
3112 1155 3318 1215 morte
3358 1150 3712 1234 iniquitatis
3754 1168 3896 1233 pro·

2368 1261 2549 1343 priae,
2585 1279 2700 1344 per
2728 1260 3007 1342 gratiam
3041 1258 3579 1343 poenitentialem3
3612 1259 3804 1323 tertio
3826 1258 3897 1322 li·

2368 1368 2630 1432 beratur
2668 1386 2708 1432 a
2750 1371 2955 1433 morte
2995 1365 3378 1451 poenalitatis
3444 1371 3707 1432 aeternae
3730 1413 3748 1443 ,
3800 1384 3904 1448 per

2372 1475 2649 1556 gratiam
2679 1475 3073 1541 deiformem.
3104 1473 3321 1539 Primo
3360 1473 3678 1538 liberatur
3720 1472 3902 1537 homo

2369 1600 2411 1647 a
2436 1586 2641 1648 morte
2663 1583 2993 1665 originalis
3031 1582 3237 1666 culpae
3276 1599 3390 1665 per
3432 1581 3721 1662 gratiam
3758 1581 3906 1663 bep-

2370 1689 2720 1770 tismalem3
2750 1690 2922 1756 unde
2953 1689 3184 1755 dicitur
3208 1689 3232 1725 '¹
3263 1710 3280 1753 ε
3319 1711 3352 1750 α
3385 1687 3454 1754 Si
3496 1689 3677 1753 enim
3726 1688 3909 1753 unius

2373 1795 2598 1862 delicto
2624 1814 2799 1863 mors
2823 1815 2939 1881 per
2959 1815 3166 1862 unum
3194 1795 3516 1878 regnavit,
3549 1794 3761 1860 multo
3788 1812 3909 1859 ma·

2375 1903 2477 1985 gis
2501 1904 2957 1970 abundantiam
2987 1903 3216 1986 gratiae
3242 1908 3306 1968 et
3339 1901 3705 1968 donationis
3724 1901 3908 1985 justi·

2375 2012 2483 2076 tiae
2508 2012 2885 2096 accipientes
2903 2012 2973 2076 in
2996 2012 3152 2091 vita,
3181 2010 3548 2093 regnabunt
3569 2027 3693 2092 per
3710 2025 3911 2074 unum

2375 2123 2598 2185 Jesum
2626 2119 2972 2186 Christum.
3003 2141 3034 2179 ι
3075 2120 3151 2185 Si
3189 2119 3366 2185 enim
3404 2119 3605 2185 unius
3624 2164 3648 2197 ‚
3686 2116 3912 2182 scilicet

2377 2226 2570 2311 primi
2599 2227 2905 2310 parentis,
2929 2226 3160 2293 delicto
3178 2242 3351 2292 mors
3373 2227 3679 2309 reqnavit
3700 2225 3774 2289 in
3788 2242 3914 2289 om-

2378 2354 2495 2400 nes
2520 2334 2700 2410 alios,
2725 2335 2840 2418 qui
2875 2333 3267 2399 descendunt
3295 2332 3378 2397 ab
3413 2333 3525 2397 illo
3561 2334 3783 2416 stipite
3807 2350 3913 2416 per

2379 2444 2553 2508 viam
2578 2441 2862 2507 libidinis
2888 2447 2952 2506 et
2978 2441 3527 2524 concupiscentiae,
3558 2440 3764 2508 multo
3795 2456 3916 2506 ma-

2380 2552 2484 2635 qis
2522 2551 2911 2634 accipientes
2941 2547 3410 2615 abundantiam
3433 2549 3668 2631 qratioe
3710 2548 3780 2611 in
3822 2548 3917 2611 be-

2380 2661 2588 2741 nigna
2612 2657 2970 2742 adoptione,
3000 2663 3061 2724 et
3082 2655 3456 2723 donationis
3474 2654 3541 2718 in
3569 2655 3915 2719 charisma-

2382 2772 2524 2830 tum
2550 2764 2822 2849 Spiritus
2847 2765 3049 2829 sancti
3065 2764 3445 2847 repletione,
3468 2770 3532 2829 et
3542 2762 3839 2843 justitiae
3855 2760 3919 2824 in

2383 2874 2699 2939 bonorum
2730 2890 3002 2955 operum
3034 2872 3454 2955 promotione,
3488 2873 3568 2936 in
3592 2873 3738 2939 vita
3768 2887 3919 2953 gra-

2382 2981 2489 3045 tiae
2517 2998 2632 3063 per
2656 2982 3126 3044 sacramentum
3156 2978 3487 3061 baptismi,
3533 2979 3918 3063 reonaozmt,

2382 3094 2690 3172 tauquam
2714 3087 3003 3153 haeredes
3018 3085 3214 3168 Regis
3239 3086 3428 3168 regni
3455 3086 3793 3169 ooelorum,
3818 3104 3921 3171 per

2382 3212 2587 3262 unam
2610 3197 2825 3263 Jesum
2852 3194 3196 3262 Christum,
3227 3192 3304 3259 Et
3328 3196 3548 3275 arguit
3578 3195 3691 3258 hic
3719 3197 3921 3278 Apos-

2385 3305 2554 3370 tolus
2580 3324 2620 3370 a
2646 3305 2906 3385 minori,
2936 3323 3014 3370 eo
3044 3303 3215 3387 quod
3250 3303 3562 3369 efficacior
3588 3308 3690 3368 aet
3718 3303 3923 3385 gratia

2330 3447 2340 3456 ·
2387 3413 2614 3478 Christi
2638 3414 2708 3476 in
2730 3414 2998 3491 bonum,
3034 3430 3230 3496 quam
3260 3411 3448 3495 culpa
3471 3411 3669 3495 primi
3715 3410 3920 3476 homi·

2387 3521 2488 3584 nis
2530 3519 2599 3584 in
2635 3520 2899 3584 malum.
2964 3519 3111 3585 Ideo
3155 3519 3387 3584 dicitur
3419 3519 3442 3554 ⁸
3487 3535 3505 3584 z
3562 3541 3595 3579 s
3635 3517 3820 3584 Sicut
3859 3518 3924 3582 in

2387 3628 2589 3694 Adam
2602 3644 2829 3692 omnes
2841 3626 3229 3708 moriuntur,
3248 3647 3281 3686 n
3300 3630 3529 3692 merito
3541 3644 3685 3692 suae
3702 3626 3922 3710 primae

2388 3734 2949 3819 praevaricationis,
2989 3756 3022 3794 α
3057 3734 3150 3798 ita
3188 3739 3250 3799 et
3294 3734 3362 3799 in
3409 3733 3662 3800 Christo
3704 3750 3924 3799 omnes

2389 3843 2910 3921 vivificabuntur,
2930 3862 2961 3900 ι
2996 3842 3226 3919 merito
3255 3859 3392 3907 suae
3424 3841 3738 3922 passionis
3754 3888 3772 3921 ‚
3818 3859 3925 3925 per

2389 3954 2857 4016 sacramentum
2907 3950 3231 4033 baptismi.
3279 3947 3570 4016 Secundo
3623 3949 3925 4016 liberatur

2388 4060 2586 4125 homo
2620 4078 2662 4123 a
2686 4063 2891 4123 morte
2917 4059 3188 4141 propriae
3217 4056 3600 4139 iniquitatis,
3636 4076 3755 4141 per
3779 4075 3921 4140 gra-

2386 4166 2543 4233 tiam
2579 4165 3107 4250 poenitentialem;
3139 4164 3309 4230 unde
3339 4164 3657 4230 dicitur⁹z
3694 4187 3731 4227 e
3772 4164 3923 4230 Sur·

2389 4293 2496 4357 ge,
2528 4274 2642 4358 qui
2669 4272 2930 4350 dormis,
2957 4288 3204 4352 exurge
3224 4289 3264 4334 a
3294 4270 3583 4350 mortuis,
3604 4275 3668 4336 et
3695 4271 3926 4336 illumi·

2389 4382 2570 4447 nabit
2595 4385 2658 4446 te
2685 4379 2992 4446 Christus.
3024 4399 3057 4437 n
3091 4378 3298 4460 Surge
3323 4394 3438 4459 per
3465 4377 3618 4442 mali
3654 4378 3925 4445 detesta-

2390 4492 2672 4556 tionem:
2700 4488 2961 4570 Exurge
2994 4502 3109 4569 per
3136 4483 3559 4549 desertionem
3596 4488 3859 4568 peccati,
3888 4503 3929 4552 a

2392 4599 2681 4677 mortuis,
2714 4596 2777 4661 id
2806 4598 2921 4674 est,
2959 4593 3040 4658 ab
3067 4592 3368 4677 operibus
3409 4593 3633 4658 mortis
3678 4594 3752 4659 in
3798 4611 3930 4678 pec-

2394 4712 2533 4771 cato
2561 4702 2813 4769 mortali
2838 4702 3015 4765 factis
3040 4704 3103 4764 et
3133 4703 3318 4765 extra
3357 4700 3756 4780 charitatem,
3797 4702 3930 4765 sine

2393 4835 2523 4900 qua
2578 4811 2742 4878 nihil
2794 4810 3070 4893 dignum
3123 4811 3218 4872 est
3276 4810 3518 4873 aeterna
3558 4826 3928 4874 remunera-

2393 4926 2566 4988 tione
2597 4943 2614 4984 :
2645 4925 2707 4987 et
2739 4918 3216 4986 illuminabitis
3264 4915 3597 4996 Christus,
3634 4934 3757 5000 per
3793 4916 3929 4982 illu·

2393 5028 2698 5095 minantis
2722 5026 2950 5109 gratiae
2976 5023 3390 5103 infusionem,
3433 5041 3551 5107 per
3593 5042 3793 5107 quam
3830 5041 3927 5089 co-

2368 5136 2727 5221 ·gnoscitur
2753 5132 3050 5199 distantia
3076 5131 3225 5196 boni
3261 5136 3325 5196 et
3354 5131 3506 5195 mali
3525 5179 3546 5211 ‚
3594 5133 3784 5215 eujus
3817 5131 3926 5197 sd-

2458 5337 2527 5400 (a)
2574 5335 2729 5400 Supp.
2772 5332 2904 5399 eius.
2946 5354 3009 5369 —
3056 5328 3125 5396 (b)
3169 5327 3296 5379 Coet.
3344 5327 3468 5379 edit.
3516 5328 3647 5380 deest
3692 5345 3832 5384 cum.
3866 5355 3925 5369 .-

2394 5410 2462 5475 (c)
2506 5407 2653 5473 Apud
2692 5405 2842 5471 Greq.
2878 5403 3222 5467 malignorum
3253 5400 3542 5464 spirituum.
3586 5429 3641 5439 -
3682 5402 3769 5467 (a)
3805 5402 3923 5454 [tem

2395 5493 2502 5535 uon
2534 5490 2779 5530 corruens
2804 5479 2989 5545 portet.
3018 5500 3075 5511 —
3106 5473 3168 5537 (e)
3194 5471 3309 5536 Lea.
3345 5477 3700 5539 praeservatur.
