4059 6317
520 2096 714 2143 obedien

520 2161 592 2202 tin
631 2172 714 2204 con

530 4562 672 4607 Verus

495 4622 705 4669 obediens

773 431 853 494 82

770 568 907 626 ctor
930 561 1161 642 extitit,
1188 559 1397 625 adhuc
1419 557 1659 624 bellum
1686 563 1907 624 contra
1941 577 2011 624 se
2046 578 2184 624 esse
2210 560 2303 625 di-

769 670 893 734 cit:
921 669 1077 753 qnia
1095 685 1341 747 revera,
1370 669 1964 751 quantumcumque
1973 668 2301 733 continen-

769 781 864 840 tes
891 789 1140 855 sumus,
1167 774 1374 840 securi
1398 791 1536 840 esse
1556 792 1691 839 non
1716 792 2077 858 possumus,
2099 793 2300 858 quan·

766 883 878 947 diu
902 900 1124 947 sensus
1150 886 1398 946 nostros
1425 900 1558 946 non
1572 881 1916 947 vicerimus
1935 882 1992 962 ’,ε
2015 904 2048 943 α
2065 879 2302 947 Oculus

770 1005 951 1052 meus
977 986 1375 1070 depraedauis
1400 989 1497 1050 est
1522 986 1807 1050 animam
1829 1003 2064 1049 meam.
2094 1007 2125 1046 u
2166 985 2301 1050 Cer·

766 1097 828 1155 te
862 1111 989 1157 non
1016 1093 1224 1157 solum
1260 1093 1438 1158 visus
1452 1140 1475 1172 ,
1505 1093 1637 1158 imo
1663 1093 1854 1158 etiam
1882 1092 2139 1158 auditus
2165 1092 2300 1156 ani-

766 1219 938 1266 mam
963 1202 1385 1286 depraedatur.
1416 1203 1694 1269 Isidorus
1710 1210 1734 1245 ¹
1764 1220 1782 1267 z
1809 1225 1842 1265 α
1864 1201 2079 1268 Vanus
2092 1219 2302 1267 sermo

764 1309 887 1372 cito
928 1308 1159 1390 polluit
1197 1313 1474 1374 mentem
1488 1332 1506 1389 ;
1536 1314 1599 1375 et
1625 1309 1805 1374 facile
1842 1309 2083 1390 agitur,
2126 1308 2299 1392 quod

760 1414 1030 1481 libenter
1054 1415 1336 1481 auditur.
1369 1439 1402 1478 ι»

843 1521 1090 1589 Tertius
1115 1524 1251 1589 dies
1278 1528 1372 1589 est
1395 1524 1778 1591 obedientiae
1804 1525 1871 1588 ⁸:
1908 1547 1939 1586 ι
1966 1523 2157 1589 Siluit
2180 1531 2299 1589 ter-

763 1650 835 1695 ra
858 1629 892 1695 J
896 1631 1025 1696 uda
1047 1632 1118 1696 in
1147 1632 1368 1697 diebus
1389 1631 1685 1713 Simonis,
1717 1636 1782 1696 et
1808 1631 2105 1715 quaesivit
2130 1631 2302 1697 bona

761 1740 974 1822 gentis
1007 1758 1146 1806 suae
1163 1788 1186 1820 ,
1215 1743 1280 1805 et
1303 1739 1542 1823 placuit
1577 1739 1702 1804 illis
1751 1743 2024 1824 potestas
2066 1741 2228 1822 ejus,
2259 1761 2291 1800 n

764 1846 877 1911 Hic
917 1846 1271 1912 ostenditur
1320 1846 1438 1911 lux
1489 1847 1577 1929 (α)
1614 1846 1989 1912 obedientiae
2020 1865 2036 1908 :
2078 1845 2299 1912 Simon

759 1954 930 2018 enim
978 1952 1276 2021 obediens
1335 1953 1809 2037 interpretatur.
1876 1953 2029 2018 Tres
2081 1961 2298 2018 autem

716 2119 732 2130 .
759 2066 907 2127 sunt
924 2062 1310 2127 conditiones
1335 2061 1730 2127 obedientiae.
1762 2060 1955 2127 Debet
1982 2081 2121 2126 esse
2146 2079 2296 2144 gra-

519 2183 734 2266 dffiomj
761 2174 846 2246 ta,
891 2188 1072 2252 pura,
1099 2168 1385 2234 sollicita.
1431 2167 1642 2247 Grata,
1684 2169 1822 2235 sine
1870 2188 2204 2234 murmure
2229 2170 2296 2232 in

755 2275 1099 2355 auditione,
1143 2279 1206 2340 et
1241 2275 1367 2340 hoc
1401 2279 1660 2341 notatur
1686 2275 1812 2339 ibi:
1846 2274 2055 2342 siluit
2098 2279 2289 2342 terra.

756 2382 914 2447 Item
931 2401 1096 2465 pura
1117 2382 1379 2465 proprii,
1409 2382 1515 2447 vel
1540 2382 1812 2446 carnalis
1846 2381 2163 2446 commodi
2190 2381 2293 2445 in-

755 2493 1055 2569 tentione,
1095 2495 1158 2555 et
1187 2490 1309 2554 hoc
1334 2494 1592 2555 notatur
1619 2490 1752 2554 ibi:
1799 2490 2109 2564 Quoeez’vz't
2135 2491 2297 2557 bona

751 2600 960 2681 qentis
986 2614 1122 2664 suoe
1145 2616 1169 2662 .·
1196 2616 1326 2662 non
1360 2598 1505 2678 sibi,
1536 2598 1645 2662 sed
1682 2597 1823 2661 aliis
1863 2599 2160 2680 quaesivit
2190 2598 2298 2662 bo-

752 2725 936 2773 num.
982 2708 1145 2774 Sunt
1176 2713 1390 2773 autem
1435 2709 1694 2792 quidam
1716 2757 1735 2787 ,
1776 2710 1888 2792 qui
1937 2710 2101 2775 bene
2141 2710 2292 2775 obe-

752 2816 937 2881 dIunt
980 2817 1117 2881 sine
1143 2816 1654 2881 murmuratione
1675 2864 1695 2895 ,
1736 2816 1846 2881 sed
1873 2817 1988 2881 nbi
2016 2835 2296 2882 commo-

753 2924 909 2988 dum
937 2940 1131 2988 suum
1157 2923 1586 3003 considerant,
1625 2940 1756 2987 non
1781 2923 2079 2988 aliorum.
2133 2923 2293 2988 Item

753 3031 1017 3096 sollicita
1028 3031 1134 3097 vel
1147 3031 1373 3114 devota
1398 3031 1477 3112 (b)
1507 3031 1909 3113 adimpletur,
1939 3036 2004 3096 et
2025 3033 2147 3096 hoc
2172 3050 2289 3096 no-

750 3142 923 3204 tatur
963 3138 1053 3201 ibi
1095 3159 1112 3202 z
1152 3138 1404 3205 Placuit
1449 3138 1583 3205 illis
1606 3144 1887 3221 potestas
1923 3138 2088 3220 ejus.
2131 3138 2284 3216 Qui-

750 3246 900 3312 dam
943 3247 1115 3312 enim
1147 3247 1237 3311 ita
1274 3247 1679 3329 negligenter
1704 3252 1768 3311 et
1807 3247 2182 3327 inordinate,
2225 3249 2290 3310 et

749 3355 1003 3419 confuse
1022 3403 1040 3434 ‚
1083 3357 1147 3419 et
1193 3341 1488 3420 indevote
1532 3354 1799 3436 implent
1834 3354 2284 3433 obedientiam,

747 3461 917 3543 quod
940 3461 1104 3525 nulli
1128 3461 1332 3544 placet
1355 3465 1629 3544 potestas
1645 3478 1895 3540 eorum,
1922 3460 1991 3525 id
2009 3465 2127 3541 est,
2146 3461 2289 3525 obe-

743 3568 982 3633 dientia
1012 3585 1126 3651 per
1151 3585 1347 3652 quam
1377 3586 1572 3634 verus
1606 3567 1903 3632 obediens
1956 3586 2152 3651 super
2191 3587 2288 3634 se-

744 3676 959 3757 ipsum
993 3680 1365 3759 potestatem
1392 3675 1603 3741 habet.
1627 3680 1650 3716 ⁸
1679 3698 1711 3736 α
1738 3675 1849 3741 Vir
1874 3676 2173 3741 obediens
2193 3677 2287 3741 lo-

744 3787 978 3866 quetur
1005 3783 1360 3848 victoriam.
1381 3804 1414 3843 1>
1451 3781 1662 3847 Vincit
1699 3782 1872 3847 enim
1911 3801 2106 3848 verus
2141 3784 2285 3849 obe-

742 3891 920 3954 diens
971 3890 1189 3955 omnia
1238 3889 1495 3974 propria
1528 3889 1818 3954 membra
1854 3890 2136 3955 exterius
2155 3940 2177 3970 ‚
2209 3895 2285 3955 ut

741 3998 1135 4064 voluntatem
1169 3999 1459 4063 interius.
1514 3998 1870 4063 Bernardus
1893 3997 1916 4033 ³
1953 4021 1969 4062 :
2012 4022 2044 4059 α
2077 3998 2281 4064 Verus

741 4105 1040 4172 obediens
1083 4107 1456 4172 mandatum
1492 4123 1625 4170 non
1671 4106 2118 4187 procrastinat,
2169 4107 2280 4170 sed

739 4217 1055 4296 praeparat
1092 4230 1281 4277 aures
1313 4211 1563 4276 auditui
1578 4258 1599 4290 ‚
1627 4210 1923 4292 linguam
1951 4212 2119 4289 voci,
2149 4228 2281 4276 ma-

738 4340 863 4386 nus
887 4320 1088 4403 operi,
1114 4319 1302 4403 pedes
1328 4319 1534 4384 itineri
1563 4341 1579 4384 ε
1614 4322 1679 4383 et
1702 4337 1772 4383 se
1789 4322 1994 4383 totum
2023 4320 2196 4384 intra
2211 4337 2280 4384 se

736 4428 999 4508 colligit,
1027 4429 1102 4492 ut
1130 4426 1498 4491 mandatum
1525 4430 1794 4509 peragat
1822 4425 2212 4508 imperantis.
2242 4446 2274 4486 n

739 4533 937 4600 Verus
948 4552 1112 4616 ergo
1133 4533 1439 4600 obediens
1465 4533 1650 4599 debet
1673 4551 1808 4597 esse
1832 4533 2025 4598 silens
2045 4553 2084 4598 a
2101 4551 2279 4598 mur-

739 4642 1112 4722 muratione,
1145 4658 1348 4724 purus
1373 4639 1741 4720 intentione,
1772 4639 2025 4722 placens
2045 4659 2274 4705 execu-

732 4751 902 4813 tione
917 4798 938 4829 ,
959 4748 1149 4813 silens
1160 4763 1295 4827 ore,
1316 4764 1519 4830 purus
1536 4746 1745 4825 corde,
1771 4746 2026 4829 placens
2054 4766 2269 4829 opere.

1272 4924 1561 4996 SERMO
1604 4926 1721 4998 IV.

808 5072 951 5139 Post
974 5069 1268 5138 triduum
1292 5071 1677 5136 invenerunt
1691 5070 1752 5149 ⁸,
1787 5074 1904 5135 etc.
1935 5070 2118 5136 Nunc
2163 5071 2258 5135 di-

722 5179 993 5244 cendum
1036 5181 1133 5243 est
1173 5177 1251 5242 de
1277 5177 1463 5242 tertio
1508 5176 1742 5257 triduo,
1777 5177 1947 5261 quod
1986 5182 2082 5242 est
2116 5197 2259 5260 per-

783 5345 802 5378 1
833 5342 1026 5408 Thr-en„
1054 5353 1148 5406 ιιι,
1177 5343 1256 5391 51.
1287 5367 1348 5377 -
1376 5342 1394 5371 ²
1427 5340 1543 5391 isid.
1569 5367 1634 5378 —
1656 5341 1725 5391 ⁸1
1753 5340 1940 5402 Maeli„
1979 5352 2096 5403 xn',
2128 5343 2172 5392 3.
2206 5367 2259 5377 -

1862 422 2279 492 SERMONES
2320 424 2422 492 DE
2462 423 2855 495 TEMPORE.

2410 562 2735 626 tectorum.
2781 562 2867 627 De
2911 563 3033 626 hoc
3056 562 3351 644 dicitur⁷‚
3382 564 3552 647 qnod
3578 565 3707 649 ipsa
3730 566 3895 632 exivit

2409 670 2489 734 ad
2501 669 2965 753 deprecandum
2968 719 2989 751 ,
3022 693 3055 732 α
3075 670 3155 735 ad
3182 670 3577 737 adorandum
3598 673 3891 737 Dominum

2408 797 2601 845 suum
2612 798 2730 864 per
2742 781 3053 845 triduum.
3073 779 3304 844 Exibat
3320 780 3611 845 noctibus
3631 781 3691 844 in
3704 782 3896 845 vallem

2409 880 2720 970 Bethuliae
2754 887 2820 947 et
2860 882 3219 965 baptizabat
3246 900 3313 947 se
3339 883 3408 946 in
3434 881 3626 948 fonte.
3654 904 3683 943 ι
3714 882 3899 948 Judith
4004 923 4009 930 ⁴

2408 991 2691 1055 animam
2707 990 3259 1073 contemplativam
3272 990 3468 1055 Deum
3481 991 3896 1072 glorificantem

2407 1098 2744 1181 significat.
2803 1099 3257 1183 Interpretatur
3308 1098 3481 1162 enim
3532 1096 3897 1181 plurimam,

2408 1207 2579 1289 quod
2606 1207 3000 1290 perfectionis
3026 1210 3142 1271 est.
3186 1205 3261 1269 ln
3290 1207 3476 1269 nocte
3502 1204 3700 1287 hujus
3720 1203 3905 1268 saeculi

2408 1314 2489 1377 ad
2515 1313 2866 1380 orationem
2894 1314 3144 1395 exiens,
3174 1313 3528 1395 baptizatur
3554 1313 3628 1376 in
3648 1312 3802 1377 fonte
3825 1311 3903 1375 la-

2407 1440 2799 1506 crymarum.
2830 1421 3177 1503 Gregorius
3195 1427 3219 1461 ⁸
3251 1444 3267 1486 ε
3308 1444 3339 1482 α
3364 1420 3527 1498 Quia
3552 1424 3690 1503 post
3711 1418 3907 1501 baptis·

2408 1545 2591 1592 mum
2620 1527 3035 1612 inquinamus
3064 1526 3288 1607 vitam,
3320 1526 3708 1610 bapn’zemus
3727 1523 3905 1605 lacry-

2408 1635 2532 1699 mis
2556 1635 3027 1700 conscientiam.
3062 1656 3094 1694 n

2489 1742 2746 1808 Primus
2785 1759 2946 1824 ergo
2992 1743 3127 1808 dies
3176 1742 3370 1826 hujus
3421 1739 3621 1806 tridui
3666 1742 3756 1803 est
3799 1737 3910 1802 dies

2408 1850 2837 1933 quietationis,
2885 1868 3015 1933 quo
3058 1850 3274 1914 anima
3300 1849 3622 1933 quietatur
3644 1856 3707 1911 et
3730 1845 3910 1929 placa·

2405 1961 2514 2021 tur
2539 1957 2621 2022 ab
2646 1957 2911 2022 incursu
2931 1976 3188 2037 eorum,
3218 1974 3366 2040 quae
3391 1956 3654 2022 turbare
3680 1957 3915 2037 possunt

2405 2064 2677 2128 salutem
2714 2066 2946 2130 mentis
2960 2111 2977 2129 .
3009 2065 3341 2142 Quietatur
3380 2068 3599 2129 autem
3640 2080 3750 2146 per
3788 2059 3913 2124 dili-

2409 2177 2671 2253 gentem
2736 2174 3107 2239 custodiam.
3155 2179 3178 2215 *
3234 2196 3266 2234 α
3319 2172 3638 2238 Custodite
3696 2168 3918 2235 animas

2404 2285 2648 2345 vestras
2663 2328 2685 2360 ,
2734 2284 2797 2345 et
2849 2280 3047 2345 nolite
3095 2280 3377 2363 pondera
3422 2282 3676 2362 portare
3719 2277 3787 2340 in
3827 2275 3915 2339 die

2402 2387 2669 2467 sabbati,
2685 2406 2805 2453 nec
2818 2388 3099 2452 inferatis
3122 2405 3238 2470 per
3249 2392 3463 2471 portas
3470 2384 3872 2449 Hierusalem.
3884 2404 3909 2440 n

2403 2493 2546 2559 Dies
2574 2493 2746 2560 enim
2789 2494 3032 2559 sabbati
3065 2498 3162 2558 est
3195 2494 3331 2557 dies
3373 2492 3605 2576 quietis
3642 2492 3912 2564 internae,

2400 2604 2513 2684 qui
2567 2605 2818 2667 tantum
2878 2604 2972 2666 est
3014 2602 3329 2665 bonarum
3383 2598 3914 2664 conscientiarum.

2402 2709 2806 2790 Augustinus
2825 2708 2870 2744 ¹⁰
2899 2730 2915 2773 ε
2945 2731 2978 2770 α
3004 2707 3442 2782 Omnismalus
3468 2707 3802 2772 sabbatum
3823 2705 3920 2769 ha·

2401 2816 2553 2880 bere
2582 2834 2711 2880 non
2732 2819 2935 2900 potest
2958 2840 2973 2880 ε
2999 2834 3334 2899 nunquam
3357 2815 3531 2879 enim
3550 2814 3646 2878 illi
3672 2813 3924 2898 quiescit

2399 2926 2800 2990 conscientia.
2831 2925 2942 2991 Cui
2967 2929 3182 2989 autem
3208 2925 3378 2989 bona
3404 2927 3522 3002 est,
3552 2922 3923 3007 tranquillus

2397 3037 2524 3097 est:
2548 3036 2611 3097 et
2642 3034 2781 3116 ipsa
2818 3032 3244 3116 tranquillitas
3294 3033 3633 3097 sabbatum
3668 3036 3768 3096 est
3790 3049 3924 3096 cor-

2396 3140 2516 3205 dis.
2546 3161 2575 3200 ι
2629 3139 2782 3205 Tres
2835 3144 3051 3205 autem
3098 3140 3484 3205 conditiones
3537 3143 3695 3204 sunt
3743 3139 3925 3221 hujus

2397 3248 2652 3330 quietis.
2716 3247 2913 3312 Debet
2971 3247 3146 3312 enim
3193 3247 3410 3311 anima
3446 3244 3924 3330 contemplativa

2396 3354 2663 3437 quietari
2689 3374 2730 3420 a
2752 3373 2951 3438 prava
2976 3353 3361 3436 cogitatione
3382 3376 3399 3432 ;
3441 3357 3505 3418 et
3527 3353 3655 3418 hoc
3682 3357 3927 3418 notatur

2393 3462 2482 3524 ibi
2511 3483 2527 3526 ε
2562 3461 2889 3531 custodite
2917 3464 3173 3530 animas
3196 3468 3464 3530 vestras.
3497 3459 3659 3525 Item
3687 3480 3729 3526 a
3752 3478 3925 3524 cura·

2393 3587 2541 3633 rum
2577 3571 3015 3652 oppressione3
3060 3570 3232 3635 unde
3271 3569 3403 3634 ait:
3433 3568 3645 3637 Nolite
3687 3573 3927 3651 portare

2386 3675 2696 3760 pondera.
2755 3676 3032 3743 Isidorus
3065 3679 3150 3742 ¹¹:
3198 3700 3229 3739 ι
3254 3676 3520 3759 Semper
3563 3676 3634 3739 in
3686 3676 3928 3739 interna

2390 3784 2603 3866 quiete
2641 3784 2768 3849 eris
2785 3833 2804 3865 ,
2844 3785 2900 3848 si
2926 3789 2989 3849 te
3014 3802 3055 3848 a
3081 3784 3348 3868 strepitu
3382 3786 3790 3848 terrenarum
3827 3799 3924 3845 ac-

2388 3889 2641 3955 tionum
2708 3891 3123 3956 subtraxeris.
3175 3912 3207 3951 n
3257 3890 3416 3955 item
3458 3909 3495 3954 a
3535 3887 3928 3971 phantastica

2387 3996 2847 4079 imaginatione
2875 4016 2893 4063 ε
2918 3999 3041 4063 hoc
3071 4001 3330 4062 notatur
3363 3997 3454 4060 ibi
3483 4015 3502 4059 ε
3536 3995 3632 4062 Ne
3676 3997 3925 4076 infera·

2388 4105 2480 4172 tia
2502 4121 2616 4187 per
2638 4111 2876 4188 portas.
2908 4104 3115 4170 Portae
3148 4106 3324 4170 enim
3349 4106 3504 4169 sunt
3532 4115 3767 4168 semus
3792 4119 3929 4167 nos-

2387 4211 2493 4289 tri,
2521 4230 2636 4294 per
2674 4231 2836 4295 quos
2879 4212 3195 4294 imagines
3229 4210 3587 4294 corporales
3627 4229 3703 4275 se
3745 4210 3922 4291 inge·

2385 4323 2561 4383 runt.
2608 4318 2830 4384 Pravis
2866 4319 3376 4401 cogitationibus
3411 4337 3545 4384 non
3598 4315 3925 4402 inquinari

2386 4425 2644 4491 mundae
2672 4426 3050 4491 innocentiae
3067 4429 3162 4491 est
3178 4448 3197 4505 ;
3227 4444 3449 4491 rerum
3468 4424 3927 4509 cupiditatibus

2385 4551 2517 4598 non
2543 4535 2766 4613 teneri,
2797 4533 3105 4599 humanae
3134 4534 3392 4600 virtutis
3417 4537 3550 4614 est;
3580 4548 3926 4617 corporum

2383 4641 2780 4723 imaginibus
2805 4660 2939 4707 non
2968 4642 3248 4722 involvi,
3292 4641 3599 4724 angelicae
3626 4639 3929 4724 puritatis

2383 4755 2505 4828 est3
2539 4749 2648 4815 sed
2687 4766 2819 4813 non
2858 4749 2981 4813 nisi
3027 4747 3227 4812 divini
3266 4749 3554 4814 muneris
3594 4752 3699 4813 est
3732 4746 3925 4812 etiam

2381 4861 2732 4939 utrumque
2765 4855 3232 4920 transcendere.
3280 4854 3475 4920 Debet
3513 4872 3680 4936 ergo
3712 4859 3932 4919 sancta

2380 4965 2600 5029 anima
2616 4963 2941 5047 quiescere
2965 4980 3007 5027 a
3032 4962 3422 5043 cogitatione
3444 4962 3717 5042 carnali,
3748 4982 3790 5027 a
3815 4963 3931 5026 sol·

2377 5161 2608 5225 Undith,
2637 5173 2732 5226 111,
2773 5165 2819 5222 6,
2845 5162 2892 5211 Ἰ.
2917 5187 2979 5199 -
3004 5160 3027 5196 ⁸
3053 5163 3206 5226 Greg.
3230 5185 3291 5198 —
3315 5161 3339 5196 ⁹
3360 5161 3567 5221 len-em„
3594 5172 3739 5227 xvir,
3771 5166 3853 5212 21.
3872 5184 3930 5198 -

2376 5235 2418 5269 ¹⁰
2448 5236 2597 5300 Aug„
2630 5234 2813 5285 Enarr.
2844 5234 2898 5283 in
2927 5232 3070 5283 Psal.
3100 5245 3206 5296 xm,
3234 5248 3288 5284 n.
3319 5235 3367 5283 2.
3393 5259 3455 5270 -
3486 5234 3519 5268 ¹¹
3550 5232 3671 5283 isid.

2440 5342 2504 5406 (α)
2543 5341 2657 5405 Leq.
2704 5341 2805 5391 lex.
2846 5367 2911 5378 —
2959 5338 3023 5404 (ὁ)
3062 5340 3177 5404 kq.
3230 5340 3443 5391 sollicite
3489 5340 3574 5391 vel
3613 5340 3836 5392 devote.
3870 5366 3931 5379 —

720 5417 740 5445 ⁴
783 5415 948 5478 Pron„
983 5426 1103 5478 xxi,
1130 5415 1210 5464 28.
1249 5439 1312 5451 -
1352 5415 1375 5449 ⁸
1401 5414 1642 5464 Bernard.
1674 5437 1737 5452 -
1764 5413 1784 5443 ⁸
1819 5414 1956 5474 Luc„
1987 5424 2058 5475 11,
2088 5415 2165 5462 46.
2202 5439 2264 5451 —
2373 5416 2434 5480 (c)
2463 5415 2578 5479 laq.
2608 5413 2820 5478 placeat.
2849 5439 2912 5451 —
2939 5414 3011 5476 (d)
3044 5413 3169 5464 Goet.
3198 5413 3324 5463 edii.
3353 5413 3486 5464 decet
3516 5413 3649 5477 ipsa.
