4059 6317
1260 456 1363 525 DE
1403 458 1473 524 S.
1516 454 1826 524 JACOBO.
1875 452 2141 519 SERMO
2185 453 2234 518 Ι.

154 595 232 654 est
255 596 495 669 accepta
535 596 655 652 Deo
694 610 709 651 ε
750 592 933 652 virtus
970 592 1130 652 enim
1164 592 1330 653 unita
1372 598 1462 653 est
1484 598 1692 670 poten-

152 690 281 762 tior,
309 704 493 765 quam
511 688 726 761 divisa,
751 689 897 763 quia

220 829 452 880 Pluribus
475 828 705 881 intentus
729 829 901 880 minor
928 832 1007 880 est
1033 829 1099 880 ad
1126 828 1326 896 singula
1351 845 1552 881 sensus.

156 975 341 1043 Quare
371 972 607 1032 dilectio
645 973 705 1030 in
745 973 922 1047 plura
948 972 1141 1031 divisa
1165 988 1290 1032 non
1326 976 1520 1047 potest
1565 987 1692 1031 esse

153 1067 396 1139 sincera,
424 1067 520 1125 vel
546 1083 732 1142 pura,
763 1071 820 1125 et
856 1066 994 1125 ideo
1040 1083 1276 1142 semper
1319 1071 1404 1125 est
1443 1066 1575 1124 talis
1602 1064 1694 1123 di-

150 1160 319 1219 lectio
349 1160 659 1219 diminuta.
702 1162 1015 1235 Gregorius
1050 1161 1070 1196 ¹
1102 1180 1116 1219 :
1156 1182 1186 1214 α
1221 1164 1403 1220 Tanto
1440 1160 1693 1235 quisque

150 1270 186 1311 a
213 1254 415 1312 divino
446 1252 523 1329 (a)
550 1270 756 1313 amore
783 1255 1110 1328 seJungitur
1137 1255 1207 1328 (b)
1215 1297 1234 1326 ,
1263 1250 1489 1329 quanto
1515 1252 1579 1311 in
1605 1253 1695 1311 in-

152 1347 463 1406 ferioribus
490 1347 558 1421 (c)
589 1348 932 1407 delectatur.
962 1368 992 1402 ι
1024 1352 1178 1421 Ergo
1207 1347 1313 1422 qui
1347 1347 1476 1405 vult
1510 1351 1694 1405 Deum

153 1442 372 1499 sincere
399 1457 620 1513 amare,
650 1447 848 1516 ipsum
875 1441 1072 1500 solum
1100 1441 1280 1500 debet
1313 1441 1591 1514 diligere,
1639 1444 1698 1498 et

153 1534 270 1593 alia
296 1535 498 1593 omnia
524 1538 768 1610 propter
794 1535 1013 1610 ipsum.
1050 1534 1141 1593 Sic
1169 1534 1330 1593 enim
1368 1551 1505 1592 eum
1531 1536 1693 1607 Mag-

152 1628 364 1687 dalena
407 1630 668 1688 amabat.
716 1630 881 1688 Unde
933 1631 998 1688 in
1037 1645 1294 1704 persona
1334 1630 1462 1703 ejus
1501 1632 1696 1688 cantat

151 1722 407 1781 Ecclesia
458 1720 482 1755 ²
528 1741 545 1781 ε
607 1726 846 1796 Reqnum
898 1724 1091 1781 mzmdi
1118 1768 1134 1790 ,
1178 1727 1306 1800 etc.
1368 1723 1414 1781 0
1472 1727 1693 1810 quanto

150 1832 352 1875 amore
377 1816 672 1890 flagrabat
711 1816 789 1877 ad
821 1816 1134 1888 christum,
1166 1832 1300 1891 quae
1324 1815 1562 1874 nullum
1588 1833 1697 1891 po·

151 1914 295 1970 terat
315 1911 431 1969 sibi
456 1910 725 1973 invenire
743 1909 1045 1981 solatium,
1074 1909 1312 1967 nullum
1336 1910 1449 1967 nisi
1475 1910 1550 1968 de
1571 1910 1695 1985 ipso

149 2005 367 2063 habere
396 2004 706 2077 gaudium,
739 2004 814 2062 de
842 2004 1012 2077 cujus
1037 2019 1242 2061 amore
1267 2003 1352 2062 sic
1380 2003 1547 2062 ebria
1572 2008 1699 2063 erat

153 2103 293 2169 tota,
321 2099 492 2173 quod
516 2114 641 2156 non
665 2098 941 2156 homines
967 2097 1236 2170 curabat,
1262 2113 1373 2156 nec
1400 2097 1563 2172 ipsos
1591 2097 1697 2156 ad·

151 2192 447 2251 vertebat!
481 2195 925 2251 consueverunt
949 2192 1222 2255 homines
1263 2191 1533 2250 oblivisci
1564 2196 1701 2265 post

150 2290 404 2344 mortem
430 2301 555 2344 non
581 2288 812 2343 tantum
838 2285 1189 2357 amicorum,
1216 2285 1323 2344 sed
1348 2286 1524 2344 etiam
1542 2284 1698 2345 filio-

148 2392 304 2436 rum.
336 2378 688 2454 Exemplum
706 2378 784 2436 de
814 2377 1019 2445 David,
1042 2379 1145 2454 qui
1167 2382 1486 2454 postquam
1505 2379 1699 2436 filium

119 2475 456 2530 'mortuum
507 2488 634 2530 esse
676 2471 939 2544 audivit,
988 2472 1184 2530 statim
1226 2472 1513 2544 surrexit,
1556 2473 1698 2531 flere

151 2565 372 2637 omisit,
399 2565 612 2623 faciem
655 2565 828 2636 lavit,
867 2569 926 2624 et
963 2566 1166 2624 cibum
1184 2567 1434 2641 sumpsit
1472 2569 1513 2623 ³.
1545 2570 1698 2640 Ergo

150 2659 366 2731 cogita,
390 2662 683 2734 quantum
710 2659 888 2718 Maria
911 2659 1262 2733 magdalena
1304 2660 1588 2719 dilexerat
1608 2661 1700 2718 vi-

150 2767 317 2823 vum,
343 2768 529 2827 quem
552 2753 636 2811 sic
663 2753 906 2811 amabat
926 2755 1264 2812 mortuum!
1294 2756 1525 2813 Poterat
1541 2754 1701 2812 enim

149 2844 348 2904 dicere
391 2845 547 2905 illud
584 2844 607 2878 ⁸
651 2866 665 2902 ε
716 2866 747 2901 α
787 2846 1124 2905 Fasciculus
1153 2848 1412 2922 myrrhae
1451 2847 1701 2906 dilectus

148 2953 319 2997 meus
348 2938 500 2997 mihi
523 2957 538 2996 z
564 2939 718 2998 inter
755 2940 942 2999 ubera
968 2956 1105 2999 mea
1133 2941 1635 3015 commorabitur3
1665 2962 1694 2998 υ

150 3032 325 3105 quasi
370 3051 386 3089 ε
430 3033 681 3091 Dilectus
719 3049 891 3091 meus
926 3034 1074 3091 mihi
1119 3034 1203 3092 sic
1246 3034 1477 3093 redolet
1525 3036 1703 3093 etiam

149 3130 445 3199 mortuus,
473 3126 622 3185 sicut
647 3127 905 3201 myrrhae
928 3126 1264 3200 fasciculus,
1287 3126 1394 3202 qui
1416 3131 1505 3186 est
1527 3128 1702 3188 valde

151 3218 538 3278 odoriferus:
588 3224 645 3278 et
688 3220 830 3279 ideo
873 3221 1001 3295 eius
1039 3236 1234 3288 amor,
1284 3224 1343 3279 et
1381 3222 1700 3295 memoria,

151 3328 395 3387 semper
420 3314 571 3371 inter
596 3313 787 3372 ubera
809 3328 948 3372 mea
973 3314 1459 3388 commorabitur,
1488 3316 1552 3374 in
1582 3332 1705 3374 me-

152 3405 255 3464 dio
283 3407 546 3481 pectoris
569 3408 711 3479 mei,
730 3407 854 3465 sive
879 3407 946 3465 in
966 3407 1170 3471 medio
1190 3408 1405 3466 cordis.
1430 3412 1527 3468 Est
1542 3409 1705 3467 enim

150 3515 256 3559 cor
315 3501 386 3559 in
437 3501 639 3559 medio
692 3501 967 3560 uberum.
1024 3504 1104 3561 De
1156 3501 1273 3561 hoc
1316 3502 1497 3575 igitur
1539 3506 1703 3562 tanto
1795 3518 1812 3539 ·

148 3610 360 3654 amore
391 3595 518 3667 eius
551 3596 635 3654 sic
664 3595 807 3655 dicit
840 3595 1234 3669 Gregorius‘:
1284 3613 1314 3649 «x
1357 3598 1496 3666 Quae
1538 3597 1705 3672 prius

145 3686 370 3761 frigida
382 3689 691 3763 peccando
704 3693 1088 3762 remanserat,
1101 3689 1486 3764 postmodum
1500 3704 1706 3748 aman-

144 3781 226 3840 do
259 3782 496 3841 fortiter
522 3782 792 3841 ardebat.
822 3783 986 3841 Unde
1014 3783 1210 3843 stabat
1235 3782 1315 3841 ad
1349 3799 1706 3842 monumen-

143 3879 272 3933 tum
299 3875 455 3934 foris
479 3875 744 3950 plorans,
774 3879 832 3935 et
871 3880 1036 3935 tanta
1062 3877 1153 3934 vis
1178 3877 1400 3935 amoris
1440 3892 1575 3935 eam
1602 3893 1703 3935 ac-

143 3968 473 4039 cendebat,
499 3968 666 4044 quod
683 3986 720 4028 a
734 3973 1122 4029 monumento
1149 3970 1382 4029 Domini
1403 3970 1705 4045 discipulis

138 4062 600 4135 recedentibus,
629 4079 755 4122 non
777 4064 1121 4135 recedebat,
1158 4063 1266 4122 sed
1301 4063 1523 4122 amoris
1565 4063 1705 4137 igne

140 4171 459 4228 succensa,
490 4156 640 4229 eius,
667 4173 851 4231 quem
867 4202 874 4209 .
889 4156 1158 4216 ablatum
1200 4157 1502 4229 credebat,
1531 4157 1705 4217 arde-

139 4249 247 4308 bat
295 4249 625 4308 desiderio.
675 4270 710 4307 r
753 4250 870 4309 Sed
918 4252 1054 4326 quis
1091 4250 1274 4309 hodie
1317 4251 1381 4310 in
1428 4253 1579 4312 coelo
1621 4253 1706 4313 sic

139 4348 309 4402 amat
333 4347 689 4417 regnantem
712 4344 777 4402 in
806 4344 1111 4417 omnibus,
1140 4346 1290 4404 sicut
1317 4346 1424 4405 illa
1465 4348 1710 4425 amabat

137 4434 204 4494 in
234 4436 521 4512 sepulcro
545 4439 878 4511 iacentem?
896 4438 1137 4512 Frigida
1154 4455 1332 4514 supra
1347 4440 1550 4499 nivem
1571 4443 1707 4498 sunt

139 4531 335 4589 corda
365 4535 611 4588 nostra:
636 4530 856 4605 frigida
880 4533 1088 4605 verba,
1109 4535 1168 4591 et
1186 4533 1466 4592 universa
1488 4534 1707 4608 frigida

135 4626 280 4681 sunt
328 4639 556 4698 opera,
603 4626 775 4700 quasi
824 4626 944 4684 sint
996 4626 1378 4685 adamantina
1425 4645 1441 4683 z
1494 4626 1707 4686 dicitur

138 4718 333 4791 enim,
366 4718 540 4792 quod
566 4719 814 4778 adamas
839 4719 1010 4778 nullo
1033 4719 1173 4793 igne
1200 4718 1455 4778 calefieri
1491 4723 1703 4793 potest.

134 4813 355 4870 Nonne
400 4827 547 4886 ergo
590 4812 800 4873 durior
829 4815 891 4871 et
919 4812 1192 4886 [rigidior
1231 4817 1322 4872 est
1356 4812 1703 4889 adamante,

134 4905 246 4980 qui
287 4904 504 4965 divino
546 4921 672 4965 non
703 4909 900 4980 potest
939 4906 1198 4966 calefieri
1237 4907 1397 4980 igne,
1443 4910 1503 4964 et
1544 4911 1706 4968 tanta

136 4999 362 5059 Christi
391 5000 476 5059 ad
500 5016 616 5060 nos
634 5000 914 5061 charitate
942 5000 1277 5060 demolliri?
1304 5002 1349 5059 0
1377 5000 1513 5059 duri
1532 5004 1592 5058 et
1614 5002 1705 5060 in-

201 5174 222 5209 ¹
262 5175 522 5238 Gregor„
549 5174 606 5222 in
631 5174 852 5241 Evanq„
885 5175 1029 5226 hom.
1065 5186 1199 5237 xxx,
1227 5186 1281 5224 n.
1310 5178 1360 5224 2.
1392 5200 1453 5212 -
1488 5175 1510 5210 ¹
1537 5173 1702 5242 offic„

133 5255 341 5296 comm.
373 5254 479 5293 nec
505 5244 636 5309 virg.
673 5259 770 5297 nec
804 5252 978 5309 mart„
1009 5259 1244 5310 respons.
1274 5248 1323 5297 Ί.
1353 5271 1414 5284 -
1439 5245 1463 5281 ⁸
1491 5247 1531 5297 ΙΙ
1567 5248 1703 5312 Rea„

130 5326 242 5376 111,
280 5318 368 5367 2⁰.
401 5340 472 5353 ·-
505 5315 525 5345 ⁴
554 5315 729 5382 Cana,
767 5328 813 5379 ι,
851 5322 930 5368 12.
968 5342 1032 5355 --
1065 5318 1085 5348 ⁸
1122 5319 1358 5381 Gregor„
1399 5318 1453 5366 in
1487 5319 1705 5386 Evam„

129 5386 287 5438 hom.
321 5398 458 5450 xxv,
486 5400 543 5437 n.
577 5393 621 5436 ι.
649 5414 708 5426 -
740 5390 760 5420 ⁸
785 5390 922 5441 Psac.
952 5401 1102 5454 xcvi,
1132 5394 1207 5440 ιο.
1239 5414 1294 5426 -
1327 5390 1343 5420 ²
1375 5388 1545 5451 Cant„
1575 5402 1702 5457 vm,

431 5491 587 5542 ΤΟΙ.
628 5493 766 5541 xm.

3221 462 3338 524 577

1806 590 2021 649 sensati
2049 589 2157 648 filii
2183 588 2396 663 Adam,
2422 593 2481 647 et
2513 588 2734 663 frigidi,
2767 606 2920 666 quos
2944 606 3071 650 non
3096 593 3343 668 emollit,

1802 700 1913 743 nec
1939 683 2203 742 incendit
2227 688 2355 742 tam·
2374 683 2582 757 ingens
2603 684 2845 743 flamma
2874 685 3129 745 amoris!

1874 782 2158 849 Quartum
2188 779 2407 837 amoris
2431 778 2674 852 signum-
2692 783 2778 838 est
2796 778 2995 839 fervor
3020 780 3347 840 :emulatio-

1801 873 1916 946 nis,
1945 876 2012 930 ut
2037 872 2222 931 homo
2247 872 2481 931 laboret
2506 872 2678 930 illum
2703 873 2941 947 imitari,
2991 889 3172 948 quem
3209 874 3344 935 dili-

1805 968 1908 1039 git.
1952 967 2197 1039 Signum
2226 971 2331 1039 est,
2379 966 2547 1042 quod
2589 966 2772 1026 modo
2817 966 3029 1041 diligat
3055 970 3258 1039 Deum,
3297 970 3348 1028 si

1805 1059 1972 1118 odiat
2025 1076 2205 1118 omne
2246 1060 2473 1118 malum
2513 1063 2631 1120 Deo
2670 1061 3031 1120 contrarium
3049 1105 3068 1135 ,
3112 1066 3171 1121 et
3214 1062 3349 1121 dili-

1806 1156 1907 1227 gat
1933 1170 2113 1212 omne
2141 1154 2394 1213 bonum.
2443 1155 2586 1213 Hinc
2620 1155 2885 1214 Psalmus
2912 1157 2975 1214 ⁸:
3013 1175 3043 1211 ι(
3076 1156 3187 1225 Qui
3215 1156 3353 1214 dili-

1806 1246 1941 1320 gitis
1970 1247 2310 1321 Dominum,
2351 1248 2510 1308 odite
2536 1248 2785 1308 malum.
2815 1268 2845 1303 1·
2876 1249 3148 1308 Naturale
3193 1249 3353 1308 enim

1806 1344 1915 1411 est,
1942 1344 2006 1399 ut
2027 1342 2132 1416 qui
2158 1342 2483 1401 delectatur
2506 1343 2570 1400 in
2597 1343 2825 1419 aliquo,
2844 1345 3178 1403 necessario
3207 1359 3351 1403 con-

1780 1435 2058 1493 tristetur
2084 1435 2148 1493 in
2174 1437 2302 1508 ejus
2341 1437 2657 1496 contrario.
2702 1437 2866 1496 Unde
2906 1441 3130 1512 gustus,
3157 1437 3352 1513 quiin

1807 1528 1969 1586 dulci
1991 1529 2334 1602 delectatur,
2352 1530 2416 1588 in
2434 1547 2639 1590 amaro
2654 1531 2956 1605 turbatur;
2989 1536 3047 1591 et
3067 1533 3172 1607 qui
3193 1536 3356 1592 amat

1805 1623 2138 1694 sanitatem,
2160 1623 2308 1697 fugit
2326 1629 2382 1682 et
2408 1624 2728 1684 detestatur
2750 1626 3168 1686 infirmitatem.
3199 1630 3352 1701 Ergo

1807 1716 1911 1790 qui
1939 1715 2136 1789 diligit
2170 1717 2520 1789 Dominum,
2551 1719 2766 1793 refugit
2803 1720 3034 1778 malum
3066 1739 3082 1779 ε
3116 1740 3147 1775 α
3188 1720 3353 1791 fortis

1806 1809 1968 1867 enim
2008 1815 2121 1883 est,
2159 1814 2228 1869 ut
2268 1827 2463 1884 mors,
2503 1811 2761 1884 dilectio,
2801 1834 2831 1869 r
2871 1813 3023 1872 sicut
3058 1813 3270 1873 dicitur
3296 1815 3319 1851 '¹
3329 1834 3349 1886 3

1806 1904 1951 1978 quia
1978 1902 2131 1962 sicut
2155 1920 2319 1963 mors
2343 1910 2578 1980 separat
2601 1905 2864 1964 animam
2883 1924 2920 1966 a
2947 1923 3199 1983 corpore
3218 1922 3351 1981 suo,

1806 1997 1891 2055 sic
1918 1996 2184 2071 quivere
2213 1997 2427 2071 diligit,
2466 1998 2690 2057 recedit
2717 2000 2794 2058 ab
2839 2001 3003 2060 omni
3046 2018 3142 2074 eo,
3184 2001 3353 2077 quod

1806 2091 1993 2164 possit
2017 2089 2331 2165 displicere
2352 2092 2587 2152 dilecto.
2610 2093 2789 2152 Maria
2814 2094 3163 2168 magdalena
3185 2110 3351 2169 ergo,

1808 2200 1943 2259 quae
1966 2184 2222 2243 multum
2246 2186 2562 2245 Dominum
2576 2189 2816 2261 amavit,
2838 2205 2975 2247 cum
2998 2188 3202 2248 fuisset
3226 2190 3352 2250 fllia

1805 2279 1998 2352 regiS,
2033 2279 2182 2337 sicut
2214 2279 2459 2338 historia
2502 2281 2737 2339 Marthae
2782 2281 2924 2341 dicit
2963 2284 3134 2358 (nam
3174 2283 3352 2345 Maria

1807 2371 2155 2444 Magdalena
2180 2376 2435 2432 castrum
2462 2374 2672 2433 habuit
2698 2391 2770 2434 ex
2791 2379 2958 2450 parte
2985 2376 3230 2451 matris),
3257 2393 3350 2436 re-

1808 2481 1996 2539 gnum
2021 2482 2200 2525 omne
2230 2469 2606 2543 contempsit,
2647 2472 2705 2527 et
2740 2484 2947 2528 omnes
2978 2469 3170 2529 carnis
3204 2469 3351 2529 deli-

1810 2560 1932 2619 cias
1970 2559 2318 2635 dereliquit,
2363 2565 2419 2619 et
2454 2561 2753 2637 quidquid
2791 2563 2939 2621 scire
2992 2564 3185 2640 potuit
3226 2581 3351 2625 esse

1811 2654 2171 2712 contrarium
2214 2655 2459 2714 Christo.
2503 2658 2734 2715 Poterat
2771 2656 2966 2717 dicere
3002 2657 3156 2716 illud
3200 2661 3350 2717 Hat-

1810 2750 1942 2805 thaez·
1966 2750 1989 2784 ⁸
2011 2767 2026 2806 ε
2049 2771 2077 2800 α
2105 2748 2372 2821 Domine,
2399 2766 2615 2825 sequar
2640 2754 2696 2809 te
2724 2767 3104 2827 quocumque
3129 2752 3286 2812 ieris.
3316 2774 3346 2809 ιι

1809 2842 1923 2899 Sed
1946 2858 2082 2916 quoe
2121 2842 2303 2901 hodie
2342 2844 2543 2902 anima
2567 2842 2688 2903 fide
2724 2845 2931 2927 Christi
2971 2845 3350 2921 desponsata,

1811 2934 2018 2993 Christi
2071 2936 2359 3010 sanguine
2394 2938 2722 3012 redempta,
2764 2938 2974 2997 Christi
3018 2940 3352 3000 misericor-

1811 3029 1915 3088 dia
1961 3030 2325 3104 gubernata‚
2351 3031 2437 3090 sic
2460 3032 2726 3107 sequitur
2751 3048 3038 3107 sponsum
3061 3052 3257 3109 suum,
3288 3040 3355 3095 ut

1808 3123 2196 3197 Magdalena?

2298 3313 2398 3389 DE
2445 3314 2510 3390 S.
2560 3314 2861 3390 JACOBO.
2924 3310 2933 3317 ’

2210 3473 2517 3536 SERMO
2582 3475 2961 3537 PRIMUS.

1883 3597 2124 3654 Dilectus
2167 3599 2276 3655 Deo
2320 3603 2371 3655 et
2410 3599 2709 3656 hominibus
2761 3601 3003 3672 Moyses,
3051 3600 3205 3673 cuius
3247 3617 3357 3659 me-

1811 3693 1989 3747 moria
2027 3695 2091 3747 in
2133 3691 2495 3749 benedictione
2541 3698 2619 3750 est
2665 3693 2705 3750 ’.
2754 3695 2926 3751 Recte
2970 3709 3080 3768 per
3119 3696 3358 3769 Moysen

1810 3782 2020 3842 beatus
2071 3784 2326 3842 lacobus
2364 3784 2737 3859 intelligitur,
2786 3787 2931 3861 quia
2985 3792 3230 3862 uterque
3283 3804 3359 3847 ex

1812 3876 1985 3951 aquis
2011 3882 2303 3952 sumptuS,
2331 3880 2475 3953 quia
2511 3884 2759 3954 uterque
2796 3881 2860 3937 in
2886 3880 3079 3939 fllium
3112 3882 3358 3958 adopta-

1810 3973 1923 4028 tus.
1971 3972 2087 4030 Sed
2116 3976 2344 4047 Moyses
2385 3989 2421 4031 a
2462 3972 2589 4032 filia
2628 3974 2978 4046 Pharaonis,
3023 3975 3278 4034 Iacobus
3320 3992 3359 4035 a

1814 4064 2018 4123 divina
2059 4066 2356 4140 Sapientia
2388 4085 2402 4123 ε
2443 4068 2588 4142 quia
2621 4070 2869 4141 uterque
2907 4071 3251 4143 AEgyptum,
3292 4068 3358 4128 id

1813 4162 1920 4230 est,
1946 4159 2245 4218 mundum
2279 4160 2590 4235 dereliquit
2600 4179 2620 4234 ;
2667 4164 2726 4220 et
2760 4162 2904 4236 quia
2941 4167 3191 4237 uterque
3233 4163 3359 4223 dux

1814 4251 2102 4311 dominici
2128 4253 2339 4328 populi
2373 4252 2560 4312 factus
2582 4253 2714 4312 fuit.
2752 4255 2934 4314 Plana
2962 4259 3099 4314 sunt
3131 4257 3270 4330 ista,
3308 4257 3359 4316 si

1813 4346 1949 4420 quis
1975 4345 2136 4419 legat
2154 4364 2287 4421 quae
2305 4346 2379 4404 de
2404 4349 2601 4422 Moyse
2631 4351 2690 4406 et
2704 4349 2929 4408 Iacobo
2956 4350 3114 4410 dicta
3143 4350 3358 4409 suntin

1813 4440 2103 4515 scriptura
2130 4440 2317 4499 Exodi
2343 4440 2388 4477 ¹⁹
2412 4443 2569 4499 etad
2596 4442 2848 4501 Hebroeos
2876 4447 2921 4482 ¹²
2951 4443 3028 4503 de
3056 4448 3274 4521 Moyse,
3302 4447 3360 4504 et

1810 4535 2038 4593 Iacobo
2063 4534 2125 4592 in
2148 4535 2478 4607 Evangeliis
2503 4533 2569 4593 ¹².

1883 4632 1981 4690 Est
2007 4646 2153 4704 ergo
2176 4631 2531 4703 notandum,
2560 4623 2731 4706 'quod
2747 4637 2958 4708 proeter
2981 4632 3086 4692 illa
3104 4637 3360 4707 quatuor

1812 4724 2004 4797 signa,
2036 4740 2171 4799 quae
2204 4740 2385 4800 supra
2424 4725 2549 4784 dixi
2588 4725 2652 4783 in
2703 4742 2977 4786 sermone
3007 4726 3083 4785 de
3117 4726 3359 4800 Magda-

1812 4818 1971 4889 lena,
2000 4818 2130 4876 hoec
2157 4823 2413 4893 quatuor
2439 4818 2556 4877 alia
2591 4823 2728 4878 sunt
2750 4821 2963 4895 posita,
2989 4823 3048 4878 et
3073 4836 3206 4895 qum
3223 4826 3360 4880 sunt

1813 4912 2196 4971 dilectionem
2223 4911 2581 4987 probantia:
2612 4917 2701 4972 est
2725 4913 2882 4973 enim
2906 4914 3207 4973 bonorum
3233 4931 3358 4974 om·

1811 5093 1861 5140 6.
1908 5114 1974 5127 -·
2015 5088 2039 5124 ⁸
2082 5087 2284 5149 Matth„
2330 5099 2467 5152 vm,
2514 5092 2594 5140 19.
2639 5115 2704 5127 —
2743 5089 2769 5125 θ
2817 5087 2996 5146 Εσειί..
3040 5100 3164 5152 ην,
3206 5092 3255 5141 1.
3296 5115 3357 5130 --

1814 5161 1861 5196 1·
1896 5159 2076 5218 Exod„
2108 5172 2165 5209 11.
2197 5186 2252 5196 —
2288 5160 2329 5194 ¹¹
2360 5160 2528 5221 Helm,
2557 5162 2749 5229 11323.
2776 5185 2839 5198 —
2870 5162 2914 5195 ¹²
2938 5161 3142 5223 matth„
3168 5173 3242 5226 iv,
3268 5164 3358 5227 213

1812 5232 1996 5293 Marc„
2035 5243 2070 5295 t,
2097 5234 2189 5295 2⁰3
2217 5232 2352 5292 Luc„
2376 5242 2426 5295 v,
2458 5235 2532 5283 tt.

1807 5321 2140 5444 mfflutgreq.
2165 5334 2471 5386 superno.—
2492 5319 2561 5385 (ὁ)
2588 5322 2706 5370 Item
2729 5320 3048 5386 disjungitur.
3067 5346 3133 5359 -·
3155 5322 3217 5388 (c)
3239 5323 3359 5373 Item

3034 5486 3112 5547 37
