4059 6317
1032 508 1115 575 lN
1155 507 1287 574 DIE
1328 505 1634 574 SANGTO
1674 501 2245 573 PENTECOSTES.
2294 503 2558 571 SERMO
2601 505 2704 572 IX.

273 643 673 714 latitudinem
707 641 890 709 utilis
924 641 1386 709 benevolentias
1420 641 1492 706 in
1539 640 1769 706 affectu
1788 688 1806 720 ,

275 755 490 818 contra
514 750 981 832 malignitatem
998 748 1282 814 invidiae.
1305 747 1486 812 Unde
1502 746 1732 812 dicitur
1746 746 1766 782 ¹
1787 768 1805 811 t

284 879 314 919 α
339 859 628 924 Charitas
654 858 765 923 Dei
787 856 1021 923 diffusa
1046 860 1144 921 est
1167 855 1238 921 in
1255 854 1555 920 cordibus
1574 853 1812 918 nostris

272 983 386 1048 per
409 963 725 1049 Spiritum
739 967 1030 1030 sanetum
1045 1012 1063 1043 ‚
1085 962 1197 1046 qui
1214 962 1399 1027 datus
1416 963 1515 1026 est
1535 960 1747 1025 nobis.
1768 981 1799 1019 n

272 1069 662 1138 Diffunditur
687 1076 902 1137 autem
931 1071 1206 1137 charitas
1239 1069 1307 1133 in
1335 1086 1445 1134 cor
1474 1071 1765 1133 nostrum
1786 1115 1809 1147 ,

273 1178 529 1262 quando
551 1198 736 1244 amor
752 1197 884 1245 non
910 1178 1120 1244 solum
1147 1195 1233 1243 ex
1252 1175 1566 1260 superiori
1592 1192 1812 1258 super-

272 1285 418 1351 ficie
428 1335 452 1368 ,
479 1286 591 1351 sed
632 1304 717 1351 ex
740 1286 983 1351 intimis
1021 1283 1321 1351 medullis
1348 1283 1553 1348 cordis
1592 1299 1815 1365 proce-

273 1391 431 1466 dens
456 1393 677 1458 dilatat
699 1392 1001 1458 affectum
1025 1391 1369 1457 mundum.
1417 1388 1658 1455 Diffusa
1694 1389 1816 1453 fuit

271 1499 549 1566 charitas
563 1499 1018 1585 apostolorum,
1035 1498 1150 1583 qui
1167 1516 1287 1582 pro
1300 1498 1502 1563 salute
1520 1495 1813 1563 omnium

272 1608 619 1674 electorum
644 1608 891 1672 animas
918 1623 1071 1671 suas
1101 1605 1296 1671 morti
1322 1622 1474 1670 cum
1502 1604 1813 1670 desiderio

271 1715 692 1782 tradiderunt.
725 1714 851 1781 Sed
880 1714 1189 1799 quoniam
1214 1711 1564 1779 abundavit
1588 1712 1816 1795 iniqui-

270 1824 370 1887 tas
391 1871 410 1905 ,
456 1823 759 1906 refriguit
803 1822 940 1888 sive
982 1821 1188 1904 tepuit
1235 1819 1511 1885 ebaritas
1572 1819 1812 1884 multo·

272 1947 463 1997 rum:
494 1929 637 1996 ideo
662 1928 1004 2013 Apostolus
1032 1930 1330 1994 hortatur
1357 1945 1476 1991 nos
1502 1926 1584 1991 ad
1609 1926 1815 1992 fervo·

272 2053 412 2102 rem
439 2040 686 2103 mutuae
712 2035 1066 2102 dilectionis
1080 2084 1098 2115 ‚
1128 2053 1280 2100 cum
1316 2034 1472 2099 dicit
1492 2035 1560 2098 ²:
1592 2055 1625 2094 c
1652 2031 1813 2098 Cha-

272 2143 461 2209 ritate
482 2143 871 2210 infirmitatis
892 2143 1168 2208 invicem
1187 2140 1549 2223 diligentes,
1573 2141 1816 2206 honore

274 2248 551 2316 invieem
581 2250 1046 2334 praevenientes
1068 2298 1088 2329 ‚
1118 2247 1541 2315 sollicitudine
1566 2266 1697 2314 non
1723 2247 1816 2332 pi-

278 2357 405 2439 gri,
438 2358 673 2441 spiritu
702 2359 1016 2424 ferventes
1029 2406 1047 2438 ‚
1078 2357 1350 2422 Domino
1377 2356 1747 2422 servientes.
1774 2377 1806 2416 n

353 2463 567 2532 Tertio
584 2514 604 2546 ,
633 2466 786 2550 quia
810 2466 880 2531 in
906 2465 1147 2551 Spiritu
1173 2471 1392 2530 sancto
1418 2468 1517 2531 est
1562 2465 1817 2549 insupe-

274 2571 493 2637 rabilis
532 2575 807 2657 potestas
832 2620 858 2653 ,
912 2573 1054 2638 ideo
1097 2575 1396 2653 operatur
1453 2572 1815 2638 facultatem

273 2679 525 2762 vigoris
553 2682 620 2744 et
643 2680 1014 2746 constantiae
1038 2680 1109 2745 iu
1136 2680 1366 2745 effectu
1382 2728 1400 2762 ,
1445 2684 1667 2746 contra
1702 2681 1816 2746 de-

275 2785 587 2852 bilitatem
634 2786 1050 2871 impotentiae.
1104 2785 1282 2852 Unde
1307 2786 1331 2823 ⁸
1362 2808 1379 2850 ε
1419 2809 1452 2847 α
1478 2786 1816 2870 Accipietis

274 2894 582 2960 virtutem
628 2895 1133 2979 supervenientis
1176 2893 1449 2979 Spiritus
1496 2896 1701 2960 sancti
1744 2895 1817 2960 in

274 3018 413 3081 vos,
444 3005 511 3066 et
538 3001 618 3085 (a)
650 3002 827 3067 eritis
852 3002 1015 3067 mihi
1038 3006 1249 3068 testes.
1279 3024 1312 3063 n
1343 3002 1653 3068 Dominus
1687 3022 1813 3069 no-

275 3110 407 3174 ster
448 3108 631 3175 Jesus
671 3110 954 3175 Christus
975 3156 993 3190 ,
1037 3111 1294 3175 mittens
1339 3110 1655 3195 apostolos
1693 3129 1818 3195 pu-

277 3219 591 3297 gnaturos
633 3221 854 3281 contra
892 3216 1260 3283 violentiam
1288 3222 1711 3301 tyrannorum
1752 3222 1818 3283 et

275 3323 579 3388 astutiam
596 3321 990 3403 daemonum,
1012 3324 1219 3390 voluit
1244 3342 1355 3390 eos
1368 3325 1577 3407 primo
1605 3325 1812 3405 donis,

274 3430 414 3495 sive
452 3429 651 3494 armis
686 3430 1127 3514 spiritualibus
1154 3432 1407 3497 munire
1432 3479 1455 3511 ‚
1485 3436 1549 3497 et
1573 3433 1815 3498 virtute

275 3535 554 3620 Spiritus
580 3538 781 3603 sancti
822 3538 1254 3605 corroborare.
1295 3538 1377 3605 Et
1409 3543 1668 3624 propter
1691 3540 1816 3605 hoc

275 3642 510 3709 dicitur
534 3644 606 3709 in
632 3643 885 3710 Psalmo
916 3644 938 3681 ⁶
965 3667 981 3710 ε
1025 3668 1057 3708 α
1084 3644 1327 3730 Spiritu
1355 3646 1484 3710 oris
1509 3649 1650 3730 ejus
1671 3665 1815 3713 om·-

274 3751 381 3816 nis
406 3752 618 3819 virtus
643 3744 892 3820 eorum.
916 3776 949 3815 1>
971 3752 1151 3820 Unde
1177 3752 1597 3837 Gregorius⁸z
1628 3777 1661 3817 α
1684 3754 1818 3822 Coe-

274 3857 492 3926 lorum
532 3859 742 3927 virtus
783 3862 861 3926 de
905 3858 1150 3945 Spiritu
1191 3864 1451 3944 sumpta
1488 3865 1618 3943 est,
1662 3863 1815 3946 quia

276 3968 506 4034 mundi
566 3968 765 4052 huius
829 3968 1243 4052 potestatibus
1302 3969 1616 4035 contraire
1679 3988 1814 4035 non

274 4079 737 4159 praesumerent
759 4124 776 4157 ,
807 4074 933 4139 nisi
958 4092 1066 4140 eos
1092 4073 1363 4160 Spiritus
1388 4077 1590 4142 sancti
1630 4076 1813 4143 forti-

272 4183 429 4249 tudo
457 4182 813 4249 solidasset.
841 4202 874 4241 ι

366 4287 661 4356 Secundo
727 4287 1104 4354 describitur
1178 4287 1337 4354 illud
1419 4288 1810 4357 beneficium

270 4400 589 4479 quantum
632 4395 711 4460 ad
755 4395 1118 4477 subjectum
1164 4395 1563 4478 receptivum
1579 4444 1601 4476 ‚
1658 4414 1808 4462 cum

269 4503 532 4570 subdit:
569 4503 786 4570 Goelos.
835 4500 958 4567 Per
1003 4500 1199 4566 coelos
1239 4520 1520 4587 namque
1534 4550 1557 4583 ‚
1608 4509 1813 4570 meta-

269 4611 530 4694 phorice
568 4609 919 4695 loquendo,
966 4610 1213 4674 ratione
1257 4611 1717 4676 convenientiae
1744 4616 1809 4677 et

268 4718 707 4785 similitudinis
732 4718 802 4782 in
842 4716 1074 4783 effectu
1083 4764 1108 4798 ,
1158 4717 1427 4800 apostoli
1462 4717 1813 4800 designan-

268 4828 381 4891 tur
427 4848 447 4890 t
488 4844 646 4891 nam
690 4825 901 4910 primo
944 4823 1089 4889 coeli
1128 4823 1368 4889 habent
1404 4826 1811 4907 spectabilem

267 4932 720 5017 refulgentiam
747 4932 1102 5011 luminum;
1132 4932 1409 4998 secundo
1439 4932 1677 4999 habent
1716 4936 1808 5000 ef-

266 5041 530 5109 ficacem
554 5041 1038 5107 influentiarum
1063 5039 1550 5107 redundantiam
1562 5064 1580 5122 ;
1623 5045 1812 5111 tertio

269 5149 619 5216 terribilem
665 5149 1004 5232 signorm
1043 5154 1108 5214 et
1146 5147 1591 5233 prodigiorum
1626 5168 1811 5218 reso-

270 5258 588 5324 nuntiam.

337 5419 354 5451 ¹
382 5421 543 5484 Rom„
573 5434 629 5485 v,
656 5423 706 5472 5.
736 5443 794 5460 -
821 5420 843 5451 ²
866 5420 1024 5485 Rom„
1052 5429 1158 5484 ιιι,
1190 5420 1360 5471 io-u.
1389 5445 1452 5459 —
1477 5418 1503 5456 ⁸
1525 5422 1660 5486 Act„
1691 5432 1731 5485 1,
1757 5422 1809 5473 8.

272 5490 294 5525 ⁴
327 5491 468 5548 Pul.
493 5503 680 5559 xxxu,
710 5493 760 5546 6.
786 5517 852 5532 —
889 5493 909 5524 ⁸
944 5493 1122 5557 areg„
1160 5492 1217 5542 in
1251 5490 1467 5556 amq..
1497 5489 1642 5546 hom.
1677 5504 1809 5560 xxx,

1998 638 2279 722 Apostoli
2304 657 2586 723 namque
2614 639 2826 724 primo
2862 640 3101 705 habent
3137 641 3457 709 efficacem

1919 745 2407 811 redundantiam
2449 747 2768 812 bonorum
2819 747 3350 814 documentorum
3390 750 3458 813 in

1920 852 2367 935 praedieatione
2380 901 2398 933 ‚
2428 857 2493 919 et
2522 854 2742 918 hocin
2785 853 3050 937 signum
3079 855 3458 939 perspicaci-

1920 960 2069 1023 tatis
2081 958 2540 1042 intelligentiae.
2563 959 2742 1026 Unde
2764 961 2833 1025 in
2853 959 3103 1027 Psalmo
3128 967 3153 1005 ⁸
3174 981 3193 1027 z
3220 985 3252 1023 α
3268 961 3463 1028 Terra

1921 1071 2099 1132 mota
2122 1069 2251 1147 est,
2288 1067 2527 1132 etenim
2560 1069 2705 1133 coeli
2732 1068 3201 1136 distillaverunt
3229 1088 3269 1135 a
3302 1070 3462 1135 faeie

1921 1172 2035 1239 Dei
2061 1172 2261 1240 Sinai.
2288 1196 2321 1235 n
2353 1173 2675 1242 Hodierna
2700 1194 2983 1260 namque
3009 1177 3111 1242 die
3154 1181 3327 1242 terra
3346 1224 3365 1256 ‚
3396 1177 3461 1243 id

1921 1284 2020 1345 est
2045 1282 2281 1347 terreni
2305 1285 2366 1348 et
2393 1287 2751 1365 peccatores
2769 1332 2791 1364 ‚
2819 1288 2993 1349 mota
3019 1288 3114 1349 est
3142 1284 3224 1349 ad
3249 1283 3458 1369 poeni-

1921 1388 2188 1454 tentiam
2208 1437 2226 1466 ‚
2251 1390 2405 1473 quia
2430 1390 2573 1455 coeli
2592 1438 2613 1470 ,
2644 1391 2709 1456 id
2735 1394 2831 1456 est
2864 1392 3163 1475 apostoli,
3194 1392 3458 1457 distilla-
3575 1425 3580 1432 ·

1921 1500 2162 1562 verunt
2202 1515 2417 1563 rorem
2460 1498 2832 1565 divinorum
2886 1498 3287 1583 eloquiorum
3330 1521 3347 1565 t
3396 1506 3461 1566 et

1920 1601 2046 1667 hoc
2069 1620 2114 1670 a
2136 1604 2304 1685 facie
2331 1606 2473 1685 Dei,
2503 1605 2620 1689 qui
2646 1624 2777 1671 non
2795 1624 2834 1671 a
2859 1606 3104 1690 seipsis,
3137 1607 3246 1672 sed
3265 1626 3307 1671 a
3333 1607 3459 1674 Deo

1921 1708 2290 1776 habuerunt
2306 1760 2326 1792 ,
2376 1731 2417 1777 a
2465 1731 2596 1796 quo
2649 1731 2840 1779 omne
2893 1713 3164 1779 bonum.
3223 1713 3300 1779 Et
3341 1714 3464 1779 ista

1921 1817 2232 1901 expositio
2275 1818 2525 1886 elicitur
2562 1838 2646 1885 ex
2684 1820 2923 1887 Glossa.
2965 1821 3268 1886 Similiter
3309 1822 3463 1887 alibi

1921 1924 2157 1989 dicitur
2188 1926 2258 1991 in
2287 1925 2537 1992 Psalmo
2571 1935 2595 1971 ⁷
2643 1950 2659 1994 ε
2709 1952 2742 1991 α
2780 1928 2932 1995 Coeli
2972 1936 3270 1995 enarrant
3317 1930 3460 2013 glo-

1921 2030 2089 2096 riam
2132 2031 2242 2098 Dei
2291 2054 2308 2099 t
2353 2055 2386 2094 ι»
2438 2037 2749 2101 aeternam
2789 2036 2927 2102 sine
2977 2037 3358 2122 incoeptione
3401 2041 3466 2104 et

1921 2139 2369 2205 terminatione
2385 2189 2407 2221 ‚
2467 2141 2538 2205 in
2610 2143 3086 2223 incarnatione;
3155 2162 3463 2227 magnam

1921 2243 2066 2309 sine
2099 2245 2521 2313 diminutione
2535 2296 2555 2329 ,
2585 2249 2656 2313 in
2691 2250 2983 2332 passione
2999 2300 3017 2332 ‚
3059 2254 3124 2315 et
3162 2252 3463 2317 suavissi-

1922 2368 2099 2416 mam
2117 2352 2257 2418 sine
2275 2353 2684 2434 fastiditione,
2711 2355 2780 2420 in
2805 2354 3081 2440 Spiritus
3098 2359 3296 2424 sancti
3320 2360 3469 2425 mis-

1922 2476 2123 2525 slone.

2004 2566 2300 2634 Secundo
2325 2567 2692 2634 habuerunt
2708 2570 3118 2653 spectabilem
3143 2573 3466 2657 refulgen-

1923 2673 2080 2738 tiam
2125 2693 2380 2740 morum
2423 2679 2486 2740 et
2521 2677 2964 2759 exemplorum
3013 2678 3082 2742 in
3122 2697 3462 2746 conversa-

1878 2800 1887 2808 ·
1921 2781 2096 2847 tione
2110 2829 2132 2861 ,
2162 2785 2227 2847 et
2265 2781 2389 2848 hoc
2429 2782 2500 2847 in
2524 2783 2794 2865 signum
2821 2784 3146 2851 charitatis
3171 2792 3237 2852 et
3267 2788 3462 2855 bene-

1920 2890 2245 2957 valentias.
2291 2890 2468 2957 Unde
2493 2891 2518 2927 ⁸
2548 2910 2567 2956 ε
2604 2915 2635 2954 α
2656 2891 2796 2975 Ego
2843 2892 2962 2957 feci
3005 2895 3076 2958 in
3127 2895 3305 2961 coelis
3322 2943 3345 2977 ‚
3390 2901 3466 2963 ut

1923 2997 2202 3062 oriretur
2240 2996 2464 3063 lumen
2510 2997 2897 3064 indeficiens.
2933 3020 2965 3061 n
2990 2997 3269 3066 Honesta
3314 3019 3465 3067 con-

1920 3106 2202 3170 versatio
2228 3105 2662 3188 apostolorum
2707 3107 2967 3173 nomine
2993 3107 3263 3174 coelestis
3308 3109 3462 3174 boni

1920 3212 2298 3294 refulgentis
2324 3214 2696 3298 appellatur,
2725 3233 2803 3280 eo
2837 3216 3010 3300 quod
3048 3216 3213 3283 sicut
3240 3216 3462 3282 lumen

1922 3318 2175 3385 coeleste
2209 3326 2305 3385 est
2332 3320 2416 3385 ab
2455 3321 2637 3386 omni
2683 3320 3042 3388 faeculentia
3081 3323 3461 3407 impermix-

1920 3429 2087 3506 tum‚
2119 3429 2184 3492 et
2208 3427 2655 3493 terrestreitate
2682 3434 3071 3511 separatum,
3098 3433 3174 3496 ut
3197 3449 3313 3515 per
3337 3432 3461 3498 hoc

1921 3533 2157 3599 clarius
2204 3533 2526 3599 illuminet
2569 3534 2945 3602 universum
2965 3584 2983 3618 ‚
3042 3538 3132 3603 sic
3193 3539 3460 3605 coelestis

1919 3642 2317 3709 conversatio
2345 3642 2776 3725 apostolorum
2813 3649 2950 3710 erat
2990 3644 3072 3710 ab
3114 3645 3340 3712 ardore
3377 3646 3457 3712 li-

1918 3752 2154 3819 bidinis
2190 3757 2254 3819 et
2279 3754 2502 3819 foetore
2527 3754 2911 3820 carnalitatis
2936 3760 3347 3840 sequestrata.
3380 3757 3459 3824 Et

1917 3863 2178 3944 propter
2199 3859 2324 3926 hoc
2344 3860 2610 3926 faciliter
2625 3868 2982 3945 wecatores
3006 3866 3069 3928 et
3084 3865 3456 3931 tenebrosos

1917 3968 1998 4034 ad
2025 3985 2313 4034 amorem
2341 3967 2453 4033 Dei
2495 3973 2562 4033 et
2585 3968 2803 4034 lumen
2832 3968 2980 4035 fidei
3012 3971 3455 4053 attrahebant,

1918 4094 1996 4141 eo
2046 4077 2218 4160 quod
2250 4076 2397 4160 plus
2438 4080 2657 4143 movet
2684 4079 3054 4163 exemplum
3096 4099 3292 4164 quam
3319 4100 3459 4147 ver-

1916 4184 2099 4251 bum.
2156 4185 2319 4251 Nam
2381 4203 2463 4251 ex
2532 4186 2941 4251 assuetudine
3001 4185 3266 4253 visionis
3330 4189 3453 4254 viri

1916 4290 2149 4372 sancti,
2183 4310 2314 4359 usu
2337 4287 2721 4372 locutionis,
2769 4295 2844 4357 et
2861 4292 3155 4377 exemplo
3198 4295 3409 4377 operis
3429 4343 3450 4377 ,

1916 4397 2142 4482 accipit
2164 4398 2361 4463 homo
2388 4402 2464 4464 ut
2497 4399 2875 4465 accendatur
2906 4400 2988 4465 ad
3024 4418 3310 4467 amorem
3335 4404 3454 4468 bo-

1917 4504 2163 4582 nitatis,
2201 4508 2266 4569 et
2289 4503 2690 4571 illuminetur
2727 4505 2976 4571 lumine
3017 4507 3324 4573 veritatis.
3376 4511 3458 4575 Et

1916 4616 2176 4696 propter
2198 4612 2325 4677 hoc
2349 4616 2552 4695 potest
2576 4612 2700 4677 dici
2725 4612 2805 4678 de
2833 4614 2926 4678 eis
2950 4613 3109 4680 illud
3137 4619 3200 4679 ⁹:
3242 4638 3274 4678 α
3299 4615 3458 4682 Gon-

1914 4720 2086 4803 spice
2112 4719 2186 4803 (b)
2217 4720 2476 4800 coelum,
2493 4741 2527 4780 n
2549 4719 2615 4785 id
2634 4723 2732 4784 est
2754 4721 3172 4803 apostolicum
3193 4727 3454 4804 coetum,

1925 4849 1958 4887 α
1982 4832 2048 4892 et
2061 4844 2330 4892 numera
2356 4826 2570 4891 stellas
2588 4829 2728 4911 ejus
2746 4875 2763 4908 ,
2781 4849 2812 4887 n
2845 4827 2911 4893 id
2929 4832 3028 4893 est
3046 4830 3288 4911 gratias
3312 4849 3455 4915 sep-

1915 4934 2203 4998 tiformes
2215 4979 2238 5013 ‚
2267 4932 2435 4998 dona
2455 4939 2520 4997 et
2544 4933 2966 4999 beatitudines
2979 4982 2997 5013 ‚
3026 4936 3267 5019 quibus
3290 4937 3460 5003 luce·

1916 5039 2075 5105 bant
2104 5041 2154 5077 ¹⁰
2186 5063 2220 5103 α
2246 5044 2558 5125 tanquam
2602 5041 2947 5109 luminaria
3000 5043 3072 5108 in
3118 5044 3389 5127 mundo,
3417 5068 3450 5107 ι

1916 5148 2287 5233 exemplum
2315 5148 2464 5216 vitae
2505 5149 2900 5216 continentes
2930 5171 2947 5216 ε
2977 5154 3041 5217 et
3067 5151 3315 5218 videbis
3356 5171 3459 5219 ra·

1820 5313 1825 5318 ’
1916 5320 1997 5372 st.
2017 5342 2076 5357 -
2103 5318 2127 5355 ⁸
2150 5316 2291 5372 Paul.
2313 5329 2487 5384 nvn,
2510 5321 2560 5371 9.
2580 5345 2644 5358 -
2670 5317 2690 5352 ”
2716 5317 2857 5372 psat.
2884 5330 3036 5385 mn,
3062 5323 3115 5372 2.
3144 5347 3206 5360 —
3233 5324 3255 5355 ⁸
3274 5322 3457 5394 eccli„

1916 5402 2064 5457 xxiv,
2090 5394 2141 5444 Β.
2167 5417 2232 5431 -
2256 5392 2276 5423 ⁰
2307 5391 2454 5457 Gen„
2478 5402 2568 5457 n,
2594 5392 2737 5443 δε-
2758 5391 2802 5428 ¹⁰
2826 5390 3040 5457 Philip„
3067 5405 3108 5459 1,
3132 5397 3210 5449 1⁵.

1980 5492 2049 5558 (a)
2072 5491 2195 5546 σοι.
2222 5488 2347 5544 edit.
2372 5491 2450 5544 nt.
2472 5515 2536 5529 -
2563 5489 2633 5557 (ὁ)
2667 5490 2814 5559 Vulq.
2838 5491 3075 5559 Suspice.

3337 513 3569 580 301.
