4059 6317
733 447 854 509 562

730 577 1011 655 superbia
1021 576 1348 637 intellectus
1366 576 1636 651 humani,
1649 593 1785 654 quae
1804 579 1952 640 dum
1964 580 2270 640 hominem

727 689 837 748 per
861 672 1261 746 arrogantiam
1289 672 1500 746 elevat,
1534 673 1778 732 oculum
1804 674 2050 734 rationis
2079 692 2267 735 excae-

541 776 701 820 nxem·
728 772 841 839 cat,
870 769 936 825 ut
955 765 1069 825 sibi
1096 766 1263 825 utilia
1279 767 1461 826 homo
1481 783 1606 826 non
1623 766 1844 826 videat.
1873 769 2089 829 Oculus
2109 770 2268 827 enim

485 837 631 894 plum.

726 861 918 919 carnis
945 860 995 920 si
1024 864 1255 920 tumore
1291 862 1477 920 nimio
1504 861 1681 921 fuerit
1704 861 1971 934 inflatu3‚
2011 862 2268 939 impedi-

724 961 819 1017 tur
859 961 1060 1018 noster
1108 973 1430 1034 corporeus
1477 957 1638 1017 visus
1668 976 1684 1015 ε
1717 959 1801 1016 sic
1846 962 1904 1016 et
1946 957 2267 1034 spiritualis

722 1052 953 1125 oculuS,
985 1050 1170 1110 factus
1190 1068 1299 1126 per
1323 1050 1664 1126 superbiam
1693 1051 1956 1111 tumidus
1972 1096 1988 1119 ,
2022 1052 2104 1110 ad
2131 1068 2267 1110 om-

597 1152 604 1159 ·
721 1146 822 1205 nia
847 1146 1013 1205 bona
1038 1138 1106 1205 fit
1126 1162 1333 1205 caecus.
1363 1145 1530 1204 Tales
1562 1145 1799 1204 fuerunt
1825 1161 2036 1204 omnes
2068 1145 2264 1220 philo-

720 1240 916 1313 sophi,
946 1241 1051 1315 qui
1078 1241 1221 1316 quia
1251 1239 1489 1297 fuerunt
1531 1239 1773 1314 superbi
1812 1242 1869 1297 et
1905 1238 2077 1311 vani,
2124 1237 2263 1297 facti

719 1339 857 1394 sunt
882 1335 1060 1393 stulti.
1094 1355 1125 1390 α
1153 1335 1433 1406 Dicentes,
1461 1356 1489 1389 »v
1523 1334 1717 1409 inquit
1746 1334 2060 1409 Apostolus
2088 1335 2127 1407 ¹,
2158 1350 2263 1395 «se

720 1445 846 1489 esse
871 1431 1182 1505 sapientes,
1204 1430 1362 1489 stulti
1385 1429 1524 1489 facti
1550 1434 1706 1489 sunt.
1732 1450 1763 1485 ι»
1800 1434 1878 1489 De
1917 1446 2041 1505 qua
2074 1431 2263 1490 stulti-

720 1525 801 1583 tia
826 1524 967 1583 satis
989 1541 1169 1599 supra
1194 1524 1258 1582 in
1285 1524 1662 1600 praeallegato
1690 1524 1949 1598 capitulo
1975 1524 2263 1594 invenies,

717 1618 766 1676 si
794 1619 870 1677 de
896 1635 967 1679 ea
989 1618 1251 1677 volueris
1268 1617 1611 1693 praedicare.
1633 1617 1790 1676 Sicut
1806 1618 1966 1676 enim
1982 1634 2110 1690 vas,
2134 1633 2258 1676 uno

715 1711 949 1789 liquore
994 1712 1282 1786 plenum,‘
1317 1727 1442 1771 non
1479 1711 1686 1786 recipit
1713 1711 1931 1785 alium,
1967 1712 2082 1769 nisi
2104 1712 2261 1771 illud

716 1808 881 1882 prius
921 1807 1097 1867 fuerit
1133 1810 1512 1878 evacuatum,
1559 1808 1643 1865 sic
1681 1806 1866 1865 homo
1905 1806 2119 1882 plenus
2158 1824 2258 1865 su-

713 1904 925 1977 perbia
951 1920 1073 1963 non
1105 1903 1288 1962 habet
1327 1902 1677 1978 sapientiam
1700 1945 1716 1973 ,
1746 1902 1889 1978 quia
1926 1902 2259 1961 secundum

714 1997 1043 2073 sapientem
1069 2001 1115 2070 ¹,
1149 2017 1181 2053 α
1206 1996 1315 2055 ubi
1337 1996 1619 2071 superbia
1638 2037 1658 2068 ,
1699 1995 1823 2053 illic
1864 1998 1922 2054 et
1948 2000 2257 2055 contume-

713 2092 796 2150 lia
810 2112 829 2165 ;
858 2091 964 2150 ubi
992 2095 1190 2150 autem
1216 2090 1553 2161 humilitas,
1583 2090 1668 2148 ibi
1695 2090 2048 2164 sapientia.»

785 2185 1057 2244 Secundo
1085 2183 1318 2259 parvuli
1357 2189 1496 2242 sunt
1530 2183 1610 2242 ad
1648 2183 2055 2242 obediendum
2079 2182 2256 2241 valde

711 2278 1024 2351 flexibiles,
1053 2293 1365 2353 nunquam
1384 2276 1647 2351 imperiis
1662 2278 1959 2350 majorum
1976 2276 2251 2334 rebelles.

523 2402 687 2446 axom-
713 2372 1062 2448 Exemplum
1094 2372 1170 2431 de
1195 2371 1427 2447 pueris,
1459 2371 1564 2446 qui
1591 2373 1745 2429 stant
1771 2371 1834 2427 in
1870 2370 2119 2443 scholis;
2151 2370 2254 2444 qui

467 2463 613 2522 plum.

711 2466 884 2543 quasi
909 2466 1060 2525 nihil
1086 2466 1252 2524 aliud
1277 2466 1574 2538 cogitant,
1612 2463 1725 2521 nisi
1769 2463 2080 2539 quomodo
2101 2479 2255 2537 prae·

713 2565 882 2636 cepta
906 2561 1169 2634 magistri
1193 2559 1576 2634 adimpleant.
1606 2556 1821 2617 Dicitur
1847 2557 2049 2628 etiam,
2080 2557 2248 2632 quod

709 2655 941 2715 hinnuli
968 2670 1279 2713 cervorum
1312 2654 1465 2712 miro
1503 2652 1689 2711 modo
1726 2654 1862 2709 sunt
1905 2650 2253 2708 obedientes
2280 2688 2293 2706 .

708 2749 1085 2827 parentibus,
1132 2751 1190 2806 et
1233 2748 1297 2805 in
1336 2746 1644 2819 saltando,
1690 2750 1748 2805 et
1781 2746 1844 2803 in
1869 2743 2161 2815 sedendo,
2194 2745 2253 2801 et

708 2847 886 2904 etiam
931 2844 995 2901 in
1036 2841 1484 2901 abscondend0.
1529 2845 1674 2900 Nam
1709 2844 1769 2897 et
1805 2838 1955 2913 pulli
1998 2837 2253 2911 gallina-

706 2955 869 3011 rum,
900 2937 1190 3013 quamdiu
1235 2942 1370 2995 sunt
1404 2935 1669 3011 parvuli,
1699 2935 1851 2992 miro
1880 2933 2066 2991 modo
2100 2932 2247 2991 obe-

708 3033 879 3092 diunt
899 3031 1154 3108 parenti,
1182 3035 1239 3088 et
1264 3046 1407 3088 mox
1434 3034 1679 3088 currunt
1699 3028 1928 3101 vocati3
1945 3028 2053 3086 sed
2079 3028 2250 3086 nullo

706 3128 892 3188 modo
921 3127 1239 3198 obediunt,
1265 3125 1401 3184 facti
1429 3125 1653 3199 magni.
1693 3124 1786 3183 Sic
1826 3128 1883 3182 et
1908 3123 2250 3198 spirituales

704 3223 818 3281 viri
848 3225 984 3279 sunt
1008 3221 1159 3278 inter
1197 3218 1349 3277 alios
1392 3217 1656 3293 parvuli,
1702 3218 1978 3291 quamvis
2023 3218 2250 3275 meritis

705 3316 821 3375 sint
864 3315 1034 3373 valde
1082 3314 1219 3385 alti,
1260 3316 1326 3370 ut
1365 3328 1402 3370 a
1445 3311 1617 3369 malis
1656 3311 1843 3369 servis
1871 3326 1995 3369 non
2023 3312 2250 3385 possint

706 3408 986 3484 cognosci
1033 3410 1291 3483 aspectu.
1353 3406 1570 3464 Dicitur
1614 3405 1772 3463 enim
1820 3407 1842 3440 ⁸
1890 3422 1905 3461 z
1951 3426 1979 3457 «
2016 3406 2247 3475 Quanto

703 3508 971 3578 tempore
995 3502 1179 3560 hoeres
1206 3504 1330 3572 est,
1364 3500 1514 3557 nihil
1552 3497 1747 3556 diflert
1788 3512 1825 3554 a
1872 3513 2081 3566 serm,
2108 3513 2248 3555 cum

703 3601 777 3658 sit
803 3599 1082 3658 dominus
1108 3596 1397 3656 omnium.
1425 3615 1452 3647 υ
1492 3593 1657 3651 Tales
1701 3592 1859 3650 enim
1886 3591 2157 3649 nesciunt
2182 3591 2245 3648 in

703 3693 907 3768 aliquo
960 3690 1390 3759 contradicere3
1440 3687 1548 3746 sed
1601 3686 1664 3744 in
1721 3685 2001 3745 omnibus
2054 3686 2248 3760 parati

701 3790 839 3846 sunt
877 3785 1143 3845 obedire.
1177 3785 1322 3841 Vere
1367 3781 1499 3840 talis
1543 3780 1652 3839 tuit
1685 3780 1896 3837 beatus
1936 3780 2242 3852 Antonius,

702 3882 808 3956 qui
834 3881 898 3937 in
926 3882 1213 3953 quantum
1240 3876 1318 3951 (a)
1345 3875 1454 3933 fuit
1481 3873 1766 3950 parvulus
1805 3878 1864 3931 et
1908 3874 2239 3947 despectus.

701 3975 855 4034 utin
882 3974 1150 4049 quodam
1178 3970 1441 4046 generali
1483 3967 1745 4044 capitulo
1772 3984 1810 4026 a
1844 3967 2014 4026 nullo
2038 3966 2243 4024 minis-

699 4070 928 4126 trorum
951 4066 1126 4124 fuerit
1148 4063 1476 4139 postulatus
1491 4104 1510 4136 ,
1541 4078 1722 4136 quem
1756 4063 1955 4119 tamen
1988 4060 2070 4118 ad
2095 4060 2244 4135 peti-

698 4162 923 4220 tionem
940 4175 1112 4218 suam
1135 4157 1314 4216 frater
1347 4156 1654 4215 Gratianus
1693 4154 1862 4212 duxit
1894 4154 1958 4212 in
1982 4157 2241 4212 Roman-

699 4254 949 4325 diolam,
977 4252 1120 4327 quia
1140 4252 1295 4310 adeo
1318 4265 1552 4324 semper
1568 4247 1700 4320 fuit,
1724 4246 1870 4306 dum
1897 4247 2063 4319 vixit,
2094 4246 2241 4305 obe-

699 4349 900 4421 diens,
938 4348 1093 4406 utin
1119 4345 1288 4404 nullo
1325 4343 1573 4403 obedire
1613 4341 1926 4399 reluctaret
1949 4342 1992 4398 ὅ.
2022 4344 2236 4399 Exem-

697 4442 888 4518 plum,
918 4439 1164 4516 quando
1193 4438 1249 4498 ei
1274 4439 1339 4497 in
1359 4437 1626 4512 quodam
1652 4434 1911 4509 capitulo
1938 4433 2104 4508 apud
2130 4436 2240 4492 Fo-

695 4551 831 4594 rum
858 4533 1001 4592 Livii
1029 4532 1283 4593 Minister
1309 4527 1623 4605 imposuit,
1666 4530 1733 4585 ut
1756 4541 2093 4586 sermonem
2118 4525 2235 4583 fra-

695 4627 883 4703 tribus
904 4626 1119 4685 faceret
1148 4643 1162 4683 :
1195 4624 1339 4700 quia
1364 4628 1563 4681 tamen
1588 4619 1742 4678 nihil
1776 4619 1925 4678 scire
1953 4618 2237 4678 credeba-

694 4726 791 4782 tur
807 4766 829 4796 ,
857 4723 941 4781 sic
964 4720 1263 4780 humiliter
1297 4718 1603 4777 scientiam
1647 4732 1817 4774 suam
1877 4715 2232 4774 occultabat.

694 4816 868 4886 Quod
892 4817 1072 4889 igitur
1095 4814 1177 4871 sic
1204 4812 1490 4871 obediens
1528 4811 1655 4884 fuit,
1687 4816 1746 4869 et
1771 4811 1856 4868 sic
1881 4811 2233 4885 parvitatem

693 4910 934 4982 amavit,
957 4912 1105 4967 Deus
1128 4923 1269 4966 eum
1283 4906 1633 4964 inomnibus
1652 4904 1982 4963 custodivit.
2001 4904 2022 4938 ⁸
2046 4925 2076 4956 «ι
2094 4906 2234 4961 Cus-

693 5004 925 5064 todiens
948 5002 1233 5079 parvulos
1247 5000 1530 5059 Dominus
1549 5020 1564 5055 ι
1586 4998 1859 5058 humiliat
1876 5002 2074 5058 autem
2092 5012 2234 5073 pec·

750 5176 769 5210 ¹
799 5176 956 5236 Rom„
984 5187 1023 5238 1,
1051 5177 1130 5225 22.
1162 5199 1217 5210 —-
1249 5173 1272 5208 ¹
1301 5172 1468 5233 prov„
1493 5180 1571 5235 xl,
1599 5171 1647 5219 2.
1676 5194 1736 5206 -—
1765 5168 1787 5203 ⁸
1816 5166 1954 5228 Gal„
1985 5179 2056 5231 lv,
2095 5172 2136 5218 t.
2166 5192 2230 5204 —

689 5246 711 5282 ὅ
733 5248 872 5311 Sur.,
899 5246 954 5296 in
979 5244 1081 5296 vit.
1108 5246 1299 5301 sanct..
1329 5243 1412 5294 die
1444 5244 1471 5291 3
1488 5242 1607 5293 Jun.
1634 5265 1698 5278 -
1723 5241 1745 5275 ⁸
1765 5238 1906 5289 Psal.
1936 5249 2076 5299 cxlv,
2099 5242 2147 5288 6.
2168 5264 2231 5275 —

690 5320 712 5354 ⁸
739 5321 757 5369 ι
791 5319 928 5382 Rev„
963 5329 1051 5382 xv,
1082 5320 1161 5369 Π.
1189 5342 1252 5356 -
1285 5317 1308 5353 ⁷
1337 5314 1489 5374 thid..
1515 5315 1599 5364 23.
1626 5337 1688 5349 —
1713 5311 1738 5347 ⁸
1763 5310 1928 5375 Beth„
1957 5322 2028 5373 ιι,
2058 5313 2137 5360 20.
2167 5337 2228 5349 -

691 5390 714 5422 ⁹
745 5391 892 5455 Ptin„
924 5391 1054 5440 ΗΜ.
1090 5395 1283 5450 natur„
1325 5387 1414 5438 lib.
1461 5388 1530 5449 X,
1562 5400 1608 5436 c.
1644 5396 1721 5434 ιιι.
1758 5381 1900 5433 ldem
1939 5382 2003 5433 de
2043 5381 2230 5448 gallina

1726 443 2141 512 SERMONES
2184 445 2285 513 DE
2327 445 2679 514 SANCTIS.
2720 446 2932 515 mx.

2381 585 2607 643 catores
2631 600 2820 660 nsque
2847 583 2930 644 ad
2962 587 3198 644 terram.
3226 606 3257 639 a
3287 585 3407 646 Sed
3443 601 3536 645 m
3559 586 3897 649 inobedien-

2380 677 2538 737 tibus
2565 681 2621 737 et
2647 679 2938 753 superbiS,
2963 695 3114 755 quos
3151 680 3433 739 Dominus
3465 682 3789 741 custodivit
3816 685 3892 758 (b).

2380 772 2733 847 Exemplum
2774 772 2850 831 de
2891 773 3476 849 Nabuchodonosor,
3525 779 3584 833 et
3628 777 3895 857 Antiocho

2376 881 2539 939 rege.
2571 866 2722 923 Dixit
2746 866 2978 925 Samuel
3006 868 3082 926 de
3113 868 3179 942 (c)
3207 868 3346 927 Saul
3370 868 3432 928 ⁰:
3470 892 3500 923 «ι
3528 874 3760 942 Nonne,
3780 888 3897 930 cum

2376 958 2663 1033 parvulus
2706 976 2860 1018 esses
2902 961 2967 1018 in
3009 961 3198 1019 oculis
3240 962 3386 1034 tuis,
3437 968 3620 1038 caput
3658 965 3725 1023 in
3751 966 3898 1025 lsrael

2375 1052 2562 1111 factus
2600 1055 2701 1111 es?
2728 1076 2756 1107 »ι
2797 1058 2862 1113 Et
2886 1056 3151 1129 sequitur
3177 1055 3263 1114 ibi
3293 1055 3317 1089 ⁷
3356 1075 3371 1113 ε
3424 1078 3455 1110 α
3492 1060 3652 1128 Quia
3695 1076 3897 1119 sermo·

2376 1162 2516 1205 nem
2542 1147 2773 1206 Domini
2811 1148 3108 1223 abJecisti,
3146 1150 3362 1221 abjecit
3395 1155 3453 1210 te
3496 1142 3813 1226 Dominus,
3837 1171 3895 1214 ne

2373 1240 2452 1298 sis
2476 1256 2600 1298 rex.
2623 1262 2652 1298 ιο
2675 1240 2839 1299 Unde
2866 1242 3078 1301 dicitur
3102 1243 3179 1302 de
3197 1245 3419 1318 Esther,
3448 1246 3625 1321 quod
3648 1248 3673 1283 ⁸
3699 1248 3893 1323 «quid-

2374 1334 2523 1408 quid
2549 1334 2604 1392 ei
2629 1334 3028 1394 Mardochaeus
3053 1338 3452 1412 praecipiebat,
3479 1341 3695 1398 omnia
3720 1342 3893 1401 obser-

2372 1426 2572 1499 vabat,
2600 1429 2751 1487 sicut
2786 1445 2858 1488 eo
2901 1433 3166 1504 tempore
3203 1430 3376 1490 solita
3416 1438 3583 1507 erat,
3634 1452 3763 1510 quo
3786 1450 3893 1495 eam

2370 1521 2685 1595 parvulam
2707 1522 3021 1583 nutriebat.
3051 1545 3080 1578 n
3120 1527 3186 1585 Et
3216 1526 3360 1601 quia
3385 1526 3472 1583 sic
3506 1526 3688 1601 fecit,
3718 1529 3795 1587 ad
3820 1546 3892 1587 re-

2372 1631 2558 1689 gnum
2582 1615 2826 1675 exaltari
2850 1617 3081 1691 meruit,
3110 1619 3305 1678 vasthi
3330 1619 3591 1695 abjecta,
3626 1624 3894 1696 quoeobe

2371 1707 2499 1767 dire
2534 1709 2903 1784 contempsit.

2439 1803 2628 1861 Tertio
2654 1804 2891 1880 parvuli
2917 1808 3053 1863 sunt
3086 1806 3165 1864 ad
3200 1807 3533 1867 amandum
3557 1810 3829 1883 stabiles,
3848 1814 3895 1869 ct

2368 1895 2431 1953 in
2477 1898 2645 1956 nullo
2694 1899 2886 1957 amori
2938 1899 3178 1958 alterius
3228 1901 3505 1973 rebelles,
3554 1903 3673 1961 sed
3722 1909 3893 1963 amant

2366 1991 2542 2050 valde
2566 2008 2629 2051 se
2655 1998 2938 2052 amantes.
2968 1994 3248 2053 Videmus
3276 1996 3439 2055 enim
3466 2014 3600 2056 non
3630 1999 3823 2058 solum
3843 2000 3893 2057 in
3948 2023 4042 2064 m

2364 2086 2630 2159 parvulis
2655 2086 2999 2159 hominum,
3026 2088 3132 2147 sed
3157 2089 3220 2145 in
3242 2090 3513 2163 parvulis
3544 2092 3893 2166 animalium,
3911 2087 4001 2141 Fi·-

2365 2179 2689 2252 asinarum,
2716 2187 2773 2241 et
2797 2182 3055 2243 maxime
3080 2201 3390 2259 equarum,
3418 2188 3597 2263 quod
3625 2190 3892 2265 quamdiu

2364 2277 2500 2331 sunt
2520 2274 2787 2348 parvuli,
2815 2277 3074 2336 mirabili
3103 2278 3316 2338 affectu
3340 2286 3629 2354 parentes
3648 2299 3891 2358 ¹sequnn-

2364 2369 2479 2438 tur,
2509 2371 2566 2426 et
2587 2373 2787 2427 amant
2801 2369 3147 2445 plurimum,
3180 2375 3237 2431 et
3260 2378 3561 2433 amantur.
3594 2377 3735 2448 Sed,
3760 2378 3807 2434 si
3828 2377 3893 2434 ad

2364 2463 2660 2520 maturam
2692 2467 2921 2522 aetatem
2954 2466 3334 2538 perveniant,
3370 2484 3484 2525 nec
3519 2475 3798 2544 parentes
3829 2469 3892 2527 de

2362 2554 2535 2628 filiis,
2558 2572 2669 2614 nec
2695 2556 2803 2615 filii
2830 2557 2905 2615 de
2940 2560 3285 2633 parentibus
3325 2566 3555 2619 curant.
3591 2563 3895 2639 Aquilasie

2361 2649 2581 2724 puIIOS,
2601 2651 2892 2725 quamdiu
2915 2656 3054 2711 sunt
3078 2654 3333 2728 parvuli,
3356 2655 3575 2730 diligit,
3602 2659 3771 2732 quod
3791 2662 3897 2716 tota

2360 2743 2690 2803 infirmatur
2742 2747 2806 2804 in
2850 2746 2957 2820 eia,
3010 2752 3067 2806 et
3116 2765 3239 2823 prae
3292 2766 3500 2811 amore
3534 2750 3893 2826 languescit:

2361 2854 2516 2912 quos
2540 2842 2736 2897 tamen
2758 2840 2993 2899 adultos
3019 2842 3263 2900 omnino
3298 2843 3567 2918 repellit,
3609 2850 3673 2903 et
3708 2861 3893 2903 secum

2358 2931 2626 2991 habitare
2653 2950 2777 2992 non
2810 2935 2947 2994 sinit
2975 2937 3017 2994 ⁹.
3056 2935 3233 3009 igitur
3271 2937 3661 2997 manifestum
3698 2944 3785 2998 est
3813 2939 3896 2997 his

2361 3027 2668 3101 exemplis,
2716 3028 2884 3103 quod
2933 3030 3169 3104 parvuli
3222 3030 3299 3088 de
3351 3048 3463 3090 sua
3510 3038 3729 3093 natura
3772 3037 3896 3090 sunt

2358 3118 2590 3178 habiles
2614 3121 2693 3178 ad
2715 3120 3074 3195 amandum,
3101 3124 3227 3182 sive
3254 3126 3320 3182 ut
3349 3130 3553 3184 ament
3568 3169 3592 3199 ,
3628 3131 3687 3185 et
3710 3142 3897 3186 amn-

2358 3216 2473 3270 tur.
2508 3213 2672 3272 Unde
2703 3216 3011 3289 videmuS,
3040 3218 3208 3292 quod
3232 3219 3471 3293 parvuli
3509 3221 3594 3278 ab
3624 3222 3894 3280 omnibus

2359 3305 2794 3381 amplexantur,
2820 3313 2876 3367 et
2901 3310 2979 3369 ab
3010 3311 3290 3369 omnibus
3318 3312 3383 3370 in
3409 3313 3575 3372 collo
3603 3313 3891 3374 feruntur:

2356 3399 2419 3457 in
2443 3417 2563 3475 quo
2582 3402 2694 3477 ipsi
2713 3402 2891 3461 valde
2912 3404 3297 3477 gratulantur.
3320 3406 3488 3465 Unde
3502 3407 3723 3467 dicitur
3739 3408 3896 3484 quod

2355 3495 2639 3581 Dominus
2681 3496 3065 3570 complexans
3114 3499 3428 3572 parvulos,
3474 3505 3534 3559 et
3589 3503 3895 3576 imponens

2352 3587 2470 3645 illis
2510 3605 2756 3661 manus,
2796 3589 3190 3649 benedicebat
3221 3591 3325 3650 eis.
3378 3593 3545 3651 Unde
3572 3600 3631 3653 et
3666 3595 3896 3654 dicebat

2354 3682 2438 3739 eis
2463 3682 2504 3717 ¹⁰
2531 3702 2547 3740 :
2586 3702 2613 3735 α
2637 3682 2814 3741 Sinite
2834 3684 3117 3757 parvulos
3137 3685 3340 3743 venire
3365 3686 3449 3744 ad
3470 3703 3570 3746 me
3587 3731 3608 3760 ,
3636 3694 3695 3747 et
3720 3689 3894 3748 nolite

2352 3793 2454 3835 eos
2475 3778 2833 3853 prohibere3
2863 3800 2892 3831 ι»
2934 3780 3105 3855 quasi
3140 3780 3404 3839 diceret:
3438 3782 3600 3850 Quid
3625 3799 3734 3841 eos
3760 3799 3897 3858 pro-

2349 3869 2601 3929 hibetis?
2627 3871 2772 3930 tales
2809 3876 2972 3945 sunt,
3003 3872 3108 3948 qui
3136 3873 3391 3947 diligunt
3416 3891 3537 3934 me.
3570 3877 3738 3936 Unde
3766 3893 3893 3935 can-

2349 3968 2433 4022 tat
2461 3965 2718 4025 Ecclesia
2742 3966 2806 4024 in
2825 3983 3082 4041 persona
3108 3968 3369 4027 Dominae
3391 3973 3614 4029 nosuoe
3642 3970 3685 4009 ¹¹
3713 3990 3731 4029 ε
3766 3975 3901 4029 nun

2348 4074 2511 4116 essem
2544 4063 2804 4133 parvula,
2844 4062 3031 4135 placui
3064 4062 3377 4133 Altissimo,
3402 4066 3515 4122 etc.
3570 4066 3723 4135 Quia
3752 4079 3892 4137 ergo

2347 4154 2410 4208 B.
2446 4152 2731 4211 Antonius
2766 4153 3052 4227 parvulus
3084 4170 3192 4230 per
3222 4154 3623 4215 humilitatem
3652 4157 3807 4231 fuit,
3848 4162 3905 4215 et

2346 4244 2602 4302 multum
2640 4246 2932 4304 Christum
2977 4249 3228 4319 amavit,
3251 4248 3391 4307 ideo
3427 4250 3694 4309 multum
3721 4252 3806 4309 ab
3830 4267 3902 4310 eo

2346 4341 2577 4396 amatus
2622 4339 2749 4397 fuit.
2796 4339 2959 4398 Unde
3011 4343 3176 4400 tanto
3221 4340 3455 4401 fervore
3498 4344 3579 4405 de
3612 4348 3903 4421 passione

2346 4431 2577 4490 Domini
2598 4432 2988 4507 praedicabat,
3017 4434 3185 4509 quod
3215 4437 3385 4510 quasi
3418 4438 3746 4497 crucifixus
3773 4456 3906 4498 om-

2342 4523 2521 4582 nibus
2548 4526 2893 4599 apparebat.
2923 4528 3007 4586 lta
3036 4533 3102 4585 ut
3123 4533 3321 4602 posset
3348 4529 3549 4589 dicere
3573 4548 3721 4591 cum
3751 4540 3911 4609 Apo—

2342 4616 2490 4675 stolo
2515 4615 2596 4675 ¹²:
2629 4638 2660 4673 ι
2687 4619 2912 4678 Christo
2944 4620 3216 4678 confixus
3242 4638 3377 4680 sum
3409 4624 3592 4683 cruci.
3626 4648 3657 4677 a·
3690 4629 3909 4685 Exem-

2340 4708 2512 4783 plum
2543 4710 2795 4769 habetur
2828 4712 2891 4771 in
2926 4713 3199 4786 Legenda
3227 4716 3291 4790 ¹³,
3322 4716 3573 4791 quando
3613 4718 3701 4778 de
3732 4721 3909 4781 titulo

2342 4806 2530 4863 crucis
2575 4806 2889 4871 dominicae
2925 4808 3309 4883 praedicabat.
3352 4810 3469 4869 Sed
3502 4811 3693 4871 hodie
3734 4815 3913 4873 nulla

2340 4903 2426 4958 est
2453 4900 2704 4959 charitas
2714 4943 2736 4973 ,
2764 4900 2906 4975 quia
2929 4901 3101 4961 nulla
3140 4906 3229 4961 est
3257 4904 3560 4978 parvitas:
3598 4908 3741 4967 imo
3779 4910 3909 4969 val·

2336 5076 2615 5128 affirmatur
2632 5114 2650 5142 ,
2717 5081 2963 5143 quantum
3019 5080 3081 5131 ad
3141 5080 3381 5133 effectum
3448 5086 3781 5148 presertim.
3844 5116 3907 5127 -—

2336 5152 2379 5186 ¹⁰
2405 5149 2609 5210 matth„
2643 5161 2766 5212 xix,
2808 5153 2882 5201 ιι.
2924 5178 2977 5188 --
3016 5154 3050 5187 ¹¹
3084 5151 3200 5217 017⁸·
3236 5152 3298 5203 B.
3336 5157 3403 5202 Π.
3460 5154 3621 5221 Vir-9„
3654 5164 3819 5210 noct.
3854 5166 3905 5223 i,

2336 5232 2470 5283 resp.
2499 5222 2547 5271 2.
2576 5246 2640 5259 --
2667 5221 2706 5256 ¹²
2734 5219 2869 5284 Gal..
2897 5233 2958 5285 ιι,
2986 5225 3063 5272 19.
3095 5249 3151 5260 -
3184 5224 3225 5255 ⁸⁸
3253 5226 3395 5289 Sur.,
3423 5226 3513 5277 ubi
3543 5241 3666 5293 sup.

2340 5309 2727 5446 “fax-egam
2769 5313 2984 5362 tantum.
3010 5336 3074 5350 —
3102 5312 3170 5376 (ὁ)
3218 5314 3335 5379 laey.
3381 5328 3490 5367 non
3539 5320 3809 5373 custodit.
3850 5350 3911 5362 —
