4059 6317
1210 435 1314 503 DE
1351 433 1420 501 s.
1464 430 2101 524 BARTHQLOMAEO.
2147 434 2413 502 senno
2458 436 2505 501 1.
2548 444 2555 454 ⁴

252 569 332 630 ei.
357 590 389 628 ι
421 572 550 630 Non
577 573 666 630 est
692 570 855 630 enim
880 570 1215 630 credendus
1237 571 1494 643 amicus,
1533 568 1660 646 qui,
1686 568 1797 628 be-

249 664 482 724 neficiis
531 664 929 736 cessantibus,
977 665 1235 723 amicitia
1279 665 1669 733 divideretur,
1723 677 1796 719 eo

250 759 426 834 quod
448 758 598 817 tales
620 775 826 818 omnes
853 758 1031 817 amici
1055 759 1304 818 fortunae
1333 762 1489 830 sunt,
1516 772 1642 815 non
1669 771 1801 830 per-

248 870 436 913 sonae.
466 855 627 914 Unde
648 857 668 894 ¹
698 855 1001 929 Philippus
1037 871 1145 912 rex
1179 853 1567 912 Macedonum
1594 847 1799 908 litteris

248 950 453 1023 arguit
476 949 668 1007 filium
693 949 1122 1018 Alexandrum,
1149 948 1318 1022 quod
1342 946 1479 1004 illos
1510 942 1624 1002 sibi
1651 940 1799 1001 ami-

250 1058 359 1101 cos
387 1058 513 1101 esse
539 1042 828 1115 crederet,
856 1058 1010 1117 quos
1042 1040 1345 1101 beneficiis
1376 1038 1794 1113 comparasset.

249 1138 478 1216 Seneca
501 1138 570 1195 ¹:
605 1155 636 1191 ι
675 1139 800 1210 Ego
829 1136 1090 1194 amicum
1129 1151 1332 1210 quaero
1377 1133 1472 1191 cui
1512 1132 1797 1201 serviam,

248 1246 369 1305 pro
405 1247 529 1305 quo
556 1231 712 1288 mori
734 1230 990 1302 valeam,
1019 1245 1145 1287 non
1178 1246 1215 1288 a
1252 1245 1375 1303 quo
1401 1242 1651 1285 munera
1677 1223 1800 1282 ulla

249 1323 558 1399 recipiam.
589 1328 738 1383 Nam
763 1323 869 1399 qui
894 1322 960 1381 in
986 1323 1245 1382 amicitia
1278 1336 1406 1380 non
1450 1319 1649 1392 amici,
1692 1316 1800 1374 sed

253 1433 369 1476 sua
395 1417 718 1476 commoda
751 1419 989 1492 pensat,
1028 1431 1152 1474 non
1190 1416 1346 1474 bene
1376 1415 1611 1488 cogitat,
1656 1411 1802 1486 quia

252 1510 409 1569 sicut
426 1510 633 1586 erepit,
661 1513 746 1569 sic
773 1510 1020 1583 desinet,
1052 1515 1109 1568 et
1137 1526 1274 1568 cum
1301 1508 1561 1567 amicum
1586 1505 1803 1564 viderit

141 1622 148 1627 ·
253 1603 563 1678 afflictum,
601 1604 882 1663 discedet.
923 1625 954 1662 n
983 1606 1007 1642 ⁸
1043 1622 1072 1658 α
1110 1603 1378 1662 Amicitia
1420 1601 1615 1673 enim,
1660 1619 1692 1655 υ
1735 1602 1802 1656 ut

254 1696 402 1755 dicit
425 1698 793 1769 Ambrosius,
825 1718 854 1753 α
881 1698 1069 1756 virtus
1095 1701 1203 1768 est,
1221 1700 1290 1755 et
1320 1711 1444 1754 non
1469 1696 1743 1770 quaestuS.
1766 1711 1796 1747 n

251 1796 387 1852 Non
410 1793 571 1852 enim
613 1793 896 1851 debemus
931 1791 1252 1850 amicitiam
1288 1790 1635 1849 contrahere
1663 1803 1802 1845 cum

255 1887 481 1960 divite,
541 1888 685 1962 qnia
731 1887 896 1945 dives
950 1894 1069 1957 est,
1117 1885 1267 1944 sicut
1319 1886 1540 1943 Seneca
1583 1882 1797 1940 docet:

254 1982 431 2056 qnia,
479 1981 632 2038 sicut
679 1981 801 2038 mel
853 1996 1070 2038 muscae
1111 1983 1468 2054 sequuntur,
1510 1977 1802 2036 cadavera

253 2075 410 2150 lupi,
435 2075 730 2134 frumenta
753 2074 1037 2146 formicas,
1077 2074 1162 2132 sic
1187 2078 1245 2131 et
1270 2073 1402 2131 falsi
1432 2071 1608 2130 amici
1647 2086 1802 2144 proe-

257 2169 404 2227 dam
439 2174 786 2244 sequuntur,
825 2185 951 2228 non
1002 2158 1336 2240 hominem,
1394 2173 1453 2226 et
1501 2167 1804 2225 fortunam

251 2263 479 2337 potius,
505 2280 688 2337 quam
713 2280 1053 2337 personam.
1093 2264 1255 2322 Unde
1287 2262 1515 2321 Boetius
1551 2260 1692 2318 dicit
1717 2256 1741 2292 ¹·
1782 2279 1797 2317 ε

259 2376 291 2411 α
322 2359 510 2427 Quem
548 2357 793 2416 felicitas
820 2356 957 2415 fecit
981 2356 1271 2428 amicum,
1299 2354 1688 2414 infortunium
1709 2353 1798 2413 fa·

254 2451 373 2508 ciet
396 2450 724 2509 inimicum.
758 2471 790 2507 υ
830 2454 1011 2509 Verus
1050 2466 1194 2523 ergo
1230 2449 1458 2507 amicus
1499 2447 1802 2506 Bartholo-

251 2563 448 2605 maeus
498 2547 646 2617 fuit,
686 2547 933 2622 quando
981 2546 1207 2604 Christo
1261 2561 1384 2603 non
1439 2543 1640 2611 diviti,
1695 2542 1804 2600 sed

253 2657 492 2699 summe
526 2641 777 2715 pauperi
817 2656 880 2698 se
926 2638 1265 2713 conjunxit,
1307 2655 1431 2696 non
1469 2637 1664 2695 solum
1706 2652 1801 2694 se-

254 2750 453 2809 quens
479 2750 617 2792 eam
644 2734 707 2791 in
733 2733 1066 2808 prosperis,
1102 2732 1213 2791 sed
1256 2732 1453 2807 potius
1498 2731 1562 2789 in
1590 2730 1804 2789 adver-

255 2828 361 2885 siS.
392 2828 557 2886 Unde
580 2828 732 2886 bene
761 2827 905 2885 dicit
932 2827 987 2885 ei
1014 2826 1271 2885 Christus
1301 2843 1317 2883 ε
1346 2827 1555 2894 Amice,
1583 2824 1804 2881 ascende

254 2926 511 2994 sapei-im
539 2940 556 2977 ε
586 2920 756 2996 quasi
785 2921 840 2979 ei
880 2919 1101 2978 diceret
1140 2939 1156 2978 ε
1185 2919 1333 2990 Quia
1367 2935 1479 2992 pro
1519 2933 1646 2989 me,
1678 2916 1803 2974 sive

255 3030 444 3073 causa
465 3014 606 3087 mei,
625 3014 850 3088 elegisti
873 3030 1002 3073 esse
1027 3014 1289 3085 inferius,
1315 3027 1494 3083 nunc,
1518 3017 1804 3086 tanquam

253 3108 548 3183 probatus
584 3109 733 3183 jam,
781 3111 991 3180 Amice,
1040 3107 1262 3166 ascende
1298 3110 1569 3179 superius.
1617 3109 1805 3178 Reges

255 3202 457 3275 enim,
510 3209 828 3278 antequam
874 3202 1111 3262 tradant
1149 3200 1446 3276 stipendia
1484 3199 1803 3270 militibus,

253 3294 448 3369 prius,
480 3295 688 3370 quales
707 3296 841 3370 sint,
874 3297 1254 3371 experiuntur
1278 3294 1342 3353 in
1368 3293 1560 3353 bellis.
1584 3293 1806 3366 Dignus

257 3388 424 3447 enim
453 3393 539 3446 est
564 3389 867 3462 donativo,
892 3389 995 3464 qui
1020 3389 1247 3448 fortiter
1269 3404 1378 3462 pro
1407 3386 1654 3446 domino
1680 3402 1806 3445 cer-

256 3488 348 3543 tat
370 3483 434 3540 in
457 3482 641 3541 bello.
671 3487 735 3541 ln
762 3483 949 3541 verbo
972 3498 1116 3556 ergo
1145 3482 1473 3556 praemisso,
1501 3498 1539 3540 a
1568 3480 1807 3538 duobus

256 3580 501 3635 sanetus
539 3576 852 3651 Apostolus
893 3576 1343 3635 commendatur
1385 3592 1401 3633 ε
1450 3575 1677 3650 primo,
1726 3573 1805 3632 ab

258 3669 611 3729 excellentia
635 3670 851 3742 meriti,
879 3686 1001 3744 quo
1036 3668 1294 3742 refulsit3
1337 3667 1623 3735 secundo,
1652 3683 1690 3725 a
1715 3683 1808 3724 su-

254 3762 552 3821 blimitate
576 3762 830 3838 praemii,
859 3763 1028 3838 quod
1049 3762 1384 3837 assumpsit.
1409 3761 1668 3819 Primum
1689 3776 1808 3818 res-

255 3858 407 3933 picit
453 3861 668 3916 statum
710 3857 971 3916 hominis
1013 3858 1336 3931 gratiosum
1355 3899 1376 3929 ,
1424 3872 1547 3932 quo
1596 3856 1808 3914 merita

259 3951 675 4025 cumulantur3
705 3951 1036 4010 secundum
1055 3950 1294 4026 respicit
1310 3954 1522 4009 statum
1550 3949 1808 4009 bominis

259 4045 630 4119 gloriosum,
669 4061 794 4120 quo
834 4045 1080 4120 praemia
1122 4044 1558 4103 condonantur.
1605 4047 1671 4103 In
1714 4042 1809 4101 his

259 4138 429 4198 enim
481 4139 721 4197 duobus
750 4154 986 4197 summa
1034 4138 1314 4213 perfectio
1363 4136 1622 4196 hominis
1663 4151 1809 4195 con-

259 4232 415 4291 sistit
442 4253 457 4290 :
497 4234 726 4306 primo,
773 4233 823 4290 si
870 4233 1152 4291 clarescat
1190 4231 1414 4290 meritis
1452 4231 1516 4289 in
1554 4229 1810 4289 Ecclesia

260 4325 583 4400 militante3
629 4326 917 4399 secundo,
955 4325 1005 4383 si
1042 4326 1276 4384 dotetur
1308 4325 1566 4401 praemiis
1591 4324 1655 4381 in
1702 4328 1808 4382 Ec-

260 4421 450 4480 clesia
478 4422 894 4497 triumphante.
923 4424 1166 4481 Notatur
1199 4437 1341 4495 ergo
1384 4421 1580 4496 primo
1617 4419 1811 4492 digni-

257 4518 355 4574 tas
390 4515 756 4589 meritorum,
799 4515 1019 4591 quibus
1054 4514 1367 4590 Apostolus
1390 4513 1553 4572 fulsit
1588 4513 1654 4570 in
1677 4513 1806 4586 via,

258 4625 405 4667 cum
430 4608 572 4668 dicit
602 4629 617 4667 ε
642 4613 848 4668 Amice.
891 4612 1134 4668 Notatur
1167 4608 1430 4666 secundo
1475 4606 1809 4665 sublimitas

255 4702 674 4777 proemiorum,
727 4702 944 4778 quibus
985 4706 1071 4761 est
1124 4705 1439 4763 coronatus
1479 4702 1543 4759 in
1582 4699 1804 4776 patria,

257 4811 403 4853 cum
429 4794 674 4853 infertur
715 4814 729 4852 ε
766 4797 1012 4855 Ascende
1035 4800 1308 4869 superius.
1340 4796 1504 4854 Circa
1531 4810 1676 4868 ergo
1704 4810 1807 4852 ve-

254 4876 391 4948 ram
435 4888 756 4948 amicitiam
795 4895 884 4949 est
916 4889 1280 4962 notandum,
1330 4889 1498 4964 quod
1547 4889 1628 4947 ad
1673 4904 1808 4946 eam

257 4982 692 5042 ostendendam
714 4984 795 5042 ad
820 5000 1078 5058 praesens
1104 4987 1363 5058 quatuor
1383 4983 1803 5058 requiruntur:

253 5079 478 5155 primo,
500 5083 570 5137 ut
591 5077 666 5136 sit
702 5079 770 5136 in
806 5077 1011 5138 amicis
1050 5077 1388 5137 communis
1432 5079 1805 5151 contemptus

324 5232 343 5267 ¹
370 5227 544 5281 valer.
568 5228 727 5291 Max„
746 5225 837 5277 lib.
861 5227 971 5291 vn,
1000 5242 1048 5279 c.
1079 5240 1139 5279 ιι.
1166 5227 1347 5278 Cicero
1377 5226 1515 5276 idem
1543 5225 1724 5286 refert,
1744 5223 1807 5273 de

257 5298 425 5367 offic„
465 5299 557 5350 lib.
613 5300 677 5350 ΙΙ.
713 5323 781 5337 -
813 5299 834 5330 ²
867 5300 1051 5351 Senec.
1086 5324 1151 5337 —-
1185 5300 1210 5333 ⁸
1244 5297 1505 5362 Ambros„
1544 5296 1606 5347 de
1642 5294 1806 5360 offic„

255 5372 347 5423 lib.
373 5373 462 5423 ΙΙΙ.
485 5396 551 5409 -
573 5369 597 5405 ¹·
625 5371 788 5435 Boot„
810 5369 872 5420 de
899 5369 1095 5423 Consul.
1116 5369 1437 5437 philoe.,1ih.
1465 5370 1550 5431 m,
1577 5381 1722 5433 pros.
1752 5369 1802 5431 5,

3334 444 3445 510 591

1909 571 2176 631 omnium
2213 571 2523 645 vitiorum3
2565 571 2862 644 secundo,
2904 575 3238 635 communis
3281 593 3454 641 amor

1910 666 2180 724 omnium
2206 666 2577 739 divinorum3
2608 666 2778 724 tertio
2788 708 2809 738 ,
2839 668 3297 729 communicatio
3325 688 3455 731 om-

1908 759 2079 816 nium
2101 765 2490 832 secretorum3
2531 761 2744 834 quarto
2785 776 2953 832 vere,
2981 763 3315 823 communis
3341 781 3453 839 pro

1909 867 1972 908 se
1998 852 2142 926 ipsis
2166 853 2477 911 tolerantia
2512 856 2958 911 tormentorum.
2997 857 3156 913 Τιιῑιο
3184 857 3343 915 enim
3370 864 3457 918 est

1909 946 2169 1004 amicitia
2192 961 2357 1019 vera,
2386 947 2436 1004 si
2474 946 2651 1005 amici
2681 949 3075 1006 communiter
3100 950 3263 1009 mala
3302 951 3456 1010 refu-

1907 1039 2094 1112 giant,
2122 1041 2171 1099 si
2198 1040 2363 1099 bona
2402 1042 2797 1099 communiter
2839 1040 3077 1114 faciant,
3121 1044 3171 1102 si
3210 1045 3456 1105 consilia

1907 1132 2022 1189 sibi
2052 1134 2509 1206 communicent,
2536 1137 2595 1191 et
2623 1135 2671 1192 si
2707 1150 2818 1210 pro
2845 1150 2908 1193 se
2936 1138 3146 1195 mutuo
3183 1153 3457 1196 commu-

1906 1228 2061 1286 niter
2086 1229 2247 1288 mala
2272 1230 2615 1291 sustineant.

1981 1323 2143 1396 Dico,
2182 1324 2352 1399 quod
2392 1324 2687 1400 primum,
2723 1326 2885 1384 unde
2925 1327 3217 1402 probatur
3255 1327 3456 1386 amici·

1909 1416 2053 1475 tiam
2096 1432 2222 1474 esse
2264 1434 2469 1478 veram
2488 1462 2507 1493 ,
2561 1423 2648 1477 est
2694 1420 3027 1479 communis
3086 1426 3456 1497 contemptus

1912 1512 2184 1570 omnium
2230 1513 2542 1586 vitiorum,
2589 1519 2647 1573 et
2688 1518 2957 1576 omnium
3001 1518 3455 1593 impedimento-

1907 1621 2067 1677 rum,
2096 1605 2315 1680 quibus
2340 1606 2524 1665 homo
2554 1613 2747 1682 potest
2771 1609 3049 1684 impediri
3078 1613 3157 1671 ad
3202 1612 3453 1673 bonum.

1909 1700 1976 1756 ln
2003 1700 2180 1758 malis
2207 1700 2366 1758 enim
2392 1701 2564 1761 nulla
2586 1707 2781 1777 potest
2805 1721 2930 1762 esse
2957 1705 3214 1765 amicitia
3241 1724 3257 1764 ε
3292 1706 3455 1782 quia,

1909 1797 1975 1850 ut
1998 1793 2219 1851 Tullius
2245 1794 2267 1829 ⁸
2294 1797 2354 1852 et
2376 1796 2732 1868 Augustinus
2762 1799 2784 1834 ⁸
2814 1798 3030 1857 docent
3061 1817 3076 1857 z
3116 1819 3146 1855 α
3190 1800 3458 1859 Amicitia

1909 1890 1997 1943 est
2022 1886 2358 1945 divinarum
2371 1887 2889 1966 humanarumque
2902 1907 3102 1950 rerum
3127 1909 3266 1951 cum
3277 1893 3459 1952 bene-

1908 1979 2173 2039 volentia
2200 1986 2258 2038 et
2284 1980 2563 2041 charitate
2592 1985 2924 2043 consensio.
2958 2006 2987 2041 n
3020 1986 3183 2044 Unde
3211 2003 3285 2045 ex
3316 2003 3459 2046 vera

1910 2073 2171 2133 amicitia
2210 2075 2343 2133 duae
2392 2076 2726 2134 voluntates
2772 2079 3226 2152 quodammodo
3275 2081 3458 2153 fiunt,

1910 2182 2033 2224 una
2060 2167 2358 2225 scilicetin
2387 2170 2552 2227 omni
2574 2170 2761 2229 nolito
2789 2174 2848 2230 et
2870 2171 3077 2245 volito,
3105 2189 3231 2232 non
3269 2174 3455 2246 male,

1910 2260 2018 2318 sed
2045 2260 2230 2319 bono.
2280 2261 2443 2320 Unde
2488 2268 2689 2322 narrat
2739 2265 3002 2323 Valerius
3027 2268 3083 2338 ⁷,
3131 2267 3298 2341 quod
3333 2267 3456 2326 duo

1911 2357 2079 2412 erant
2103 2354 2300 2427 amici,
2327 2371 2589 2430 quorum
2620 2357 2701 2415 ad
2740 2358 2970 2416 malum
3008 2375 3163 2418 nnus
3204 2360 3458 2419 alterum

1909 2445 2218 2506 invitabat.
2260 2453 2526 2524 Cumque
2567 2466 2721 2508 unus
2760 2453 3225 2512 non·assentiret
3243 2497 3263 2527 ,
3311 2453 3460 2513 alter

1911 2541 1994 2598 ait
2031 2558 2048 2598 ε
2087 2562 2116 2597 α
2141 2542 2295 2612 Quid
2331 2558 2567 2601 necesse
2599 2550 2686 2602 est
2704 2561 2803 2603 me
2828 2549 2885 2604 te
2913 2546 3135 2605 habere
3161 2548 3456 2621 amicum,

1909 2638 2250 2709 postquam,
2278 2653 2411 2709 quoe
2428 2638 2537 2696 tibi
2566 2637 2724 2710 dico,
2751 2654 2876 2697 non
2900 2639 3084 2698 facis?
3112 2660 3142 2696 ι»
3173 2641 3279 2700 Cui
3314 2641 3459 2700 alter

1911 2729 2207 2803 sapienter
2232 2731 2600 2806 respondens
2632 2732 2750 2790 ait:
2773 2751 2804 2786 α
2832 2738 2979 2805 lmo,
3008 2734 3158 2809 quid
3183 2734 3330 2793 mihi
3362 2750 3461 2792 ne-

1912 2838 2074 2881 cesse
2098 2825 2205 2895 est,
2233 2823 2443 2898 amice,
2474 2830 2530 2884 te
2558 2826 2819 2884 amicum
2844 2827 3097 2901 habere,
3127 2829 3177 2885 si
3220 2845 3317 2887 me
3345 2845 3459 2903 pro

1910 2919 1969 2974 te
1998 2921 2230 2991 oportet
2258 2918 2457 2993 turpia
2491 2935 2666 2992 agere
2684 2922 2714 2976 ἵ
2749 2941 2778 2975 n
2828 2920 3007 2994 Igitur
3047 2922 3253 2980 amicis
3295 2939 3461 2981 com-

1912 3011 2112 3068 munis
2157 3011 2336 3070 debet
2378 3028 2503 3070 esse
2548 3019 2916 3088 contemptus
2963 3015 3232 3073 omnium
3273 3015 3462 3074 malo-

1911 3119 2068 3177 rum,
2094 3105 2366 3163 omnium
2404 3104 2691 3180 turpium,
2733 3107 2857 3166 imo
2896 3109 3164 3167 omnium
3210 3108 3461 3184 impedi-

1913 3202 2274 3269 mentorum,
2302 3199 2424 3257 sive
2453 3200 2722 3259 omnium
2748 3202 3213 3275 mundanorum,
3241 3203 3462 3279 quibus

1914 3291 2277 3366 impedimur
2300 3292 2381 3351 ad
2398 3294 2652 3366 bonum,
2681 3298 2740 3352 et
2764 3294 3059 3354 allicimur
3084 3296 3165 3355 ad
3206 3297 3457 3356 malum.

1913 3388 2067 3458 Ergo
2094 3386 2244 3445 inter
2271 3386 2583 3460 Christum,
2622 3392 2679 3446 et
2716 3389 2877 3447 hunc
2905 3395 3174 3449 sanctum
3207 3395 3461 3468 Aposto-

1911 3479 2063 3552 lum,
2092 3496 2235 3539 vera
2263 3481 2519 3541 amicitia
2542 3481 2673 3554 fuit,
2702 3483 2848 3557 quia
2875 3484 3172 3559 quidquid
3207 3485 3462 3544 Christus

1914 3574 2300 3648 contempsit,
2348 3575 2525 3633 etiam
2562 3576 2879 3650 Apostolus
2911 3577 3247 3653 dereliquit.
3300 3579 3460 3637 Unde

1912 3683 2038 3725 non
2077 3667 2275 3725 solum
2303 3673 2621 3743 'peccatum
2639 3710 2660 3740 ,
2703 3670 2809 3727 sed
2844 3674 2903 3729 et
2942 3676 3131 3729 totum
3165 3672 3458 3731 mundum

1912 3760 2169 3835 perfecte
2198 3761 2437 3820 dimisit.
2465 3762 2697 3821 Sciebat
2716 3764 2875 3822 enim
2894 3780 2958 3822 se
2987 3780 3110 3822 non
3138 3765 3315 3824 simul
3332 3781 3460 3824 esse

1913 3870 2089 3928 posse
2112 3856 2370 3913 amicum
2398 3855 2628 3928 Christi,
2657 3860 2715 3914 et
2738 3857 2968 3915 mundi.
3000 3859 3163 3916 Unde
3184 3858 3398 3917 dicitur
3414 3861 3461 3932 ⁸,

1915 3949 2085 4023 quod
2109 3968 2137 4003 «
2161 3950 2418 4008 amicitia
2444 3949 2621 4022 huJus
2646 3951 2859 4009 mundi
2884 3952 3126 4012 inimica
3153 3958 3239 4011 est
3266 3956 3403 4011 Deo.
3425 3975 3454 4009 n

1914 4046 1980 4101 Et
2014 4042 2207 4116 inquit
2232 4044 2255 4078 ⁹
2294 4063 2308 4098 ε
2341 4066 2369 4096 α
2400 4044 2514 4114 Qui
2551 4044 2807 4102 voluerit
2847 4061 2973 4103 esse
3014 4046 3238 4104 amicus
3280 4046 3461 4119 buius

1913 4137 2133 4209 saeculi,
2161 4136 2437 4195 inimicus
2453 4138 2553 4196 Dei
2573 4138 2963 4197 constituitur.
2991 4160 3020 4196 w
3040 4140 3278 4199 Nullum
3298 4142 3459 4199 enim

1913 4230 2183 4287 medium
2214 4248 2230 4287 :
2277 4231 2374 4289 vel
2414 4232 2640 4290 amicus
2682 4234 2799 4291 eris
2833 4234 3061 4306 Christi,
3100 4234 3200 4292 vel
3225 4234 3459 4292 mundi.

1922 4340 1951 4376 α
1966 4325 2151 4382 Nemo
2170 4325 2331 4382 enim
2350 4326 2395 4363 ¹⁰
2419 4331 2610 4400 potest
2628 4326 2868 4385 duobus
2887 4328 3147 4386 dominis
3168 4330 3409 4399 servire,
3426 4348 3456 4384 ιι

1913 4415 1979 4475 id
2006 4420 2096 4475 est
2121 4418 2373 4491 mundo,
2410 4423 2469 4477 et
2495 4420 2746 4479 Christo.
2779 4423 3009 4490 Quare?
3048 4420 3196 4491 Quia
3221 4426 3358 4478 sunt
3379 4420 3463 4478 eis

1913 4511 2245 4570 voluntates
2278 4513 2616 4586 contrarias,
2656 4515 3078 4590 praeceptiones
3121 4514 3461 4586 contrarias,

1913 4604 2343 4679 prohibitiones
2401 4607 2727 4666 contrarias.
2790 4608 3041 4666 Mundus
3094 4608 3320 4666 inducit
3382 4609 3461 4666 ad

1916 4699 2145 4772 gulam,
2185 4700 2442 4758 Christus
2485 4700 2565 4759 ad
2610 4701 2989 4761 sobrietatem
3024 4720 3042 4761 ε
3073 4703 3337 4760 mundus
3380 4703 3462 4761 ad

1912 4791 2238 4864 luxuriam,
2265 4793 2522 4851 Christus
2561 4793 2641 4851 ad
2672 4797 2993 4854 castitatem
3026 4814 3041 4852 ε
3072 4795 3335 4854 mundus
3377 4796 3462 4854 ad

1914 4886 2279 4962 superbiam,
2307 4887 2564 4945 Christus
2601 4887 2681 4946 ad
2720 4887 3115 4946 humilitatem
3152 4907 3168 4946 ε
3199 4888 3462 4948 mundus

1914 4980 1996 5039 ad
2022 4981 2353 5053 avaritiam,
2391 4980 2649 5039 Christus
2682 4979 2765 5038 ad
2799 4984 3206 5055 paupertatem
3234 5000 3251 5041 ε
3280 4998 3459 5041 mun-

1913 5074 2039 5132 dus
2056 5074 2138 5132 ad
2162 5073 2476 5145 invidiam,
2503 5074 2761 5132 Christus
2782 5074 2864 5133 ad
2890 5074 3251 5134 charitatem.
3276 5078 3456 5151 Ergo,

1912 5220 1966 5270 in
1989 5221 2110 5272 flue.
2132 5248 2188 5258 —
2217 5223 2241 5258 ⁸
2265 5222 2392 5285 Cic.,
2420 5221 2482 5271 de
2506 5222 2709 5273 Amicii.
2738 5248 2802 5260 —
2828 5223 2848 5253 ⁶
2871 5226 3108 5288 August„
3136 5223 3197 5275 de
3221 5226 3458 5290 Amicii„

1911 5307 1959 5345 c.
1989 5306 2051 5344 11.
2088 5319 2149 5331 —
2185 5294 2207 5329 ⁷
2240 5293 2409 5345 valer.
2435 5294 2571 5344 Max.
2607 5318 2670 5331 —
2706 5297 2726 5325 ⁸
2755 5295 2883 5360 Iac„
2911 5307 2983 5361 ιν,
3016 5299 3064 5347 4.
3095 5324 3156 5335 -
3183 5301 3205 5331 ⁹
3237 5297 3361 5349 ibid.
3390 5324 3454 5339 —-

1912 5366 1958 5403 ¹⁸
1984 5365 2191 5426 Mutua,
2217 5376 2288 5428 vi,
2314 5367 2396 5415 24.
