4059 6317
1146 484 1517 552 n0M1NICA
1558 486 1583 551 1
1625 485 2067 552 ADVENTUS.
2111 487 2375 557 SERMO
2417 491 2495 558 ΙΙ.
3366 508 3403 566 5

250 624 496 691 derium.
519 621 641 688 Sed
656 621 806 705 quia
826 622 986 684 tnnc
1012 619 1179 685 bene
1192 624 1255 685 et
1275 621 1543 705 perfecte
1562 623 1765 685 exter-

256 733 465 797 minato
490 731 705 796 fomite
733 728 1262 811 concupiscentia
1297 732 1489 794 erunt
1538 728 1765 794 intenti

251 842 435 906 solnm
482 839 793 905 dulcedini
835 837 1173 902 suavitatis
1190 886 1213 917 ,
1264 838 1407 902 ideo
1461 837 1763 901 dicuntur

252 949 419 1029 quasi
462 948 620 1031 aqui
663 945 1062 1011 immaculati
1120 950 1181 1011 et
1228 945 1757 1023 incontaminati,

251 1055 466 1119 similes
489 1053 792 1136 angelicis
818 1051 1174 1134 spiritibus,
1201 1053 1347 1134 qui¹
1370 1067 1500 1118 non
1526 1051 1764 1118 nubent

251 1180 429 1246 neque
447 1161 775 1228 nubentur.
796 1159 1037 1237 Tertio,
1059 1159 1130 1221 in
1155 1158 1555 1223 elevantibus
1586 1176 1763 1223 men·

246 1276 363 1334 tem
392 1269 469 1333 ad
493 1268 691 1333 Patris
718 1265 1085 1350 potentiam,
1117 1265 1533 1331 evacuabitur
1554 1267 1762 1331 omnis

246 1378 422 1441 timor
456 1375 729 1440 tentione
780 1371 1132 1436 immobilis
1177 1372 1519 1437 firmitatis
1560 1373 1637 1438 Et
1680 1374 1758 1439 de

243 1486 340 1550 illo
364 1485 588 1549 dicitur
607 1485 631 1519 ¹
660 1508 676 1549 ε
708 1481 1004 1548 Redemit
1031 1481 1341 1548 Dominus
1366 1480 1557 1547 Jacob
1574 1529 1596 1560 ,
1627 1483 1757 1545 sci-

237 1593 375 1666 licet
414 1611 453 1656 a
485 1593 789 1656 servitute
828 1589 995 1671 legis
1032 1588 1269 1672 peccati
1299 1611 1316 1666 ;
1364 1594 1425 1657 et
1463 1590 1759 1656 liberavit

234 1716 367 1766 eum
398 1698 473 1766 de
509 1715 707 1764 manu
747 1697 1129 1780 potentioris
1149 1744 1165 1774 ,
1208 1696 1442 1761 scilicet
1478 1696 1712 1761 diaboli
1735 1745 1753 1773 ‚

234 1806 648 1890 multipliciter
658 1823 811 1869 eum
828 1804 1173 1885 affligendo
1195 1825 1213 1883 ;
1245 1810 1305 1871 et
1323 1807 1586 1871 venient
1607 1821 1756 1871 cum

228 1914 623 1992 munaum,
656 1919 720 1979 et
744 1910 1127 1990 laudabunt,
1156 1911 1391 1975 scilicet
1417 1912 1713 1977 continue
1730 1960 1752 1991 ,

226 2026 295 2090 in
324 2028 520 2089 monte
549 2020 753 2098 Sion,
797 2019 863 2085 id
912 2021 1008 2082 est
1034 2017 1404 2082 enuntiante
1443 2018 1572 2084 Deo
1614 2022 1755 2084 coeli

222 2129 517 2214 empyrei.
568 2127 726 2192 Sion
773 2125 1031 2209 specula
1074 2144 1093 2189 ε
1149 2129 1212 2189 et
1249 2126 1469 2207 signat
1522 2127 1754 2192 coelum

221 2255 589 2323 -pyreum
608 2285 632 2315 ,
660 2237 732 2300 in
762 2253 893 2319 quo
920 2238 1253 2318 ponuntur
1277 2234 1446 2298 beati
1485 2235 1565 2300 ad
1609 2253 1752 2319 spe·

220 2347 553 2414 cnlandnm
605 2350 670 2409 et
719 2342 1279 2425 contemplandum
1337 2342 1754 2408 immobiliter

222 2456 561 2521 claritatem
590 2452 861 2518 deitatis.
892 2450 1075 2520 Unde
1101 2450 1502 2531 Augustinus
1525 2451 1746 2516 dicit⁸2

231 2562 512 2639 «Quanta
558 2560 683 2625 erit
729 2558 992 2623 felicitas
1005 2605 1023 2635 ‚
1064 2558 1177 2623 ubi
1216 2556 1473 2622 nullum
1512 2558 1632 2622 erit
1670 2559 1747 2642 (α)

226 2670 455 2736 malum
469 2719 495 2749 ,
528 2672 594 2733 et
632 2668 891 2734 nullum
917 2666 1138 2731 latebit
1174 2667 1458 2731 bonuml
1491 2664 1752 2731 Vacabi-

226 2781 326 2842 tm·
347 2777 453 2842 Dei
477 2776 783 2841 laudibus
801 2822 819 2854 ,
851 2772 967 2855 qui
1000 2773 1121 2836 erit
1150 2772 1231 2856 (a)
1270 2772 1487 2837 omnia
1511 2772 1583 2836 in
1606 2790 1746 2837 om-

222 2885 421 2950 nibus,
438 2906 472 2944 n
522 2882 707 2948 Tunc
730 2879 1081 2945 adhaerebit
1112 2879 1183 2962 (b)
1208 2928 1230 2959 ,
1259 2879 1515 2945 vinculo
1548 2881 1619 2960 (c)
1654 2881 1750 2944 in-

222 2990 598 3071 dissolubili,
639 3007 899 3055 summo
926 2991 991 3054 et
1023 2987 1526 3052 incommutabili
1554 2988 1742 3053 bono.

222 3100 530 3182 Rogemus
568 3096 917 3162 Dominum
936 3143 959 3174 ,
1002 3099 1077 3158 ut
1105 3094 1196 3158 sic
1236 3094 1424 3158 faciat
1462 3111 1581 3158 nos
1617 3094 1753 3178 ele-⁸

222 3226 359 3273 vare
394 3209 677 3272 mentem
706 3203 789 3268 ad
831 3202 977 3268 Filii
1025 3201 1398 3284 sapientiam
1440 3219 1555 3284 per
1598 3202 1745 3267 fidei

220 3314 599 3396 splendorem
629 3358 650 3390 ,
709 3310 792 3375 ad
846 3308 1121 3392 Spiritus
1173 3308 1570 3373 clementiam
1629 3328 1746 3393 per

216 3421 519 3485 charitatis
545 3418 879 3498 ardorem,
909 3416 991 3481 ad
1019 3415 1227 3481 Patris
1250 3416 1599 3499 potentiam
1627 3435 1743 3499 per

212 3530 336 3610 spei
360 3526 804 3593 certitudinem
822 3573 841 3603 ,
871 3528 949 3590 ut
998 3524 1315 3607 possimus
1350 3525 1581 3589 mereri
1624 3526 1737 3590 do-

1870 621 2022 700 lari,
2059 641 2208 687 cnm
2242 625 2307 688 in
2356 626 2552 691 verbo
2593 630 2915 712 proposito
2957 634 3255 700 certificet
3296 653 3406 702 eos

1870 729 1949 794 de
2014 730 2308 812 promissi
2375 732 2662 798 beneficii
2734 736 3178 821 adimpletione
3206 789 3226 820 ,
3300 743 3403 808 di-

1870 854 2017 900 cens
2049 859 2065 900 ι
2107 837 2333 907 Veniet
2367 838 2766 914 desideratus
2799 847 3050 913 cunctis
3089 848 3399 930 pentibus.

1870 940 1991 1008 Sed
2030 945 2183 1027 quia
2222 946 2300 1010 ad
2340 948 2684 1029 petendum
2728 951 3091 1032 benignitas
3136 956 3399 1036 excitat,

1867 1051 2105 1115 utilitas
2139 1057 2459 1135 provocat,
2488 1056 2553 1118 et
2577 1058 2844 1139 petentis
2871 1060 3169 1125 sanctitas
3216 1081 3404 1129 aures

1868 1156 2104 1224 divinas
2156 1159 2601 1226 misericordias
2645 1162 2726 1226 ad
2771 1165 3161 1232 audiendum
3213 1170 3401 1234 incli-

1867 1269 2009 1345 nat;
2049 1266 2193 1330 ideo
2218 1266 2324 1331 hic
2349 1267 2469 1331 tria
2495 1273 2800 1336 notantur
2826 1271 2897 1335 in
2935 1274 3132 1339 verbo
3166 1294 3398 1361 propo-

1865 1371 2008 1438 sito.
2033 1373 2193 1439 Nam
2215 1375 2424 1457 primo
2450 1379 2705 1443 notatur
2724 1378 3091 1461 benignitas
3117 1401 3198 1447 ex
3224 1390 3400 1466 parte

1865 1477 2006 1543 Filii
2052 1479 2164 1545 Dei
2204 1482 2550 1563 venientis3
2598 1486 2873 1551 secundo
2890 1535 2909 1566 ,
2962 1490 3260 1555 sanctitas
3318 1511 3401 1557 ex

1865 1592 2044 1670 parte
2085 1589 2303 1671 populi
2348 1593 2727 1674 appetentis;
2775 1594 2987 1673 tertio,
3031 1596 3271 1661 utilitas
3317 1617 3400 1664 ex

1864 1697 2045 1778 parte
2076 1695 2224 1758 finis
2258 1697 2720 1780 subsequentis,
2763 1699 2977 1765 Primo
3014 1721 3257 1785 magna
3286 1706 3399 1771 be—

1862 1801 2150 1883 nignitas
2173 1803 2292 1868 fuit
2316 1804 2385 1868 in
2407 1804 2518 1869 Dei
2551 1804 2708 1871 Filio
2735 1808 3050 1886 veniente,
3080 1811 3231 1893 quia
3267 1831 3398 1878 non

1863 1910 2057 1988 misit,
2085 1928 2203 1975 nec
2244 1895 2520 1995 scripsit,
2566 1914 2700 1978 imo
2731 1915 2907 1979 venit
2949 1919 3392 2000 personaliter;

1863 2020 1926 2081 et
1951 2017 2074 2081 hoc
2100 2018 2390 2101 estquod
2418 2019 2568 2083 dicit
2600 2042 2615 2084 :
2657 2020 2895 2101 Veniet,
2929 2026 3048 2088 etc.
3078 2022 3390 2108 Secunde,

1865 2142 2109 2206 magna
2130 2126 2428 2190 sanctitas
2464 2145 2548 2191 ex
2572 2132 2751 2211 parte
2777 2130 2994 2213 populi
3022 2135 3391 2215 appetentis,

1860 2233 2013 2315 quia
2059 2250 2191 2297 non
2242 2233 2636 2298 desiderabat
2673 2253 2909 2300 aurum
2929 2283 2952 2316 ,
2999 2237 3101 2303 vel
3138 2238 3395 2323 aliquod

1860 2343 2218 2419 terrenum,
2268 2340 2378 2404 sed
2422 2339 2534 2405 Dei
2572 2340 2834 2420 Filium;
2877 2347 2941 2407 et
2977 2350 3235 2428 propter
3273 2347 3397 2412 hoc

1860 2446 2156 2511 subditur
2190 2468 2206 2511 τ
2242 2446 2674 2514 Desideratus.
2702 2447 2916 2514 Tertio
2951 2468 3194 2533 magna
3217 2453 3392 2518 utili-

1861 2557 1957 2617 tas
2006 2554 2128 2617 fuit
2168 2553 2238 2618 in
2282 2555 2412 2619 fine
2457 2555 2879 2639 subsequente
2893 2605 2911 2638 ,
2965 2558 3198 2624 scilicet
3241 2562 3394 2626 novi

1859 2659 2270 2724 Testamenti:
2287 2679 2439 2725 nam
2456 2680 2572 2745 per
2581 2663 2776 2728 istum
2787 2664 3134 2730 adventum
3147 2671 3394 2733 cunctae

1861 2773 2089 2850 gentes
2117 2772 2357 2835 vocatae
2398 2770 2652 2834 suntad
2693 2769 2805 2835 Dei
2841 2771 3205 2854 veritatem3
3251 2774 3392 2840 ideo

1859 2875 2252 2941 subinfertur
2282 2899 2297 2940 ε
2333 2876 2661 2944 Gentibus.

1936 2983 2097 3048 Dicit
2115 3001 2272 3064 ergo
2296 3004 2312 3048 ε
2344 2982 2588 3050 Veniet.
2608 2983 2729 3049 Ubi
2749 2990 3010 3051 notatur
3027 2986 3393 3071 benignitas

1856 3111 1937 3158 ex
1951 3095 2129 3175 parte
2143 3110 2430 3175 personae
2445 3093 2781 3159 venientis,
2804 3094 2872 3158 Si
2885 3099 3213 3177 quaeratur
3227 3097 3391 3163 ratio

1854 3204 1918 3266 et
1946 3218 2136 3265 causa
2158 3218 2356 3283 quare
2377 3199 2544 3265 Deus
2569 3201 2745 3266 venit
2765 3201 2834 3265 in
2848 3220 3128 3282 carnem,
3153 3204 3391 3286 optime

1854 3308 2296 3392 respondetur,
2325 3307 2498 3390 quod
2524 3307 2720 3391 hujus
2755 3309 2917 3373 ratio
2939 3309 3264 3393 praecipua
3296 3316 3391 3377 est

1853 3414 2380 3481 excellentissima
2405 3413 2768 3495 benignitas
2789 3415 2931 3494 Dei,
2962 3435 3002 3480 a
3028 3435 3180 3500 qua,
3201 3423 3264 3482 et
3286 3437 3384 3485 se-

1853 3523 2135 3587 cundum
2175 3540 2371 3605 quam
2385 3571 2407 3602 ,
2456 3526 2520 3586 et
2563 3528 2820 3605 propter
2860 3541 3055 3606 quam
3097 3525 3260 3589 facta
3294 3530 3389 3590 est

80 3811 87 3818 ,
205 3760 433 3807 securae
472 3741 769 3807 tentionis
785 3788 806 3820 ,
853 3738 1028 3823 quod
1074 3737 1257 3822 nobis
1284 3742 1588 3821 praestare
1640 3739 1734 3802 di-

1851 3628 2040 3695 Verbi
2079 3629 2449 3695 incarnatio.
2490 3628 2654 3694 Nam
2697 3629 2803 3694 ille
2837 3630 3149 3696 adventus
3191 3650 3232 3695 a
3274 3633 3383 3697 be-
3439 3648 3608 3694 Adm-

1848 3735 2170 3818 nignitate
2197 3737 2495 3819 procedit,
2525 3737 2864 3820 praetendit
2888 3737 3379 3820 benignitatem,
3414 3713 3622 3823 fimf-¹¹⁸0&

1848 3850 1912 3910 et
1948 3846 2029 3911 ad
2069 3846 2524 3928 benignitatem
2558 3847 2850 3930 producit
2885 3847 2994 3929 (d).
3033 3846 3244 3928 Igitur
3273 3848 3386 3914 Dei
3412 3840 3458 3884 ¹¹²
3476 3854 3625 3889 ‘’m‘-

1845 3952 2044 4018 Filius
2077 3957 2335 4036 propter
2372 3955 2644 4019 nimiam
2678 3955 3141 4036 benignitatem
3183 3956 3387 4021 voluit

1843 4061 2184 4126 humanari
2224 4083 2240 4127 ε
2272 4065 2346 4126 ut
2384 4061 2632 4127 veniret
2658 4063 2869 4144 primo
2908 4066 3216 4145 tauquam
3248 4081 3385 4129 me-

1842 4168 2074 4234 diatior
2088 4170 2605 4250 gratiosissimus,
2624 4169 2705 4235 ad
2730 4169 3090 4235 exhibenda
3101 4171 3383 4236 remedia

1842 4277 2016 4359 pacis
2049 4281 2113 4341 et
2154 4277 2535 4356 concordiae3
2578 4277 2854 4342 secundo
2889 4279 3197 4360 tanquam
3236 4278 3380 4343 doc-

1840 4387 1941 4448 tor
1967 4383 2416 4450 veracissimus
2429 4432 2445 4464 ,
2493 4385 2573 4450 ad
2601 4384 2809 4448 danda
2841 4384 3223 4450 documenta
3248 4386 3376 4469 pie·

1837 4491 1984 4556 tatis
2010 4494 2074 4556 et
2093 4491 2395 4573 justitiae3
2426 4492 2612 4557 tertio
2649 4496 2956 4575 tanquam
2984 4511 3101 4557 rex
3125 4492 3373 4557 humil-

1836 4597 2053 4677 limuS,
2074 4598 2156 4663 ad
2173 4599 2664 4664 demonstranda
2681 4598 2972 4681 exempla
2994 4598 3373 4665 humilitatis

1835 4710 1899 4771 et
1936 4707 2325 4789 paupertatis
2365 4723 2504 4771 suae
2542 4704 2934 4788 indigentias.
2982 4705 3065 4771 Ut
3102 4707 3221 4785 sic,
3262 4724 3368 4771 ra-

1834 4809 2006 4876 tione
2029 4811 2246 4893 primi,
2276 4808 2430 4894 quia
2455 4809 2783 4889 mediator,
2813 4810 2894 4875 sit
2919 4811 3245 4876 sinceriter
3269 4811 3370 4875 di-

1832 4917 2161 4999 ligendus3
2193 4918 2435 4983 ratione
2459 4917 2742 4997 secundi,
2773 4917 2927 5001 quia
2952 4918 3167 4983 doctor
3182 4967 3199 4999 ,
3242 4919 3369 4985 hu·

1833 5025 2070 5090 militer
2112 5025 2529 5104 reverendus3
2573 5024 2816 5090 ratione
2854 5024 3052 5104 tertii,
3093 5026 3245 5108 quia
3284 5028 3366 5092 ad

1831 5132 2200 5214 exemplum
2276 5149 2620 5216 praecessor
2645 5179 2663 5209 ‚
2735 5131 3138 5199 conformiter
3212 5132 3358 5198 imi·

1831 5239 2079 5304 tandus.

210 3638 329 3698 tem
361 3639 597 3718 apertae
639 3634 943 3711 visionis,
997 3631 1228 3715 quietae
1272 3632 1591 3697 fruitionis
1611 3681 1627 3713 ,
1677 3639 1741 3699 et

202 3853 445 3932 gnetur,
476 3853 599 3914 etc.
636 3848 659 3883 ⁸

721 4015 1017 4086 SERMO
1059 4016 1121 4085 Π
1156 4023 1202 4085 ⁸.

279 4172 501 4239 Veniet
554 4168 963 4237 desiderans
1028 4169 1278 4238 cunctis
1336 4170 1627 4252 yentibus
1677 4172 1726 4235 ⁶.

195 4276 506 4354 Quoniam
531 4277 614 4342 ad
654 4276 1132 4342 misericordem
1171 4277 1443 4360 pertinet
1483 4277 1725 4343 desola-

192 4389 284 4449 tos
307 4389 371 4450 et
386 4385 657 4451 afflictos
681 4383 1017 4463 consolari,
1041 4383 1191 4448 hinc
1202 4388 1320 4464 est,
1343 4386 1513 4468 quod
1536 4385 1725 4467 Deus,

188 4491 381 4559 Pater
402 4490 873 4560 misericordioe
902 4495 960 4558 et
984 4493 1180 4560 totius
1204 4493 1658 4561 consolationis
1675 4495 1725 4571 ⁷,

186 4598 409 4664 videns
433 4603 687 4664 sanctos
717 4603 932 4682 patres
971 4599 1380 4664 vehementer
1422 4599 1723 4681 desolari,

187 4709 246 4770 et
274 4706 476 4789 affligi
502 4726 587 4771 ex
625 4724 763 4771 snae
807 4706 1242 4790 promissionis
1280 4706 1612 4787 dilatione,
1663 4713 1726 4772 et

190 4812 400 4879 animo
437 4812 764 4879 sitibundo
802 4816 870 4878 et
909 4812 1140 4878 affectu
1180 4814 1465 4897 piissimo
1507 4833 1724 4898 preces

193 4918 547 5004 importune
584 4919 1014 5003 multiplicare
1044 4941 1060 4984 ε
1102 4938 1219 5004 pro
1258 4923 1443 5004 cujus
1485 4921 1719 4987 accele-

194 5027 423 5094 ratione
444 5028 757 5111 dignatus
780 5029 884 5091 est
906 5044 1015 5091 eos
1039 5027 1468 5111 multipliciter
1496 5047 1721 5094 conso-

201 5188 915 5324 gggfghffifnflffffig
932 5186 1125 5312 ’ἕῖᾜῑ
1135 5194 1418 5326 ,¹1¹.?‘¹;.¹¹.·.
1434 5216 1493 5297 ῖ
1515 5192 1719 5314 tsi:

202 5331 323 5406 idem
346 5335 669 5401 Evangelium
696 5343 851 5383 serm
881 5340 936 5380 ιν
973 5331 1020 5379 et
1046 5343 1076 5379 v
1115 5333 1178 5383 de
1212 5334 1477 5385 Dominica
1504 5335 1569 5386 ΙΙ.
1612 5335 1717 5386 Δᾶ-

204 5409 376 5457 ventus.
395 5432 452 5445 -
482 5409 502 5439 θ
526 5409 686 5458 Hunc
718 5415 839 5454 non
868 5399 1024 5451 habet
1044 5403 1162 5456 edit.
1191 5406 1349 5456 Paris.
1378 5420 1462 5459 an.
1493 5409 1633 5460 152¹.
1660 5432 1715 5443 -

200 5475 365 5544 'A99.,
389 5492 448 5545 u,
476 5483 523 5531 8.
542 5505 609 5519 --
638 5478 663 5512 ⁷
692 5476 741 5527 n
775 5472 930 5533 Cor-2
958 5481 994 5531 ¹2
1016 5473 1061 5523 3·

1892 5401 1962 5464 (α)
1984 5401 2106 5453 Coet.
2125 5400 2247 5454 edit.
2279 5403 2444 5453 Est.—
2476 5401 2541 5464 (ὁ)
2563 5402 2679 5467 leq.
2699 5400 3118 5454 adhaerebitur.—
3139 5401 3206 5468 (c)
3234 5401 3357 5456 coet.

1826 5472 1949 5526 edit.
1979 5471 2258 5528 vinculum.
2283 5500 2344 5512 —
2374 5473 2445 5540 (d)
2470 5474 2585 5539 Leq.
2613 5472 2860 5541 perducit.
