4059 6317
1453 506 1554 574 DE
1595 502 2138 575 DEDIGATIONE.

202 640 376 717 quod
401 643 628 700 tantum
652 641 950 716 praedatur
983 640 1047 700 in
1084 643 1240 700 terra
1264 641 1569 716 sedentes3
1598 643 1744 702 alte·

203 751 367 806 rum,
393 735 457 792 in
483 750 619 793 aere
644 734 944 807 volantes;
982 735 1089 795 sed
1123 736 1359 795 tertium
1377 778 1396 807 ,
1438 737 1501 794 in
1527 737 1743 796 arbore

201 831 581 906 quiescentes.
614 831 826 890 Omnia
849 835 1049 890 tamen
1073 832 1220 903 haec,
1250 831 1548 897 columba,
1579 834 1748 889 natu-

204 924 322 983 rali
375 925 638 999 quadam
676 925 992 997 industria,
1032 908 1264 983 deludit
1314 940 1574 998 genera:
1604 940 1746 983 nam

207 1017 260 1075 si
297 1017 449 1076 vidit
481 1018 819 1094 accipitrem
865 1019 928 1075 in
975 1033 1109 1076 aere
1157 1017 1557 1092 praedantem,
1598 1016 1750 1090 fugit

209 1111 293 1170 ad
330 1115 581 1185 terram3
620 1112 669 1170 si
696 1111 1060 1187 praedantem
1103 1111 1167 1169 in
1211 1114 1400 1182 terra,
1455 1109 1604 1184 fugit
1669 1109 1748 1169 ad

210 1205 459 1265 arbores
469 1224 491 1278 ς
505 1205 555 1264 si
573 1209 775 1264 autem
797 1206 1160 1280 praedantem
1184 1206 1248 1263 in
1275 1205 1509 1277 arbore,
1529 1204 1594 1263 in
1616 1221 1750 1264 aere

211 1299 496 1357 elevatum
544 1303 607 1357 Et
648 1299 765 1359 hoc
805 1299 1074 1373 designat
1114 1298 1327 1374 triplex
1358 1315 1545 1373 genus
1570 1302 1751 1358 tenta·

213 1392 392 1451 tionis
446 1391 759 1452 diabolicae
776 1435 796 1465 ,
854 1409 977 1468 quo
1032 1393 1337 1467 accipitres
1398 1393 1753 1468 impugnant

214 1486 592 1545 christianam
617 1487 901 1558 animam,
927 1486 1147 1545 scilicet
1172 1486 1453 1559 avaritioe,
1478 1486 1751 1558 luxurioe,

213 1580 526 1655 superbiai.
568 1583 809 1655 Propter
850 1581 1020 1655 quod
1062 1580 1204 1639 dicit
1244 1582 1635 1657 Hieronymus
1676 1580 1753 1641 de

214 1673 456 1747 agmine
511 1672 924 1732 columbarum
973 1677 992 1711 ¹
1044 1694 1062 1730 .-
1122 1693 1153 1729 α
1206 1675 1426 1733 Crebro
1480 1675 1755 1750 accipiter

215 1783 403 1827 unam
430 1770 685 1842 separat,
713 1783 898 1843 quam
924 1769 1119 1827 statim
1143 1768 1390 1841 invadit,
1422 1773 1478 1827 et
1515 1768 1754 1841 lacerat,

218 1865 276 1921 et
298 1864 439 1919 tunc
466 1876 675 1920 cruore
709 1865 766 1918 et
790 1861 1068 1920 carnibus
1112 1862 1372 1920 satiatur.
1403 1882 1433 1916 n
1465 1862 1580 1921 Sed
1607 1878 1756 1936 quo-

216 1954 382 2014 niam
420 1954 734 2013 catharina
783 1954 907 2013 hoec
953 1955 1059 2013 tria
1101 1955 1490 2030 providentiae
1542 1957 1755 2031 clypeo

220 2049 457 2121 devicit,
482 2047 622 2107 ideo
648 2048 861 2107 dicitur
887 2049 963 2107 de
992 2064 1064 2107 ea
1088 2048 1112 2081 ¹
1142 2067 1157 2106 ε
1183 2073 1210 2101 α
1231 2049 1396 2108 Oculi
1424 2050 1508 2109 tui
1528 2051 1758 2109 colum-

217 2144 457 2213 barum,
486 2164 514 2195 υ
545 2142 612 2200 id
638 2145 752 2214 est,
777 2142 1148 2217 provisiones
1182 2146 1316 2202 tuoe.
1363 2143 1477 2202 Sed
1509 2144 1758 2219 quidam

217 2237 492 2296 amittunt
532 2236 909 2308 sagacitatem
947 2235 1337 2312 providentias
1354 2281 1374 2310 ,
1418 2241 1478 2296 et
1500 2238 1760 2311 perdunt

216 2330 589 2391 timiditatem
616 2331 1001 2390 conscientiae.
1034 2330 1198 2389 Unde
1226 2331 1440 2390 dicitur
1465 2333 1488 2369 ⁸
1518 2351 1533 2390 :
1572 2351 1601 2387 α
1621 2332 1758 2392 Effi-

218 2425 456 2485 ciemini
486 2425 653 2500 quasi
709 2425 991 2485 columba
1042 2425 1315 2499 seducta,
1360 2443 1483 2485 non
1530 2426 1757 2487 habens

218 2538 341 2582 001⁸.
368 2544 396 2578 u

288 2619 506 2688 Quarto
539 2616 695 2698 celer
733 2616 907 2675 estin
932 2616 1138 2676 volatu
1165 2636 1180 2675 ε
1214 2617 1557 2677 catervatim
1597 2618 1758 2678 enim

217 2711 625 2786 progreditur,
650 2714 708 2769 et
730 2710 945 2769 nidum
969 2727 1142 2769 suum
1167 2711 1445 2771 intrando
1484 2712 1760 2787 frequen·

219 2810 322 2864 tat.
352 2810 419 2867 Et
449 2821 558 2880 per
594 2806 711 2864 hoe
755 2805 1098 2879 designatur
1133 2804 1564 2881 obsequiositas
1617 2806 1761 2865 obe-

221 2898 456 2959 dientiae
473 2942 494 2972 ,
532 2915 715 2974 quam
761 2900 825 2958 in
864 2899 1080 2958 sanctis
1124 2899 1450 2959 admiratur
1484 2902 1660 2960 lsaias
1683 2902 1705 2937 ⁸
1738 2919 1755 2959 ε

228 3013 257 3049 ι
283 2994 395 3064 Qui
420 2997 557 3051 sunt
580 2993 673 3051 isti
689 3036 708 3065 ,
737 2994 842 3068 qui
871 2995 937 3050 ut
978 2993 1171 3052 nubes
1215 2993 1458 3067 volant,
1506 2999 1564 3054 et
1588 2997 1762 3070 quasi

223 3086 518 3147 columboe
544 3085 624 3145 ad
648 3085 932 3145 fenestras
958 3088 1137 3146 suas?
1165 3106 1194 3143 n
1231 3090 1376 3146 Nam
1411 3088 1618 3148 divino
1646 3089 1759 3148 im-

219 3180 390 3256 perio
430 3179 651 3239 subditi
678 3179 882 3238 volant
905 3179 985 3238 ad
1033 3180 1314 3240 fenestras
1355 3198 1493 3241 suas
1511 3226 1530 3255 ,
1559 3182 1623 3241 id
1653 3188 1760 3257 est,

220 3272 301 3332 ad
328 3269 659 3330 custodiam
685 3286 933 3329 suorum
946 3287 1249 3346 sensuum,
1267 3273 1364 3331 vel
1380 3275 1760 3334 examinatio·

220 3382 363 3425 nem
394 3380 640 3423 suorum
669 3381 940 3440 operum,
983 3366 1080 3424 vel
1114 3365 1195 3425 ad
1235 3368 1656 3428 mandatorum
1682 3370 1763 3429 le·

219 3457 448 3533 galium
470 3457 897 3529 executionem,
924 3459 1251 3517 secundum
1277 3460 1428 3518 illud
1451 3463 1474 3499 ⁵
1503 3481 1518 3518 :
1556 3484 1584 3515 α
1612 3467 1762 3522 Avo·

222 3554 434 3613 labunt
458 3553 630 3628 quasi
656 3552 784 3611 avis
816 3568 890 3610 ex
909 3555 1186 3627 AEgypto,
1205 3556 1264 3611 et
1290 3555 1462 3628 quasi
1481 3555 1764 3616 columba

224 3648 301 3706 de
328 3650 484 3706 terra
510 3645 906 3721 Assyriorum,
933 3667 962 3701 n
1010 3650 1119 3705 etc.
1164 3647 1336 3716 Quod
1362 3652 1419 3705 et
1442 3647 1566 3706 haec
1592 3649 1763 3723 virgo

221 3742 502 3800 imitatrix
529 3744 868 3799 sanctorum
893 3739 1160 3815 perfecit,
1183 3740 1329 3798 dum
1358 3741 1562 3800 oculos
1586 3743 1760 3817 visui,

222 3851 439 3894 manus
472 3834 678 3911 operi,
734 3833 920 3908 pedes
962 3832 1186 3906 gressui
1221 3839 1546 3909 spontanea
1590 3837 1765 3896 obse-

224 3928 540 4004 quiositate
564 3928 814 4003 paravit.
843 3929 1085 4001 Propter
1110 3928 1278 4002 quod
1305 3932 1535 4002 poterat
1570 3931 1765 3990 dicere

225 4041 365 4083 cum
386 4024 677 4098 Propheta
698 4024 720 4059 ⁶
749 4040 765 4080 ε
800 4042 829 4077 ι
847 4022 986 4092 Quis
1016 4022 1182 4081 dabit
1201 4023 1349 4082 mihi
1371 4040 1598 4098 pennas
1617 4025 1768 4086 sicut

227 4118 540 4191 columboe,
569 4122 629 4176 et
651 4116 898 4189 volabo,
927 4120 986 4175 et
1005 4117 1412 4192 requiescam?
1442 4140 1470 4173 »
1493 4119 1609 4178 Sed
1634 4121 1765 4195 qui-

228 4212 373 4271 dam
417 4227 541 4270 non
565 4211 789 4269 habent
828 4210 1348 4285 obsequiositatem
1393 4213 1764 4289 obedientiae,

229 4308 340 4367 sed
365 4304 774 4364 remissionem
798 4302 1193 4377 negligentise,
1227 4305 1303 4364 de
1331 4322 1452 4380 qua
1478 4306 1691 4366 dicitur
1708 4310 1765 4369 ⁷:

237 4423 267 4455 α
293 4404 360 4460 Et
381 4402 552 4458 erunt
576 4398 634 4455 in
663 4398 967 4458 montibus
1006 4397 1176 4472 quasi
1203 4399 1497 4460 columbae
1525 4403 1768 4462 conval-

229 4495 404 4564 lium,
428 4508 636 4552 omnes
659 4492 896 4566 trepidi.
927 4513 956 4544 »

305 4588 541 4660 Quinto,
568 4589 654 4644 est
678 4585 882 4644 fertilis
907 4584 1192 4645 ineffectu
1212 4586 1586 4662 :frequenter
1609 4590 1770 4650 enim

229 4683 294 4741 in
322 4697 482 4741 anno
506 4680 812 4756 pulliflcat.
841 4682 906 4738 Et
929 4695 1039 4754 per
1071 4681 1188 4739 hoc
1223 4682 1401 4739 etiam
1427 4682 1771 4757 designatur

229 4774 581 4836 foecunditas
617 4773 985 4833 conscientiae
1025 4774 1120 4847 (a),
1148 4789 1282 4848 quse
1312 4777 1505 4850 major
1532 4783 1618 4837 est
1657 4777 1767 4838 foe-

232 4870 531 4931 canditate
555 4869 625 4943 (b)
648 4873 871 4928 naturoe
899 4869 1102 4945 :quia‚
1116 4874 1181 4928 ut
1201 4870 1344 4930 dicit
1367 4873 1767 4951 Ambrosius⁸,

238 4990 268 5021 «ι
293 4970 423 5026 Non
449 4963 810 5023 matrimonii
837 4978 1020 5037 onus,
1060 4979 1186 5023 non
1228 4964 1404 5025 dolor
1445 4974 1649 5043 partus
1661 4988 1681 5042 ς
1712 4975 1771 5031 et

230 5061 373 5120 inde
398 5056 771 5118 numerosior
795 5056 1034 5116 soboles
1058 5058 1272 5118 mentis
1299 5059 1413 5135 piae
1429 5103 1450 5134 ,
1482 5078 1614 5137 quae
1641 5080 1770 5124 om.

231 5171 338 5214 nes
361 5169 473 5228 pro
497 5151 701 5211 liberis
724 5150 907 5211 habet
919 5190 940 5221 ,
967 5149 1245 5213 foecunda
1279 5155 1766 5233 successionibus,

298 5306 311 5334 ¹
359 5301 681 5366 meronym„
722 5298 793 5349 ad
843 5298 1173 5356 Demetriad„
1220 5299 1279 5351 de
1324 5316 1453 5355 seru.
1508 5303 1768 5371 Viryinit„

233 5374 383 5439 epist.
416 5384 586 5436 xcvn,
613 5372 681 5422 al.
704 5382 828 5429 vm,
857 5382 1038 5420 versus
1069 5369 1155 5421 flu.
1188 5398 1247 5410 -
1281 5374 1302 5407 ²
1331 5373 1500 5439 Cana,
1529 5388 1598 5439 iv,
1631 5380 1677 5428 ι.
1711 5404 1764 5415 -

141 5459 147 5466 ·
234 5448 256 5481 ²
292 5446 424 5511 Osa,
453 5455 556 5509 vn,
587 5449 666 5495 ss.
692 5468 754 5483 -
778 5443 802 5478 ⁸
826 5443 948 5506 Ira„
977 5453 1074 5508 nx,
1100 5445 1148 5495 8.
1178 5468 1240 5481 —
1273 5446 1292 5476 ⁸
1317 5444 1446 5509 ou„
1476 5452 1678 5513 15¹1.
1707 5475 1767 5488 ..-

3272 507 3391 569 633

1852 643 2063 702 sterilis
2106 641 2481 716 orbitatibus,
2523 639 2708 700 nescit
2729 639 2969 710 funera„
2998 639 3166 699 novit
3208 639 3392 697 haire-

1855 739 1978 797 des.
2009 760 2038 793 n
2073 739 2214 797 Huic
2243 738 2355 796 soli
2383 736 2597 795 dicitur
2637 738 2661 773 ⁹
2690 755 2705 794 ε
2740 754 2771 791 α
2804 734 2980 810 Aperi
3018 734 3185 805 mihi,
3223 749 3394 792 soror

1854 847 2010 902 mea,
2035 832 2229 891 amica
2249 848 2406 903 mea,
2436 830 2718 890 columba
2743 845 2901 901 mea,
2934 851 2963 883 n
2993 832 3103 886 etc.
3138 831 3204 887 Et
3227 832 3395 901 nota,

1857 924 2022 1000 quod
2045 928 2221 984 vocat
2247 941 2380 984 eam
2404 940 2692 996 sororem,
2725 924 2869 998 quia
2896 920 3268 982 cohaeredem
3291 920 3389 978 ha·

1855 1017 2177 1087 bitatione;
2219 1023 2476 1090 amicam,
2508 1017 2652 1093 quia
2691 1017 3012 1074 ferventem
3047 1013 3393 1083 dilectione;

1856 1113 2172 1184 columbam,
2216 1111 2358 1187 quia
2390 1110 2642 1169 fertilem
2677 1109 3057 1185 operatione;
3086 1110 3395 1165 immacula-

1860 1212 1993 1279 tam,
2024 1206 2168 1280 quia
2191 1203 2515 1279 fulgentem
2552 1203 2940 1279 professione.
2974 1202 3171 1262 Merito
3198 1201 3400 1259 Catha-

1858 1301 1989 1359 rina
2015 1300 2173 1359 dicta
2200 1303 2287 1359 est
2314 1301 2357 1335 ¹⁰
2381 1318 2410 1353 ι
2427 1299 2708 1357 columba
2731 1298 3044 1356 nidificans
3069 1300 3133 1355 in
3160 1313 3398 1357 summo

1860 1411 1964 1454 ore
2015 1394 2325 1453 foraminis
2342 1437 2361 1467 ,
2416 1414 2447 1448 n
2496 1395 2557 1451 in
2605 1391 2954 1450 vulneribus
3018 1391 3246 1449 Christi.
3311 1390 3398 1449 lbi

1861 1491 2020 1547 enim
2042 1488 2440 1562 grandescunt
2462 1489 2688 1545 mentes
2705 1529 2726 1559 ,
2766 1486 2851 1544 ibi
2896 1501 3021 1545 non
3043 1484 3399 1555 honoribus,

1861 1583 1969 1641 sed
1992 1582 2307 1643 virtutibus
2332 1580 2765 1640 foecundantur.
2794 1579 2884 1639 Ad
2919 1579 3085 1655 quod
3112 1580 3400 1637 vocatur?

1865 1679 1906 1715 ¹¹
1927 1698 1956 1731 «
1971 1677 2141 1749 Veni,
2159 1676 2439 1737 columba
2463 1691 2620 1746 mea,
2645 1675 2709 1732 in
2734 1672 3127 1732 foraminibus
3147 1678 3344 1748 petrae.
3366 1693 3396 1726 »

1864 1772 2078 1831 Dicitur
2103 1771 2280 1844 igitur
2312 1788 2326 1827 :
2358 1772 2550 1829 Penne
2577 1769 2822 1826 columboe
2850 1768 3229 1838 dearqentatoe.

2218 1969 2330 2045 DE
2393 1965 3046 2044 DEDIGATIONE.

1936 2247 2093 2317 Bleqi
2119 2246 2291 2303 locum
2332 2246 2500 2300 istum
2527 2243 2669 2299 mihi
2709 2245 2771 2299 in
2810 2241 3025 2299 domum
3049 2243 3310 2313 sacrificii
3340 2239 3402 2299 ¹².

1867 2341 1977 2398 ista
1999 2337 2238 2396 fuerunt
2254 2337 2441 2395 verba
2468 2335 2699 2393 Domini
2720 2334 2800 2393 ad
2821 2334 3202 2394 Salomonem
3215 2376 3236 2406 ,
3271 2338 3409 2409 post

1863 2434 2310 2494 fabricationem
2355 2434 2412 2490 et
2447 2431 2876 2490 dedicationem
2913 2430 3119 2505 templi
3134 2450 3154 2504 3
3184 2433 3242 2488 et
3267 2446 3408 2504 pos-

1865 2532 2002 2588 sunt
2022 2544 2149 2587 esse
2178 2527 2363 2586 verba
2389 2525 2657 2600 ejusdem
2685 2525 2917 2584 Domini
2944 2525 3023 2583 ad
3052 2523 3405 2598 Episcopum

1865 2627 2002 2698 post
2025 2620 2522 2680 consecrationem
2564 2618 2936 2677 ecclesiastici
2971 2617 3310 2677 habitaculi.
3341 2620 3408 2676 In

1867 2732 1989 2792 quo
2018 2715 2143 2774 duo
2171 2713 2542 2773 continentur
2587 2713 2741 2771 circa
2782 2710 3091 2771 ecclesiam
3119 2711 3198 2770 ad
3221 2712 3408 2770 hono·

1864 2827 1995 2870 rem
2048 2809 2279 2868 Domini
2327 2808 2661 2866 dedicatam
2698 2825 2713 2863 ε
2745 2805 2965 2864 scilicet
3001 2803 3407 2880 appropriatio

1868 2903 2152 2976 dominii,
2182 2918 2320 2960 cum
2348 2901 2561 2960 dicitur
2592 2919 2606 2958 ε
2637 2901 2795 2971 Ebot*
2821 2901 2996 2957 locum
3026 2902 3193 2957 istum
3228 2900 3405 2971 mihi3

1868 3003 1924 3057 et
1948 2998 2195 3056 intentio
2224 2996 2426 3066 officii,
2455 3012 2592 3054 cum
2627 2994 2902 3053 subditur
2929 3011 2945 3051 ε
2971 2996 3041 3052 In
3067 2994 3287 3051 domum
3312 3008 3408 3051 sa-

1867 3096 2085 3165 crificii.
2123 3091 2263 3151 Ideo
2309 3090 2522 3149 dicitur
2561 3108 2575 3146 :
2617 3091 2773 3161 Elem·
2816 3090 2988 3145 locum
3030 3090 3197 3145 istum
3240 3088 3407 3158 mihi,

1871 3187 2015 3262 quia
2043 3187 2259 3245 domus
2283 3185 2346 3244 in
2375 3184 2685 3243 ecclesiam
2710 3183 3051 3240 consecrata
3078 3180 3258 3239 debet
3284 3197 3410 3239 esse

1870 3281 1947 3341 ab
1990 3281 2269 3341 omnibus
2314 3278 2576 3354 profanis
2617 3278 2886 3352 separata
2901 3318 2921 3347 ,
2967 3279 3024 3333 et
3051 3275 3187 3333 ritui
3224 3273 3414 3333 domi-

1869 3375 2005 3434 nico
2035 3375 2317 3449 deputata
2334 3392 2354 3445 3
2375 3374 2435 3430 et
2451 3371 2665 3430 dicitur
2686 3388 2702 3427 ε
2730 3371 2955 3429 Domum
2972 3371 3251 3440 sacrificii,
3268 3368 3412 3442 quia

1869 3471 1956 3529 ibi
1974 3470 2240 3546 quotidie
2264 3466 2607 3527 immolatur
2631 3464 2826 3523 hostia
2846 3477 2994 3521 vera
3004 3504 3024 3535 ,
3042 3461 3261 3520 scilicet
3283 3477 3414 3521 cor-

1870 3583 1983 3641 pus
2009 3563 2135 3623 Filii
2170 3562 2288 3621 Dei.

1942 3662 2071 3717 Hoec
2101 3658 2317 3716 domus
2342 3669 2455 3730 pro
2489 3654 2651 3711 tanta
2694 3650 2887 3708 hostia
2929 3648 3300 3707 immolanda
3344 3647 3414 3707 fit

1873 3754 1952 3815 ad
1978 3752 2383 3812 conditionem
2411 3746 2867 3823 quadruplicem
2912 3763 2927 3802 ι
2977 3742 3252 3801 videlicet
3269 3784 3287 3814 ,
3333 3742 3411 3801 ad

1871 3846 2313 3905 instructionem
2338 3843 2657 3913 laicorum,
2691 3839 2770 3898 ad
2799 3836 3218 3913 perfectionem
3245 3835 3413 3894 cleri-

1872 3957 2101 4013 corum,
2128 3940 2209 3997 ad
2227 3938 2487 3997 vicinam
2505 3932 3105 3995 communicationem
3126 3945 3412 4006 superno-

1871 4051 2028 4107 rum,
2064 4037 2122 4092 et
2148 4032 2513 4092 amotionem
2534 4028 2803 4088 sordium
2829 4030 2888 4085 et
2918 4025 3219 4084 vitiorum.

1944 4130 2240 4199 Quantum
2265 4142 2408 4187 vero
2436 4124 2516 4184 ad
2529 4122 2974 4182 instructionem
2995 4119 3312 4189 laicorum,
3327 4121 3414 4176 est

1873 4223 2120 4283 ecclesia
2144 4221 2362 4281 domus
2400 4217 2746 4278 eruditionis
2785 4231 2898 4291 pro
2935 4211 3235 4272 audienda
3261 4226 3414 4286 prae-

1876 4317 2170 4377 dicatioue
2200 4315 2661 4390 scripturarum,
2700 4312 2917 4371 domus
2957 4306 3274 4383 spiritualis
3299 4321 3411 4381 pro

1873 4410 2231 4488 postulanda
2299 4406 2709 4483 impetratione
2770 4402 3091 4479 gratiarum
3105 4444 3125 4473 ,
3195 4400 3412 4458 domus

1874 4504 2249 4565 exultationis
2287 4519 2398 4579 pro
2444 4500 2772 4560 obtinenda
2815 4496 3132 4557 refectione
3180 4493 3410 4553 anima-

1873 4617 2009 4660 rum
2035 4599 2099 4658 in
2127 4597 2522 4658 celebratione
2556 4595 2880 4654 missarum.

1946 4699 1989 4754 1.
2009 4694 2204 4752 Primo
2227 4707 2393 4765 ergo,
2422 4692 2712 4764 quantum
2730 4686 2808 4744 ad
2834 4681 3278 4744 instructionem
3306 4680 3414 4739 lai·

1876 4804 2117 4860 corum,
2146 4789 2232 4844 est
2257 4783 2502 4843 ecclesia
2530 4782 2746 4841 domus
2774 4777 3120 4838 eruditionis
3156 4790 3269 4851 pro
3309 4790 3415 4832 au-

1875 4882 2097 4941 dienda
2125 4878 2545 4955 praedicatione
2571 4876 3021 4951 scripturarum.
3051 4870 3096 4907 ¹⁸
3131 4890 3160 4921 α
3183 4872 3412 4943 Appro-

1873 4976 2159 5053 pinquate
2182 4972 2263 5032 ad
2290 4987 2419 5044 me,
2453 4970 2679 5030 indocti
2696 5011 2717 5041 ,
2748 4972 2806 5027 et
2838 4966 3189 5039 congregate
3215 4977 3325 5021 vos
3349 4961 3413 5020 in

1875 5070 2128 5130 domum
2168 5065 2513 5141 disciplinoe.
2555 5082 2585 5119 n
2634 5061 2893 5120 Verbum
2942 5062 3031 5117 est
3069 5055 3285 5115 divinae
3312 5070 3409 5114 sa-

1872 5225 1893 5255 ·
1921 5221 2059 5272 Psal.
2098 5231 2203 5284 mv,
2243 5222 2292 5271 7.
2318 5244 2382 5256 —
2417 5218 2440 5254 '¹
2468 5215 2675 5277 Ezech„
2708 5225 2810 5278 vu,
2842 5214 2890 5263 6.
2924 5237 2979 5248 -
3018 5210 3040 5246 ⁸
3076 5207 3314 5260 Ambros.
3349 5232 3409 5244 —

1877 5294 1899 5326 θ
1934 5294 2103 5357 Cant„
2133 5304 2184 5354 v,
2209 5294 2258 5342 2.
2284 5316 2345 5328 -
2370 5289 2415 5326 ¹⁰
2439 5290 2646 5351 Jerem„
2676 5296 2868 5348 xnvm,
2896 5285 2975 5335 28.
2997 5308 3063 5322 —
3084 5283 3125 5317 ¹¹
3154 5280 3322 5341 Cant„
3350 5289 3411 5342 11,

1874 5367 1953 5416 14.
1981 5391 2049 5402 -
2072 5364 2118 5400 ¹⁸
2146 5364 2183 5413 ΙΙ
2215 5360 2410 5424 Perat„
2437 5371 2538 5422 vn,
2566 5362 2645 5409 ¹2.
2678 5384 2738 5397 —
2764 5357 2805 5394 ¹⁸
2830 5353 3013 5417 Eoeli„
3045 5364 3119 5415 m,
3146 5352 3227 5402 31.

1940 5453 2012 5521 (a)
2037 5454 2190 5508 Forte
2214 5452 2315 5519 ιη.
2342 5450 2541 5518 μευ.
2572 5475 2626 5505 -.
2662 5445 2730 5513 (ὁ)
2760 5446 2883 5500 coet.
2914 5442 3040 5497 edit.
3073 5438 3410 5510 jucunditate.
