4059 6317
422 668 563 726 pm

663 471 786 536 494

659 698 870 773 tenda,
897 699 1004 758 sed
1029 701 1227 775 potius
1262 702 1565 777 fugienda.
1606 706 1701 762 Est
1739 705 1900 762 enim
1937 704 2204 762 hnmana

661 791 854 866 gloria
878 793 974 853 hic
998 795 1237 870 putrido
1255 796 1419 872 ligno
1442 798 1766 870 simillima,
1797 798 1874 856 de
1905 810 2029 872 quo
2065 794 2201 855 Phi-

659 885 946 962 losophus
968 889 1143 949 docet
1170 893 1214 962 ¹,
1238 893 1296 949 et
1334 906 1410 950 ex
1446 890 1577 966 ipsa
1608 890 1968 967 experientia
2006 893 2200 965 patet,

660 981 829 1055 quod
856 981 932 1040 de
957 986 1128 1041 nocte
1154 983 1339 1058 lucet,
1367 985 1475 1044 sed
1502 985 1566 1044 in
1607 985 1705 1044 die
1748 984 2057 1060 putridum
2098 1000 2203 1059 ap·

660 1083 847 1149 paret.
877 1076 1033 1146 Quid
1059 1082 1146 1135 est
1180 1077 1342 1137 enim
1375 1078 1568 1152 gloria
1602 1095 1791 1150 vana,
1822 1078 1937 1136 nisi
1969 1077 2203 1151 Bgunm

658 1168 967 1244 putridum
995 1170 1071 1228 de
1097 1175 1269 1230 nocte
1296 1171 1523 1244 lucens,
1541 1173 1602 1231 in
1632 1173 1748 1231 hoc
1766 1173 2039 1248 proesenti
2060 1176 2204 1230 tem-

661 1277 840 1336 pore,
870 1264 1037 1338 quod
1064 1265 1224 1323 nocu‘
1252 1265 1551 1325 umbrosae
1579 1269 1664 1324 eat
1684 1266 1911 1337 simile,
1942 1264 2203 1340 gloriose

662 1357 964 1427 incedere,
1005 1363 1065 1416 et
1105 1357 1461 1419 luminosius
1496 1360 1741 1418 infirmis
1781 1358 1968 1418 oculis
2007 1372 2201 1434 appa-

661 1466 820 1523 rere,
849 1451 954 1525 qui
978 1466 1102 1510 non
1133 1456 1384 1527 possunt
1413 1453 1527 1511 nisi
1560 1453 1894 1512 secundum
1925 1468 2033 1524 ea,
2067 1469 2202 1527 qum

661 1542 805 1603 soris
837 1546 999 1617 sunt,
1036 1545 1344 1618 indicare?
1391 1547 1506 1606 Sed
1546 1547 1792 1622 quando
1833 1547 1963 1606 dies
1991 1546 2202 1620 judicii

662 1637 875 1709 veniet,
902 1638 967 1696 in
992 1654 1118 1715 qua
1140 1641 1164 1674 ²
1197 1659 1227 1694 ι
1252 1639 1613 1699 illuminabit
1633 1640 1920 1699 Dominus
1947 1640 2203 1700 abscon-

663 1729 788 1789 dita
809 1732 1217 1808 tenebrarum,
1246 1738 1304 1793 et
1343 1733 1742 1793 manifestabit
1779 1733 2027 1793 consilia
2071 1750 2203 1793 cor-

664 1824 854 1897 dium,
881 1847 910 1882 n
944 1831 1083 1886 tunc
1104 1828 1213 1903 qui
1236 1827 1511 1887 videntur
1536 1828 1803 1902 gloriosi,
1831 1828 2205 1904 apparebunt

663 1919 888 1995 putridi
928 1924 985 1979 et
1024 1920 1323 1994 vilissimi,
1363 1925 1422 1980 et
1462 1923 1697 1997 penitus
1739 1937 1864 1981 non
1917 1921 2202 1994 curandi,

666 2013 808 2089 quia
832 2014 1202 2089 impossibile
1229 2019 1348 2088 est,
1372 2016 1521 2075 sicut
1560 2016 1702 2074 dicit
1740 2016 2202 2091 Hieronymus,
2158 2017 2180 2051 ⁸

666 2112 731 2166 ut
754 2107 977 2167 homo'
960 2125 1024 2167 in
1047 2109 1198 2168 coelo
1225 2110 1370 2167 etin
1395 2112 1551 2168 terra
1577 2115 1863 2185 appareat
1887 2109 2201 2183 gloriosus.

667 2203 828 2263 Unde
875 2203 1024 2263 tales
1068 2220 1275 2264 omnes
1316 2202 1668 2280 lampyridi,
1705 2204 1830 2263 sive
1874 2203 2206 2278 cicindelae,

666 2299 761 2375 vel
801 2298 1110 2358 nocticulae
1144 2298 1364 2357 similes
1376 2339 1398 2372 ,
1435 2314 1570 2372 quae
1604 2297 1869 2357 volando
1914 2299 1991 2357 de
2028 2302 2204 2359 nocte

664 2392 842 2465 lucet,
870 2393 1013 2452 etin
1042 2392 1140 2452 die
1167 2392 1330 2465 latet,
1357 2395 1417 2451 et
1441 2395 1564 2452 tota
1589 2391 1764 2467 nigra
1785 2396 2052 2469 apparet.
2081 2394 2127 2452 0
2153 2393 2205 2451 ai

664 2485 779 2545 hoc
806 2486 1174 2545 attenderent
1206 2484 1442 2561 tyranni
1458 2528 1478 2559 ,
1506 2486 1611 2561 qui
1646 2486 1730 2544 sic
1761 2486 1948 2546 modo
1985 2486 2203 2545 ambu-

664 2578 790 2637 lant
812 2578 1088 2654 gloriosi,
1135 2579 1444 2655 quomodo
1485 2579 1862 2655 apparebunt
1897 2579 2201 2652 vilissimi,

663 2673 815 2747 nigri
843 2677 903 2731 et
924 2672 1166 2748 putridi,
1193 2677 1339 2750 puto
1377 2673 1546 2749 quod
1572 2672 1920 2732 mirabiliter
1959 2672 2205 2733 detesta-

663 2771 864 2826 rentur
887 2766 1139 2841 gloriam
1160 2768 1340 2841 hujus
1367 2766 1600 2825 mundi.

733 2861 1006 2920 Secundo
1028 2861 1336 2920 mundana
1359 2861 1553 2935 gloria
1578 2864 1665 2919 est
1689 2861 1866 2920 nobis
1885 2859 2202 2935 fugienda,

665 2954 810 3031 qnia
833 2957 920 3013 est
943 2953 1321 3028 fragilissima
1344 2955 1409 3013 in
1435 2954 1771 3026 duratione,
1793 2971 1908 3014 nec
1934 2954 2062 3013 ulla
2088 2958 2202 3015 sta.-

662 3048 889 3107 bilitate
910 3047 1163 3107 firmata.
1189 3047 1351 3106 Unde
1375 3063 1487 3106 nec
1511 3048 1633 3107 suis
1650 3091 1670 3120 ,
1695 3064 1807 3107 nec
1834 3048 1948 3107 sibi
1975 3052 2062 3107 est
2084 3052 2204 3109 sta·

665 3141 829 3200 bilita
839 3162 858 3215 3
888 3141 996 3200 sed
1019 3140 1104 3200 sic
1129 3145 1214 3200 est
1238 3140 1565 3212 defectiva,
1597 3146 1664 3200 ut
1699 3142 1979 3217 quaelibet
2009 3158 2201 3218 vapo-

665 3250 803 3294 rosa
826 3234 922 3294 vel
949 3233 1182 3293 fumosa
1207 3234 1554 3306 substantia,
1576 3251 1709 3311 quie
1737 3240 2202 3310 quantumcum-

666 3344 786 3404 que
840 3328 920 3387 ad
975 3332 1207 3403 tempus
1252 3333 1537 3404 appareat
1579 3329 1859 3404 pulchra,
1907 3329 2204 3389 invenitur

665 3421 1049 3497 postmodum
1066 3421 1252 3479 nulla.
1281 3424 1500 3480 Fumus
1528 3423 1690 3482 enim
1724 3428 1952 3499 quanto
1978 3423 2114 3499 plus
2140 3423 2203 3482 in

668 3514 856 3575 altum
881 3531 944 3573 se
984 3514 1187 3590 erigit,
1217 3518 1379 3574 tanto
1405 3531 1639 3592 semper
1672 3516 1809 3592 plus
1838 3516 2065 3591 deficit,
2096 3518 2205 3576 do-

667 3623 779 3667 nee
804 3609 1038 3684 penitus
1061 3613 1389 3669 evanescat.
1416 3610 1551 3669 Flos
1568 3611 1773 3685 magni
1803 3610 2026 3685 odoris,
2048 3614 2106 3670 et
2121 3610 2203 3671 ad

666 3705 898 3777 tempus
921 3702 1214 3761 mirabilis
1239 3704 1558 3762 venustatis
1583 3704 1774 3763 existit
1787 3724 1805 3777 3
1838 3705 1945 3764 sed
1969 3704 2051 3763 ad
2078 3721 2204 3764 mo-

668 3795 870 3855 dicum
903 3799 1123 3855 tactum
1167 3796 1309 3856 solis
1353 3796 1655 3857 adurentis
1702 3799 1941 3871 arescit,
1976 3802 2037 3857 et
2072 3815 2205 3858 om-

668 3890 760 3949 nis
803 3890 997 3964 gloria
1039 3891 1166 3966 eJ'us
1208 3891 1381 3967 perit.
1429 3892 1592 3951 Unde
1639 3891 1852 3953 dicitur
1876 3894 1899 3929 ⁶
1936 3910 1952 3950 z
1996 3915 2025 3948 α
2061 3896 2200 3954 Om-

668 3983 761 4043 nis
801 3999 940 4042 caro
991 3984 1249 4056 Ioenum,
1291 3988 1349 4044 et
1399 3986 1594 4044 omnis
1630 3985 1820 4061 gloria
1862 3986 1989 4060 ejus
2030 3986 2203 4062 quasi

669 4076 781 4136 flos
828 4076 990 4136 foeni.
1039 4079 1274 4136 Exaruit
1315 4076 1574 4153 foenum,
1617 4085 1675 4138 et
1716 4080 1829 4139 flos
1873 4080 2001 4155 ejus
2046 4081 2204 4140 deci-

667 4170 789 4240 dis,
846 4175 903 4229 et
961 4171 1155 4230 omnis
1203 4172 1396 4246 gloria
1450 4173 1578 4248 ejus
1627 4173 1896 4249 deperiit.
1952 4190 1983 4233 ιο
2037 4174 2203 4235 Talea

667 4265 844 4339 igitur
879 4279 1086 4323 omnes
1131 4286 1161 4319 «
1189 4265 1337 4324 sieut
1376 4265 1599 4327 foenum
1623 4270 1907 4327 tectorum
1932 4288 1961 4325 n
1993 4273 2134 4327 sunt
2157 4270 2201 4341 ⁸,

673 4380 702 4412 α
754 4358 923 4434 quod
967 4359 1316 4434 priusquam
1360 4360 1677 4434 evellatur,
1724 4361 1971 4421 exaruit.
2011 4383 2042 4420 ι
2093 4364 2201 4424 Ubi

667 4452 829 4512 enim
878 4468 1037 4511 nunc
1088 4452 1282 4527 gloria
1328 4455 1591 4527 Assueri,
1645 4454 1750 4530 qui
1796 4455 1817 4490 ⁸
1870 4460 2109 4515 centum
2144 4462 2204 4518 et

667 4546 1102 4622 vigintiseptem
1126 4547 1448 4622 provinciis
1479 4548 1831 4624 imperavit?
1863 4550 1972 4609 Ubi
2008 4551 2203 4626 gloria

665 4640 825 4700 illius
864 4640 1110 4699 maximi
1153 4640 1504 4716 Alexandri,
1538 4643 1602 4700 in
1635 4642 1804 4718 cujus
1827 4645 1849 4680 '¹
1883 4651 2202 4719 conspectu

668 4734 863 4795 omnis
886 4739 1040 4793 terra
1083 4733 1277 4792 siluit?
1313 4735 1422 4792 Ubi
1456 4751 1616 4794 nunc
1653 4737 1846 4809 gloria
1884 4738 2060 4797 totius
2098 4755 2200 4799 ro·-

665 4828 830 4889 mani
863 4826 1128 4902 imperii,
1167 4828 1335 4903 quod
1366 4829 1448 4887 ad
1483 4828 1735 4889 modum
1772 4829 1962 4890 ferri⁸
1996 4834 2202 4895 omnia

667 4940 851 4999 regna
875 4926 1043 4982 terrie
1068 4923 1445 4998 perdomuit?
1470 4924 1578 4983 Ubi
1597 4929 1732 4984 sunt
1744 4926 2043 5002 principes
2060 4942 2201 5019 gen·

666 5020 854 5095 tium,
895 5025 952 5080 et
1002 5016 1108 5091 qui
1147 5016 1531 5077 dominantur
1573 5033 1752 5093 super
1790 5020 2043 5079 bestias?
2087 5026 2196 5083 ete.

668 5117 881 5176 Omnes
916 5113 1169 5191 utique⁹
1199 5113 1583 5189 «perierunt.
1628 5113 2203 5176 etadinIeroades·

730 5266 748 5302 ¹
775 5264 948 5329 nist„
970 5262 1032 5316 de
1057 5264 1272 5325 Anima,
1305 5261 1396 5314 lib.
1428 5260 1502 5326 ΙΙ,
1537 5262 1664 5314 text.
1694 5263 1743 5313 7.
1771 5288 1833 5300 --
1859 5263 1881 5297 ²
1909 5265 1922 5313 Ι
1956 5263 2100 5327 Con,
2125 5274 2200 5328 iv,

669 5340 718 5389 5.
739 5362 802 5375 -
832 5338 853 5370 ⁸
883 5338 1046 5400 Hier„
1086 5339 1139 5386 in
1164 5334 1304 5388 Paul.
1333 5345 1556 5389 Lxxxm.
1587 5361 1640 5372 —
1679 5334 1702 5370 ὅ
1733 5334 1854 5400 lca„
1883 5347 1979 5401 xz,
2007 5337 2112 5387 7.g,
2137 5362 2201 5375 —

670 5410 692 5445 ⁸
723 5408 865 5460 Peal.
890 5420 1111 5474 cxxviii,
1137 5409 1187 5460 6.
1210 5432 1272 5446 -
1299 5407 1320 5438 ⁸
1345 5404 1512 5470 Este„
1542 5418 1580 5470 i,
1609 5411 1655 5461 1.
1679 5432 1743 5444 —
1766 5407 1790 5443 '¹
1818 5407 1835 5457 1
1865 5405 2051 5471 uach„
2078 5420 2118 5469 i,
2149 5411 2195 5459 3.

1737 468 2157 540 SERMONES
2202 468 2301 535 DE
2342 469 2692 541 SANCTIS.
2737 473 2786 540 1.

477 608 636 654 Exam-
662 618 768 662 cus
793 604 852 664 et
874 598 1092 665 vermis
1134 605 1352 682 extitit,
1389 624 1515 669 non
1540 613 1627 669 est
1651 608 1997 669 hominibus
2021 622 2204 684 appe-

2307 609 2662 683 cenderunt,
2691 609 2878 670 etalii
2903 611 2968 669 in
2993 611 3130 670 loco
3157 627 3368 672 eorum
3392 613 3843 670 surrexerunt.»

2375 704 2565 762 Tertio
2616 705 2925 764 mundana
2967 704 3161 780 gloria
3201 705 3341 764 ideo
3384 704 3564 764 nobis
3621 708 3711 762 est
3758 702 3853 761 fu·

2306 794 2554 869 gienda,
2597 798 2742 873 quia
2783 798 3099 858 falsissima
3137 800 3201 857 in
3240 798 3673 874 promissione,
3700 794 3854 854 nulli

2307 907 2549 949 servans
2580 892 2872 967 promissa
2886 936 2906 965 ,
2948 893 3057 951 sed
3092 908 3301 951 omnes
3336 892 3613 951 homines
3640 890 3855 949 sallem

2308 984 2370 1043 in
2410 986 2529 1045 via.
2558 987 2812 1045 Nomina
2834 1003 3024 1047 unum
3061 987 3289 1058 solum,
3316 986 3367 1045 si
3392 986 3644 1062 poteris,
3673 1001 3858 1060 quem

2307 1076 2436 1153 ipsa
2472 1095 2597 1137 non
2621 1078 2845 1138 fefellit.
2879 1083 3065 1151 Quem
3103 1080 3265 1138 enim
3302 1095 3517 1153 regum
3549 1078 3651 1138 vel
3674 1081 3857 1137 θεω-

2306 1187 2443 1230 rum
2483 1188 2608 1232 non
2655 1174 2924 1249 decepit?
2966 1176 3229 1247 Longam
3273 1174 3435 1232 enim
3486 1178 3545 1233 et
3598 1174 3858 1232 honora-

2304 1263 2492 1323 bilem
2524 1266 2741 1338 vitam,
2776 1267 3089 1342 pacificam
3124 1270 3184 1326 et
3218 1283 3489 1327 securam
3524 1266 3856 1343 potentiam

2308 1359 2430 1416 suis
2454 1361 2818 1420 amatoribus
2842 1361 3169 1437 promittit,
3200 1377 3339 1421 euin
3365 1377 3559 1421 unum
3583 1376 3855 1420 momen-

2306 1457 2434 1512 tum
2460 1456 2741 1529 temporis
2777 1456 3001 1515 addere
3035 1456 3170 1515 vitm
3206 1470 3332 1515 non
3372 1455 3580 1531 pofflt.
3619 1454 3763 1525 Quis
3790 1453 3857 1513 in

2307 1547 2494 1621 gloria
2518 1548 2853 1607 Alexandro
2896 1549 3131 1622 similis,
3167 1550 3274 1625 qui
3308 1548 3548 1607 nullum
3585 1564 3859 1624 unquam

2307 1641 2537 1700 bellum
2562 1640 2852 1717 perdidit,
2881 1642 2988 1701 sed
3015 1658 3153 1701 cum
3173 1643 3381 1718 paucis
3408 1642 3857 1701 multitudinem

2308 1751 2463 1810 soepe
2492 1735 2651 1809 vicit;
2675 1735 2901 1794 nullam
2926 1736 3218 1796 civitatem
3249 1735 3502 1810 obsedit,
3522 1752 3715 1812 quam
3737 1751 3857 1794 non

2309 1829 2530 1904 ceperit
2543 1848 2561 1903 3
2610 1829 2843 1888 nullam
2884 1828 3256 1906 provinciam
3295 1847 3563 1906 unquam
3611 1831 3857 1901 invasit,

2309 1938 2493 1996 quam
2536 1938 2662 1982 non
2700 1940 2823 1982 sum
2867 1923 3079 1995 ditioni
3121 1923 3501 1984 submiserit?
3540 1927 3610 1983 Et
3634 1928 3856 1997 tamen,

2309 2015 2555 2091 quando
2588 2032 2652 2075 se
2684 2016 3033 2091 subiugasse
3072 2018 3276 2077 omnia
3302 2016 3581 2090 credidit,
3611 2016 3857 2092 010001-

2308 2109 2420 2169 fice
2448 2111 2664 2171 ducere
2689 2112 2871 2171 vitam
2911 2113 3204 2186 speravit,
3250 2115 3392 2171 tunc
3432 2112 3497 2170 in
3524 2116 3857 2183 momento,

2310 2206 2390 2265 ad
2450 2207 2703 2267 modum
2762 2224 2937 2283 aquae
3002 2210 3277 2268 toi-centis
3297 2250 3319 2280 ,
3374 2208 3649 2284 deperiit.
3708 2207 3861 2266 Fluit

2310 2301 2470 2359 enim
2495 2300 2803 2359 mundana
2843 2302 3037 2376 gloria
3071 2301 3153 2361 ad
3197 2302 3449 2362 modum
3489 2302 3665 2360 navis
3690 2316 3859 2360 mare

2306 2394 2607 2466 sulcantis,
2652 2394 2735 2453 ad
2789 2395 3042 2454 modum
3086 2396 3217 2455 avis
3275 2412 3385 2471 per
3435 2410 3575 2453 aera
3637 2394 3858 2453 veloci·

2309 2490 2398 2546 ter
2461 2487 2848 2559 transeuntiS,
2890 2492 2948 2547 et
2990 2489 3070 2548 ad
3126 2489 3379 2548 modum
3430 2488 3710 2547 torrentis
3758 2504 3858 2546 ve-

2307 2580 2602 2641 locissime
2630 2582 2937 2654 currentis,
2959 2586 3016 2641 et
3041 2582 3179 2658 plus
3205 2583 3591 2642 vanescentis.
3620 2585 3722 2641 Est
3746 2581 3857 2655 igi—

2308 2679 2404 2735 tur
2429 2675 2693 2735 humana
2718 2676 2909 2751 gloria
2930 2678 3055 2735 hiec
3080 2676 3253 2748 falsa,
3285 2676 3450 2752 quia,
3479 2693 3619 2735 cuin
3662 2675 3729 2734 in
3756 2690 3858 2733 ne-

2309 2770 2671 2830 cessitatibus
2713 2771 3001 2847 promittit
3045 2770 3357 2845 auxilium,
3381 2774 3619 2846 praestat
3654 2770 3855 2846 potius

2308 2864 2818 2940 impedimentum.
2861 2865 3024 2924 Unde
3058 2866 3352 2941 propheta
3389 2865 3732 2925 confortans
3770 2864 3854 2922 vi·

2308 2975 2445 3017 rum
2484 2960 2711 3032 justum
2756 2964 2964 3018 contra
3005 2959 3259 3034 gloriam
3300 2959 3735 3034 superborum,
3770 2958 3851 3016 sic

2310 3052 2392 3111 ait
2417 3050 2460 3087 ¹⁶
2492 3071 2508 3111 z
2547 3070 2576 3107 «t
2601 3054 2683 3112 Ne
2722 3052 3009 3126 timueris,
3056 3069 3196 3111 cum
3240 3052 3408 3111 dives
3446 3052 3638 3112 iactus
3682 3051 3853 3111 {uei-ii

2308 3146 2523 3219 homo,
2547 3149 2766 3205 etcum
2792 3146 3187 3222 multiplicata
3212 3146 3388 3205 fuerit
3413 3146 3609 3221 gloria
3637 3146 3850 3204 domus

2310 3239 2437 3313 ejus
2468 3258 2484 3298 ε
2514 3240 2800 3315 quoniam
2829 3257 2965 3299 cum
2993 3239 3303 3312 interierit,
3331 3256 3457 3299 non
3490 3246 3690 3301 sumet
3726 3256 3850 3300 om·

2308 3335 2443 3406 nia,
2487 3350 2684 3410 neque
2723 3334 3042 3394 descendet
3086 3351 3224 3393 cum
3264 3350 3337 3393 eo
3383 3334 3581 3409 gloria
3624 3335 3776 3408 ejus.
3813 3356 3842 3390 ι

2309 3427 2466 3498 Quid
2505 3428 2684 3503 igitur
2723 3428 2980 3503 gloriam
3024 3428 3181 3487 hane
3212 3428 3507 3504 sequeris,
3546 3443 3585 3487 a
3622 3445 3749 3504 qua
3789 3430 3850 3487 in

2306 3527 2499 3582 morte
2518 3522 2718 3598 juvari
2742 3538 2867 3582 non
2891 3522 3140 3598 poteris,
3170 3521 3281 3581 sed
3303 3522 3504 3599 potius
3533 3522 3616 3583 ab
3641 3539 3718 3582 ea
3740 3523 3851 3582 im—

2309 3615 2602 3690 pedieris?

2379 3712 2598 3781 Quarto
2647 3710 2913 3770 hnmana
2953 3709 3146 3784 gloria
3182 3714 3273 3770 est
3314 3710 3749 3786 malignissima
3790 3712 3851 3771 in

2309 3804 2721 3878 retributione,
2766 3804 2911 3880 quia
2953 3819 3078 3863 non
3121 3803 3284 3863 ducit
3319 3804 3403 3863 ad
3427 3804 3719 3879 gloriam,
3746 3805 3853 3867 sed

2309 3897 2390 3955 ad
2414 3914 2678 3973 poenam,
2704 3902 2763 3957 et
2787 3897 3178 3972 ignominiam
3202 3898 3643 3974 sempiternam.
3692 3899 3853 3958 Unde

2309 3991 2586 4051 scribitur
2614 3993 2655 4029 ¹¹
2694 4010 2711 4050 ε
2745 4010 2777 4048 α
2800 3991 3058 4051 Gloriam
3102 4008 3311 4051 eorum
3351 3992 3416 4051 in
3460 3992 3855 4066 ignominiam

2310 4085 2713 4144 commutabo.
2745 4106 2775 4143 ιι
2814 4087 2860 4145 0
2886 4085 2951 4143 10
2997 4085 3237 4161 qualem
3259 4086 3691 4159 ignominiam!
3738 4087 3855 4151 1111-

2307 4195 2427 4255 que
2466 4178 2859 4253 ignominiam
2901 4195 3228 4251 summam,
3255 4181 3502 4255 quando
3546 4181 3746 4256 gloria
3788 4182 3852 4241 in

2308 4289 2606 4332 summam
2659 4273 2931 4333 transibit
2989 4273 3412 4348 ignominiam,
3456 4275 3729 4350 potentia
3782 4277 3847 4335 in

2306 4365 2752 4441 impotentiam,
2813 4366 3103 4443 sapientia
3156 4367 3224 4426 10
3276 4367 3606 4441 stultitiam,
3659 4374 3720 4429 et
3743 4370 3852 4429 de-

2304 4458 2540 4520 lectatio
2569 4460 2765 4519 omnis
2784 4459 2848 4519 in
2871 4460 3199 4519 maximam
3224 4477 3483 4539 poenam.
3505 4466 3657 4521 Nam
3678 4463 3849 4536 juxta

2306 4570 2646 4614 mensuram
2666 4555 2876 4631 culpae,
2910 4555 3020 4612 erit
3045 4556 3104 4612 et
3130 4570 3410 4614 mensura
3434 4572 3649 4631 poenae.
3680 4557 3846 4619 Unde

2308 4648 2526 4707 dicitur
2569 4647 2612 4685 ¹¹
2657 4665 2673 4706 i
2722 4670 2751 4703 α
2783 4650 3081 4719 Quantum
3130 4665 3194 4706 se
3240 4647 3630 4723 glorificavit,
3680 4654 3737 4710 et
3787 4651 3849 4711 in

2308 4741 2534 4801 deliciis
2583 4741 2723 4815 fuit,
2776 4746 3005 4801 tantum
3057 4742 3193 4801 date
3245 4743 3302 4801 ei
3344 4747 3706 4804 tormentum
3730 4787 3752 4820 ,
3792 4749 3848 4805 et

2305 4835 2553 4895 luctum.
2579 4858 2608 4890 ι»
2641 4836 2688 4895 0
2714 4837 2944 4895 vanitas
2978 4836 3340 4895 vanitatum!
3371 4839 3417 4896 0
3442 4854 3681 4898 summa
3704 4842 3847 4901 stul·

2306 4930 2789 5003 titiaetinsania,
2823 4930 3107 5007 darepro
3138 4930 3426 4990 viliemmo
3462 4931 3716 5006 plumbo
3753 4949 3845 4993 ar·

2307 5029 2572 5099 gentum,
2601 5038 2712 5100 pro
2740 5024 3080 5083 aurichalco
3109 5040 3343 5100 aurum,
3385 5026 3528 5086 dare
3554 5042 3669 5104 pro
3695 5027 3841 5087 vitro

2310 5118 2599 5195 optimam
2631 5118 3048 5193 margaritam,
3094 5116 3250 5193 imo,
3280 5118 3449 5195 quod
3488 5124 3577 5179 est
3610 5121 3841 5198 potissi-

2308 5228 2505 5284 mum,
2549 5211 2693 5272 dare
2735 5228 2848 5287 pro
2891 5212 3128 5273 mortali
3170 5212 3405 5273 bonnm
3444 5215 3616 5290 quod
3668 5232 3841 5293 pru-

2311 5364 2366 5375 -—
2397 5338 2420 5374 ⁸
2448 5338 2600 5402 Dan„
2640 5351 2710 5402 ιι,
2745 5341 2825 5391 4⁰.
2856 5364 2916 5377 —
2951 5339 2975 5376 ⁸
3009 5336 3154 5403 Bar..
3191 5352 3283 5407 ιιι,
3315 5342 3397 5405 27,
3435 5343 3513 5395 19.
3545 5367 3600 5379 -
3642 5342 3684 5378 ¹·
3708 5339 3837 5395 Pane.

2308 5421 2502 5485 xnviii,
2524 5412 2687 5463 17-18.
2708 5437 2771 5448 —
2798 5411 2838 5447 ¹¹
2866 5409 2996 5469 Ore„
3031 5422 3103 5476 iv,
3129 5408 3179 5461 7.
3199 5437 3263 5451 —
3287 5413 3333 5449 ¹¹
3359 5413 3529 5481 apoc..
3556 5426 3706 5477 xviii,
3734 5418 3783 5467 7.
