4059 6317
643 498 766 563 533

639 629 1542 707 mopusummagloria
1575 630 1862 706 dignum,
1899 628 2181 688 stom

637 726 865 802 pcccati
890 725 1183 800 rubiginis
1207 724 1656 784 abstersivum.
1699 740 1842 784 nam
1867 726 2181 800 peccatum

641 835 820 878 omne
855 818 1174 878 interimit.
1204 819 1458 877 charitas
1477 819 1726 896 perficit,
1752 823 1810 878 et
1835 818 2064 894 absque
2092 816 2182 875 di·

639 912 860 972 latione
896 912 978 972 ad
1021 912 1273 986 gloriam
1312 913 1650 972 introducit.
1702 912 1867 971 Unde
1913 910 2181 985 Augusti·

640 1022 754 1065 nus
780 1006 924 1065 dicit
939 1010 981 1080 ¹,
1000 1006 1166 1082 quod
1193 1007 1471 1081 iniuriam
1484 1006 1624 1066 facit
1639 1007 1907 1083 martyri,
1928 1007 2033 1081 qui
2052 1010 2185 1065 orat

639 1117 756 1176 pro
781 1104 1058 1177 martyre.
1088 1100 1247 1159 Sicut
1273 1101 1434 1160 enim
1462 1099 1778 1159 materialis
1817 1099 2001 1174 ignia,
2033 1099 2181 1157 dum

640 1193 704 1253 in
729 1195 1041 1255 materiam
1061 1193 1312 1253 ferream
1336 1194 1661 1267 invalescit,
1691 1210 1932 1253 omnem
1959 1193 2183 1266 rubigi-

640 1304 781 1347 nem
807 1288 888 1348 ab
920 1304 994 1350 eo
1022 1288 1207 1361 tollit,
1244 1292 1303 1347 et
1328 1289 1407 1347 ad
1433 1288 1587 1363 ignis
1620 1288 1946 1348 claritatem
1988 1287 2181 1348 addu-

643 1383 743 1456 cit,
771 1383 855 1442 sic
878 1383 1130 1445 charitas
1175 1382 1483 1458 martyris,
1516 1382 1662 1441 dum
1702 1383 1782 1441 ad
1809 1398 2001 1458 poenae
2022 1398 2179 1458 proe-

643 1478 893 1536 ssntiam
926 1476 1264 1549 invalescit,
1309 1493 1488 1536 omne
1528 1477 1593 1534 in
1635 1475 1838 1537 anima
1870 1481 2181 1552 peccatum

644 1569 956 1643 consumit,
986 1574 1043 1629 et
1072 1570 1154 1629 ad
1187 1570 1511 1629 claritatem
1551 1574 1850 1646 perpetuas
1891 1570 2043 1629 lucis
2069 1570 2180 1628 ad-

646 1663 826 1724 ducit.
857 1663 1021 1724 Unde
1047 1664 1123 1724 de
1144 1665 1259 1724 hac
1285 1664 1570 1725 electione
1593 1665 1910 1741 exponitur
1929 1663 2082 1723 illud
2105 1667 2130 1701 ¹
2161 1683 2177 1722 ι

650 1779 681 1813 ι
706 1760 819 1817 Vas
846 1757 1146 1817 electionis
1171 1758 1318 1817 mihi
1345 1762 1430 1817 est
1454 1758 1561 1818 iste
1581 1801 1602 1830 ,
1627 1761 1695 1817 ut
1724 1763 1918 1834 portet
1959 1772 2181 1816 nomen

643 1868 847 1912 meum
873 1868 1076 1912 coram
1101 1853 1377 1927 regibus,
1417 1858 1476 1911 et
1512 1852 1912 1928 principibus,
1946 1856 2003 1910 et
2041 1851 2182 1910 filiis

643 1945 838 2005 lsrael.
868 1966 898 2000 ιι
924 1949 988 2005 Et
1014 1945 1220 2022 paucis
1246 1946 1628 2022 interpositis,
1657 1945 1934 2005 subditur
1963 1965 1979 2004 ε
2013 1948 2181 2020 «Ego

643 2043 845 2098 autem
869 2040 1180 2099 ostendam
1225 2039 1314 2099 illi
1356 2042 1581 2115 quanta
1606 2042 1876 2114 oporteat
1901 2055 2041 2098 eum
2066 2054 2180 2113 pro

643 2134 885 2193 nomine
904 2150 1040 2194 meo
1060 2133 1182 2209 pati
1205 2152 1220 2192 ε
1240 2155 1270 2189 1·
1287 2133 1433 2209 quia
1449 2134 1600 2192 sicut
1621 2134 1757 2208 igne
1775 2132 2068 2207 probatur
2080 2148 2184 2191 au·

641 2244 798 2300 rum,
818 2227 901 2286 sic
930 2232 989 2287 et
1011 2227 1105 2286 vir
1124 2229 1317 2302 J'ustus
1341 2227 1577 2286 camino
1604 2226 1986 2303 paupertatis,
2016 2232 2075 2285 et
2086 2228 2184 2285 tri-

641 2321 984 2382 bulationis.
1013 2321 1123 2393 Qui
1149 2322 1314 2381 timet
1336 2322 1458 2398 pati
1473 2364 1494 2394 ‚
1520 2320 1688 2380 timet
1707 2337 1744 2380 a
1761 2323 2008 2396 peccato
2036 2337 2181 2396 pur-

639 2416 790 2489 gari.
817 2419 948 2475 Non
975 2415 1135 2474 enim
1161 2415 1317 2489 ignis
1342 2431 1554 2474 aurum
1579 2414 1882 2487 falsificat,
1908 2414 2017 2473 sed
2039 2430 2182 2489 pro-

640 2511 746 2569 bat
765 2512 822 2567 et
842 2513 1072 2586 purgat.
1110 2509 1274 2568 Unde
1307 2510 1534 2583 magis,
1562 2524 1746 2584 quam
1782 2512 1938 2581 ante,
1978 2509 2185 2568 rutilat

640 2606 996 2678 argentum:
1022 2603 1296 2680 quamvis
1335 2604 1498 2662 enim
1522 2607 1733 2662 natura
1758 2601 1833 2661 sit
1859 2602 2090 2674 album,
2116 2601 2181 2660 in

594 2745 614 2757 .
639 2699 777 2773 igne
807 2703 1006 2758 tamen
1033 2698 1095 2757 flt
1119 2698 1395 2757 rubeum.
1425 2697 1618 2757 Carbo
1666 2696 1952 2756 extinctus
1984 2701 2071 2755 est
2096 2697 2183 2754 ni-

640 2792 950 2866 gerrimus3
1005 2792 1111 2850 sed
1151 2791 1220 2850 flt
1269 2791 1736 2866 pulcherrimus,
1783 2791 1910 2865 igni
1955 2790 2184 2849 similli-

638 2904 796 2959 mus,
821 2903 961 2945 cum
986 2885 1111 2960 igni
1139 2887 1488 2960 conjunctus
1520 2884 1746 2944 fucrit.
1787 2885 1871 2944 sic
1909 2889 1967 2944 et
1991 2885 2181 2944 tribu-

639 2981 804 3051 latio,
833 2996 968 3055 quas
992 2983 1080 3039 cst
1104 2979 1294 3039 sicut
1278 2980 1450 3053 ignis,
1467 2981 1527 3036 et
1550 2979 1691 3038 vitia
1713 2980 1920 3038 omnia
1941 2984 2178 3054 purgat,

641 3080 699 3133 et
722 3074 986 3134 animam
1018 3076 1205 3133 totam
1243 3072 1652 3150 pulchrificat,
1683 3076 1921 3148 Deoque
1957 3074 2182 3132 assimi-

638 3169 740 3228 lat.
786 3173 849 3229 ln
895 3169 1131 3243 signum
1172 3168 1352 3242 huius
1387 3167 1601 3227 dicitur
1642 3169 1666 3206 ⁸
1707 3167 1784 3226 de
1826 3168 2178 3243 Polycarpo,

642 3263 745 3338 qui
770 3263 1095 3338 discipulus
1119 3262 1229 3321 fuit
1263 3262 1421 3321 beati
1455 3261 1726 3332 loannis,
1756 3261 1922 3337 quod
1944 3261 2133 3321 dum
2117 3278 2179 3320 m

639 3357 842 3430 ignem
864 3355 1067 3415 fuisset
1086 3357 1382 3431 projectus
1411 3372 1448 3413 a
1480 3355 1765 3430 paganis,
1794 3371 2012 3431 corpus
2054 3356 2182 3429 ejus

639 3466 764 3509 non
789 3450 947 3520 arsit,
975 3466 1087 3509 nec
1113 3450 1287 3525 igne
1271 3466 1333 3507 ιιι
1363 3449 1567 3524 aliquo
1585 3449 1696 3508 tuit
1715 3449 1941 3522 lasum,
1964 3449 2072 3507 sed
2100 3449 2182 3508 ad

638 3542 892 3602 modum
937 3543 1070 3602 auri
1111 3544 1174 3602 in
1218 3542 1460 3603 fornace
1498 3543 1783 3615 rutilans,
1810 3545 1894 3603 sic
1945 3543 2182 3620 fulgens

641 3637 864 3696 eunctis
895 3638 1188 3713 apparuit.

712 3733 931 3802 Quarto
954 3730 1206 3806 quidam
1233 3730 1531 3805 eliguntur
1566 3730 1646 3788 ad
1679 3729 1946 3804 regimen
1973 3730 2179 3790 subdi-

643 3829 860 3898 torum,
888 3825 1014 3883 sive
1041 3824 1411 3896 inferiorum,
1443 3827 1503 3883 et
1516 3823 1664 3884 tales
1688 3826 1828 3883 sunt
1850 3840 2057 3883 omnes
2078 3826 2179 3899 ju-

644 3919 805 3978 dicee
829 3918 1151 3991 civitatum,
1198 3922 1258 3976 et
1295 3921 1625 3977 castrorum
1652 3924 1945 3991 rectores,
1973 3918 2178 3993 ducac,

639 4012 899 4072 barones
943 4027 1153 4071 omnes
1173 4056 1192 4085 ,
1222 4014 1509 4086 strages,
1550 4012 1770 4087 quibus
1805 4028 1843 4072 a
1870 4015 1988 4071 Deo
2016 4028 2181 4071 com·

641 4106 804 4164 missi
830 4108 968 4164 sunt
1006 4121 1216 4164 omnes
1250 4105 1530 4165 minores.
1574 4105 1738 4164 Unde
1777 4121 1932 4164 unus
1971 4122 2183 4165 corum

642 4199 879 4259 dicebat
898 4200 958 4257 ’ἰ
984 4217 1014 4255 α
1039 4202 1145 4271 Τιι,
1175 4198 1442 4271 Domine,
1471 4199 1696 4274 elegisti
1724 4216 1821 4259 me
1845 4216 2049 4274 regem
2074 4216 2184 4275 po-

641 4292 788 4367 pulo
813 4296 939 4364 tue,
976 4296 1034 4351 et
1053 4291 1318 4367 judicem
1346 4292 1612 4352 filiorum
1638 4296 1878 4351 morum
1892 4337 1915 4367 ,
1942 4298 2001 4353 et
2033 4295 2184 4356 filia·

641 4398 796 4441 rum.
825 4403 857 4439 ιι
890 4386 936 4443 Ο
964 4400 1148 4458 quam
1165 4385 1571 4458 sancti,quam
1591 4384 1974 4458 immaculati,
1998 4403 2183 4461 quam

644 4477 725 4537 ab
752 4492 955 4536 amore
978 4478 1210 4552 privato
1238 4480 1296 4537 et
1323 4494 1360 4536 a
1385 4493 1632 4536 munere
1652 4478 1826 4537 alieni
1854 4495 1978 4537 esse
2005 4480 2185 4539 debe·

644 4577 775 4631 rent
791 4587 1000 4631 omnes
1025 4570 1128 4647 qui
1155 4570 1287 4630 aliis
1314 4570 1719 4647 proeteruntur,
1752 4587 1890 4631 oum
1913 4573 2057 4632 vitia
2080 4589 2186 4632 eo-

643 4680 781 4723 rum
808 4666 980 4740 quasi
1022 4664 1333 4740 quoddam
1376 4664 1688 4737 speculum
1727 4666 2006 4725 omnibus
2049 4668 2188 4727 mb-

645 4758 783 4817 ditis
823 4763 1263 4835 proponantur!
1302 4759 1418 4819 Sed
1457 4758 1638 4818 hodia
1653 4800 1674 4831 ,
1713 4759 1863 4818 sicut
1901 4760 2115 4820 dicitur
2138 4763 2183 4834 ⁸,

650 4873 681 4908 ι
705 4868 1059 4913 conversum
1080 4858 1166 4912 est
1188 4858 1510 4913 retrorsum
1531 4852 1855 4927 judicium,
1886 4858 1945 4914 st
1964 4855 2188 4929 iustitia

644 4947 826 5023 longe
846 4947 1017 5007 stetit.
1044 4947 1275 5008 Corruit
1298 4946 1362 5005 in
1384 4945 1594 5021 plateis
1632 4946 1876 5020 veritas,
1907 4953 1964 5008 et
1996 4950 2185 5024 sequi-

711 5073 723 5102 ·
756 5072 904 5135 Aug„
933 5082 1090 5121 serm.
1121 5080 1260 5130 cmx,
1288 5066 1354 5117 al.
1389 5065 1450 5116 de
1475 5065 1612 5117 verb.
1643 5067 1834 5130 apost,
1865 5052 2019 5121 serm.
2052 5082 2183 5136 xvn,

646 5156 700 5194 n.
739 5147 787 5204 1,
827 5146 881 5193 et
916 5141 1152 5206 retertur,
1195 5142 1419 5203 Extat,
1457 5137 1518 5189 ds
1555 5136 1731 5189 celebr.
1771 5140 1934 5200 uin„
1974 5155 2021 5192 c.
2061 5142 2187 5194 Cum

647 5215 826 5277 Mart„
853 5214 885 5278 fi
925 5214 1015 5264 ult.
1055 5239 1117 5252 —
1149 5215 1171 5248 ¹
1218 5213 1353 5272 Act„
1387 5220 1462 5272 lx,
1496 5213 1572 5262 15.
1614 5235 1670 5247 —-
1706 5210 1725 5241 ⁸
1753 5211 1940 5262 Euseb.
1975 5213 2186 5279 Caesar„

649 5284 787 5337 Καὶ.
835 5285 990 5350 niet„
1033 5284 1122 5336 lib.
1171 5284 1256 5349 lv,
1298 5297 1347 5335 c.
1395 5293 1517 5347 11v3
1561 5281 1795 5347 Hieron„
1836 5283 1898 5334 de
1940 5284 2186 5350 scriptor.

647 5354 819 5421 ecele.,·
852 5355 1071 5422 Lipom„
1101 5356 1166 5407 de
1191 5355 1408 5410 Sanctis,
1446 5354 1529 5406 die
1562 5357 1624 5406 26
1648 5355 1765 5407 «lan.
1794 5382 1857 5395 —
1893 5357 1911 5389 ⁴
1940 5356 2084 5423 Sap„
2114 5371 2188 5422 tx,

649 5430 697 5482 7.
729 5453 783 5465 —
813 5428 837 5465 ⁸
862 5428 1117 5492 lumin,
1146 5430 1222 5485 tt.
1251 5452 1314 5473 ·-·
1340 5427 1365 5464 ⁸
1393 5424 1602 5487 Habet„
1632 5438 1672 5495 Ι,
1701 5429 1783 5480 ¹3·
1810 5453 1872 5469 -·
1903 5429 1924 5465 ⁷
1958 5428 2187 5499 thid-,t

1659 492 2078 561 santonas
2120 492 2223 560 ΒΕ
2262 490 2610 559 SANcTss.
2653 492 2811 559 XIX.

2286 628 2731 723 tunonpotuit
2768 628 3090 704 ingredi.»
3120 630 3829 705 Quishodiejttstejndi-

2285 723 2418 780 eat?
2445 722 2579 797 quis
2604 726 2691 781 em
2715 723 2821 798 qui
2859 725 3148 796 amicitia,
3185 724 3284 784 vel
3329 725 3531 799 potius
3571 740 3829 800 pecuma

2285 831 2409 875 non
2435 819 2885 891 corrumpatur?
2915 818 3079 877 Unde
3106 819 3322 877 (ficitur
3351 821 3422 877 ⁸:
3459 839 3490 874 ι
3516 822 3711 890 Quare
3740 824 3825 878 ta-

2288 925 2417 981 ces,
2450 909 2824 969 consultante
2865 911 3052 987 impio
3089 912 3401 987 justiorem
3430 914 3542 972 se?
3584 917 3828 988 Propter

2285 1003 2422 1076 hoc,
2446 1024 2474 1058 n
2502 1004 2761 1078 inquit,
2718 1007 2741 1043 ἵ
2791 1025 2819 1060 ι
2854 1004 3172 1064 dilacerata
3197 1010 3284 1065 est
3312 1005 3429 1075 lex,
3458 1010 3516 1064 et
3542 1023 3666 1066 non
3692 1023 3826 1083 pcr-

2285 1099 2444 1158 venit
2484 1115 2673 1175 usque
2715 1100 2796 1158 ad
2839 1099 3022 1159 finem
3055 1101 3379 1176 judicium,
3418 1102 3564 1176 quia
3609 1103 3829 1178 impius

2284 1192 2564 1268 praevalet
2598 1193 2880 1253 adversus
2901 1195 3194 1268 J'ustum.
3234 1199 3551 1270 propterea
3596 1195 3829 1270 egredi-

2285 1292 2378 1345 tur
2399 1286 2691 1362 judicium
2721 1303 3089 1361 perversum.
3122 1308 3150 1346 ι
3190 1287 3418 1347 Utinam
3461 1290 3829 1348 attenderent

2278 1379 2511 1453 jndices
2530 1381 2716 1439 nostri
2745 1380 2897 1439 illud
2928 1380 3235 1456 Sapientioe
3259 1383 3329 1419 ⁸·
3312 1399 3329 1438 :
3369 1401 3400 1435 ιι
3421 1382 3661 1454 Audite,
3687 1403 3719 1437 ι
3744 1383 3831 1440 ἰιι-

2287 1474 2443 1550 quit,
2489 1493 2519 1529 ιι
2555 1489 2756 1548 reges,
2796 1479 2856 1532 et
2896 1474 3202 1548 intelligite
3250 1493 3267 1531 ε
3314 1475 3554 1548 discite,
3597 1477 3833 1549 iudices

2285 1566 2494 1626 finium
2522 1572 2710 1641 terras,
2743 1588 2773 1622 ιι
2807 1571 2943 1640 etc„
2983 1588 3014 1622 ι
3046 1567 3331 1643 quoniam
3364 1569 3545 1627 vobis
3579 1569 3725 1627 data
3748 1575 3833 1629 cst

2283 1664 2541 1738 potestas
2564 1677 2602 1720 a
2626 1664 2768 1735 Deo,
2798 1666 2856 1720 ct
2878 1662 3060 1720 virtus
3081 1660 3159 1720 ab
3187 1662 3503 1735 Altissimo,
3527 1663 3636 1738 qui
3660 1664 3835 1722 inter-

2284 1755 2523 1830 rogabit
2545 1771 2730 1831 opera
2755 1758 2987 1828 vestra,
3017 1758 3075 1813 et
3116 1753 3500 1829 cogitationes
3542 1758 3833 1816 scmtabi-

2286 1852 2403 1922 tnr,
2429 1850 2716 1925 quoniam
2744 1865 2883 1907 cum
2921 1848 3121 1907 essetis
3162 1849 3413 1907 ministri
3451 1851 3621 1923 regni
3650 1850 3831 1923 illins,

2285 1957 2410 2001 non
2436 1946 2591 2001 recte
2611 1941 2948 2016 Judicastis,
2976 1958 3091 2001 nee
3110 1942 3442 2000 cristodistis
3483 1942 3685 2016 legem
3704 1944 3834 2015 jus-

2286 2036 2454 2107 tltiae,
2480 2051 2676 2111 neque
2715 2035 3044 2095 mundum
3076 2035 3436 2095 voluntatem
3478 2039 3583 2095 Dei
3615 2038 3833 2096 ambu-

2286 2130 2466 2189 lastis.
2498 2131 2821 2203 Horrenda,
2849 2136 2907 2189 et
2933 2131 3050 2190 cito
3079 2128 3405 2207 apparebit
3429 2133 3640 2204 vobis,
3684 2150 3835 2209 quo-

2285 2225 2449 2284 niam
2470 2224 2767 2298 ⁸iudicium
2783 2224 3168 2283 durissimum
3194 2226 3258 2282 in
3274 2225 3389 2297 bis,
3415 2226 3523 2300 qui
3547 2230 3831 2302 prosunt,

2286 2318 2409 2392 fiet,
2424 2339 2455 2375 1·
2478 2323 2589 2376 etc.
2617 2320 2769 2393 Lege
2796 2319 3222 2391 auctoritatem,
3246 2320 3390 2394 quia
3414 2319 3595 2379 valde
3619 2321 3836 2395 prodi-

2289 2412 2499 2472 cabilis
2536 2415 2623 2470 est
2646 2414 2789 2483 tota,
2820 2416 2877 2470 et
2901 2412 3157 2470 multum
3183 2412 3342 2470 valet
3367 2412 3449 2472 ad
3471 2413 3625 2471 hanc
3652 2419 3837 2473 mate·

2286 2506 2457 2564 riam.
2486 2504 2796 2579 Gregorius
2822 2504 2981 2562 enim
3006 2504 3196 2563 dicit·
3222 2506 3390 2580 quod
3415 2508 3681 2580 umjores
3701 2528 3732 2562 ι
3750 2512 3840 2568 tot

2286 2601 2576 2660 mortibus
2602 2601 2769 2674 digni
2794 2606 2950 2674 sunt,
2979 2600 3222 2676 quotad
3249 2602 3522 2661 subditos
3549 2603 3840 2678 perditio·

2286 2697 2377 2754 nis
2424 2695 2699 2770 exempla
2740 2695 3158 2753 transmittunt.
3199 2715 3229 2749 ι
3278 2698 3487 2755 Narrat
3533 2698 3715 2756 etiam
3738 2701 3839 2757 Se-

2286 2804 2436 2849 neca
2462 2791 2524 2863 ¹⁰,
2548 2790 2718 2865 quod
2749 2789 3044 2864 «quidam
3070 2804 3342 2851 reversus
3367 2790 3448 2847 ab
3475 2789 3683 2849 inieris
3704 2808 3840 2850 nar-

2286 2886 2438 2943 ravit
2463 2900 2526 2943 se
2555 2883 2773 2942 vidisse
2798 2885 3088 2941 Neronem
3109 2883 3275 2958 apud
3301 2883 3522 2943 interos
3548 2885 3837 2945 balnean-

2284 2983 2427 3051 tem,
2454 2984 2513 3039 et
2536 2984 2663 3040 erat
2685 2980 2972 3039 balneum
2990 2996 3141 3039 auro
3162 2980 3571 3055 liquefactum,
3588 2987 3649 3041 ct
3670 2983 3835 3057 quod

2285 3073 2679 3133 infundebant
2738 3073 3041 3132 daemcncs
3103 3074 3382 3132 continue
3439 3091 3624 3150 super
3676 3091 3835 3135 eum.

2287 3171 2554 3242 Cumque
2580 3171 2730 3226 Nero
2752 3166 2992 3225 vidisset
3012 3182 3217 3225 coram
3243 3182 3307 3225 se
3323 3172 3545 3226 coetum
3556 3169 3835 3243 J‘udicum

2287 3266 2705 3334 transeuntem,
2736 3260 3015 3320 clamavit
3041 3261 3120 3320 ad
3158 3276 3263 3319 eos
3292 3279 3309 3317 t
3344 3264 3391 3321 Ο
3418 3263 3603 3321 amici
3629 3265 3835 3337 nostr-i,

2287 3372 2326 3415 o
2351 3355 2563 3414 venale
2592 3370 2778 3429 genus
2803 3354 3139 3427 hominum,
3166 3355 3356 3413 venite
3384 3356 3467 3414 ad
3491 3373 3593 3415 me
3616 3357 3683 3415 in
3709 3358 3838 3416 bal-

2286 3465 2468 3508 neum
2489 3492 2510 3523 ,
2539 3452 2599 3508 ct
2631 3448 2920 3507 balneetis
2967 3464 3078 3506 vos
3122 3465 3394 3520 mecum,
3431 3451 3540 3525 qui
3574 3450 3838 3511 similiter

2289 3543 2623 3603 amavimus
2652 3558 2898 3614 aurum,
2924 3542 3435 3617 pervenimusque
3456 3543 3776 3616 iudicium.
3803 3566 3832 3599 ι

2359 3636 2574 3707 Quinto
2616 3652 2827 3695 omnes
2865 3634 3225 3710 supradicti,
3248 3636 3298 3693 si
3334 3635 3491 3694 bene
3521 3653 3587 3696 se
3612 3637 3835 3696 habue-

2286 3734 2422 3803 rint,
2452 3736 2511 3789 et
2530 3731 3073 3805 perseveraverint,
3098 3735 3236 3788 sunt
3260 3729 3430 3788 electi
3456 3730 3541 3788 ad
3586 3732 3837 3805 gloriam

2286 3827 2619 3897 Beatorum,
2646 3827 2704 3882 ct
2727 3823 2792 3880 in
2818 3824 2931 3881 hac
2957 3822 3243 3882 electione
3271 3822 3483 3883 ultima
3516 3830 3605 3883 est
3645 3826 3836 3884 omnis

2286 3918 2434 3977 boni
2460 3916 2997 3993 complementum,
3024 3916 3170 3991 quia
3204 3917 3269 3975 in
3302 3932 3375 3975 ea
3408 3917 3545 3977 sola
3569 3918 3836 3994 posside-

2287 4015 2384 4071 tur
2411 4016 2469 4071 et
2488 4011 2740 4086 perfecte
2769 4010 3034 4084 diligitur
3047 4026 3279 4069 summe
3297 4010 3560 4085 bonum,
3579 4017 3641 4071 et
3660 4012 3835 4087 longe

2287 4109 2358 4167 fit
2380 4107 2444 4165 in
2469 4109 2826 4182 perpetuum
2866 4121 3045 4165 omne
3083 4105 3331 4163 malum.
3386 4109 3463 4164 De
3503 4106 3622 4166 hac
3666 4108 3836 4182 igitur

2292 4202 2505 4261 dicitur
2532 4201 2574 4239 ¹¹
2606 4218 2621 4258 z
2657 4221 2688 4255 ι
2712 4200 2891 4258 Mittet
2916 4198 3195 4259 Dominus
3221 4198 3469 4272 angelos
3489 4216 3637 4259 suos
3651 4243 3671 4273 ,
3702 4216 3833 4260 con-

2290 4294 2562 4370 gregabit
2576 4293 2796 4352 electos
2813 4310 2953 4352 suos
2979 4309 3017 4353 a
3042 4296 3300 4368 quatuor
3322 4295 3533 4365 ventis,
3554 4309 3834 4353 asumma

2291 4394 2458 4449 terrae
2499 4404 2690 4463 usque
2731 4388 2812 4447 ad
2846 4404 3147 4446 summum
3194 4387 3327 4447 coeli
3353 4409 3383 4443 ι
3421 4407 3436 4446 :
3466 4392 3833 4463 concrepabit,

2291 4483 2503 4558 inquit,
2531 4485 2598 4540 ut
2620 4481 2906 4556 recipiant
2932 4482 3262 4557 proemium,
3286 4486 3345 4540 et
3364 4482 3587 4541 intrent
3614 4484 3678 4541 in
3699 4499 3837 4557 gau·

2293 4575 2463 4635 dium
2496 4575 2719 4635 diutius
2745 4574 3147 4650 concupitum.
3176 4576 3223 4633 0
3248 4573 3448 4633 felices
3457 4618 3477 4648 ‚
3527 4577 3634 4651 qui
3668 4576 3838 4635 intra·

2292 4671 2409 4729 turi
2436 4674 2573 4728 sunt
2587 4688 2606 4741 3
2635 4669 2782 4728 etin
2807 4672 3164 4744 perpetuum
3188 4666 3473 4741 infelices,
3504 4670 3613 4743 qui
3640 4669 3833 4729 exclu-

2295 4764 2479 4823 dendi
2505 4766 2670 4821 sunt!
2702 4767 2850 4823 Rota
2888 4778 3068 4836 crgo,
3095 4761 3264 4837 quod
3288 4762 3381 4820 his
3407 4763 3691 4822 omnibus
3711 4780 3837 4822 mo-

2296 4857 2390 4917 dis
2414 4857 2512 4916 hic
2537 4859 2773 4916 sanctus
2798 4854 3106 4931 apostolus
3138 4854 3251 4913 fuit
3274 4871 3312 4914 a
3338 4855 3567 4916 Christo
3596 4856 3833 4917 electus.

2297 4952 2399 5011 uic
2430 4950 2611 5026 igitur
2633 4949 2851 5009 electus
2877 4948 2989 5007 fuit
3016 4947 3097 5007 ad
3128 4947 3567 5009 observantiam
3593 4952 3839 5011 manda-

2296 5126 2578 5191 -.‚⁸Sap
2609 5129 2817 5189 v1,2-.5
2853 5126 3221 5188 -flGregor.,
3248 5125 3549 5187 Part-„cur
3581 5132 3712 5191 part.
3752 5130 3834 5192 ΙΙΙ,

2297 5199 2435 5251 adm.
2458 5200 2508 5249 ὓ.
2529 5224 2589 5235 -
2621 5195 3319 5263 ”Nusquaminsenccaid
3356 5165 3838 5265 scriptumtepsnri

2299 5270 2569 5337 potuit—
2593 5271 2632 5306 ¹¹
2663 5269 3095 5333 Mar-c„xn1,27.

2360 5355 3837 5425 ‹0)Foreezeq.0mptm.m.u1um,anauae.

2304 5430 3129 5503 uaffl.mm.1,moemus·
