4059 6317
1044 504 1423 573 DOMINIGA
1460 507 1483 571 1
1527 503 1970 573 ADVENTIJS.
2019 506 2283 576 SERMO
2325 510 2431 576 111.
3292 517 3331 578 9

197 645 355 712 libera
392 660 482 709 me
517 641 595 709 de
630 642 822 724 aquis
848 641 1077 708 munis
1100 641 1466 707 suffocantis
1492 642 1680 706 mise-

196 754 300 832 riae,
319 757 372 819 et
390 751 465 818 de
485 768 678 818 manu
688 750 1065 834 jugulantis
1080 751 1375 834 potentiae
1398 751 1683 832 filiorum

194 862 499 928 alienorum
529 878 552 924 .·
586 859 890 933 filiorum,
922 859 1212 940 inquam,
1240 857 1584 940 superbiae,
1614 857 1684 920 fl-

194 969 386 1032 liornm
418 965 677 1031 Luciferi
726 969 791 1029 et
835 966 1233 1029 daemonum.
1274 962 1682 1029 Considerare

191 1080 367 1140 autem
394 1091 721 1157 possumus
742 1078 1022 1155 quatuor
1051 1089 1271 1136 causas
1295 1072 1675 1150 emissioniS,

190 1183 387 1248 scilicet
411 1187 479 1248 ut
505 1183 718 1248 divina
744 1181 990 1246 offensa
1015 1180 1319 1264 placetur,
1353 1184 1427 1244 ut
1454 1184 1683 1244 natura

190 1290 433 1355 humana
454 1291 773 1368 liberetur,
796 1292 870 1353 ut
890 1292 1122 1352 natura
1135 1286 1426 1368 angelica
1442 1291 1682 1351 restau-

189 1403 354 1477 retur,
382 1401 452 1461 ut
485 1396 790 1462 diabolica
824 1394 1131 1460 violentia
1154 1394 1551 1459 refraenetur.

247 1507 322 1572 De
364 1506 570 1590 primo
612 1507 631 1541 ¹
674 1529 691 1568 ;
748 1506 983 1570 Emitte
1038 1504 1326 1586 Aqmcm,
1379 1503 1676 1580 Domine,

188 1614 599 1682 dominatorem
662 1617 878 1688 ieme,
925 1613 1044 1674 etc.
1100 1609 1365 1691 Agrium
1420 1610 1674 1693 utique,

185 1723 339 1802 cujus
377 1719 707 1801 sanguinis
755 1716 1140 1782 suavissimo
1191 1716 1384 1781 odore
1430 1720 1503 1780 tu
1551 1715 1682 1800 pla-

183 1826 349 1905 oeriS,
399 1826 584 1890 Pater
630 1829 891 1891 aeterne.
946 1823 1061 1887 Hic
1115 1823 1283 1888 enim
1336 1826 1430 1887 est
1469 1839 1679 1906 aquus

183 1935 375 2018 absque
411 1935 695 2015 macuta,
743 1936 932 2016 quus
971 1931 1260 2014 sanguis,
1304 1931 1467 1996 sicut
1509 1931 1678 2012 legi-

182 2046 265 2105 tur
296 2043 334 2120 ¹,
358 2043 535 2107 fundi
555 2042 823 2125 jubetur
856 2059 1054 2124 super
1081 2040 1276 2105 altare
1303 2057 1417 2123 per
1458 2039 1680 2103 circui-

181 2153 313 2228 tum,
351 2153 411 2214 et
442 2151 735 2214 membra
761 2149 1002 2224 dividi,
1035 2153 1098 2212 et
1130 2165 1322 2231 super
1357 2146 1541 2229 ligna
1564 2146 1680 2209 im·

180 2257 321 2339 poni,
362 2258 593 2341 quibus
637 2256 1074 2339 subjiciendus
1110 2258 1205 2321 est
1243 2255 1413 2339 ignis
1427 2275 1449 2337 3
1490 2259 1554 2319 et
1589 2253 1680 2317 sic

181 2364 377 2428 adoleri
425 2366 491 2429 in
555 2365 823 2429 odorem
871 2364 1325 2429 suavissimum
1382 2362 1672 2428 Domino.

180 2466 418 2549 Sanguis
442 2468 674 2533 Christi
702 2485 898 2549 super
942 2466 1138 2531 altare
1166 2467 1374 2531 crucis
1418 2484 1531 2549 per
1560 2465 1680 2529 cir-

178 2575 401 2655 cuitum,
425 2575 503 2640 de
529 2575 754 2653 latere,
794 2574 873 2640 de
918 2574 1247 2651 manime,
1285 2574 1365 2637 de
1411 2573 1678 2655 pedibus

180 2685 324 2747 tusus
362 2688 474 2748 est.
522 2682 629 2748 Tu
675 2687 896 2747 autem
945 2681 1142 2745 funde
1182 2680 1463 2775 quotidie
1501 2681 1678 2744 hunc

178 2792 512 2874 sangninem
541 2809 743 2874 super
772 2789 971 2854 altare
998 2789 1203 2853 cordis
1244 2788 1363 2853 tui.
1412 2786 1636 2852 Funde
1654 2836 1671 2866 ,

178 2900 418 2982 inquam,
447 2918 567 2983 per
607 2898 950 2963 circuitum
967 2945 988 2975 ‚
1029 2895 1368 2978 cogitando
1408 2895 1632 2959 devote
1657 2940 1675 2972 ‚

177 3009 450 3089 pemando
498 3010 769 3072 attente.
828 3004 877 3071 Ο
933 3005 1147 3070 anima
1198 3003 1470 3087 pretiosa
1493 3050 1511 3080 ,
1567 3020 1677 3066 re-

176 3114 387 3199 dempta
410 3113 739 3196 sanguine
766 3112 943 3193 Agni
976 3110 1385 3188 immaculati,
1417 3107 1671 3173 attende

175 3230 441 3305 quantum
468 3223 691 3304 vales;
722 3223 879 3305 quid
908 3238 1024 3304 pro
1067 3225 1129 3284 te
1168 3219 1389 3285 datum
1420 3219 1523 3295 sit,
1571 3236 1675 3283 co-

175 3332 300 3414 gita.
326 3333 604 3399 Membra
619 3331 802 3413 Agni
820 3331 960 3395 veri
977 3329 1045 3392 in
1068 3346 1252 3393 cruce
1270 3327 1475 3393 divisa
1500 3330 1675 3403 sunt,

176 3459 279 3504 non
299 3440 695 3516 abscissione,
716 3439 828 3503 sed
847 3436 1192 3521 quadriflca
1216 3434 1599 3500 distensione
1617 3434 1674 3496 ⁸:

174 3547 443 3631 Dispersa
468 3553 627 3615 sunt
665 3546 888 3614 onmia
925 3559 1072 3610 ossa
1110 3558 1270 3609 mea.
1316 3541 1479 3606 Sunt
1522 3558 1678 3624 quo·

174 3677 272 3740 que
312 3679 496 3743 super
547 3659 739 3741 ligna
781 3658 991 3722 crucis
1039 3654 1334 3736 imposita
1360 3699 1377 3728 ,
1435 3657 1498 3716 et
1546 3670 1678 3717 non

175 3767 335 3832 defuit
360 3769 529 3851 ignis
547 3765 818 3845 amoris,
846 3764 1060 3847 ipsum
1089 3761 1381 3845 cogentis
1409 3764 1679 3824 mortem

175 3875 277 3954 pati
302 3894 408 3957 pro
433 3875 621 3940 nobis
641 3870 1134 3938 reconciliandis
1174 3868 1343 3934 Patri
1382 3885 1496 3951 per
1536 3886 1680 3932 sua·

174 3980 469 4047 vissimum
496 3983 763 4047 odorem
790 3976 1103 4062 passionis
1144 3978 1289 4058 ejus
1318 3979 1341 4014 ⁸
1374 3997 1389 4038 :
1431 3974 1683 4040 Dileoeit

176 4103 283 4163 nos,
316 4097 373 4157 et
401 4088 691 4157 tradidit
716 4086 1129 4167 semetipsum
1149 4098 1264 4166 pro
1299 4081 1481 4149 nobis
1507 4080 1682 4147 obla-

175 4193 371 4263 tionem
395 4206 456 4264 et
475 4197 761 4264 hostiam
774 4194 897 4259 Deo
924 4192 1001 4257 in
1027 4189 1280 4258 odorem
1304 4189 1676 4255 suavitatis.

236 4300 307 4367 De
346 4303 628 4368 secundo
669 4300 906 4366 dicitur
941 4298 1047 4361 hic
1086 4319 1101 4360 ε
1146 4297 1385 4363 Emitte
1422 4311 1683 4361 manum

175 4418 341 4490 ωαπι,
368 4415 487 4475 etc.
518 4411 705 4474 Certe
736 4408 794 4470 si
819 4407 965 4489 quis
990 4406 1059 4468 in
1088 4422 1262 4468 mare
1285 4406 1546 4486 jaceret,
1577 4402 1682 4467 vel

174 4518 225 4583 in
270 4521 468 4587 medio
512 4518 931 4584 inimicorum
975 4515 1434 4594 coangustatus
1482 4515 1675 4590 esset,

172 4628 259 4707 qui
298 4627 413 4691 sibi
450 4643 727 4691 manum
774 4622 952 4687 daret
992 4626 1056 4684 et
1096 4619 1401 4702 eriperet,
1456 4619 1682 4681 merito

171 4753 293 4799 eum
321 4737 609 4817 diligeret
653 4756 670 4798 z
720 4736 787 4797 et
823 4735 990 4794 certe
1034 4729 1197 4794 Deus
1240 4727 1427 4792 Pater
1474 4726 1683 4790 emisit

174 4856 425 4923 manum,
451 4844 518 4908 id
546 4845 651 4906 est
674 4838 915 4904 Filium
941 4836 1020 4900 de
1046 4835 1173 4900 alto
1198 4834 1431 4899 throno
1452 4881 1471 4912 ‚
1505 4839 1576 4899 ut
1603 4834 1682 4898 de

174 4949 324 5028 aquis
345 4948 628 5013 miseriae
655 4945 828 5011 etde
858 4961 1055 5007 manu
1090 4941 1392 5024 potentiae
1426 4957 1543 5004 nos
1565 4940 1682 5004 eri·

176 5060 337 5133 peret.
365 5054 481 5122 Sed
505 5071 743 5139 quare,
776 5050 1041 5116 Domine
1064 5048 1233 5114 Deus
1258 5066 1464 5126 meua,
1495 5065 1684 5111 mun-

178 5159 274 5225 dus
296 5181 551 5229 manum
573 5179 714 5228 non
740 5158 1073 5240 cognovit,
1103 5174 1251 5240 quae
1277 5155 1491 5239 ipsum
1513 5173 1682 5220 crea-

229 5356 369 5420 ¹1³a.,
400 5370 516 5423 ινι,
566 5363 616 5409 ¹.
646 5383 706 5395 —
743 5356 769 5389 ²
812 5355 995 5417 Levia,
1028 5366 1074 5417 1,
1111 5357 1139 5405 5
1176 5357 1363 5417 etseq.
1401 5377 1461 5389 —
1498 5351 1684 5402 ⁸Pwl.

177 5436 280 5492 ιιι,
310 5433 353 5482 ⁵.
386 5457 449 5469 -
484 5432 507 5467 δ
544 5429 758 5495 uphem,
800 5438 852 5489 v,
894 5428 943 5475 2.
973 5451 1027 5463 —
1064 5425 1087 5460 ⁸
1117 5426 1259 5482 Gen„
1300 5435 1469 5484 xxvii,
1517 5426 1591 5476 16.
1621 5449 1680 5462 -

178 5498 349 5564 ⁸m,
383 5514 467 5564 n,
494 5505 575 5553 25.
604 5528 665 5538 —
692 5501 716 5536 “¹
749 5500 879 5558 lea„
913 5509 971 5561 1.,
1000 5498 1045 5547 2.
1079 5523 1129 5534 -
1159 5498 1177 5527 ⁸
1210 5497 1384 5560 Bern.‚
1422 5496 1478 5545 in
1511 5496 1679 5560 Cant„

1794 640 1926 706 vit?
1954 645 2015 705 et
2042 660 2240 725 quare
2266 642 2299 709 J
2303 645 2564 711 udaicus
2593 646 2867 731 populus
2893 665 3159 714 manum
3200 665 3332 713 non

1793 751 2130 830 cognovit,
2160 769 2310 834 quae
2346 753 2466 815 sibi
2503 757 2680 818 tanta
2705 755 2873 818 bona
2913 754 3102 819 fecit?
3146 752 3334 818 Forte

1791 855 1934 920 ideo
1972 876 2104 921 non
2148 859 2683 943 cognovit,'quia
2722 861 3084 925 chirotheca
3124 861 3334 925 carnis

1791 967 1956 1027 tecta
1981 965 2122 1044 fuit,
2155 966 2317 1031 sicut
2332 967 2766 1048 significatum
2790 973 2885 1033 est
2907 969 2968 1032 in
2988 967 3160 1032 Isaac
3184 987 3334 1033 sene

1793 1074 1856 1134 et
1880 1089 2070 1150 caecO,
2101 1073 2212 1156 qui
2234 1091 2497 1138 manum
2516 1072 2706 1139 Jacob
2725 1075 2844 1139 sibi
2868 1075 3334 1140 ministrantem

1792 1195 1923 1241 non
1952 1180 2156 1258 novit,
2184 1181 2334 1263 quia
2363 1182 2657 1264 pellicula
2696 1188 2719 1223 ⁸
2761 1182 3150 1246 circumdata
3190 1183 3329 1248 fuit.

1794 1283 1963 1349 Isaac
1986 1285 2158 1349 enim
2188 1288 2535 1369 mundum,
2564 1293 2662 1355 vel
2697 1290 3109 1355 israeliticum
3138 1309 3335 1373 popu-

1791 1392 1927 1457 lum
1958 1411 2176 1458 senem
2202 1398 2511 1478 tempore,
2539 1402 2604 1460 et
2627 1415 2867 1462 caecum
2892 1401 3099 1461 mente
3127 1397 3329 1478 signi-

1791 1499 1981 1565 ficare
2008 1505 2232 1583 potest.
2271 1503 2538 1570 Caecitas
2564 1505 2738 1570 enim
2765 1506 2787 1540 ⁶
2814 1520 2898 1572 ex·
2925 1511 3110 1588 parte
3127 1507 3333 1584 ‚conti-

1789 1607 1887 1688 qit
1912 1608 1987 1672 in
2027 1609 2253 1675 Israel.
2297 1608 2594 1675 Pellicula
2632 1616 2880 1690 autem,
2924 1616 3143 1676 nostra
3182 1631 3332 1676 caro

1789 1717 1903 1777 est.
1932 1713 2091 1779 Cum
2114 1733 2274 1797 ergo
2300 1717 2440 1781 haec
2472 1737 2704 1782 manus
2739 1718 2974 1783 coelum
3000 1723 3064 1782 et
3089 1723 3326 1784 terram

1789 1820 2141 1900 concludat,
2175 1823 2456 1888 mundus
2483 1825 2596 1888 vix
2621 1824 2874 1889 credere
2897 1826 3134 1909 potuit,
3159 1828 3332 1909 quod

1788 1934 1921 1992 tam
1950 1948 2192 2011 magna
2216 1950 2450 1996 manus
2475 1937 2638 1997 esset
2677 1933 2748 1998 in
2788 1938 2920 1998 tam
2961 1951 3162 2017 parva
3203 1933 3334 1998 chi-

1787 2036 2067 2102 rotheca.
2099 2037 2339 2102 Tamen
2375 2040 2515 2104 haec
2560 2058 2789 2105 manus
2830 2059 2961 2105 non
2991 2043 3086 2105 est
3130 2042 3328 2106 mino-

1788 2147 1946 2207 rata.
1992 2143 2170 2210 Unde
2205 2146 2228 2180 ⁷
2273 2167 2288 2209 :
2324 2147 2659 2230 Numquid
2694 2148 3062 2216 abbreviata
3100 2156 3160 2217 et
3189 2167 3334 2233 par-

1787 2251 1942 2319 vula
1982 2260 2076 2321 est
2116 2255 2292 2334 facta
2336 2271 2568 2322 manus
2613 2273 2774 2336 mea,
2824 2264 2896 2324 ut
2929 2273 3061 2324 mm
3092 2261 3335 2340 possim

1789 2359 2097 2428 redimere
2110 2363 2146 2427 P
2164 2361 2363 2440 Certe,
2385 2361 2674 2444 Domine,
2695 2382 2828 2428 non
2855 2368 2951 2428 est
2963 2363 3336 2429 abbreviata

1790 2486 2020 2531 manus
2048 2473 2182 2547 tua,
2210 2488 2404 2552 quam
2433 2471 2512 2534 de
2554 2489 2809 2536 summo
2852 2472 3084 2536 throno
3130 2473 3198 2536 in
3242 2473 3337 2536 iu·

1787 2574 2044 2640 fernum
2073 2576 2411 2659 porrexisti
2452 2599 2467 2642 :
2511 2597 2642 2642 non
2683 2584 2779 2643 est
2820 2578 3091 2661 parvula
3134 2579 3330 2659 facta,

1788 2700 1935 2765 quae
1963 2701 2097 2747 uno
2124 2687 2313 2765 raptu
2340 2689 2434 2748 tot
2477 2685 2842 2750 animarum
2875 2685 3077 2756 millia
3117 2704 3336 2752 secum

1787 2791 2005 2854 traxit.
2039 2788 2293 2855 Utinam
2320 2809 2452 2855 uno
2479 2791 2682 2873 digito
2719 2793 2917 2876 hujus
2961 2811 3192 2858 manus
3217 2811 3337 2859 nos

1786 2898 1953 2963 Deus
1976 2901 2293 2979 tangeret,
2325 2898 2436 2982 qui
2461 2903 2536 2962 ut
2561 2899 2846 2982 quinque
2873 2900 3113 2981 digitos
3148 2901 3337 2965 nobis

1786 3010 2155 3090 exponeret,
2196 3007 2485 3090 quinque
2521 3006 2837 3072 foramina
2873 3008 2942 3071 in
2973 3008 3338 3074 chirotheca

1786 3114 1993 3178 carnis
2014 3114 2274 3179 habuit!
2299 3113 2382 3179 De
2410 3113 2949 3179 historaminibus
2968 3121 2991 3156 ⁸
3024 3137 3039 3178 :
3066 3138 3096 3176 α
3118 3115 3252 3198 Ego
3269 3117 3338 3181 fl-

1785 3220 2007 3285 denter
2034 3221 2205 3304 quod
2227 3239 2310 3285 ex
2338 3239 2440 3284 me
2467 3221 2628 3285 mihi
2652 3222 2826 3286 deest
2853 3240 3094 3304 usurpo
3114 3223 3192 3287 de
3210 3223 3337 3288 vis-

1786 3327 2037 3392 ceribus
2059 3327 2312 3392 Domini
2338 3347 2354 3391 :
2379 3327 2805 3393 misericordia
2824 3330 3094 3394 affluunt
3115 3331 3338 3413 (a),ne·

1786 3456 1912 3521 que
1930 3438 2160 3502 desunt
2183 3437 2496 3502 foramina
2509 3456 2623 3520 per
2642 3455 2787 3520 quae
2817 3437 3034 3502 effluat
3048 3439 3278 3519 gratia.
3297 3461 3329 3500 n

1862 3543 1948 3607 De
1998 3545 2187 3608 tertio
2233 3549 2256 3584 ⁹
2304 3566 2320 3608 z
2371 3545 2607 3612 Emitte
2647 3544 2845 3611 lucem
2886 3552 3085 3624 tuam,
3133 3553 3195 3612 et
3239 3562 3339 3613 ve-

1787 3654 2050 3719 ritatem
2078 3657 2280 3731 tuam,
2326 3655 2444 3715 etc.
2486 3650 2629 3715 Lux
2664 3655 2728 3715 et
2773 3650 3009 3716 veritas
3050 3651 3338 3717 Christus
3407 3705 3414 3713 .

1787 3762 1905 3823 est.
1934 3757 2087 3822 Haec
2112 3757 2282 3822 enim
2302 3758 2418 3821 lux
2437 3760 2783 3840 antequam
2809 3758 2992 3823 fleret
3017 3759 3338 3823 nascendo

1776 3864 1857 3928 ’in
1883 3864 2224 3943 mundum,
2273 3866 2559 3929 tenebrae
2596 3864 2990 3930 infidelitatis
3031 3870 3096 3929 et
3138 3866 3336 3947 igno-

1788 3972 2013 4037 rantiae
2046 3972 2247 4055 culpae
2274 3976 2456 4036 erant
2482 3991 2675 4056 super
2702 3972 2927 4037 taciem
2956 3972 3186 4054 abyssi.
3214 3974 3334 4037 Sed

1788 4080 1892 4144 hae
1936 4080 2218 4145 tenebrae
2269 4098 2382 4162 per
2435 4078 2604 4142 hanc
2646 4080 2856 4144 lucem
2913 4079 3331 4144 declinantur.

1790 4188 1835 4228 ¹⁰
1855 4189 1987 4269 Eoo
2013 4185 2299 4253 sumina·
2326 4185 2559 4252 mundi
2578 4205 2601 4251 .·
2620 4188 2736 4268 qm·
2757 4189 3044 4269 sequitur
3063 4203 3177 4267 me,
3203 4203 3334 4254 non

1789 4294 2070 4362 ambulat
2096 4297 2172 4363 in
2208 4293 2510 4373 tenebris,
2558 4297 2678 4359 etc.
2729 4293 2894 4358 Bene
2939 4299 3153 4358 autem
3184 4294 3335 4360 dicit

1791 4401 1988 4467 David
2014 4407 2059 4482 ⁹,
2107 4402 2276 4486 quod
2320 4401 2440 4466 lux
2480 4400 2753 4468 adducit
2795 4403 2871 4466 in
2911 4408 3185 4469 montem
3222 4400 3330 4465 Dei

1790 4516 1849 4577 et
1898 4513 1971 4576 in
2020 4508 2429 4575 tabernacula
2470 4509 2630 4589 qius.
2680 4507 2861 4572 Mons
2915 4515 3008 4573 est
3051 4527 3331 4590 regnum

1788 4618 2120 4697 coelorum,
2152 4621 2271 4681 etc.
2319 4617 2359 4656 ¹¹
2412 4616 2565 4690 Quis
2612 4614 2900 4683 ascendet
2945 4617 3021 4682 in
3065 4623 3335 4683 montem

1789 4725 2077 4803 Domini,
2108 4726 2226 4787 etc.
2262 4722 2695 4787 Tabernacula
2735 4726 2884 4786 sunt
2931 4723 3184 4788 ordines
3228 4742 3336 4788 an-

1790 4832 2086 4913 gelorum
2153 4853 2169 4894 ι
2239 4848 2474 4894 novem
2538 4834 2691 4894 sunt
2756 4829 3009 4894 ordines
3074 4830 3336 4912 angelo-

1788 4957 1975 5016 rum;
2036 4956 2271 5002 novem
2324 4941 2475 5001 sunt
2528 4937 2954 5002 tabernacula.
3004 4937 3049 4977 ¹⁸
3116 4937 3335 5007 Facite

1789 5045 1966 5113 vobis
2005 5048 2244 5113 amicos
2291 5045 2370 5112 de
2411 5062 2772 5113 mammona
2814 5046 3193 5129 iniquitatis
3212 5094 3229 5124 ,
3270 5052 3334 5113 et

1790 5159 2022 5221 caetera
2075 5172 2279 5237 usque
2332 5176 2346 5218 :
2397 5155 2473 5221 in
2510 5160 2750 5222 oeterna
2804 5153 3232 5221 tabernacula.
3283 5154 3332 5221 Ο

1789 5340 1945 5378 serm.
1975 5337 2094 5388 ιιι,
2130 5340 2184 5375 n.
2218 5327 2266 5376 4.
2303 5350 2364 5363 —
2390 5327 2410 5356 ⁹
2441 5324 2572 5376 Psal.
2603 5336 2744 5388 nn,
2771 5327 2818 5374 3.
2854 5348 2916 5361 -
2956 5325 2997 5356 ¹⁰
3022 5325 3183 5384 loun..
3217 5338 3328 5391 vm,

1793 5402 1869 5450 12.
1900 5426 1956 5436 -
1986 5398 2023 5433 ¹¹
2053 5397 2193 5448 Psal.
2224 5407 2377 5462 xxm,
2405 5398 2452 5447 3.
2478 5421 2536 5434 —
2566 5397 2608 5432 ¹⁸
2633 5397 2771 5459 Luc„
2794 5406 2901 5460 xv1,
2925 5397 2973 5444 9.

1854 5496 1922 5562 (a)
1950 5497 2073 5549 Coet.
2103 5494 2224 5547 edit.
2254 5493 2432 5548 affluit.
