4059 6317
747 455 827 518 48
1842 437 2262 510 SERMONES
2302 437 2403 508 DE
2440 435 2836 508 TEMPORE.

740 585 1075 670 providere
1099 588 1167 650 et
1195 581 1521 649 consulere
1556 580 1797 665 positus
1834 579 1902 643 in
1928 595 2270 656 carcerem,

742 711 893 758 cum
931 695 1093 758 esset
1137 690 1219 756 ab
1263 690 1354 754 eis
1391 689 1460 753 in
1500 687 1680 753 brevi
1722 686 2115 752 discessurus
2158 701 2271 766 per

740 800 1148 884 martyrium,
1177 816 1260 863 ne
1288 798 1357 862 in
1381 814 1595 860 errore
1621 813 1730 860 eos
1757 795 2100 877 relinquat,
2130 791 2277 854 mit-

742 908 821 976 tit
862 926 1011 972 suos
1051 904 1388 989 discipulos
1421 904 1503 968 ad
1544 902 1859 968 Christum
1873 949 1896 981 ,
1932 904 2007 965 ut
2041 898 2277 964 auditis

741 1017 884 1096 eius
907 1012 1118 1078 verbis
1139 1058 1157 1086 ,
1193 1016 1256 1076 et
1282 1009 1435 1074 visis
1463 1012 1603 1093 eJ'us
1628 1009 1927 1093 operibus
1944 1056 1962 1088 ‚
1992 1006 2272 1085 credant,

743 1122 895 1203 quia
918 1120 1100 1204 prius
1126 1121 1267 1202 ejus
1287 1116 1647 1184 testimonio
1673 1116 1925 1180 credere
1952 1113 2274 1179 nolebant.

742 1227 823 1293 Ut
868 1244 1027 1310 ergo
1071 1244 1298 1292 eorum
1345 1223 1721 1291 dubitationi
1771 1222 2110 1287 satisfaciat
2144 1239 2276 1286 res-

742 1333 1048 1416 ponsione
1109 1331 1337 1398 Christi
1362 1379 1384 1412 ,
1453 1330 1869 1414 quaestionem
1927 1328 2278 1394 secundum

743 1439 1205 1505 dubitationem
1240 1456 1467 1504 eorum
1500 1436 1835 1512 formavit,
1876 1434 2089 1500 dicens
2122 1458 2138 1499 ε
2184 1435 2279 1499 Tu

742 1564 808 1614 es
834 1549 950 1629 qui
985 1552 1290 1614 venturus
1330 1561 1395 1612 es
1420 1545 1488 1608 in
1525 1543 1840 1608 mundum
1860 1591 1880 1619 ,
1920 1542 1997 1606 ad
2028 1542 2280 1606 solven-

741 1649 898 1720 dum
954 1652 1210 1718 vincula
1271 1650 1600 1735 originalis
1668 1649 1872 1732 culpae
1893 1650 1924 1711 ¹?
1989 1647 2279 1715 Secundo

741 1764 1081 1844 quaerunt:
1116 1760 1211 1825 Tu
1237 1775 1302 1826 es
1324 1759 1441 1842 qui
1462 1765 1768 1826 venturus
1792 1774 1858 1824 es
1884 1757 1953 1820 in
1979 1756 2274 1836 limbum,

741 1870 820 1933 ad
857 1868 1329 1933 dissolvendum
1355 1865 1611 1934 vincula
1645 1869 1857 1930 reatus
1897 1881 2104 1947 poenae
2122 1865 2154 1927 Ἰ
2191 1863 2279 1928 De

740 1974 865 2038 isto
887 1978 1107 2038 autem
1124 1972 1405 2038 adventu
1428 1970 1462 2034 J
1464 1988 1703 2035 oannes
1720 1987 1851 2034 non
1868 1974 2006 2033 erat
2029 1972 2276 2033 certus:

739 2085 802 2145 et
828 2080 967 2144 ideo
1002 2080 1080 2145 de
1119 2079 1241 2144 isto
1277 2097 1393 2163 pro
1429 2096 1499 2142 se
1535 2076 2000 2159 interrogavit,
2038 2093 2170 2139 non
2202 2074 2280 2139 de

740 2187 972 2270 primo.
1010 2184 1181 2251 Unde
1209 2184 1562 2266 Gregorius
1586 2184 1656 2247 in
1682 2183 1805 2248 hoc
1828 2183 2002 2247 loco¹
2037 2201 2056 2245 t
2085 2205 2116 2244 α
2136 2180 2280 2245 Non

738 2294 910 2360 enim
933 2292 1208 2358 Joannes
1231 2341 1248 2371 ,
1281 2293 1455 2377 quod
1479 2295 1643 2357 esset
1666 2290 1863 2355 Filius
1890 2290 1996 2354 Dei
2024 2288 2277 2355 dubita-

740 2403 872 2500 vi·t;
916 2401 1025 2466 sed
1062 2401 1166 2465 hic
1192 2402 1553 2484 quaerehat,
1586 2399 1790 2481 utqui
1822 2416 1970 2463 eum
1992 2387 2132 2480 j'am
2159 2415 2279 2460 ve-

738 2511 907 2576 nisse
947 2508 1353 2592 praedicando
1388 2507 1793 2584 clamaverat,
1835 2503 2049 2586 ipsum
2089 2507 2279 2566 etiam

738 2619 820 2682 ad
856 2617 1095 2682 inferos
1134 2613 1583 2700 praecurrendo
1622 2611 1963 2676 nuntiaret.
2010 2632 2043 2669 »
2085 2608 2282 2687 Quasi

742 2724 975 2788 diceret
1013 2742 1031 2788 ε
1078 2722 1258 2788 Sicut
1294 2738 1413 2805 pro
1457 2719 1829 2784 hominibus
1873 2717 2174 2798 dignatus
2211 2735 2281 2781 es

740 2832 911 2895 nasci
925 2878 946 2911 ‚
973 2849 1056 2894 an
1073 2846 1191 2912 pro
1208 2826 1575 2892 hominibus
1592 2824 1758 2889 mori
1780 2824 2092 2906 digneris,
2121 2824 2278 2888 insi·-

741 2956 873 3001 nua
889 2957 904 2998 t
929 2940 992 3001 et
1010 2936 1169 3000 sicut
1185 2932 1539 2998 nativitatis
1553 2935 1684 2996 tuae
1701 2948 2059 3014 praecursor
2073 2929 2277 3009 extiti,

744 3044 833 3108 ita
850 3044 1041 3107 etiam
1058 3057 1413 3126 praecursor
1437 3039 1662 3108 mortis
1680 3040 1855 3102 flam.
1875 3035 2091 3102 Tertio
2108 3054 2281 3119 quae-

742 3156 895 3214 runt
925 3171 941 3214 :
980 3149 1072 3215 Tu
1097 3164 1162 3215 es
1182 3148 1297 3230 qui
1322 3151 1632 3213 venturus
1661 3161 1726 3211 es
1753 3144 2166 3227 adjudicium,
2197 3144 2279 3210 ad

742 3255 1299 3322 exterminandum
1316 3252 1573 3318 vincula
1587 3251 1929 3336 corporalis
1954 3250 2231 3316 miseriae
2245 3252 2278 3313 ¹?

742 3363 925 3447 quasi
971 3364 1135 3427 dicat
1165 3380 1182 3426 ε
1213 3359 1341 3427 Nos
1385 3358 1506 3443 ipsi
1545 3358 1878 3423 didicimus
1923 3376 2037 3439 per
2065 3357 2277 3439 legem

742 3475 806 3536 et
830 3472 1168 3555 prophetas
1181 3517 1200 3548 ,
1239 3468 1410 3553 quod
1434 3465 1812 3531 resurrectio
1851 3465 2000 3544 erit,
2043 3465 2112 3527 in
2150 3481 2280 3547 qua

739 3578 1139 3645 amovebitur
1190 3594 1228 3639 a
1279 3573 1649 3658 corporibus
1698 3573 2018 3638 bonorum
2070 3571 2278 3637 omnis

739 3689 1018 3753 defectus
1039 3684 1334 3750 miseriae.
1361 3683 1431 3749 Si
1458 3701 1616 3766 ergo
1634 3687 1705 3748 tu
1732 3701 1800 3747 es
1825 3681 1939 3765 qui
1965 3685 2278 3745 venturus

741 3815 812 3860 es
851 3795 930 3859 ad
964 3793 1279 3877 Judicium
1300 3839 1323 3871 ,
1371 3791 1560 3873 iustis
1608 3789 1886 3855 defectus
1923 3788 2278 3871 corporales

738 3918 1062 3980 amoveas,
1089 3900 1154 3964 et
1170 3915 1287 3962 nos
1312 3895 1671 3961 dubitantes
1711 3894 2009 3960 certifica.

817 4004 964 4071 Viso
1008 4005 1086 4071 de
1141 4004 1610 4086 significatione
1662 4002 2028 4085 multiplicis
2079 4006 2279 4068 status

738 4114 1072 4179 hominum
1120 4130 1234 4196 per
1293 4109 1554 4176 Joannis
1606 4110 1896 4188 vincula,
1950 4110 2145 4174 etiam
2198 4109 2278 4174 de

739 4221 1091 4305 quaestione
1142 4217 1574 4285 dubitantium
1625 4218 1706 4282 de
1759 4216 2038 4282 adventu
2096 4215 2271 4283 Chri-

740 4329 864 4407 sti;
908 4331 1104 4394 restat
1142 4327 1328 4391 tertio
1374 4325 1591 4392 videre
1625 4324 1703 4389 de
1746 4328 1966 4408 aperta
2010 4344 2272 4407 respon-

741 4433 918 4499 sione
939 4453 1053 4518 per
1079 4434 1345 4516 mystica
1372 4450 1565 4515 opera
1585 4432 1835 4512 Christi,
1867 4450 2017 4497 cum
2047 4432 2276 4498 subin-

737 4542 861 4606 fert
898 4563 915 4604 ι
967 4538 1377 4623 Respondeas
1427 4539 1606 4606 Jesus
1654 4541 1753 4607 ait
1793 4538 1930 4606 illis
1966 4558 1990 4603 .·
2034 4540 2276 4607 Eumes

735 4648 1098 4714 renuntiate
1134 4645 1372 4713 Joanni
1396 4662 1538 4728 quoe
1564 4645 1850 4714 audistis
1875 4649 1935 4712 et
1967 4644 2235 4714 vidistis
2252 4669 2276 4709 .-

742 4756 906 4822 Goeci
930 4753 1180 4833 vident,
1208 4753 1429 4820 claudi
1455 4753 1804 4833 ambulant,
1835 4752 2070 4836 leprosi
2094 4770 2274 4818 mun-

734 4864 1007 4944 dantur,
1054 4861 1244 4928 surdi
1282 4859 1594 4940 audiunt,
1638 4876 1952 4943 pauperes
1999 4878 2273 4944 evanqe-

735 4971 1046 5048 lz'zantur,
1078 4970 1316 5036 mortui
1347 4972 1706 5051 resumunt.
1733 4966 1874 5033 Non
1899 4967 2075 5033 enim
2098 4967 2271 5034 vide-

734 5079 840 5140 tur
873 5074 983 5139 illa
1020 5074 1347 5160 responsio
1371 5074 1448 5138 ad
1476 5073 2038 5157 interrogationem
2074 5077 2265 5157 perti-

733 5199 924 5260 nere;
964 5180 1070 5246 sed
1097 5183 1265 5246 certe
1284 5230 1303 5261 ,
1350 5182 1404 5245 si
1447 5182 1641 5247 vitam
1683 5182 2266 5265 repraesenmtivam

736 5413 771 5464 1,
794 5343 815 5380 ι
836 5341 1016 5465 (ξιτψ,
1036 5342 1095 5463 ίέ
1120 5342 1340 5407 Bonna„
1358 5341 1502 5395 hom.
1528 5355 1604 5407 vr,
1628 5356 1685 5394 n.
1714 5347 1775 5407 ¹3
1800 5344 1855 5393 in
1876 5343 2077 5409 Rueck„
2103 5344 2194 5396 lib.
2225 5345 2267 5407 Ι,

775 5427 880 5465 om.
934 5451 953 5479 ,
979 5426 1033 5463 n.
1097 5450 1109 5464 .

2385 575 2529 639 facti
2555 574 2890 654 diligenter
2936 569 3387 654 perpendimus
3415 567 3582 649 (cum
3615 565 3896 648 quaelihet

2386 681 2616 746 Christi
2632 681 2794 746 actio
2820 681 2903 745 sit
2918 682 3136 744 nostra
3156 675 3536 758 instructio),
3559 673 3900 740 videbimus

2386 790 2571 853 istam
2597 786 3075 872 responsionem
3114 785 3390 851 multum
3430 802 3544 867 per
3568 781 3782 847 omnia
3806 798 3898 844 sa·

2385 896 2668 960 tisfacere
2691 894 3054 979 quaestioni.
3084 892 3247 959 Nam
3274 892 3409 975 ipse
3433 890 3770 968 Dominus,
3798 887 3904 971 qui

2386 1003 2642 1068 videbat
2668 1003 2857 1068 corda
2870 1051 2889 1082 ,
2929 1001 3228 1066 satisfecit
3259 998 3593 1065 intentioni
3628 1014 3903 1081 quaeren-

2384 1110 2550 1176 tium
2583 1110 2851 1176 interius
2870 1158 2889 1189 ‚
2928 1109 3140 1193 potius
3165 1126 3364 1192 quam
3391 1106 3473 1173 ad
3498 1104 3906 1190 quaestionem

2385 1216 2688 1282 exterius·
2748 1215 3197 1281 Dubitantibus
3244 1214 3416 1279 enim
3468 1213 3594 1278 illis
3650 1231 3733 1277 an
3781 1211 3908 1293 ipse

2385 1327 2550 1389 esset
2593 1323 2909 1402 ChristuS‚
2955 1322 3100 1387 fecit
3122 1329 3125 1333 “
3147 1340 3294 1404 quae
3342 1320 3561 1386 nullus
3593 1320 3755 1385 alius
3795 1319 3912 1383 nisi

2385 1431 2669 1496 Christus
2693 1432 2897 1497 facere
2916 1431 3246 1514 potuisset.
3272 1430 3354 1496 Et
3375 1429 3519 1494 ideo
3537 1427 3700 1493 tollit
3724 1426 3913 1490 ambi-

2387 1542 2701 1623 guitatem
2723 1588 2741 1621 ,
2773 1542 2924 1625 quia
2958 1540 3187 1606 melius
3210 1538 3488 1604 creditur
3519 1535 3698 1601 factis
3723 1553 3914 1619 quam

2385 1649 2619 1714 verbis,
2649 1652 2727 1714 Et
2755 1651 3011 1733 propter
3035 1648 3158 1713 hoc
3178 1665 3292 1731 per
3310 1646 3579 1729 mystica
3601 1645 3768 1708 facta
3785 1661 3912 1708 res-

2383 1756 2604 1839 pondit
2655 1755 2883 1822 Joanni
2931 1755 3241 1838 figuranti
3284 1754 3531 1819 animas
3581 1752 3916 1818 existentes

2386 1864 2458 1928 in
2484 1864 2818 1947 multiplici
2844 1862 3104 1929 vinculo
3129 1861 3500 1926 calamitatis
3527 1865 3590 1925 et
3619 1858 3912 1935 miseriae,

2385 1973 2603 2038 dicens
2629 1973 2878 2055 primo:
2913 1974 3159 2037 Eumae
3182 1971 3543 2036 renuntiate
3565 1968 3828 2045 Ioanni,
3855 1965 3916 2029 id

2386 2083 2478 2143 est
2509 2079 2845 2144 animabus
2879 2076 3325 2160 circumplexis
3362 2074 3619 2141 vinculo
3639 2074 3919 2156 origina-

2385 2187 2464 2252 lis
2499 2188 2703 2270 culpae
2722 2236 2743 2266 ‚
2780 2187 3126 2251 adventum
3163 2182 3519 2249 mediatoris
3550 2204 3567 2245 z
3606 2181 3764 2264 quia
3794 2196 3916 2260 ego

2385 2314 2554 2375 sum,
2580 2294 2696 2377 qui
2717 2294 2866 2359 veni
2886 2293 2956 2357 in
2979 2291 3321 2369 mundum,
3342 2289 3423 2354 ad
3449 2286 3917 2354 dissolvendum

2386 2402 2642 2469 vincula
2679 2400 3009 2482 originalis
3033 2398 3236 2482 culpae
3249 2446 3271 2477 ,
3309 2415 3424 2481 per
3448 2398 3757 2461 humanae
3783 2413 3915 2460 car-

2385 2509 2489 2574 nis
2515 2508 3037 2591 assumptionem.
3069 2505 3147 2571 Et
3179 2505 3248 2569 in
3275 2503 3534 2586 signum
3561 2504 3762 2586 hujus
3781 2552 3804 2584 ,
3833 2497 3915 2570 le-

2385 2619 2566 2700 prosi
2601 2616 2997 2683 mundamur
3015 2663 3036 2694 ,
3075 2613 3268 2680 surdi
3301 2612 3603 2680 audiunt.
3633 2610 3922 2677 Secundo

2387 2724 2746 2789 renuntiate
2773 2722 3036 2802 Joanni,
3066 2721 3134 2787 id
3161 2724 3258 2786 est
3289 2720 3626 2785 animabus
3652 2717 3922 2784 circum·

2385 2832 2610 2915 peditis
2638 2830 2910 2896 vinculis
2934 2834 3149 2895 reatus
3167 2846 3401 2913 poenae‚
3422 2828 3772 2893 adventum
3794 2824 3923 2890 Sal-

2386 2939 2663 3018 moris,
2695 2938 2847 3020 quia
2872 2955 2996 3019 ego
3034 2955 3179 3001 sum
3206 2936 3317 3019 qui
3344 2939 3654 3002 venturus
3681 2951 3828 2998 sum
3852 2933 3922 2996 in

2387 3047 2659 3112 limbum
2725 3046 2804 3110 ad
2870 3043 3344 3128 praecidendum
3398 3040 3656 3106 vincula
3709 3046 3924 3106 reatus

2387 3171 2592 3237 poenae
2611 3170 2726 3236 per
2743 3151 3122 3217 voluntariae
3147 3149 3376 3215 mortis
3399 3150 3922 3233 assumptionem.

2388 3260 2465 3324 Et
2490 3260 2613 3325 hoc
2638 3258 2760 3324 erit
2784 3258 2967 3322 vobis
2991 3258 3297 3339 signum,
3326 3258 3477 3340 quia
3502 3256 3655 3320 caeci
3681 3256 3924 3330 vident,

2387 3366 2599 3431 claudi
2647 3364 2996 3430 ambulant.
3043 3364 3255 3430 Tertio
3304 3367 3526 3429 euntes
3567 3363 3928 3429 renuntiate

2386 3471 2612 3538 Joanni
2634 3521 2651 3552 ‚
2694 3472 2760 3537 id
2789 3476 2885 3536 est
2907 3471 3245 3536 animabus
3270 3468 3755 3536 circumvolutis
3779 3469 3923 3532 vin·

2386 3580 2544 3646 culis
2568 3579 2913 3663 corporalis
2941 3579 3238 3658 miserias,
3270 3579 3623 3643 adventum
3643 3576 3929 3643 Salvato-

2385 3688 2475 3751 ris
2513 3710 2529 3753 ι
2572 3688 2726 3771 quia
2768 3704 2895 3770 ego
2939 3705 3119 3765 sum,
3166 3687 3277 3769 qui
3322 3690 3632 3751 venturus
3672 3701 3828 3749 sum
3849 3682 3928 3748 ad

2379 3795 2698 3877 judicium
2721 3842 2741 3874 ‚
2779 3793 2860 3859 ad
2895 3792 3452 3858 exterminandum
3492 3790 3756 3858 vincula
3790 3807 3928 3856 cor-

2386 3901 2620 3983 poralis
2655 3900 2936 3968 miseriae
2964 3918 3080 3983 per
3105 3899 3444 3982 utriusque
3474 3898 3758 3964 hominis
3789 3898 3930 3980 glo—

2386 4011 2818 4075 rificationem.
2895 4008 3174 4091 Signum
3241 4012 3457 4073 autem
3520 4006 3724 4089 hujus
3785 4009 3926 4070 est:

2385 4117 2632 4183 Mortui
2656 4121 3019 4200 resumunt,
3040 4131 3347 4199 pauperes
3373 4114 3930 4198 evanqelizantur.

2387 4219 2676 4288 Primum
2703 4225 3065 4289 renuntiate
3093 4222 3128 4289 J
3131 4223 3351 4303 oanni,
3378 4223 3446 4288 id
3471 4227 3568 4288 est
3591 4221 3937 4288 animabus

2386 4330 2804 4406 existentibus
2854 4331 2922 4394 in
2973 4331 3274 4413 originali
3323 4330 3510 4413 culpa
3531 4376 3549 4409 ,
3603 4329 3767 4411 quia
3807 4346 3938 4410 ego

2386 4456 2533 4503 sum
2556 4437 2667 4521 qui
2697 4441 3015 4503 venturus
3040 4455 3188 4503 sum
3218 4438 3287 4501 in
3315 4436 3629 4503 mundum
3654 4453 3776 4519 per
3808 4436 3932 4501 hu-

2386 4563 2596 4610 manae
2640 4545 2854 4610 carnis
2895 4545 3430 4628 assumptionem,
3467 4544 3551 4608 ad
3584 4542 3939 4608 dissolven-

2385 4653 2538 4718 dum
2577 4652 2836 4718 vincula
2865 4652 3193 4735 originalis
3231 4651 3458 4734 culpae.
3497 4650 3777 4732 Signum
3815 4667 3933 4713 au-

2383 4762 2514 4824 tem
2565 4760 2763 4842 hujus
2816 4763 2911 4824 est
2927 4808 2950 4840 ,
3005 4760 3158 4843 quia
3212 4761 3447 4843 leprosi
3498 4758 3931 4837 metantur,

2384 4865 2570 4936 surdi
2602 4865 2910 4934 audiunt.
2953 4862 3128 4930 Unde
3170 4866 3436 4930 morbus
3476 4863 3671 4947 leprae
3712 4865 3936 4945 signat
3992 4874 4029 4915 Μ

2384 4975 2712 5057 peccatum
2772 4971 2964 5054 primi
3026 4971 3309 5037 hominis
3326 5016 3350 5049 ,
3404 4989 3479 5036 eo
3533 4970 3708 5054 quod
3764 4971 3939 5035 sicut
3959 4934 4029 4991 ¹⁰¹²

2384 5079 2649 5145 morbus
2701 5078 2895 5161 leprae
2950 5082 3045 5142 est
3107 5078 3464 5143 communis
3514 5076 3939 5143 habitationis

2384 5185 2778 5270 separativus
2792 5232 2815 5264 ,
2869 5186 3068 5250 totius
3112 5184 3395 5250 hominis
3440 5184 3785 5249 infectivus
3801 5232 3825 5264 ,
3874 5188 3940 5248 et

2388 5293 2678 5376 generati
2696 5292 3026 5375 generanti
3047 5292 3501 5358 assimilativus
3521 5312 3539 5370 ;
3571 5290 3660 5354 sic
3677 5290 3941 5374 primus

2383 5418 2613 5484 parens
2637 5399 2716 5465 de
2740 5399 2968 5466 merito
2989 5400 3216 5484 primae
3238 5397 3792 5484 praevaricationis
3815 5397 3941 5464 fuit
