4059 6317
1313 477 1412 543 DE
1455 476 1522 543 S.
1560 476 1898 543 AGNE'I'E.
1948 475 2299 543 SERMOJ.

209 626 327 686 que
359 611 422 669 vi
464 611 859 671 multitudiuis
895 615 1279 688 premeretur,
1320 617 1387 672 ut
1415 613 1544 688 J‘am
1583 613 1748 672 susti-

207 720 349 764 nere
369 721 495 764 non
520 709 738 780 posset,
759 723 821 766 se
847 706 1162 766 lateraliter
1189 707 1434 782 proprio
1464 724 1747 767 mucrone

207 798 538 871 transfodit,
569 804 626 859 et
649 800 802 858 saltu
833 788 1008 859 celeri
1034 801 1098 859 in
1133 801 1499 876 profundum
1523 800 1748 861 Tiberis

206 910 270 951 se
294 893 564 968 proiecit,
593 897 652 952 et
678 896 762 952 sic
783 894 1044 952 amicum
1073 894 1471 968 defendendO,
1496 897 1747 969 uterque

208 987 435 1046 amicus
479 986 776 1045 occubuit.
824 992 1048 1047 Revera
1096 988 1352 1047 amicitia
1402 990 1546 1047 dare
1601 989 1751 1047 solet

207 1081 388 1139 vitam
417 1081 721 1156 propriam
746 1096 860 1156 pro
883 1083 1005 1140 vita
1040 1082 1279 1159 alterius
1314 1083 1746 1140 conservanda.

207 1174 321 1234 Sed
365 1174 569 1245 hodie,
595 1176 749 1250 prob
790 1175 992 1234 dolor!
1036 1177 1184 1234 nulli
1232 1180 1370 1235 sunt
1413 1177 1588 1235 amici
1616 1193 1748 1249 per-

208 1286 389 1342 sonae,
411 1270 684 1346 quamvis
700 1269 871 1327 multi
889 1270 1004 1329 sint
1021 1270 1194 1329 amici
1214 1271 1480 1330 fortunae.
1506 1274 1750 1331 Sanctus

209 1369 409 1424 tamen
448 1368 648 1423 noster
691 1364 1001 1439 Apostolus
1040 1380 1246 1423 veram
1290 1365 1371 1423 ad
1406 1366 1746 1440 proximum

209 1457 530 1517 amicitiam
561 1458 788 1530 habuit,
820 1474 936 1532 pro
961 1459 1130 1532 cujus
1156 1458 1344 1518 salute
1373 1459 1554 1518 vitam
1579 1476 1751 1519 suam

209 1551 432 1627 posuit.
461 1551 625 1610 Unde
648 1552 843 1626 potuit
867 1552 1064 1610 dicere
1092 1568 1228 1611 cum
1263 1554 1535 1627 apostolo
1570 1554 1751 1612 Paulo

211 1647 291 1705 ad
316 1646 543 1717 tratres,
575 1646 730 1704 etad
758 1645 1065 1720 proximos
1092 1663 1298 1705 omnes
1320 1651 1338 1685 ¹
1373 1667 1388 1706 ε
1424 1666 1455 1703 α
1483 1648 1754 1707 Libenter

209 1739 580 1814 impendam,
604 1743 661 1797 et
679 1740 1171 1814 superimpendar
1197 1757 1310 1814 ego
1338 1741 1466 1816 ipse
1491 1758 1602 1817 pro
1630 1742 1755 1801 ani-

210 1833 428 1891 mabus
459 1832 686 1891 vestris.
707 1854 737 1888 n
769 1833 942 1903 Quod
975 1850 1099 1892 non
1126 1834 1323 1892 solum
1349 1835 1537 1893 verbo
1583 1835 1753 1907 dixit,

211 1926 337 1985 imo
395 1931 453 1985 et
500 1927 655 1986 facto
704 1927 980 2002 perfecit,
1020 1929 1170 1986 sicut
1211 1933 1267 1987 et
1317 1929 1447 2004 ipsa
1481 1930 1755 2002 Legenda

214 2021 488 2080 ostendit.

280 2116 473 2175 Tertio
501 2115 790 2174 debemus
808 2131 934 2173 esse
953 2115 1169 2174 fideles
1188 2116 1369 2174 villici
1388 2132 1495 2192 per
1514 2133 1757 2192 compa-

211 2211 504 2269 rationem
531 2208 610 2268 ad
638 2209 1012 2268 mundanum
1034 2210 1394 2278 thesaurum,
1415 2214 1484 2269 ut
1503 2211 1757 2270 fideliter

212 2304 629 2379 dispensemus
670 2304 893 2376 omnia,
940 2321 1076 2378 quae
1130 2321 1167 2363 a
1224 2309 1340 2364 Deo
1398 2306 1754 2381 accepimus.

211 2401 386 2472 Quod
414 2406 551 2459 tunc
577 2416 716 2459 vere
743 2401 1020 2471 facimus,
1051 2418 1189 2460 cum
1224 2402 1523 2476 superflua
1554 2403 1758 2460 omnia

207 2496 449 2553 damus.
500 2514 528 2549 α
550 2495 826 2570 Dispersit
863 2493 1078 2568 enim²‚
1120 2495 1285 2553 dedit
1325 2496 1695 2570 pauperibus
1739 2514 1755 2554 ε

206 2588 432 2662 justitia
458 2588 585 2662 ejus
611 2591 812 2647 manet
836 2588 899 2646 in
933 2588 1216 2647 saeculum
1244 2589 1461 2647 saeculi.
1481 2610 1510 2644 n
1546 2593 1759 2650 Omnes

214 2684 375 2741 enim
415 2681 647 2753 divites,
681 2686 738 2740 et
764 2682 1021 2740 maxime
1055 2681 1385 2757 principe5‚
1417 2682 1492 2741 de
1540 2683 1759 2741 divitiis

213 2777 495 2836 omnibus
524 2776 780 2835 ethonis
821 2777 1074 2851 acceptis
1103 2776 1393 2834 reddituri
1421 2783 1556 2835 sunt
1582 2777 1760 2836 ratio·

212 2887 374 2943 nem,
405 2870 456 2927 si
481 2870 787 2928 famelicos
827 2870 1172 2941 cibaverint,
1202 2870 1250 2927 si
1290 2871 1623 2928 sitibundos
1649 2887 1760 2946 po·-

210 2965 485 3035 taverint,
516 2965 565 3023 si
587 2964 766 3023 nudis
803 2963 1151 3022 vestimenta
1187 2964 1476 3038 dederint,
1502 2965 1552 3023 si
1590 2982 1763 3040 pere·

211 3059 399 3133 grinis
424 3062 663 3133 portam
690 3058 1046 3133 aperuerint.
1070 3061 1148 3115 De
1165 3057 1258 3114 his
1277 3058 1458 3129 enim,
1489 3062 1552 3115 ut
1579 3064 1760 3134 patet,

211 3152 499 3211 Dominus
535 3151 600 3210 in
637 3152 865 3226 judicio
904 3153 1190 3227 petiturus
1230 3156 1316 3210 est
1353 3152 1668 3225 rationem,
1705 3157 1763 3212 et

212 3260 286 3304 ex
312 3247 408 3305 his
435 3247 880 3321 conclusionem
905 3247 1177 3305 ultimam
1201 3245 1396 3317 faciet,
1427 3246 1621 3305 bonos
1649 3247 1761 3306 vil·

210 3342 365 3401 licos
409 3356 765 3411 muneranS,
809 3340 1003 3398 malos
1051 3340 1403 3399 setemaIIter
1445 3340 1757 3401 damnans.

211 3436 382 3495 Unde
410 3436 658 3511 quilibet
682 3451 842 3494 nunc
868 3435 1022 3494 bene
1049 3435 1398 3511 dispensans
1421 3436 1624 3495 audiet
1651 3440 1763 3494 Do·

211 3529 449 3588 minum
502 3529 617 3588 eibi
675 3528 968 3588 dicentem
1011 3530 1163 3587 illud
1181 3532 1204 3567 ⁸
1247 3549 1262 3586 :
1320 3549 1347 3584 ι(
1365 3534 1546 3605 Euge,
1592 3548 1760 3589 serve

212 3623 379 3682 bone
435 3626 493 3681 et
528 3622 769 3681 fidelis:
802 3622 946 3696 quia
988 3623 1052 3680 in
1101 3640 1293 3698 pauca
1344 3624 1500 3683 fuisti
1543 3626 1760 3697 fidelis,

209 3733 397 3791 super
422 3716 610 3775 multa
642 3722 700 3776 te
739 3716 1091 3775 constituam
1122 3735 1138 3775 ε
1170 3718 1323 3777 intra
1365 3719 1426 3777 in
1470 3720 1761 3794 gaudium

210 3810 451 3870 Domini
466 3812 568 3869 tui.
585 3831 615 3867 ι»
638 3814 783 3869 Vere
801 3810 1156 3885 temporalia
1175 3813 1376 3871 omnia
1391 3819 1526 3874 sunt
1541 3831 1758 3890 pauca,

210 3904 452 3964 aeternis
470 3903 687 3963 divitiis
700 3908 1043 3980 comparata
1053 3925 1071 3978 3
1086 3904 1273 3962 immo
1288 3907 1487 3981 potius
1506 3908 1760 3967 dicenda

208 4002 356 4058 sunt
400 3997 586 4057 nulla.
639 3998 946 4072 Gregorius
987 3996 1012 4031 ⁸
1048 4018 1064 4055 z
1115 4020 1144 4052 α
1168 3999 1225 4057 Si
1284 4000 1726 4060 consideremus
1735 4045 1757 4075 ,

205 4093 445 4163 fratres,
481 4108 615 4166 quae
642 4095 699 4151 et
727 4097 950 4168 quanta
976 4095 1131 4164 sunt,
1159 4108 1294 4167 quas
1316 4093 1491 4152 nobis
1517 4096 1760 4169 promit-

207 4189 421 4246 tantur
471 4186 535 4243 in
580 4185 759 4251 coelis,
800 4186 1091 4244 vilescunt
1133 4186 1337 4245 animo
1382 4189 1586 4246 omnia
1626 4205 1758 4264 quae

206 4280 511 4339 habentur
563 4280 626 4338 in
677 4278 868 4338 terris.
889 4299 920 4334 n
978 4279 1095 4340 Sed
1150 4280 1347 4338 audite
1401 4281 1549 4356 quid
1602 4282 1759 4340 dica-

206 4380 312 4434 tur
345 4376 407 4433 ⁸:
468 4374 648 4446 «Quis
681 4377 856 4450 putas
900 4377 987 4433 est
1026 4373 1225 4433 fidelis
1271 4391 1474 4433 servus
1515 4379 1572 4434 et
1618 4392 1759 4451 prn-

207 4471 383 4536 dens,
414 4485 594 4544 quem
623 4468 920 4527 constituit
945 4468 1228 4527 Dominus
1268 4485 1444 4544 super
1470 4467 1758 4528 familiam

204 4579 385 4623 suam
401 4604 422 4634 ,
466 4567 534 4621 ut
594 4561 694 4620 det
737 4561 855 4620 illis
917 4562 982 4619 in
1047 4566 1314 4636 tempore
1378 4562 1551 4619 tritici
1597 4579 1760 4621 men-

205 4657 464 4717 suram?
515 4660 761 4729 Beatus,
814 4655 1035 4731 inquit,
1091 4672 1329 4728 servuS,
1386 4672 1570 4730 quem
1621 4673 1758 4714 cum

204 4751 443 4812 venerit
495 4751 775 4808 Dominus
796 4793 814 4821 ,
876 4750 1169 4808 invenerit
1231 4749 1315 4807 sic
1365 4749 1678 4809 facientem
1740 4769 1753 4807 :

207 4846 360 4923 quia
396 4860 573 4919 super
609 4843 811 4902 omnia
848 4843 1015 4902 bona
1048 4860 1157 4901 sua
1195 4843 1505 4902 constituet
1534 4860 1692 4902 eum.
1721 4866 1746 4901 »

205 4945 366 5014 Ergo
410 4956 443 4997 e
488 4937 805 5007 contrario,
845 4953 1027 5013 quem
1063 4937 1350 4995 invenerit
1397 4937 1759 4997 contrarium

203 5033 546 5104 facientem,
585 5034 643 5089 et
678 5047 817 5089 eum
857 5028 1131 5089 excludet
1164 5047 1201 5089 a
1237 5030 1433 5105 bonis,
1473 5035 1530 5090 et
1564 5032 1759 5091 tradet

206 5126 540 5189 tortoribus
564 5124 953 5200 sempiternis.
985 5123 1149 5182 Unde
1170 5123 1394 5183 dictum
1410 5128 1497 5185 est
1521 5125 1630 5197 illi,
1653 5126 1756 5201 qui

273 5280 290 5313 ¹
335 5278 377 5328 ll
423 5275 556 5337 Cor„
599 5288 706 5339 111,
752 5279 826 5326 ¹5.
856 5301 919 5312 -
953 5275 977 5309 ⁸
1003 5273 1134 5325 Psal.
1182 5285 1286 5337 cxi,
1328 5276 1376 5325 9.
1405 5302 1465 5313 —
1507 5276 1526 5305 ⁸
1552 5274 1756 5339 Manli„

208 5361 339 5412 xxv,
369 5352 453 5398 2¹.
478 5375 533 5385 —
563 5347 586 5383 δ
607 5349 780 5410 Greg„
808 5347 860 5396 in
890 5348 1105 5409 Evanq„
1137 5346 1279 5397 hom.
1308 5358 1509 5407 xxxvii,
1538 5361 1589 5397 n.
1627 5352 1673 5395 1.
1695 5374 1758 5384 -

210 5425 229 5455 ⁵
261 5419 470 5483 Bauli„
510 5430 652 5483 xxiv,
685 5421 767 5472 45.
797 5445 851 5454 -
887 5420 907 5448 ⁸
937 5416 1086 5481 ibid„
1120 5420 1201 5481 26,
1236 5420 1315 5482 27,
1349 5421 1426 5469 30.
1469 5444 1526 5455 -
1559 5419 1582 5455 ⁷
1610 5419 1756 5470 Hunc

3279 478 3395 541 517

1855 612 2141 672 talentum
2169 611 2401 672 Domini
2427 611 2520 671 sui
2550 610 2897 682 abscondit,
2924 613 2983 670 et
3004 624 3129 670 non
3158 606 3404 670 tradidit

1852 705 2269 765 nummulariis
2300 709 2365 765 ⁶:
2400 707 2624 765 «Serve
2660 705 2818 763 male
2856 708 2914 765 et
2940 705 3134 782 piger,
3167 706 3401 765 sciebas
3494 708 3499 713 '

1857 800 2001 876 quia
2043 804 2202 859 meto
2239 800 2346 859 ubi
2384 815 2508 858 non
2545 799 2843 870 semin0‚»
2880 804 2989 859 etc.
3020 803 3086 858 Et
3121 799 3399 859 addidit:

1863 916 1891 947 «
1917 895 2183 953 inutilem
2230 908 2469 953 servum
2503 893 2692 967 ejicite
2731 893 2795 950 in
2838 893 3112 952 tenebras
3153 894 3402 953 exterio·

1856 1003 1969 1047 reS.
1990 1009 2018 1043 n
2054 988 2169 1047 Sed
2207 987 2569 1063 plorandum
2605 992 2690 1046 est
2728 987 2935 1058 hodie,
2963 991 3022 1045 et
3056 990 3182 1046 toto
3219 988 3401 1047 corde

1858 1081 2210 1153 dolendum,
2241 1083 2383 1156 quia
2423 1080 2721 1140 fideliores
2756 1085 2894 1139 sunt
2932 1081 3151 1140 inventi
3180 1081 3402 1157 pagani

1857 1176 1920 1233 in
1957 1175 2392 1249 dispensatione
2422 1175 2679 1233 thesauri
2715 1176 2828 1233 sibi
2866 1176 3186 1247 commissi,
3219 1190 3400 1250 quam

1858 1270 1975 1326 sint
2009 1270 2282 1328 homines
2320 1268 2647 1328 Christiani.
2688 1273 2835 1328 Nam
2871 1269 3087 1344 Scipi0‚
3125 1269 3402 1344 princeps
3428 1279 3640 1396 plfgsm-

1857 1363 2264 1422 nobilissimus
2309 1366 2745 1435 Romanorum,
2795 1363 2939 1420 dum
2984 1364 3402 1437 postularetur,

1860 1462 1924 1516 ut
1974 1457 2265 1515 rationem
2316 1456 2595 1515 redderet
2635 1457 2711 1515 de
2761 1456 3179 1516 innumerabili
3234 1448 3406 1532 quasi

1859 1550 2112 1626 pecunia
2151 1551 2264 1610 sibi
2308 1552 2650 1621 commissa,
2680 1551 2921 1610 tradidit
2952 1551 3037 1609 eis
3073 1552 3319 1623 librum,
3345 1552 3409 1610 in

1862 1661 1984 1720 quo
2020 1661 2291 1719 expensae
2327 1649 2514 1717 erant,
2543 1661 2692 1720 quas
2720 1644 2970 1717 iecerat,
3000 1661 3111 1705 nec
3148 1662 3286 1704 cum
3322 1645 3408 1704 eis

1862 1739 1941 1797 ad
1978 1739 2302 1813 legendum
2330 1739 2519 1798 voluit
2556 1739 2662 1812 ire,
2695 1743 2885 1797 certus
2927 1740 3094 1816 quod
3120 1740 3274 1798 bene
3303 1756 3408 1798 ex-

1859 1834 2167 1908 penderat.
2212 1833 2480 1907 Dixitque
2529 1833 2609 1891 ad
2651 1835 2930 1892 Senatum
2956 1853 2974 1890 ε
3010 1833 3259 1903 «Nolite,
3300 1849 3409 1909 pa-

1861 1931 1997 1998 treS,
2047 1927 2123 1985 de
2168 1944 2304 1986 mea
2342 1927 2682 1986 innocentia
2726 1927 3001 1987 dubitare
3034 1948 3048 1986 :
3096 1930 3238 2003 quia
3273 1926 3412 1987 licet

1861 2023 2118 2082 Mricam
2172 2026 2357 2081 totam
2428 2027 2633 2081 vestras
2683 2022 2958 2098 potestati
3017 2024 3409 2098 subjecerim,

1865 2120 2062 2175 tamen
2112 2117 2262 2175 nihil
2314 2132 2388 2175 ex
2437 2132 2509 2174 ea
2558 2115 2725 2190 quod
2777 2132 2982 2174 meum
3029 2118 3218 2191 possit
3265 2118 3409 2191 dici,

1863 2214 2073 2285 praeter
2100 2225 2322 2268 nomen
2362 2212 2420 2268 et
2456 2208 2731 2283 gloriam,
2761 2210 3057 2284 reportavi
3083 2210 3177 2284 (α).
3211 2230 3240 2265 »
3278 2212 3324 2271 0
3359 2212 3413 2269 si

1863 2305 2010 2362 tales
2036 2304 2213 2363 hodie
2240 2307 2431 2363 essent
2456 2303 2783 2375 Christiani,
2813 2320 2996 2379 quam
3024 2321 3226 2363 secure
3248 2304 3411 2364 vive-

1864 2402 2015 2471 rent,
2045 2415 2227 2474 quam
2253 2415 2457 2456 secure
2485 2397 2859 2470 decederent,
2889 2403 2946 2456 et
2981 2415 3165 2473 quam
3207 2416 3412 2459 secure

1867 2511 1929 2553 se
1969 2494 2176 2552 divino
2216 2492 2443 2567 judicio
2489 2495 2934 2564 proesentarent!
2984 2497 3049 2551 Et
3096 2493 3237 2566 quia
3282 2495 3414 2552 talis

1866 2587 1975 2646 fuit
2000 2587 2332 2663 Apostolus,
2366 2592 2423 2645 et
2451 2586 2655 2645 omnia
2681 2603 2791 2646 sua
2821 2586 2985 2645 dedit
3022 2587 3412 2661 pauperibus,

1866 2681 2054 2740 immo
2085 2684 2142 2739 et
2168 2680 2274 2738 illa
2299 2680 2525 2751 omnia,
2553 2697 2686 2755 quse
2715 2681 2814 2738 ille
2850 2697 2957 2739 rex
2988 2681 3271 2740 Indorum
3299 2683 3413 2743 sibi

1867 2774 2193 2833 tradiderat
2214 2775 2290 2832 ad
2319 2772 2736 2831 fabricandum
2762 2773 3071 2847 palatium,
3092 2774 3231 2833 ideo
3256 2774 3412 2834 fide·

1865 2869 1985 2927 lem
2015 2884 2077 2925 se
2106 2867 2363 2925 ostendit
2382 2866 2673 2935 villicum,
2692 2866 2838 2925 dum
2863 2869 3410 2927 commutavittem·

1866 2961 2075 3037 porale
2114 2962 2402 3037 palatium
2444 2960 2509 3019 in
2552 2964 2855 3019 aeternum.
2903 2963 3052 3034 Lege
3102 2953 3304 3022 omnia
3349 2962 3414 3020 in

1867 3055 2161 3129 Legenda.
2191 3059 2509 3141 Rogemus,
2540 3058 2648 3112 etc.

1882 3252 1981 3329 DE
2028 3254 2094 3327 S.
2146 3251 2447 3328 AGNETE
2494 3250 2804 3328 V1RGINE
2848 3252 2948 3328 ET
2994 3238 3394 3330 MARTYRE.

2312 3406 2571 3469 SERMO
2615 3406 2903 3468 PRIMUS
2922 3413 2968 3468 ⁷.

1942 3528 2188 3585 Gloriosa
2215 3526 2369 3583 dicta
2393 3532 2521 3583 sunt
2549 3526 2616 3582 de
2648 3531 2731 3597 te,
2764 3528 2960 3584 civitas
3000 3528 3101 3585 Dei
3127 3529 3170 3586 ⁸.
3213 3529 3412 3589 Homi-

1868 3638 2005 3680 nem
2048 3638 2122 3679 ex
2162 3620 2396 3679 duabus
2436 3619 2659 3677 naturis
2696 3618 2951 3677 dicimus
2995 3636 3122 3679 esse
3164 3639 3412 3699 compo-

1866 3715 2077 3785 situm,
2116 3729 2239 3772 una
2278 3712 2602 3787 spirituali,
2649 3712 2911 3771 secunda
2959 3716 3256 3789 corporali
3298 3735 3312 3774 ε
3353 3720 3412 3776 et
3518 3782 3525 3790 ,

1867 3806 2183 3866 auctoritas
2218 3807 2459 3878 clamat,
2492 3808 2548 3863 et
2581 3806 2732 3864 ratio
2775 3806 3112 3880 confirmat,
3158 3814 3215 3867 et
3254 3815 3412 3870 certa

1863 3901 2222 3976 experientia
2259 3900 2437 3958 nobis
2476 3901 2710 3975 probat.
2745 3903 2892 3959 Nam
2939 3902 3176 3978 corpori
3214 3903 3288 3961 de
3316 3905 3408 3963 sui

1864 4001 2075 4055 natura
2093 3994 2368 4055 convenit
2395 4009 2518 4051 non
2542 3994 2763 4067 vivere,
2791 4011 2915 4053 non
2944 3998 3179 4070 sentire,
3200 3999 3342 4073 quia
3360 4000 3410 4058 si

1862 4092 1978 4151 hoc
2004 4094 2069 4148 in
2097 4095 2385 4164 quantum
2414 4090 2499 4149 est
2526 4103 2744 4162 corpus
2783 4088 3062 4162 haberet,
3088 4107 3265 4150 omne
3298 4093 3408 4151 uti·

1864 4200 1983 4260 que
2009 4199 2226 4258 corpus
2252 4182 2494 4251 viveret,
2526 4183 2584 4239 et
2608 4180 2866 4254 sentiret,
2887 4198 3025 4240 cum
3050 4183 3165 4241 hoc
3192 4183 3409 4244 falsum

1863 4278 2226 4354 apertissime
2278 4277 2535 4347 constet,
2579 4292 2652 4334 eo
2695 4276 2864 4350 quod
2916 4277 3103 4336 multa
3157 4295 3411 4355 corpora

1863 4376 2028 4445 sunt,
2076 4387 2208 4448 quas
2247 4385 2357 4428 nec
2401 4370 2611 4427 vivunt
2651 4370 2932 4443 omnino,
2980 4386 3090 4429 nec
3131 4372 3407 4431 sentiunt.

1863 4469 2098 4537 Restat,
2147 4468 2213 4523 ut
2265 4463 2561 4522 Avicenna
2630 4463 2654 4500 ⁹
2703 4463 2887 4534 dicit,
2943 4464 3006 4522 in
3059 4464 3409 4541 corporibus

1862 4559 2078 4619 nostris
2124 4575 2247 4616 esse
2300 4556 2528 4632 aliquid
2590 4556 2760 4631 quod
2813 4559 3052 4632 corpori
3104 4560 3287 4617 vitam
3350 4563 3408 4620 et

1863 4670 2102 4713 sensum
2128 4652 2384 4723 tribuat,
2414 4651 2614 4726 quod,
2651 4649 2952 4726 quidquid
2986 4651 3137 4709 illud
3162 4653 3273 4726 sit,
3293 4670 3405 4712 nos

1864 4748 2169 4808 communi
2210 4744 2501 4803 vocabulo
2549 4761 2837 4803 vocamus
2882 4744 3190 4805 animam:
3239 4748 3405 4823 quod

1863 4857 2087 4901 nomen
2114 4843 2201 4898 est
2229 4837 2428 4908 officii,
2458 4854 2580 4896 non
2607 4844 2852 4897 naturae.
2880 4841 3054 4898 Juxta
3081 4857 3223 4914 ergo
3250 4840 3406 4901 hanc
3435 4862 3537 4907 vu·
3561 4863 3644 4909 dn-

1862 4939 2133 4995 naturam
2176 4932 2476 5007 duplicem
2498 4975 2517 5003 ,
2546 4931 2768 5006 duplex
2803 4932 2867 4989 in
2893 4933 3107 4991 sanctis
3134 4934 3404 4993 conside·
3435 4926 3553 4981 ΡΜ·

1861 5035 2026 5090 ratur
2043 5029 2163 5087 vita
2182 5046 2196 5085 t
2213 5043 2335 5085 una
2359 5025 2618 5099 interior,
2641 5043 2775 5101 quae
2801 5027 3062 5086 consistit
3088 5026 3148 5085 in
3176 5034 3370 5087 mente
3384 5051 3403 5104 3

1862 5195 1970 5233 non
1997 5180 2155 5231 habet
2180 5178 2301 5230 edit.
2338 5179 2533 5241 Hagen.
2573 5190 2659 5228 an.
2693 5180 2854 5242 14963
2880 5179 3037 5231 babet
3065 5193 3213 5245 vero,
3250 5181 3406 5232 etiam

1863 5267 1982 5304 cum
2026 5255 2300 5321 sequente,
2349 5249 2526 5300 Codex
2562 5248 2728 5320 Aesis,
2774 5264 2892 5302 saec.
2930 5264 3049 5307 xm,
3098 5279 3157 5293 —
3206 5253 3224 5281 ⁸
3270 5253 3406 5306 Psal.

1864 5337 2083 5387 Lxxxvi,
2108 5327 2155 5374 3.
2182 5348 2240 5360 -
2267 5322 2289 5356 ⁹
2313 5320 2560 5371 Avicenn.

1926 5416 1994 5481 (a,
2026 5414 2152 5465 Cat.
2182 5411 2305 5461 edit.
2335 5408 2591 5479 reputavi.
