4059 6317
1036 543 1415 638 nonnum
1459 568 1542 634 111
1583 564 2025 634 Anvssrus.
2071 566 2335 635 ssauo
2375 568 2427 635 1.
3238 566 3319 634 25

183 704 440 771 Dominus
472 705 717 771 flevisse
747 705 1021 788 legitur,
1050 708 1338 789 peccator
1361 705 1529 770 ridet
1551 720 1668 787 per

183 831 313 876 vana
329 813 571 893 gaudia,
589 817 738 878 θαι)
758 813 875 880 Voe
888 813 1071 881 vobis
1084 816 1199 897 qui
1216 828 1392 880 nunc
1409 810 1665 890 ridetis,
1901 805 2271 883 DOMINIGA
2316 808 2399 882 ΙΙΙ
2444 808 2848 885 ADVENTUS
2892 807 3184 883 DOMINI.

180 921 305 1002 qnia
325 918 607 1002 luaebitis
632 925 693 988 et
718 919 964 1002 flebitis
988 936 1120 987 vos.
1155 922 1178 957 ⁸
1206 922 1407 995 Quasi
1425 935 1545 1002 per
1568 920 1666 985 ri·

178 1042 291 1092 sum
310 1027 535 1094 stultus
551 1031 847 1110 operatur
863 1027 1089 1093 scelus.
1107 1026 1185 1091 Et
1199 1027 1341 1092 ideo
1365 1028 1434 1090 in
1449 1027 1669 1090 futuro
2167 988 2456 1058 SERMO
2501 989 2824 1059 PRIMUS
2855 999 2922 1059 ¹¹·

177 1134 373 1199 mulo
395 1140 675 1217 peccator
686 1134 905 1198 flebit³
926 1156 943 1197 ε
964 1135 1112 1201 Erit
1138 1134 1331 1217 news
1357 1132 1672 1201 etstridor
1861 1129 2120 1197 Medius
2164 1140 2374 1199 autem
2410 1139 2694 1199 vestrum
2719 1133 2935 1209 stetit,
2983 1146 3168 1214 quem
3206 1146 3315 1197 vos

176 1240 443 1308 dentium.
472 1240 628 1304 Item
653 1240 970 1305 Dominus
1007 1258 1161 1305 eum
1187 1240 1509 1318 irridebit3
1539 1242 1670 1304 imo
1779 1239 2044 1304 nescitis
2073 1242 2119 1302 ⁸.
2149 1237 2324 1303 Licet
2351 1243 2543 1304 tantae
2573 1239 2917 1303 sanctitatis
2939 1242 3107 1302 esset
3132 1237 3319 1302 Joan-

175 1348 333 1412 etiam
355 1348 717 1411 daemonum
749 1346 1095 1411 ridiculum
1129 1347 1251 1413 erit
1281 1351 1570 1431 peccator
1594 1347 1618 1384 ⁸
1648 1366 1667 1413 ε
1781 1364 1896 1410 nes
1925 1345 2208 1429 Baptista
2221 1395 2241 1425 ,
2270 1350 2408 1411 uta
2435 1347 2724 1430 pluribus
2752 1346 3038 1411 Christus
3064 1350 3316 1427 reputa-

182 1455 438 1536 Tyranni
472 1453 752 1520 ridicula·
788 1452 931 1536 eius
970 1461 1178 1521 emm.
1224 1453 1569 1536 Gregorius
1595 1457 1618 1491 ⁸
1648 1477 1664 1518 ε
1780 1456 1981 1532 retur,
2033 1455 2462 1535 interrogatus
2505 1474 2546 1519 a
2589 1454 2830 1519 Judaeis
2874 1456 3097 1517 utrum
3152 1456 3318 1517 esset

182 1583 208 1619 ι
223 1559 335 1624 Nisi
377 1564 590 1625 contra
640 1560 967 1641 malignos
1010 1560 1274 1644 spiritus
1323 1560 1673 1642 vigilemus
1782 1560 2070 1625 Christus
2084 1610 2107 1640 ,
2161 1562 2488 1644 respondit
2540 1562 2878 1626 veritatem
2905 1607 2925 1639 ‚
2984 1559 3139 1642 quia
3190 1577 3320 1625 non

175 1666 395 1732 sollicite
408 1716 428 1745 ,
468 1668 645 1749 ipsos
687 1667 985 1732 irrisores
1029 1667 1345 1750 patiemur
1386 1685 1550 1750 quos
1591 1668 1674 1732 ad
1782 1670 1943 1731 esset
1971 1665 2259 1732 Christus
2287 1691 2303 1746 ;
2336 1668 2447 1733 sed
2484 1672 2701 1732 tamen
2720 1714 2741 1745 ,
2785 1671 2858 1731 ut
2901 1665 2982 1730 ad
3027 1665 3321 1749 proposi-

176 1774 379 1838 malum
412 1792 821 1857 persuasores
860 1774 1192 1839 habemus.
1224 1795 1257 1833 n
1288 1773 1673 1840 Timendum
1781 1779 1912 1838 tam
1943 1775 2363 1857 quaestionem
2403 1774 2774 1839 Judaeorum
2802 1772 2880 1838 de
2909 1772 3153 1838 Christo
3179 1789 3321 1836 res-

173 1881 325 1946 valde
346 1885 435 1945 est
452 1929 471 1961 ,
500 1882 661 1964 quia
687 1881 989 1945 interitus
1014 1880 1131 1945 iste
1156 1899 1288 1945 non
1318 1880 1531 1946 solum
1575 1881 1673 1946 di·
1781 1882 2005 1963 ponsio
2045 1886 2286 1963 pateat,
2331 1882 2597 1946 nuntius
2637 1880 2954 1945 fidelitatis
3006 1883 3070 1944 et
3111 1896 3321 1962 praeco

176 1987 309 2052 citur
328 2005 454 2052 esse
495 2005 701 2071 prope
718 2036 739 2067 ,
780 1987 918 2052 imo
950 1989 1223 2052 accurrit
1250 1988 1354 2054 vel
1374 1987 1674 2053 velociter
1783 1989 2070 2055 veritatis
2104 1989 2401 2071 adjunxit
2437 1989 2832 2073 propositum
2878 1986 3149 2051 verbum
3169 2033 3192 2065 ,
3231 1984 3316 2050 di·

173 2095 349 2160 nimis.
376 2094 671 2161 Peccator
717 2096 893 2161 enim
933 2097 1134 2161 currit
1176 2098 1245 2163 in
1288 2097 1618 2162 interitum
1649 2119 1673 2159 .·
1783 2113 1934 2161 cens
1964 2118 1980 2160 ε
2011 2095 2272 2162 Medius
2310 2100 2523 2163 autem
2553 2099 2832 2163 vestrum
2858 2095 3065 2172 stetit,
3097 2097 3215 2156 etc.
3250 2091 3322 2156 [n

176 2203 225 2265 et
240 2202 509 2268 interitus
523 2203 735 2268 currit
751 2203 835 2268 ad
852 2204 1095 2267 eumin
1116 2206 1361 2268 morte:
1390 2207 1455 2268 et
1471 2204 1674 2269 multo
1785 2219 1917 2285 quo
1945 2201 2211 2285 quidem
2240 2204 2440 2268 verbo
2467 2203 2677 2286 primo
2702 2201 2926 2265 asserit
2951 2200 3322 2264 reconcilia-

175 2310 388 2390 propior
427 2314 518 2373 ost
562 2327 771 2392 quam
812 2309 1091 2375 credant.
1141 2308 1306 2374 Nam
1350 2310 1464 2393 qui
1510 2312 1677 2376 inter
1782 2310 1901 2374 tivi
1939 2310 2129 2374 officii
2166 2309 2696 2392 congruentiam3
2749 2306 3027 2372 secundo
3042 2352 3064 2383 ,
3105 2307 3325 2372 recolit

173 2434 266 2479 nos
307 2415 401 2481 bic
444 2436 625 2483 nunc
672 2418 849 2483 sedet
863 2467 882 2498 ‚
924 2419 1087 2484 forte
1137 2419 1302 2484 infra
1346 2438 1633 2486 mensem
1646 2469 1671 2501 ,
1782 2414 1975 2481 Verbi
2018 2417 2328 2480 incarnati
2378 2415 2820 2498 praesentiam3
2870 2413 3057 2479 tertio
3108 2413 3327 2496 arguit

174 2523 299 2586 forte
319 2523 475 2590 infra
503 2530 654 2591 octo
702 2525 839 2591 dies
860 2574 877 2605 ‚
908 2527 1068 2591 forte
1100 2527 1311 2592 adhuc
1336 2528 1527 2593 hodie
1555 2530 1677 2593 erit
1783 2520 2004 2605 populi
2036 2522 2280 2587 Judaici
2315 2522 2806 2603 negligentiam.
2851 2520 3065 2584 Primo
3104 2521 3328 2585 asserit

174 2627 225 2691 in
262 2631 511 2698 inferno.
569 2634 735 2716 Ejus
786 2635 1013 2717 utique
1045 2635 1339 2700 interitus
1384 2634 1537 2699 satis
1582 2640 1678 2699 est
1783 2628 2239 2694 reconciliativi
2263 2629 2458 2693 officii
2487 2628 2984 2709 congruentiam
3006 2674 3022 2706 ,
3052 2645 3203 2691 cum
3228 2627 3325 2691 di-

174 2752 331 2818 prope
353 2739 375 2774 θ
403 2757 421 2802 z
454 2739 612 2806 Cum
642 2742 819 2806 enim
845 2740 1146 2822 dixerint
1172 2757 1312 2823 pax
1340 2746 1399 2808 et
1425 2744 1672 2808 securi-
1785 2736 1868 2800 cit
1893 2754 1912 2800 t
1941 2734 2200 2803 Medius
2230 2741 2438 2803 autem
2462 2740 2774 2813 vestrum3
2803 2734 3082 2799 secundo
3109 2733 3329 2798 recolit

176 2849 275 2921 tas,
306 2849 447 2912 timo
482 2849 869 2928 repentinus
906 2848 1000 2914 eis
1055 2851 1463 2930 superveniet
1503 2848 1671 2916 inte·
1784 2843 1970 2907 Verbi
2013 2842 2321 2908 incarnati
2364 2843 2765 2925 praesentiam
2787 2889 2809 2920 ,
2859 2859 3004 2906 cum
3052 2840 3268 2906 subdit
3305 2860 3323 2904 ε

174 2951 335 3031 rim,
361 2957 475 3017 etc.
1788 2949 1998 3029 Stetit,
2029 2950 2098 3014 id
2130 2952 2258 3028 est,
2291 2949 2771 3032 praesentialiter
2797 2948 2962 3013 inter
3004 2966 3121 3014 vos
3162 2948 3323 3026 fuit3

232 3057 307 3122 De
329 3064 552 3141 quarto
580 3058 825 3126 dicitur
849 3059 958 3124 hic
987 3078 1005 3123 ε
1038 3060 1238 3143 Prope
1280 3065 1375 3128 est
1413 3077 1681 3144 reanum
1784 3057 1973 3122 tertio
1999 3057 2220 3139 arguit
2265 3056 2299 3121 J
2305 3056 2514 3122 udaiei
2557 3056 2778 3140 populi
2820 3055 3285 3138 negligentiam
3305 3103 3325 3134 ,

174 3164 285 3230 Dei.
328 3164 694 3232 Notandum
741 3170 961 3231 autem
1006 3169 1177 3251 quod
1229 3167 1537 3233 Dominus
1578 3168 1682 3232 bic
1786 3182 1937 3230 cnm
1962 3164 2355 3229 subinfertur
2388 3186 2404 3229 z
2440 3164 2628 3239 Quem
2651 3178 2763 3230 vos
2791 3163 3079 3229 nescitis.

174 3287 411 3351 regnum
434 3272 546 3337 Dei
577 3273 791 3337 aestati
819 3279 1175 3357 comparat,
1206 3274 1419 3340 dicens
1449 3274 1472 3309 '¹
1506 3293 1523 3338 ε
1563 3273 1681 3340 Va·-
1867 3272 2026 3336 Dicit
2069 3289 2275 3354 ergo:
2307 3269 2564 3337 Medius
2601 3276 2813 3338 autem
2851 3276 3133 3338 vestrum
3154 3317 3174 3349 ‚
3219 3270 3329 3334 ubi

175 3375 284 3444 dete
304 3380 664 3459 ficubteam,
684 3384 753 3445 et
777 3384 1006 3445 caetera
1027 3399 1268 3463 usque:
1296 3381 1501 3449 Scitis
1519 3382 1683 3465 quia
1788 3383 2049 3444 notatur
2112 3378 2539 3459 congruentia
2600 3376 3056 3442 reconciliativi
3114 3376 3324 3441 officii.

171 3499 334 3568 prope
358 3493 451 3554 est
474 3495 700 3555 oestas.
747 3486 929 3551 Sicut
954 3486 1125 3551 enim
1146 3534 1166 3565 ,
1214 3486 1554 3552 inchoante
1593 3505 1652 3552 ae
1788 3487 2037 3551 Etenim
2071 3487 2156 3569 (a)
2186 3502 2555 3565 congruum
2591 3484 2716 3548 fuit
2733 3533 2751 3564 ,
2796 3486 2868 3548 ut
2906 3484 3020 3567 qui
3046 3484 3331 3549 medium

174 3597 321 3671 state,
346 3596 534 3661 flores
560 3601 631 3660 et
657 3612 913 3660 vermes
928 3594 1351 3675 egrediuntur
1377 3595 1455 3660 de
1483 3599 1679 3673 terra,
1788 3594 2044 3659 tenebat
2071 3594 2138 3657 in
2152 3592 2416 3668 throno,
2440 3591 2724 3656 medium
2741 3594 2983 3656 teneret
3003 3590 3073 3655 in
3087 3590 3327 3670 officim

175 3699 246 3763 sic
265 3702 327 3765 in
359 3703 829 3767 resurrectione
854 3703 1019 3770 ‚boni
1065 3703 1480 3783 egredientur
1518 3702 1684 3768 sicut
1789 3702 1993 3784 etqui
2018 3700 2306 3765 medium
2337 3699 2407 3762 in
2433 3698 2542 3762 via
2567 3697 2777 3762 fuerat
2801 3698 3135 3762 creationis
3157 3745 3174 3777 ,
3204 3717 3335 3764 me-

174 3806 348 3872 flores.
378 3808 756 3873 Psalmista⁸
787 3831 805 3872 ι
838 3808 1149 3890 Refioruz't
1174 3824 1323 3877 caro
1348 3825 1506 3875 mea.
1536 3808 1684 3874 Mali
1792 3807 1971 3873 dium
2010 3807 2310 3872 existeret
2345 3806 2414 3869 iu
2451 3805 2559 3870 via
2596 3803 3004 3868 recreationis
3043 3826 3059 3868 ε
3101 3808 3174 3868 ut
3219 3824 3333 3887 per

176 3918 355 3980 autem
381 3917 548 3983 sicut
588 3934 849 3982 vermes
881 3917 963 3981 de
1001 3916 1326 4000 sepulcris.
1366 3916 1492 3983 Sed
1531 3918 1688 4000 quid
1792 3915 2075 3981 Verbum
2095 3912 2374 3978 mundus
2394 3912 2784 3992 reficeretur,
2808 3929 2923 3994 per
2940 3911 3114 3994 quod
3132 3911 3334 3976 fuerat

178 4022 380 4088 mirum
400 4074 423 4103 ,
477 4026 536 4090 si
581 4028 747 4089 tunc
800 4025 986 4106 quasi
1036 4042 1291 4091 vermes
1342 4028 1689 4107 appareant
1790 4024 2013 4087 factus.
2055 4020 2166 4085 Est
2201 4023 2415 4084 autem
2459 4017 2750 4084 Christus
2794 4036 3160 4101 congruum
3195 4036 3332 4083 me·
3370 4035 3570 4108 cassin·

177 4129 627 4208 abominabiles,
658 4131 771 4215 qui
794 4149 974 4197 nunc
998 4135 1320 4215 serpentes
1342 4132 1684 4197 dicuntur?
1793 4129 1974 4195 dium
2003 4150 2021 4195 z
2058 4128 2304 4213 primo,
2334 4126 2645 4192 mirabilis
2672 4125 3058 4207 colliganliae
3083 4175 3101 4207 ‚
3129 4127 3202 4190 in
3228 4127 3327 4190 in·
3366 4097 3562 4204 masur-m

178 4240 197 4274 ’
214 4235 543 4306 Genimina
567 4241 968 4321 viperarum,
988 4241 1110 4303 etc.
1138 4237 1296 4303 Item
1314 4239 1477 4304 sicut
1498 4243 1689 4304 aestas
1794 4235 2200 4314 carnatione;
2249 4234 2525 4299 secundo
2542 4282 2562 4313 ,
2592 4232 2913 4315 regularis
2953 4232 3299 4315 disciplinae
3307 4279 3330 4312 ,
3374 4234 3551 4278 mum.

178 4342 525 4412 delectabilis
570 4351 671 4412 est
716 4345 795 4410 de
840 4345 1131 4410 cantibus
1169 4346 1394 4412 avium
1413 4395 1435 4426 ,
1468 4346 1557 4410 ita
1584 4365 1686 4411 re·
1796 4344 1866 4405 in
1890 4341 2403 4418 conversatione;
2449 4340 2635 4404 tertio
2657 4387 2674 4419 ,
2707 4338 2919 4403 vitalis
2950 4338 3296 4403 influentiae
3312 4387 3329 4418 ‚

178 4470 353 4533 gnum
388 4456 500 4521 Dei
527 4456 612 4521 de
637 4453 939 4518 laudibus
958 4452 1378 4535 jubilantium
1415 4454 1690 4535 angelo·
1796 4449 1865 4512 in
1919 4447 2234 4531 passione.
2292 4445 2508 4511 Primo
2554 4445 2841 4511 Christus
2899 4449 2995 4510 est
3052 4443 3332 4509 medium

178 4578 297 4625 mm
337 4569 399 4628 et
432 4562 783 4630 bominum
812 4560 857 4602 ¹⁰
898 4579 914 4624 ε
956 4560 1181 4628 Vocem
1224 4575 1420 4642 quam
1460 4559 1692 4627 audivi
1797 4572 2165 4635 congruum
2191 4551 2497 4618 mirabilis
2535 4551 2923 4633 colligantiae
2948 4552 3017 4615 in
3041 4551 3332 4616 incarna-

178 4670 320 4739 sicut
372 4669 913 4748 citharoedorum
966 4673 1084 4734 etc.
1140 4668 1548 4750 Augustinus
1574 4670 1619 4705 ¹¹
1670 4691 1687 4732 ε
1800 4664 2000 4741 tione,
2035 4661 2188 4743 quia
2212 4660 2280 4723 in
2311 4660 2449 4742 ipso
2492 4658 2869 4723 mirabiliter
2910 4658 3041 4723 duo
3067 4659 3333 4739 conjun-

186 4799 209 4834 σ
229 4777 457 4853 Quanta
481 4777 614 4843 erit
639 4776 751 4841 illa
777 4775 1084 4841 serenitas
1110 4822 1130 4855 ,
1153 4775 1268 4839 ubi
1292 4775 1543 4839 nullum
1572 4774 1694 4839 erit
1798 4772 2050 4852 guntur
2091 4770 2406 4845 extrema,
2461 4764 2752 4830 videlicet
2788 4765 3074 4848 primum
3116 4762 3340 4828 divini-

182 4883 391 4950 malum
414 4931 433 4966 ‚
468 4884 734 4950 nullum
776 4883 994 4946 latebit
1034 4883 1281 4947 bonum
1298 4929 1321 4961 ,
1363 4882 1694 4946 vacabitur
1798 4878 1944 4940 tatis
1966 4925 1984 4956 ,
2014 4879 2080 4940 et
2104 4874 2403 4939 ultimum
2441 4872 2878 4936 humanitati&
2914 4872 3056 4954 Ipse
3095 4870 3270 4936 enim
3292 4870 3337 4907 ²⁸

184 4988 275 5054 Dei
295 4991 623 5072 laudibus,
653 4989 770 5074 qui
797 4990 921 5054 erit
949 4989 1167 5054 omnia
1191 4990 1260 5053 in
1285 4988 1623 5054 omnibus!
1653 5011 1685 5050 υ
1801 4991 1895 5052 est
1916 4998 2060 5067 pact*
2086 4985 2311 5048 nostra
2334 5027 2352 5060 ,
2376 4981 2491 5062 qui
2519 4983 2788 5061 utraque
2819 4979 2969 5059 fecit
2996 4993 3197 5044 unum
3228 4998 3252 5041 :
3274 4980 3340 5064 et

236 5107 389 5171 πω,
414 5121 491 5172 w,
518 5112 606 5159 25.
634 5133 698 5145 -
725 5107 744 5137 ²
774 5106 942 5167 Pron,
979 5116 1033 5167 x,
1072 5107 1150 5155 23.
1182 5130 1243 5143 -
1279 5104 1303 5139 ⁸
1341 5104 1549 5154 naeth..
1578 5116 1694 5169 vm,
1801 5094 2056 5174 propter
2100 5089 2263 5168 hoc,
2305 5086 2512 5150 multo
2542 5084 2768 5151 melius
2809 5102 3004 5169 quam
3045 5082 3332 5166 Moyses,

186 5179 782 5300 ws-
806 5175 1315 5296 :esses-1:³1
1345 5174 1692 5294 &aas
1799 5201 2006 5282 potest
2029 5196 2237 5261 <neore
2263 5193 2578 5274 christus,
2615 5211 2729 5276 per
2762 5209 2955 5275 quem
2983 5190 3194 5273 erana
3234 5207 3340 5254 w

189 5327 313 5382 xxm,
337 5323 410 5370 33.
432 5262 769 5386 lxtglafaoe,
792 5328 904 5382 nv,
927 5284 1116 5367 2.-'¹¹
1143 5283 1296 5401 sug'„
1317 5278 1378 5400 ἷζε
1399 5316 1556 5368 civit.
1586 5280 1697 5378 υεέζ
1803 5303 2259 5371 conciliationis
2305 5305 2372 5366 et
2414 5301 2650 5365 veritas
2685 5298 3135 5365 incarnationis
3175 5297 3341 5362 facta

190 5385 259 5437 lib.
280 5391 419 5440 xxi!-
441 5418 503 5429 -
531 5392 576 5428 1²
606 5392 755 5441 Hunc
782 5402 894 5440 non
916 5388 1071 5440 habet
1096 5389 1218 5440 edit.
1248 5390 1412 5440 Paris.
1441 5400 1525 5437 an.
1552 5388 1696 5509 152ἐί
1802 5416 1920 5496 est,
1952 5409 2176 5476 illud„
2208 5431 2223 5474 :
2258 5410 2393 5493 Eoo
2419 5409 2668 5476 modim
2696 5409 2800 5490 {ui
2826 5414 2885 5473 εἰ
2907 5410 3221 5491 sequester
3242 5405 3339 5471 in·

192 5485 236 5494 -
255 5461 294 5496 ¹³
319 5463 475 5528 loun„
504 5475 545 5525 ι,
572 5465 654 5513 26.
671 5488 736 5501 -
757 5461 803 5497 ²⁸
826 5460 1030 5523 ephes„
1058 5472 1114 5524 11,
1138 5463 1215 5512 14.
1232 5487 1294 5499 -
1313 5461 1355 5497 ²⁸
1376 5460 1543 5523 Dent,
1565 5468 1618 5522 ν,

242 5541 299 5604 (α)
325 5543 440 5596 cat.
469 5543 596 5595 edit.
626 5542 811 5595 stiam.
1803 5527 1902 5592 ter
1937 5534 2049 5588 vos
2075 5523 2133 5586 et
2158 5519 2377 5586 Deum.
2417 5515 2556 5601 Ipse
2595 5515 2767 5581 enim
2806 5517 2905 5580 est
2937 5509 3340 5600 quasistella
