4059 6317
641 408 764 472 430

640 538 855 606 laude.
870 539 1233 608 Exaltantes
1247 541 1457 623 illum,
1485 540 1890 625 replebimini
1909 540 2148 604 virtute
2166 555 2184 601 :

643 664 727 711 ne
757 647 838 728 (α)
872 646 1170 713 laboretis
1203 670 1219 714 2
1250 669 1386 716 non
1411 650 1583 716 enim
1614 646 2185 731 comprehendetis.

645 752 801 830 Quis
834 755 1076 821 videbit
1122 758 1196 839 (b)
1224 757 1412 822 illum
1434 806 1454 836 ,
1484 761 1547 821 et
1572 755 1900 821 narrabit?
1944 760 2009 818 et
2043 754 2188 836 quis

645 862 1085 943 magnificabit
1112 883 1264 929 eum
1288 865 1452 930 sicut
1478 869 1572 929 est
1598 865 1679 928 ab
1701 863 1929 928 initio?
1955 885 1984 922 ι
2011 860 2189 926 Unde

646 968 954 1034 debemus
982 969 1343 1038 benedicere
1370 978 1430 1038 et
1454 971 1736 1037 exaltare
1774 969 1976 1034 Deum
1996 971 2191 1051 Juxta

648 1074 986 1141 modulum
1028 1082 1268 1143 nostrae
1295 1078 1726 1162 possibilitatis
1765 1077 1843 1141 de
1869 1080 2051 1140 tanto
2077 1075 2190 1139 be·

647 1183 899 1264 neflcio‚
931 1185 1173 1250 scilicet
1209 1186 1289 1252 de
1331 1186 1633 1251 missione
1669 1183 1940 1268 Spiritus
1965 1183 2187 1263 sancti,

650 1291 948 1373 quamvis
999 1292 1209 1374 major
1267 1292 1346 1357 sit
1403 1293 1583 1359 omni
1634 1290 1825 1358 laude
1879 1291 2188 1354 humana.

651 1396 813 1462 Nam
843 1399 934 1463 sic
957 1401 1322 1467 eoealtanles
1359 1400 1560 1466 verbo
1598 1403 1660 1464 et
1686 1417 1896 1482 opere,
1927 1397 2195 1480 replebi-

652 1508 825 1574 mini
850 1509 1088 1575 virtute
1133 1507 1426 1591 Spiritus
1453 1509 1666 1575 sancti
1695 1525 1718 1572 .·
1738 1523 1871 1573 non
1896 1504 2196 1573 laboretis

654 1617 902 1682 curiose
935 1618 1275 1683 scrutando
1307 1620 1452 1699 ejus
1481 1614 1961 1681 inscrutabilem
1988 1614 2194 1697 origi-

653 1742 803 1788 nem
837 1747 852 1790 :
883 1740 1016 1792 non
1054 1726 1228 1792 enim
1266 1724 1830 1807 comprehendetis.
1860 1722 2022 1788 Nam
2052 1741 2191 1787 om-

655 1850 769 1898 nes
796 1832 1158 1916 philosophi
1173 1881 1195 1914 ‚
1239 1833 1418 1915 magi
1464 1835 1529 1896 et
1574 1831 1904 1897 christiani
1952 1830 2199 1896 defece-

654 1945 832 2022 runt,
861 1944 1006 2025 ejus
1032 1945 1389 2006 scrutantes
1430 1941 1750 2023 originem
1797 1939 2103 2004 scrutinio
2129 1937 2196 2002 in

654 2045 778 2110 hoc
802 2045 988 2109 tertio
1021 2044 1232 2126 signo.
1277 2042 1441 2109 Nam
1484 2044 1630 2125 quis
1670 2043 1828 2107 vidit
1874 2061 2058 2119 eum,
2090 2059 2195 2106 oo-

655 2151 1021 2235 gnoscendo
1053 2153 1195 2234 eJus
1228 2151 1550 2233 originem
1601 2148 1889 2213 humana
1927 2147 2199 2213 investi-

655 2259 912 2341 gatione
927 2307 949 2339 ‚
990 2263 1054 2324 et
1078 2258 1436 2338 enarrabit,
1468 2262 1530 2322 et
1557 2256 2002 2339 magnificabit
2045 2274 2199 2321 eum

656 2365 821 2430 sicut
848 2383 886 2429 a
914 2364 1222 2446 principio
1249 2365 1519 2447 penuria
1544 2365 1819 2429 humani
1847 2363 2198 2429 sermonis?

658 2471 836 2537 Certe
877 2471 1098 2535 nullus
1149 2491 1166 2532 ε
1199 2471 1350 2554 quia
1389 2474 1406 2508 ¹
1448 2494 1481 2531 α
1507 2469 1825 2553 Spiritus,
1877 2471 1990 2536 ubi
2033 2471 2194 2552 vult,

658 2578 887 2661 spirat,
918 2581 984 2643 et
1011 2595 1233 2642 vocem
1261 2579 1406 2660 ejus
1433 2578 1655 2657 audis,
1694 2583 1757 2643 et
1783 2578 1989 2644 nescis
2029 2579 2203 2642 unde

658 2687 896 2765 veniat,
924 2689 1038 2750 aut
1062 2702 1191 2767 quo
1218 2686 1432 2751 vadat.
1459 2707 1490 2746 n
1526 2684 1850 2767 Rogemus
1869 2703 2054 2768 ergo,
2078 2690 2198 2752 etc.

739 2920 1110 2997 DOMINIGA
1154 2920 1297 2996 XVI
1339 2920 1527 2996 POST
1570 2919 2128 2996 PENTEGOSTEN.

1066 3090 1354 3162 SERMO
1398 3090 1725 3160 PRIMUS
1752 3094 1799 3160 ⁸.

753 3225 903 3291 Cum
932 3227 1239 3294 intrasset
1267 3228 1343 3293 in
1371 3225 1629 3292 domum
1649 3223 1986 3305 quusdam
2017 3225 2208 3306 prin-

667 3333 836 3416 cipis
862 3334 905 3411 ⁸,
938 3337 1057 3398 etc.
1094 3332 1392 3415 Princeps
1418 3337 1513 3397 est
1548 3332 1872 3410 Christus,
1913 3333 2209 3415 princeps

668 3440 960 3522 angelus,
993 3442 1283 3524 princeps
1311 3442 1505 3505 homo
1523 3488 1544 3516 ,
1573 3440 1868 3521 princeps
1894 3440 2203 3508 diabolus.

748 3548 834 3613 De
865 3550 1073 3631 primo
1113 3549 1400 3631 principe
1426 3548 1448 3583 ⁴
1480 3570 1495 3610 z
1537 3571 1567 3608 α
1591 3547 1822 3613 Factus
1852 3553 1946 3611 est
1971 3548 2206 3630 princi-

676 3659 863 3738 patus
888 3657 1032 3737 ejus
1056 3673 1247 3738 super
1272 3655 1617 3720 humerum
1637 3655 1801 3736 ejus,
1833 3677 1862 3715 »
1889 3659 1952 3719 et
1979 3660 2210 3720 caetera

676 3780 878 3845 usque
905 3783 920 3825 ε
959 3785 992 3823 α
1017 3762 1306 3845 princeps
1335 3763 1526 3844 pacis.
1564 3783 1597 3821 n
1633 3760 1751 3826 Hic
1777 3764 2075 3845 princeps
2095 3763 2214 3826 mi-

673 3869 1032 3934 sericordiae
1076 3869 1143 3931 in
1184 3868 1428 3932 mundo
1457 3869 1527 3931 ⁸:
1569 3891 1601 3930 α
1626 3867 1810 3934 Hunc
1856 3870 2210 3953 principem

672 3975 861 4056 Deus,
909 3981 971 4039 et
997 3975 1397 4045 ,salvatorem
1439 3975 1744 4040 exaltavit
1779 3976 2044 4041 dextera
2089 3995 2210 4042 sua

671 4083 750 4147 ad
766 4083 1038 4147 dandam
1062 4082 1521 4165 poenitentiam‚
1537 4086 1600 4145 et
1618 4083 2057 4148 remissionem
2072 4101 2211 4166 pec·

675 4195 988 4256 catorum.
1022 4212 1053 4248 n
1087 4188 1242 4252 Item
1267 4188 1559 4270 princeps
1573 4189 1843 4269 justitiae
1866 4193 1963 4253 est
1992 4187 2211 4255 Chris-

671 4301 776 4363 tus
805 4295 1140 4378 injudicio
1166 4296 1190 4332 ⁸
1227 4317 1243 4355 ε
1277 4316 1309 4355 α
1340 4292 1498 4358 Cum
1525 4295 1709 4361 vadis
1732 4313 1880 4359 cum
1907 4297 2211 4362 adversa-

673 4406 769 4471 rio
796 4410 908 4470 tuo
934 4404 1013 4468 ad
1049 4401 1400 4485 principem
1441 4402 1512 4466 in
1550 4404 1696 4482 via,
1729 4402 1810 4467 da
1835 4421 2096 4485 operam
2125 4405 2210 4469 li-

673 4511 886 4578 berari
909 4510 989 4574 ab
1017 4508 1147 4586 1110,
1178 4526 1260 4571 ne
1283 4508 1444 4572 forte
1462 4508 1670 4573 tradat
1687 4513 1749 4573 te
1766 4509 1989 4591 judici,
2019 4533 2051 4571 ι»
2086 4491 2206 4576 eid.

673 4619 753 4685 Et
775 4620 1066 4703 princeps
1111 4621 1209 4680 est
1243 4617 1450 4696 judex
1474 4617 1497 4652 ⁷
1529 4637 1544 4679 ε
1590 4639 1621 4679 α
1652 4617 1811 4681 Cum
1845 4619 2212 4702 apparuerit

673 4727 968 4810 princeps
995 4726 1351 4806 pastorum,
1385 4723 1741 4806 percipietis
1784 4725 2214 4790 immarcessi-

674 4833 868 4898 bilem
899 4830 1123 4915 gloriae
1151 4847 1480 4894 coronam.
1497 4852 1526 4890 n
1550 4828 1713 4895 Nota
1728 4833 2014 4915 quodhic
2025 4852 2211 4898 exac-

645 5027 652 5030 „
675 4947 798 5020 tor,
826 4943 894 5006 in
922 4938 1223 5006 Matthaeo
1251 4936 1274 4972 ⁸
1293 4937 1620 5017 minister;
1650 4944 1714 5003 et
1739 4940 1914 5022 quod
1946 4940 2053 5005 hic
2083 4943 2211 5009 mi-

674 5054 927 5128 nutum,
956 5046 1044 5112 ibi
1071 5043 1404 5128 quadrans
1430 5043 1680 5110 dicitur.
1710 5045 1800 5111 De
1823 5047 1927 5111 his
1951 5049 2217 5132 require

740 5175 756 5210 ¹
783 5176 1062 5235 loan.,111,
1080 5173 1128 5222 8.
1147 5196 1210 5209 -
1233 5170 1256 5204 ¹
1285 5170 1432 5220 Hunc
1453 5173 1504 5220 et
1529 5169 1658 5222 duos
1684 5185 1796 5237 seq.
1822 5171 1980 5224 habet
2010 5186 2217 5239 quoque

678 5246 801 5297 edit.
829 5245 987 5297 Paris.
1019 5255 1103 5294 an.
1141 5244 1278 5293 ¹521.
1314 5267 1377 5279 —
1410 5240 1430 5271 ⁸
1456 5242 1592 5298 Luc..
1625 5254 1733 5307 xlv,
1775 5249 1821 5294 ι.
1847 5271 1910 5281 -
1940 5244 1958 5274 ⁴
1988 5241 2215 5309 Isa.‚'1x,

678 5321 728 5370 ο.
756 5343 818 5357 -
848 5319 871 5354 ⁸
897 5317 1033 5381 Act,
1057 5327 1111 5378 v,
1138 5315 1217 5365 3¹.
1251 5338 1304 5349 -
1336 5314 1356 5343 ⁸
1378 5313 1513 5377 Luc„
1541 5325 1639 5378 111,
1667 5317 1745 5366 58.
1779 5339 1832 5352 -
1867 5317 1891 5353 ‘¹
1919 5316 1934 5365 Ι
1966 5317 2127 5377 Ρετν..
2162 5331 2216 5380 v,

681 5390 727 5441 4.
755 5416 811 5427 —
838 5389 862 5425 ⁸
887 5387 1088 5452 Mami„
1117 5396 1168 5451 ν,
1197 5387 1274 5437 25.
1294 5409 1357 5424 ·—
1382 5384 1404 5420 ⁸
1427 5384 1544 5437 vid.
1576 5384 1734 5451 infra,
1764 5386 1909 5438 Dom.
1937 5398 2071 5452 xxa,
2097 5393 2220 5453 post

1736 397 2157 496 sanniones
2198 400 2301 469 nn
2339 400 2737 471 murone.

2302 538 2373 603 in
2406 558 2699 605 sermone
2721 590 2738 619 ‚
2782 540 3053 608 Reddite
3077 543 3122 618 ⁹,
3156 542 3224 607 in
3250 546 3475 626 quarto
3518 540 3822 605 membro.

2298 645 2456 711 Item
2485 648 2776 731 princeps
2802 647 3027 729 gloriae
3059 650 3126 712 in
3155 649 3315 715 coelo
3341 651 3364 685 ⁸
3394 668 3412 713 ε
3453 671 3484 709 ι
3520 648 3705 712 Pater
3728 648 3826 711 fu-

2297 755 2426 817 turi
2453 755 2670 820 saeculi
2688 803 2708 836 ‚
2748 756 3040 839 princeps
3077 757 3271 839 pacis.
3301 779 3333 818 a
3366 756 3610 821 Revera
3636 755 3703 818 in
3728 755 3827 818 fu·

2299 865 2445 925 turo
2462 864 2711 954 ‘saeculo
2751 883 3009 929 summa
3050 884 3177 948 pax
3215 869 3346 946 est,
3385 865 3510 930 sub
3552 863 3826 947 principe

2301 967 2569 1035 Christo.

2380 1075 2468 1141 De
2482 1077 2760 1143 secundo
2779 1077 2825 1115 ¹⁰
2850 1099 2865 1141 :
2889 1099 2922 1139 «ι
2936 1076 3096 1142 Ecce
3106 1076 3371 1143 Michael
3385 1093 3558 1142 unus
3570 1074 3651 1141 de
3664 1073 3831 1158 prin·

2300 1180 2547 1264 cipibus
2574 1183 2751 1247 venit
2789 1184 2860 1248 in
2899 1183 3293 1266 adjutorium
3342 1200 3581 1248 meum.
3615 1203 3644 1240 ι
3684 1179 3831 1245 Isto·

2300 1307 2452 1354 rum
2475 1290 2839 1374 principum
2864 1339 2883 1371 ‚
2923 1290 3161 1354 scilicet
3193 1289 3613 1371 angelorum,
3642 1286 3831 1352 habe-

2304 1413 2451 1461 mus
2481 1397 2987 1462 ministeriumin
3015 1397 3231 1461 exilio.
3255 1396 3435 1462 Unde
3447 1394 3682 1478 angelo
3700 1411 3836 1459 eva-

2307 1503 2608 1585 ginatum
2636 1505 2875 1570 tenenti
2895 1504 3185 1587 gladium
3209 1504 3442 1569 dicitur
3461 1506 3505 1547 ¹¹
3529 1527 3544 1567 z
3576 1524 3608 1564 ι
3625 1500 3839 1566 Noster

2304 1629 2395 1689 es,
2434 1629 2520 1675 an
2544 1611 3061 1677 adversariorum
3080 1612 3112 1675 ’ἲ
3154 1610 3277 1688 Qui
3301 1610 3629 1694 respoudit
3669 1632 3685 1674 ε
3725 1608 3835 1674 Ne-

2305 1737 2629 1802 quaquam
2647 1767 2669 1800 ,
2699 1719 2810 1784 sed
2843 1738 2989 1783 sum
3026 1720 3316 1802 princeps
3358 1718 3681 1783 exercitus
3726 1716 3837 1781 Do-

2306 1827 2538 1891 mini.»
2564 1827 2723 1892 Item
2748 1826 3189 1892 testimonium
3214 1826 3537 1909 injudicio
3553 1826 3600 1864 ²²
3635 1849 3651 1890 ε
3683 1849 3716 1888 α
3736 1825 3840 1890 Do-

2306 1933 2520 1998 minus
2546 1935 2624 1999 ad
2659 1934 2976 2017 judicium
3017 1935 3196 2000 venit
3246 1953 3397 2000 cum
3453 1935 3841 2000 senatoribus

2306 2041 2529 2124 populi
2555 2043 2679 2122 sui,
2699 2063 2730 2102 ι
2766 2041 2831 2106 id
2857 2046 2974 2121 est,
3006 2061 3155 2107 cum
3184 2042 3504 2123 apostolis,
3534 2064 3567 2103 α
3594 2046 3657 2106 et
3685 2041 3843 2125 prin·

2307 2147 2556 2230 cipibus
2582 2150 2727 2231 ejus
2758 2169 2789 2208 ι
2824 2148 3100 2231 angelis,
3145 2149 3260 2232 qui
3287 2153 3478 2214 erunt
3502 2153 3697 2213 testes
3718 2148 3838 2211 hu-

2308 2272 2652 2319 manorum
2678 2259 2937 2320 actuum
2963 2304 2981 2333 ‚
3013 2257 3183 2321 sicut
3219 2256 3371 2321 dicit
3398 2256 3617 2321 Glossa
3657 2271 3843 2338 super

2308 2361 2469 2426 illud
2482 2362 2527 2400 ¹⁸
2549 2381 2569 2425 ε
2592 2363 2747 2430 Cum
2778 2362 3268 2431 venerantius
3297 2363 3579 2431 hominis
3608 2365 3684 2428 in
3706 2378 3844 2427 ma-

2299 2468 2533 2552 §estate
2564 2487 2710 2551 sua,
2754 2478 2818 2539 et
2861 2487 3077 2538 omnes
3116 2472 3338 2555 angeli
3380 2487 3526 2537 cum
3554 2485 3646 2537 eo.
3690 2468 3845 2532 Item

2308 2578 2697 2643 consortium
2733 2577 2804 2642 in
2844 2596 3052 2661 regno
3087 2581 3177 2643 ¹⁸:
3216 2601 3247 2640 ι
3271 2577 3549 2643 Suscitat
3578 2576 3658 2641 de
3700 2575 3845 2658 pul·-

2310 2703 2464 2751 vere
2488 2703 2771 2767 egenum
2791 2733 2808 2766 ,
2841 2689 2906 2751 et
2949 2686 3027 2752 de
3061 2691 3336 2751 stercore
3374 2684 3580 2750 elevat
3607 2700 3844 2767 paupe·

2310 2809 2472 2872 rem,
2503 2796 2580 2857 ut
2604 2791 2818 2857 sedeat
2843 2810 2993 2857 cum
3029 2791 3430 2876 principibus
3451 2840 3468 2872 ‚
3516 2793 3582 2856 et
3620 2790 3846 2855 solium

2313 2897 2540 2979 gloriae
2566 2904 2800 2965 teneat.
2829 2922 2860 2961 n
2897 2899 2970 2964 In
3001 2904 3279 2965 stercore
3316 2899 3524 2965 solent
3546 2916 3682 2963 eme
3701 2915 3842 2962 ver-

2313 3022 2472 3069 mes.
2504 3004 2553 3071 0
2577 3012 2819 3088 quanta
2844 3008 3076 3090 gratia,
3104 3007 3277 3092 quod
3306 3005 3471 3071 Deus
3500 3009 3846 3070 stercorum

2314 3131 2569 3178 vermes
2603 3114 2934 3180 collocabit
2959 3116 3027 3179 in
3054 3115 3230 3178 soliis
3266 3114 3667 3198 principum!
3701 3111 3849 3178 Ber·

2314 3222 2555 3286 nardus
2583 3223 2629 3262 ¹⁸
2662 3246 2676 3286 :
2718 3246 2750 3286 α
2776 3223 3003 3290 Nonne
3046 3224 3126 3289 de
3165 3221 3533 3288 vermiculis
3556 3221 3746 3300 estis,
3794 3225 3856 3284 et

2314 3327 2394 3392 de
2421 3329 2685 3411 pulvere
2713 3331 2834 3395 isto
2864 3332 3202 3396 restaurati
3227 3333 3379 3394 sunt
3409 3329 3583 3393 muri
3608 3328 3642 3394 J
3647 3345 3856 3392 cruea-

2319 3435 2490 3500 lem?
2526 3458 2557 3495 n
2608 3436 3132 3502 Familiaritatem
3175 3435 3541 3521 principum
3588 3435 3852 3499 istorum

2318 3544 2720 3626 assequimur
2745 3564 2858 3632 per
2885 3563 3154 3610 munera
3179 3544 3544 3609 orationum
3567 3591 3585 3620 ‚
3616 3548 3680 3607 et
3706 3561 3851 3626 ope-

2318 3669 2470 3715 rum
2512 3651 2831 3716 bonorum
2861 3652 2909 3694 ¹⁸
2945 3675 2960 3716 :
2999 3674 3032 3714 α
3051 3650 3302 3716 Donum
3329 3649 3611 3715 hominis
3642 3650 3857 3715 diiatat

2320 3758 2496 3825 viam
2524 3760 2693 3839 ejus,
2717 3767 2779 3823 et
2804 3763 2953 3823 ante
2987 3758 3304 3841 principes
3348 3756 3629 3840 spatium
3665 3758 3725 3821 ei
3768 3758 3857 3821 fa-

2317 3864 2424 3930 cit.
2455 3887 2487 3926 n

2398 3972 2487 4036 De
2517 3961 2737 4050 tertios,
2762 3970 3056 4037 Psalmus
3082 3973 3128 4014 ¹⁷
3162 3993 3177 4035 :
3207 3994 3239 4032 α
3262 3970 3578 4055 Reprobat
3603 3970 3859 4037 consilia

2324 4078 2713 4166 principum.
2751 4101 2784 4139 ιι
2818 4077 3145 4162 Principes
3180 4079 3255 4142 in
3290 4076 3637 4161 Scripturis
3678 4077 3857 4159 large
3974 4109 3981 4120 =

2324 4185 2628 4250 dicuntur
2654 4188 2982 4268 praetores,
3012 4187 3337 4271 etjudices
3355 4186 3686 4270 praepositi
3712 4185 3857 4251 alio-

2320 4313 2504 4374 rum,
2555 4294 2720 4359 sicut
2762 4292 2997 4378 Joseph
3021 4343 3038 4374 ‚
3094 4296 3174 4362 de
3231 4313 3361 4378 quo
3411 4292 3706 4361 Psalmus
3752 4291 3796 4329 ¹⁸
3839 4313 3856 4356 ε

2333 4425 2365 4464 α
2392 4397 2728 4468 Constituit
2751 4420 2902 4468 eum
2931 4403 3289 4482 dominum,
3318 4422 3349 4461 ι
3379 4404 3499 4467 etc.
3542 4400 3857 4484 Reproba-

2329 4512 2440 4574 tur
2466 4513 2685 4574 autem
2712 4509 2781 4573 in
2805 4509 3201 4593 principibus
3235 4527 3366 4573 non
3401 4508 3612 4574 solum
3641 4508 3859 4591 nequi·

2332 4616 2421 4680 tia
2447 4615 2853 4680 consiliorum
2871 4663 2889 4691 ‚
2913 4616 3023 4680 sed
3049 4615 3242 4680 etiam
3282 4615 3619 4697 injustitia,
3649 4619 3713 4680 et
3735 4615 3864 4679 offl-

2328 4723 2412 4788 cii
2440 4722 2870 4804 negligentia.
2901 4721 3109 4798 Unde,
3138 4740 3288 4786 cum
3326 4723 3607 4806 populus
3625 4741 3864 4805 peccas-

2328 4834 2445 4910 set,
2464 4831 2671 4896 iratus
2691 4835 2786 4895 est
2800 4829 3105 4895 Dominus
3114 4829 3525 4914 principibus,
3543 4829 3757 4895 dicens
3778 4830 3823 4865 ¹⁹
3842 4851 3857 4892 :

2339 4961 2371 5001 α
2401 4937 2579 5004 Tolle
2598 4945 2857 5004 cunctos
2874 4938 3195 5022 principes
3212 4936 3449 5021 populi,
3471 4941 3537 5001 et
3553 4935 3863 5019 smpendu

2331 5085 2499 5147 rent„
2532 5097 2688 5134 serm.
2726 5095 2811 5134 m.
2840 5109 2899 5120 —
2940 5081 2977 5120 ’θ
3003 5081 3154 5144 Dm„
3195 5091 3258 5145 x,
3289 5083 3367 5132 13.
3401 5107 3457 5119 -—
3494 5084 3529 5118 11
3555 5083 3681 5144 los„
3710 5093 3757 5146 v,
3789 5085 3860 5133 Η.

2327 5181 2392 5194 -
2423 5155 2463 5191 ¹²
2492 5155 2611 5220 Iso„
2641 5167 2718 5219 m,
2751 5156 2825 5206 14.
2856 5180 2917 5191 —
2949 5154 2994 5190 ¹⁸
3019 5153 3225 5217 Manli„
3252 5164 3377 5216 xxv,
3404 5156 3487 5204 3¹.
3519 5179 3581 5192 —
3612 5154 3650 5190 ¹⁴
3684 5155 3699 5203 Ι
3731 5155 3863 5218 neq„

2328 5239 2400 5291 n,
2429 5229 2478 5291 7,
2506 5229 2552 5278 8.
2583 5252 2648 5264 —
2680 5227 2719 5263 ¹⁸
2741 5228 2893 5279 Bern.
2919 5252 2985 5266 -
3017 5226 3061 5261 ¹⁸
3080 5227 3250 5286 Prov„
3275 5236 3435 5286 xvm,
3466 5228 3542 5278 16.
3570 5252 3635 5264 —
3662 5224 3702 5261 ¹²
3729 5224 3864 5277 Pal.

2330 5309 2499 5361 xxxu,
2534 5300 2615 5348 1⁰.
2637 5323 2701 5337 —
2731 5296 2772 5333 ¹⁸
2798 5297 2930 5351 Psat.
2961 5308 3065 5361 mv,
3093 5297 3174 5347 21.
3203 5322 3265 5336 -
3289 5296 3334 5332 ¹⁹
3356 5295 3528 5358 Num„
3556 5306 3684 5361 xxv,
3712 5299 3758 5349 4.

2395 5386 2466 5451 (α)
2497 5387 2621 5439 Coet.
2647 5387 2768 5439 edit.
2798 5389 2913 5439 Non
2940 5387 3098 5438 enim.
3128 5413 3189 5424 —
3217 5384 3287 5449 (ὁ)
3315 5387 3437 5437 Item
3466 5385 3611 5437 vidit.
