<?xml version="1.0" encoding="UTF-8"?>
<!DOCTYPE html PUBLIC "-//W3C//DTD XHTML 1.0 Transitional//EN"
    "http://www.w3.org/TR/xhtml1/DTD/xhtml1-transitional.dtd">
<html xmlns="http://www.w3.org/1999/xhtml" xml:lang="en" lang="en">
 <head>
  <title>
</title>
<meta http-equiv="Content-Type" content="text/html;charset=utf-8" />
  <meta name='ocr-system' content='tesseract 3.04.00' />
  <meta name='ocr-capabilities' content='ocr_page ocr_carea ocr_par ocr_line ocrx_word'/>
</head>
<body>
  <div class='ocr_page' id='page_1' title='image "./srecardinalissb02peltgoog_0221.png"; bbox 0 0 4059 6317; ppageno 0'>
   <div class='ocr_carea' id='block_1_1' title="bbox 61 5212 842 5277">
    <p class='ocr_par' dir='ltr' id='par_1_1' title="bbox 61 5212 842 5277">
     <span class='ocr_line' id='line_1_1' title="bbox 61 5212 842 5277; baseline 0.006 -21"><span class='ocrx_word' id='word_1_1' title='bbox 61 5215 66 5219; x_wconf 84' lang='grc'>’</span> <span class='ocrx_word' id='word_1_2' title='bbox 183 5212 359 5259; x_wconf 81' lang='grc'><strong>18.-1</strong></span> <span class='ocrx_word' id='word_1_3' title='bbox 381 5213 547 5277; x_wconf 64' lang='lat' dir='ltr'><strong>Emod„</strong></span> <span class='ocrx_word' id='word_1_4' title='bbox 579 5214 842 5275; x_wconf 79' lang='lat' dir='ltr'><strong>xv,27.-</strong></span> 
     </span>
    </p>
   </div>
   <div class='ocr_carea' id='block_1_2' title="bbox 854 432 3322 510">
    <p class='ocr_par' dir='ltr' id='par_1_2' title="bbox 854 432 3322 510">
     <span class='ocr_line' id='line_1_2' title="bbox 854 432 3322 510; baseline -0.002 0"><span class='ocrx_word' id='word_1_5' title='bbox 854 438 1234 510; x_wconf 78' lang='lat' dir='ltr'>DOMINICA</span> <span class='ocrx_word' id='word_1_6' title='bbox 1276 439 1357 505; x_wconf 85' lang='grc' dir='ltr'><strong>ΙΝ</strong></span> <span class='ocrx_word' id='word_1_7' title='bbox 1403 432 1645 505; x_wconf 77' lang='lat' dir='ltr'><strong>RAMtS</strong></span> <span class='ocrx_word' id='word_1_8' title='bbox 1689 432 2161 507; x_wconf 71' lang='lat' dir='ltr'><strong>PALMARUM.</strong></span> <span class='ocrx_word' id='word_1_9' title='bbox 2208 438 2475 508; x_wconf 80' lang='lat' dir='ltr'><strong>SERMO</strong></span> <span class='ocrx_word' id='word_1_10' title='bbox 2516 436 2621 505; x_wconf 83' lang='lat' dir='ltr'><strong>IV.</strong></span> <span class='ocrx_word' id='word_1_11' title='bbox 3213 434 3322 506; x_wconf 67' lang='lat'><strong>494</strong></span> 
     </span>
    </p>
   </div>
   <div class='ocr_carea' id='block_1_3' title="bbox 194 574 1683 984">
    <p class='ocr_par' dir='ltr' id='par_1_3' title="bbox 194 574 1683 984">
     <span class='ocr_line' id='line_1_3' title="bbox 204 574 1679 646; baseline -0.005 0"><span class='ocrx_word' id='word_1_12' title='bbox 204 596 399 646; x_wconf 82' lang='lat' dir='ltr'><strong>sessore</strong></span> <span class='ocrx_word' id='word_1_13' title='bbox 421 595 530 644; x_wconf 83' lang='lat' dir='ltr'><strong>suo</strong></span> <span class='ocrx_word' id='word_1_14' title='bbox 555 577 810 645; x_wconf 89' lang='lat' dir='ltr'><strong>diabolo</strong></span> <span class='ocrx_word' id='word_1_15' title='bbox 843 598 1016 645; x_wconf 88' lang='lat' dir='ltr'><strong>nunc</strong></span> <span class='ocrx_word' id='word_1_16' title='bbox 1053 578 1133 643; x_wconf 90' lang='lat' dir='ltr'><strong>de</strong></span> <span class='ocrx_word' id='word_1_17' title='bbox 1163 576 1325 644; x_wconf 84' lang='lat' dir='ltr'><strong>vitio</strong></span> <span class='ocrx_word' id='word_1_18' title='bbox 1349 575 1421 639; x_wconf 93' lang='lat' dir='ltr'><strong>in</strong></span> <span class='ocrx_word' id='word_1_19' title='bbox 1446 574 1679 640; x_wconf 85' lang='lat' dir='ltr'><strong>vitium</strong></span> 
     </span>
     <span class='ocr_line' id='line_1_4' title="bbox 198 686 1678 769; baseline -0.007 -13"><span class='ocrx_word' id='word_1_20' title='bbox 198 690 546 767; x_wconf 86' lang='lat' dir='ltr'><strong>cursitantes,</strong></span> <span class='ocrx_word' id='word_1_21' title='bbox 583 686 655 751; x_wconf 92' lang='lat' dir='ltr'><strong>in</strong></span> <span class='ocrx_word' id='word_1_22' title='bbox 700 687 1088 769; x_wconf 79' lang='lat' dir='ltr'><strong>profundum</strong></span> <span class='ocrx_word' id='word_1_23' title='bbox 1118 702 1454 768; x_wconf 86' lang='lat' dir='ltr'><strong>poenarum</strong></span> <span class='ocrx_word' id='word_1_24' title='bbox 1509 699 1678 746; x_wconf 86' lang='lat' dir='ltr'><strong>mer·</strong></span> 
     </span>
     <span class='ocr_line' id='line_1_5' title="bbox 195 789 1683 878; baseline -0.005 -18"><span class='ocrx_word' id='word_1_25' title='bbox 195 799 389 878; x_wconf 77' lang='lat' dir='ltr'><strong>gantur</strong></span> <span class='ocrx_word' id='word_1_26' title='bbox 407 797 425 832; x_wconf 89' lang='lat'><strong>¹</strong></span> <span class='ocrx_word' id='word_1_27' title='bbox 458 816 472 859; x_wconf 79' lang='lat' dir='ltr'><strong><em>z</em></strong></span> <span class='ocrx_word' id='word_1_28' title='bbox 509 817 542 853; x_wconf 73' lang='lat' dir='ltr'><strong>a</strong></span> <span class='ocrx_word' id='word_1_29' title='bbox 566 793 825 877; x_wconf 76' lang='lat' dir='ltr'><strong>Equum</strong></span> <span class='ocrx_word' id='word_1_30' title='bbox 873 797 940 858; x_wconf 87' lang='lat' dir='ltr'><strong>et</strong></span> <span class='ocrx_word' id='word_1_31' title='bbox 979 810 1380 859; x_wconf 77' lang='lat' dir='ltr'>ascensorem</span> <span class='ocrx_word' id='word_1_32' title='bbox 1418 789 1683 873; x_wconf 83' lang='lat' dir='ltr'><strong>projecit</strong></span> 
     </span>
     <span class='ocr_line' id='line_1_6' title="bbox 194 905 644 984; baseline 0 -18"><span class='ocrx_word' id='word_1_33' title='bbox 194 905 245 967; x_wconf 87' lang='lat' dir='ltr'><strong>in</strong></span> <span class='ocrx_word' id='word_1_34' title='bbox 265 921 432 984; x_wconf 84' lang='lat' dir='ltr'><strong>mare,</strong></span> <span class='ocrx_word' id='word_1_35' title='bbox 460 924 488 962; x_wconf 79' lang='lat' dir='ltr'>n</span> <span class='ocrx_word' id='word_1_36' title='bbox 524 905 644 968; x_wconf 78' lang='lat' dir='ltr'><strong>etc.</strong></span> 
     </span>
    </p>
   </div>
   <div class='ocr_carea' id='block_1_4' title="bbox 677 1076 1133 1149">
    <p class='ocr_par' dir='ltr' id='par_1_4' title="bbox 677 1076 1133 1149">
     <span class='ocr_line' id='line_1_7' title="bbox 677 1076 1133 1149; baseline -0.002 0"><span class='ocrx_word' id='word_1_37' title='bbox 677 1078 968 1149; x_wconf 86' lang='lat' dir='ltr'><strong>SERMO</strong></span> <span class='ocrx_word' id='word_1_38' title='bbox 1013 1076 1133 1149; x_wconf 83' lang='lat' dir='ltr'><strong>IV.</strong></span> 
     </span>
    </p>
   </div>
   <div class='ocr_carea' id='block_1_5' title="bbox 180 1219 1692 5347">
    <p class='ocr_par' dir='ltr' id='par_1_5' title="bbox 186 1219 1687 3008">
     <span class='ocr_line' id='line_1_8' title="bbox 257 1219 1681 1306; baseline -0.003 -17"><span class='ocrx_word' id='word_1_39' title='bbox 257 1224 439 1289; x_wconf 73' lang='lat' dir='ltr'><strong>Ita-ba</strong></span> <span class='ocrx_word' id='word_1_40' title='bbox 476 1222 681 1290; x_wconf 75' lang='lat' dir='ltr'><strong>multa</strong></span> <span class='ocrx_word' id='word_1_41' title='bbox 700 1270 720 1301; x_wconf 89' lang='lat'>‚</span> <span class='ocrx_word' id='word_1_42' title='bbox 765 1240 909 1306; x_wconf 69' lang='lat' dir='ltr'><em>‹1²⁴oe</em></span> <span class='ocrx_word' id='word_1_43' title='bbox 942 1224 1315 1290; x_wconf 76' lang='lat' dir='ltr'><strong>convenerat</strong></span> <span class='ocrx_word' id='word_1_44' title='bbox 1359 1219 1451 1286; x_wconf 79' lang='lat' dir='ltr'><strong>ad</strong></span> <span class='ocrx_word' id='word_1_45' title='bbox 1507 1219 1681 1286; x_wconf 78' lang='lat' dir='ltr'><strong>diem</strong></span> 
     </span>
     <span class='ocr_line' id='line_1_9' title="bbox 195 1327 1684 1413; baseline -0.001 -18"><span class='ocrx_word' id='word_1_46' title='bbox 195 1332 410 1413; x_wconf 75' lang='lat' dir='ltr'><strong>testum,</strong></span> <span class='ocrx_word' id='word_1_47' title='bbox 440 1348 581 1397; x_wconf 82' lang='lat' dir='ltr'><strong>cum</strong></span> <span class='ocrx_word' id='word_1_48' title='bbox 608 1329 936 1409; x_wconf 77' lang='lat' dir='ltr'><strong><em>audisset,</em></strong></span> <span class='ocrx_word' id='word_1_49' title='bbox 965 1331 1125 1412; x_wconf 79' lang='lat' dir='ltr'><strong>quia</strong></span> <span class='ocrx_word' id='word_1_50' title='bbox 1157 1329 1338 1395; x_wconf 75' lang='lat' dir='ltr'><strong>Iesus</strong></span> <span class='ocrx_word' id='word_1_51' title='bbox 1375 1329 1552 1395; x_wconf 77' lang='lat' dir='ltr'><strong>venit</strong></span> <span class='ocrx_word' id='word_1_52' title='bbox 1577 1327 1684 1393; x_wconf 82' lang='lat' dir='ltr'><strong>Je-</strong></span> 
     </span>
     <span class='ocr_line' id='line_1_10' title="bbox 191 1435 1683 1520; baseline -0.001 -18"><span class='ocrx_word' id='word_1_53' title='bbox 191 1438 540 1520; x_wconf 71' lang='lat' dir='ltr'><strong>rosolymam,</strong></span> <span class='ocrx_word' id='word_1_54' title='bbox 570 1442 949 1520; x_wconf 68' lang='lat' dir='ltr'><strong>acceperunt</strong></span> <span class='ocrx_word' id='word_1_55' title='bbox 974 1452 1188 1503; x_wconf 81' lang='lat' dir='ltr'><strong>ramos</strong></span> <span class='ocrx_word' id='word_1_56' title='bbox 1210 1435 1597 1519; x_wconf 74' lang='lat' dir='ltr'><strong>palmarum,</strong></span> <span class='ocrx_word' id='word_1_57' title='bbox 1625 1440 1683 1501; x_wconf 79' lang='lat' dir='ltr'><strong>et</strong></span> 
     </span>
     <span class='ocr_line' id='line_1_11' title="bbox 191 1541 1686 1627; baseline -0.005 -15"><span class='ocrx_word' id='word_1_58' title='bbox 191 1549 569 1625; x_wconf 69' lang='lat' dir='ltr'><strong>processerunt</strong></span> <span class='ocrx_word' id='word_1_59' title='bbox 595 1548 659 1611; x_wconf 76' lang='lat' dir='ltr'><strong>ei</strong></span> <span class='ocrx_word' id='word_1_60' title='bbox 685 1552 731 1624; x_wconf 79' lang='lat'><strong>²,</strong></span> <span class='ocrx_word' id='word_1_61' title='bbox 762 1549 880 1609; x_wconf 85' lang='lat' dir='ltr'><strong>etc.</strong></span> <span class='ocrx_word' id='word_1_62' title='bbox 915 1544 1035 1609; x_wconf 89' lang='lat' dir='ltr'><strong>Per</strong></span> <span class='ocrx_word' id='word_1_63' title='bbox 1051 1542 1330 1627; x_wconf 90' lang='lat' dir='ltr'><strong>palmam</strong></span> <span class='ocrx_word' id='word_1_64' title='bbox 1360 1541 1686 1623; x_wconf 83' lang='lat' dir='ltr'><strong>significa-</strong></span> 
     </span>
     <span class='ocr_line' id='line_1_12' title="bbox 190 1650 1679 1734; baseline -0.001 -21"><span class='ocrx_word' id='word_1_65' title='bbox 190 1657 273 1714; x_wconf 87' lang='lat' dir='ltr'><strong>tur</strong></span> <span class='ocrx_word' id='word_1_66' title='bbox 302 1651 547 1716; x_wconf 85' lang='lat' dir='ltr'><strong>victoria</strong></span> <span class='ocrx_word' id='word_1_67' title='bbox 581 1672 596 1716; x_wconf 75' lang='grc' dir='ltr'>ε</span> <span class='ocrx_word' id='word_1_68' title='bbox 626 1651 842 1734; x_wconf 89' lang='lat' dir='ltr'><strong>palma</strong></span> <span class='ocrx_word' id='word_1_69' title='bbox 883 1651 1057 1715; x_wconf 91' lang='lat' dir='ltr'><strong>enim</strong></span> <span class='ocrx_word' id='word_1_70' title='bbox 1102 1650 1374 1714; x_wconf 88' lang='lat' dir='ltr'><strong>victores</strong></span> <span class='ocrx_word' id='word_1_71' title='bbox 1416 1665 1679 1712; x_wconf 88' lang='lat' dir='ltr'><strong>corona-</strong></span> 
     </span>
     <span class='ocr_line' id='line_1_13' title="bbox 189 1754 1686 1841; baseline -0.003 -19"><span class='ocrx_word' id='word_1_72' title='bbox 189 1756 400 1824; x_wconf 80' lang='lat' dir='ltr'><strong>bantur.</strong></span> <span class='ocrx_word' id='word_1_73' title='bbox 436 1757 556 1823; x_wconf 91' lang='lat' dir='ltr'><strong>Per</strong></span> <span class='ocrx_word' id='word_1_74' title='bbox 598 1757 879 1841; x_wconf 87' lang='lat' dir='ltr'><strong>palmam</strong></span> <span class='ocrx_word' id='word_1_75' title='bbox 927 1775 1090 1839; x_wconf 89' lang='lat' dir='ltr'><strong>ergo</strong></span> <span class='ocrx_word' id='word_1_76' title='bbox 1142 1757 1224 1839; x_wconf 88' lang='lat' dir='ltr'><strong>(a)</strong></span> <span class='ocrx_word' id='word_1_77' title='bbox 1284 1754 1686 1838; x_wconf 85' lang='lat' dir='ltr'><strong>significatur</strong></span> 
     </span>
     <span class='ocr_line' id='line_1_14' title="bbox 187 1863 1680 1948; baseline -0.003 -19"><span class='ocrx_word' id='word_1_78' title='bbox 187 1867 604 1946; x_wconf 81' lang='lat' dir='ltr'><strong>perseverantia</strong></span> <span class='ocrx_word' id='word_1_79' title='bbox 634 1885 653 1930; x_wconf 73' lang='grc' dir='ltr'><strong><em>ε</em></strong></span> <span class='ocrx_word' id='word_1_80' title='bbox 684 1866 900 1948; x_wconf 83' lang='lat' dir='ltr'><strong>palma</strong></span> <span class='ocrx_word' id='word_1_81' title='bbox 926 1866 1101 1930; x_wconf 91' lang='lat' dir='ltr'><strong>enim</strong></span> <span class='ocrx_word' id='word_1_82' title='bbox 1136 1863 1489 1928; x_wconf 86' lang='lat' dir='ltr'><strong>diutissime</strong></span> <span class='ocrx_word' id='word_1_83' title='bbox 1535 1881 1680 1946; x_wconf 90' lang='lat' dir='ltr'><strong>per-</strong></span> 
     </span>
     <span class='ocr_line' id='line_1_15' title="bbox 186 1967 1682 2052; baseline 0.002 -21"><span class='ocrx_word' id='word_1_84' title='bbox 186 1976 411 2052; x_wconf 82' lang='lat' dir='ltr'><strong>severat,</strong></span> <span class='ocrx_word' id='word_1_85' title='bbox 437 1977 512 2037; x_wconf 87' lang='lat' dir='ltr'><strong>nt</strong></span> <span class='ocrx_word' id='word_1_86' title='bbox 541 1973 800 2036; x_wconf 88' lang='lat' dir='ltr'><strong>tandem</strong></span> <span class='ocrx_word' id='word_1_87' title='bbox 839 1972 1122 2035; x_wconf 83' lang='lat' dir='ltr'><strong>fructum</strong></span> <span class='ocrx_word' id='word_1_88' title='bbox 1157 1970 1387 2034; x_wconf 83' lang='lat' dir='ltr'><strong>habeat</strong></span> <span class='ocrx_word' id='word_1_89' title='bbox 1412 1969 1435 2005; x_wconf 82' lang='lat'><strong>⁸</strong></span> <span class='ocrx_word' id='word_1_90' title='bbox 1465 1991 1480 2033; x_wconf 75' lang='grc' dir='ltr'>ε</span> <span class='ocrx_word' id='word_1_91' title='bbox 1524 1992 1554 2029; x_wconf 79' lang='grc' dir='ltr'><strong>α</strong></span> <span class='ocrx_word' id='word_1_92' title='bbox 1582 1967 1682 2034; x_wconf 91' lang='lat' dir='ltr'><strong>Si-</strong></span> 
     </span>
     <span class='ocr_line' id='line_1_16' title="bbox 187 2076 1684 2164; baseline -0.002 -21"><span class='ocrx_word' id='word_1_93' title='bbox 187 2084 272 2143; x_wconf 84' lang='lat' dir='ltr'><strong>cut</strong></span> <span class='ocrx_word' id='word_1_94' title='bbox 290 2081 480 2162; x_wconf 85' lang='lat' dir='ltr'><strong>palma</strong></span> <span class='ocrx_word' id='word_1_95' title='bbox 514 2079 948 2164; x_wconf 79' lang='lat' dir='ltr'>multiplicabo</span> <span class='ocrx_word' id='word_1_96' title='bbox 985 2077 1144 2142; x_wconf 90' lang='lat' dir='ltr'><strong>dies.</strong></span> <span class='ocrx_word' id='word_1_97' title='bbox 1175 2098 1207 2136; x_wconf 76' lang='grc' dir='ltr'><strong>ι)</strong></span> <span class='ocrx_word' id='word_1_98' title='bbox 1246 2076 1427 2140; x_wconf 86' lang='lat' dir='ltr'><strong>Rami</strong></span> <span class='ocrx_word' id='word_1_99' title='bbox 1466 2081 1684 2142; x_wconf 88' lang='lat' dir='ltr'><strong>autem</strong></span> 
     </span>
     <span class='ocr_line' id='line_1_17' title="bbox 188 2184 1684 2271; baseline -0.003 -20"><span class='ocrx_word' id='word_1_100' title='bbox 188 2204 379 2269; x_wconf 84' lang='lat' dir='ltr'><strong>opera,</strong></span> <span class='ocrx_word' id='word_1_101' title='bbox 417 2189 520 2253; x_wconf 87' lang='lat' dir='ltr'><strong>vel</strong></span> <span class='ocrx_word' id='word_1_102' title='bbox 549 2187 848 2271; x_wconf 83' lang='lat' dir='ltr'><strong>exempla</strong></span> <span class='ocrx_word' id='word_1_103' title='bbox 890 2191 1062 2251; x_wconf 89' lang='lat' dir='ltr'><strong>sunt.</strong></span> <span class='ocrx_word' id='word_1_104' title='bbox 1113 2184 1274 2250; x_wconf 89' lang='lat' dir='ltr'><strong>Cum</strong></span> <span class='ocrx_word' id='word_1_105' title='bbox 1323 2184 1684 2268; x_wconf 85' lang='lat' dir='ltr'><strong>palmarum</strong></span> 
     </span>
     <span class='ocr_line' id='line_1_18' title="bbox 188 2291 1682 2377; baseline -0.001 -20"><span class='ocrx_word' id='word_1_106' title='bbox 188 2310 316 2376; x_wconf 87' lang='lat' dir='ltr'><strong>ergo</strong></span> <span class='ocrx_word' id='word_1_107' title='bbox 338 2299 554 2377; x_wconf 75' lang='lat' dir='ltr'><strong>maiia,</strong></span> <span class='ocrx_word' id='word_1_108' title='bbox 587 2297 652 2361; x_wconf 90' lang='lat' dir='ltr'><strong>id</strong></span> <span class='ocrx_word' id='word_1_109' title='bbox 680 2298 780 2361; x_wconf 90' lang='lat' dir='ltr'><strong>est</strong></span> <span class='ocrx_word' id='word_1_110' title='bbox 803 2312 956 2363; x_wconf 85' lang='lat' dir='ltr'><strong>cum</strong></span> <span class='ocrx_word' id='word_1_111' title='bbox 985 2293 1373 2372; x_wconf 78' lang='lat' dir='ltr'><strong>victoriosi5‚</strong></span> <span class='ocrx_word' id='word_1_112' title='bbox 1405 2291 1508 2357; x_wconf 87' lang='lat' dir='ltr'><strong>vel</strong></span> <span class='ocrx_word' id='word_1_113' title='bbox 1538 2309 1682 2374; x_wconf 91' lang='lat' dir='ltr'><strong>per-</strong></span> 
     </span>
     <span class='ocr_line' id='line_1_19' title="bbox 186 2399 1684 2487; baseline -0.002 -22"><span class='ocrx_word' id='word_1_114' title='bbox 186 2405 577 2469; x_wconf 82' lang='lat' dir='ltr'><strong>severantibus</strong></span> <span class='ocrx_word' id='word_1_115' title='bbox 595 2403 901 2487; x_wconf 87' lang='lat' dir='ltr'><strong>operibus</strong></span> <span class='ocrx_word' id='word_1_116' title='bbox 918 2407 983 2467; x_wconf 91' lang='lat' dir='ltr'><strong>et</strong></span> <span class='ocrx_word' id='word_1_117' title='bbox 1009 2400 1341 2484; x_wconf 83' lang='lat' dir='ltr'><strong>exemplis,</strong></span> <span class='ocrx_word' id='word_1_118' title='bbox 1362 2399 1684 2464; x_wconf 89' lang='lat' dir='ltr'><strong>honoran-</strong></span> 
     </span>
     <span class='ocr_line' id='line_1_20' title="bbox 188 2506 1687 2590; baseline -0.002 -19"><span class='ocrx_word' id='word_1_119' title='bbox 188 2507 283 2571; x_wconf 87' lang='lat' dir='ltr'><strong>dus</strong></span> <span class='ocrx_word' id='word_1_120' title='bbox 311 2514 393 2574; x_wconf 79' lang='lat' dir='ltr'><strong>est</strong></span> <span class='ocrx_word' id='word_1_121' title='bbox 431 2509 634 2575; x_wconf 84' lang='lat' dir='ltr'><strong>Jesus.</strong></span> <span class='ocrx_word' id='word_1_122' title='bbox 680 2508 802 2574; x_wconf 88' lang='lat' dir='ltr'><strong>Per</strong></span> <span class='ocrx_word' id='word_1_123' title='bbox 845 2509 965 2573; x_wconf 89' lang='lat' dir='ltr'><strong>has</strong></span> <span class='ocrx_word' id='word_1_124' title='bbox 1002 2508 1177 2573; x_wconf 90' lang='lat' dir='ltr'><strong>euim</strong></span> <span class='ocrx_word' id='word_1_125' title='bbox 1231 2506 1474 2590; x_wconf 85' lang='lat' dir='ltr'><strong>palmas</strong></span> <span class='ocrx_word' id='word_1_126' title='bbox 1527 2506 1687 2569; x_wconf 85' lang='lat' dir='ltr'><strong>fides</strong></span> 
     </span>
     <span class='ocr_line' id='line_1_21' title="bbox 189 2615 1687 2694; baseline 0.001 -17"><span class='ocrx_word' id='word_1_127' title='bbox 189 2620 363 2681; x_wconf 80' lang='lat' dir='ltr'><strong>nostra</strong></span> <span class='ocrx_word' id='word_1_128' title='bbox 385 2620 871 2682; x_wconf 85' lang='lat' dir='ltr'><strong>consummatur</strong></span> <span class='ocrx_word' id='word_1_129' title='bbox 895 2617 963 2681; x_wconf 88' lang='lat' dir='ltr'><strong>in</strong></span> <span class='ocrx_word' id='word_1_130' title='bbox 985 2615 1251 2694; x_wconf 80' lang='lat' dir='ltr'><strong>mundO,</strong></span> <span class='ocrx_word' id='word_1_131' title='bbox 1274 2632 1456 2679; x_wconf 89' lang='lat' dir='ltr'><strong>mens</strong></span> <span class='ocrx_word' id='word_1_132' title='bbox 1470 2618 1687 2678; x_wconf 88' lang='lat' dir='ltr'><strong>nostra</strong></span> 
     </span>
     <span class='ocr_line' id='line_1_22' title="bbox 188 2722 1683 2805; baseline -0.001 -18"><span class='ocrx_word' id='word_1_133' title='bbox 188 2730 475 2790; x_wconf 80' lang='lat' dir='ltr'><strong>securatur</strong></span> <span class='ocrx_word' id='word_1_134' title='bbox 499 2727 569 2789; x_wconf 91' lang='lat' dir='ltr'><strong>in</strong></span> <span class='ocrx_word' id='word_1_135' title='bbox 594 2730 923 2803; x_wconf 78' lang='lat' dir='ltr'><strong>extremO,</strong></span> <span class='ocrx_word' id='word_1_136' title='bbox 953 2723 1086 2788; x_wconf 87' lang='lat' dir='ltr'><strong>vita</strong></span> <span class='ocrx_word' id='word_1_137' title='bbox 1121 2728 1338 2788; x_wconf 88' lang='lat' dir='ltr'><strong>nostra</strong></span> <span class='ocrx_word' id='word_1_138' title='bbox 1370 2722 1683 2805; x_wconf 85' lang='lat' dir='ltr'><strong>approba-</strong></span> 
     </span>
     <span class='ocr_line' id='line_1_23' title="bbox 191 2831 1687 2918; baseline -0.002 -21"><span class='ocrx_word' id='word_1_139' title='bbox 191 2833 346 2897; x_wconf 82' lang='lat' dir='ltr'><strong>turin</strong></span> <span class='ocrx_word' id='word_1_140' title='bbox 362 2834 624 2918; x_wconf 81' lang='lat' dir='ltr'><strong>judicic,</strong></span> <span class='ocrx_word' id='word_1_141' title='bbox 655 2833 869 2915; x_wconf 86' lang='lat' dir='ltr'><strong>gloria</strong></span> <span class='ocrx_word' id='word_1_142' title='bbox 893 2836 1109 2897; x_wconf 87' lang='lat' dir='ltr'><strong>nostra</strong></span> <span class='ocrx_word' id='word_1_143' title='bbox 1135 2836 1595 2914; x_wconf 85' lang='lat' dir='ltr'><strong>augmentatur</strong></span> <span class='ocrx_word' id='word_1_144' title='bbox 1618 2831 1687 2895; x_wconf 96' lang='lat' dir='ltr'><strong>in</strong></span> 
     </span>
     <span class='ocr_line' id='line_1_24' title="bbox 189 2942 332 3008; baseline 0.035 -5"><span class='ocrx_word' id='word_1_145' title='bbox 189 2942 332 3008; x_wconf 83' lang='lat' dir='ltr'><strong>coe10.</strong></span> 
     </span>
    </p>

    <p class='ocr_par' dir='ltr' id='par_1_6' title="bbox 180 3047 1692 5065">
     <span class='ocr_line' id='line_1_25' title="bbox 250 3047 1687 3135; baseline -0.001 -21"><span class='ocrx_word' id='word_1_146' title='bbox 250 3047 322 3114; x_wconf 85' lang='lat' dir='ltr'><strong>De</strong></span> <span class='ocrx_word' id='word_1_147' title='bbox 345 3052 550 3135; x_wconf 88' lang='lat' dir='ltr'><strong>primo</strong></span> <span class='ocrx_word' id='word_1_148' title='bbox 577 3057 601 3091; x_wconf 77' lang='lat'>⁸</span> <span class='ocrx_word' id='word_1_149' title='bbox 632 3074 649 3115; x_wconf 89' lang='lat'><strong>:</strong></span> <span class='ocrx_word' id='word_1_150' title='bbox 689 3074 718 3113; x_wconf 78' lang='lat' dir='ltr'><strong>u</strong></span> <span class='ocrx_word' id='word_1_151' title='bbox 748 3049 1074 3115; x_wconf 81' lang='lat' dir='ltr'><strong>Venerunt</strong></span> <span class='ocrx_word' id='word_1_152' title='bbox 1116 3053 1332 3113; x_wconf 87' lang='lat' dir='ltr'><strong>autem</strong></span> <span class='ocrx_word' id='word_1_153' title='bbox 1371 3049 1442 3112; x_wconf 92' lang='lat' dir='ltr'><strong>in</strong></span> <span class='ocrx_word' id='word_1_154' title='bbox 1479 3047 1687 3112; x_wconf 91' lang='lat' dir='ltr'><strong>Helim</strong></span> 
     </span>
     <span class='ocr_line' id='line_1_26' title="bbox 189 3152 1690 3236; baseline -0.001 -19"><span class='ocrx_word' id='word_1_155' title='bbox 189 3152 278 3217; x_wconf 81' lang='lat' dir='ltr'><strong>filii</strong></span> <span class='ocrx_word' id='word_1_156' title='bbox 322 3154 546 3236; x_wconf 85' lang='lat' dir='ltr'><strong>lsrael,</strong></span> <span class='ocrx_word' id='word_1_157' title='bbox 586 3156 703 3222; x_wconf 89' lang='lat' dir='ltr'><strong>ubi</strong></span> <span class='ocrx_word' id='word_1_158' title='bbox 742 3161 925 3221; x_wconf 89' lang='lat' dir='ltr'><strong>erant</strong></span> <span class='ocrx_word' id='word_1_159' title='bbox 966 3155 1297 3219; x_wconf 83' lang='lat' dir='ltr'><strong>duodecim</strong></span> <span class='ocrx_word' id='word_1_160' title='bbox 1342 3154 1569 3232; x_wconf 79' lang='lat' dir='ltr'><strong>fonteS,</strong></span> <span class='ocrx_word' id='word_1_161' title='bbox 1624 3155 1690 3218; x_wconf 91' lang='lat' dir='ltr'><strong>et</strong></span> 
     </span>
     <span class='ocr_line' id='line_1_27' title="bbox 187 3260 1689 3347; baseline 0 -24"><span class='ocrx_word' id='word_1_162' title='bbox 187 3264 556 3347; x_wconf 70' lang='lat' dir='ltr'><strong>septuaginta</strong></span> <span class='ocrx_word' id='word_1_163' title='bbox 596 3263 853 3346; x_wconf 78' lang='lat' dir='ltr'><strong>palmae.</strong></span> <span class='ocrx_word' id='word_1_164' title='bbox 906 3284 937 3323; x_wconf 75' lang='lat' dir='ltr'>n</span> <span class='ocrx_word' id='word_1_165' title='bbox 986 3260 1194 3326; x_wconf 89' lang='lat' dir='ltr'><strong>Helim</strong></span> <span class='ocrx_word' id='word_1_166' title='bbox 1236 3261 1689 3343; x_wconf 84' lang='lat' dir='ltr'><strong>interpretatur</strong></span> 
     </span>
     <span class='ocr_line' id='line_1_28' title="bbox 186 3366 1682 3452; baseline -0.001 -21"><span class='ocrx_word' id='word_1_167' title='bbox 186 3366 413 3451; x_wconf 76' lang='lat' dir='ltr'><strong>robusti,</strong></span> <span class='ocrx_word' id='word_1_168' title='bbox 445 3371 544 3436; x_wconf 83' lang='lat' dir='ltr'><strong>vel</strong></span> <span class='ocrx_word' id='word_1_169' title='bbox 569 3370 980 3452; x_wconf 67' lang='lat' dir='ltr'><strong>desidentes:</strong></span> <span class='ocrx_word' id='word_1_170' title='bbox 995 3373 1058 3433; x_wconf 88' lang='lat' dir='ltr'><strong>et</strong></span> <span class='ocrx_word' id='word_1_171' title='bbox 1086 3369 1451 3450; x_wconf 81' lang='lat' dir='ltr'><strong>significant</strong></span> <span class='ocrx_word' id='word_1_172' title='bbox 1474 3366 1682 3431; x_wconf 90' lang='lat' dir='ltr'><strong>Eccle-</strong></span> 
     </span>
     <span class='ocr_line' id='line_1_29' title="bbox 184 3473 1688 3562; baseline -0.002 -23"><span class='ocrx_word' id='word_1_173' title='bbox 184 3473 350 3559; x_wconf 82' lang='lat' dir='ltr'><strong>siam,</strong></span> <span class='ocrx_word' id='word_1_174' title='bbox 387 3480 452 3542; x_wconf 93' lang='lat' dir='ltr'><strong>in</strong></span> <span class='ocrx_word' id='word_1_175' title='bbox 493 3498 629 3562; x_wconf 86' lang='lat' dir='ltr'><strong>qua</strong></span> <span class='ocrx_word' id='word_1_176' title='bbox 668 3485 819 3543; x_wconf 88' lang='lat' dir='ltr'><strong>sunt</strong></span> <span class='ocrx_word' id='word_1_177' title='bbox 843 3477 1014 3545; x_wconf 83' lang='lat' dir='ltr'><strong>firmi</strong></span> <span class='ocrx_word' id='word_1_178' title='bbox 1046 3481 1109 3540; x_wconf 87' lang='lat' dir='ltr'><strong>et</strong></span> <span class='ocrx_word' id='word_1_179' title='bbox 1135 3476 1398 3551; x_wconf 82' lang='lat' dir='ltr'><strong>infirmi,</strong></span> <span class='ocrx_word' id='word_1_180' title='bbox 1429 3473 1688 3558; x_wconf 82' lang='lat' dir='ltr'><strong>perfecti</strong></span> 
     </span>
     <span class='ocr_line' id='line_1_30' title="bbox 187 3586 1690 3671; baseline 0.001 -26"><span class='ocrx_word' id='word_1_181' title='bbox 187 3587 238 3645; x_wconf 84' lang='lat' dir='ltr'><strong>et</strong></span> <span class='ocrx_word' id='word_1_182' title='bbox 267 3587 620 3671; x_wconf 78' lang='lat' dir='ltr'><strong>imperfecti.</strong></span> <span class='ocrx_word' id='word_1_183' title='bbox 663 3587 1004 3653; x_wconf 82' lang='lat' dir='ltr'><strong>Duodecim</strong></span> <span class='ocrx_word' id='word_1_184' title='bbox 1041 3586 1287 3665; x_wconf 78' lang='lat' dir='ltr'><strong>fonteS,</strong></span> <span class='ocrx_word' id='word_1_185' title='bbox 1340 3587 1404 3649; x_wconf 89' lang='lat' dir='ltr'><strong>et</strong></span> <span class='ocrx_word' id='word_1_186' title='bbox 1444 3587 1690 3666; x_wconf 83' lang='lat' dir='ltr'><strong>septua-</strong></span> 
     </span>
     <span class='ocr_line' id='line_1_31' title="bbox 185 3691 1686 3779; baseline 0.001 -25"><span class='ocrx_word' id='word_1_187' title='bbox 185 3691 337 3770; x_wconf 84' lang='lat' dir='ltr'><strong>ginta</strong></span> <span class='ocrx_word' id='word_1_188' title='bbox 361 3696 588 3779; x_wconf 81' lang='lat' dir='ltr'><strong>palmae</strong></span> <span class='ocrx_word' id='word_1_189' title='bbox 608 3745 626 3776; x_wconf 86' lang='lat'><strong>,</strong></span> <span class='ocrx_word' id='word_1_190' title='bbox 658 3696 996 3761; x_wconf 87' lang='lat' dir='ltr'><strong>duodecim</strong></span> <span class='ocrx_word' id='word_1_191' title='bbox 1040 3693 1310 3779; x_wconf 89' lang='lat' dir='ltr'><strong>apostoli</strong></span> <span class='ocrx_word' id='word_1_192' title='bbox 1337 3697 1401 3759; x_wconf 87' lang='lat' dir='ltr'><strong>et</strong></span> <span class='ocrx_word' id='word_1_193' title='bbox 1426 3696 1686 3775; x_wconf 89' lang='lat' dir='ltr'><strong>septua-</strong></span> 
     </span>
     <span class='ocr_line' id='line_1_32' title="bbox 187 3800 1689 3889; baseline -0.002 -21"><span class='ocrx_word' id='word_1_194' title='bbox 187 3800 338 3878; x_wconf 78' lang='lat' dir='ltr'><strong>ginta</strong></span> <span class='ocrx_word' id='word_1_195' title='bbox 384 3804 697 3889; x_wconf 87' lang='lat' dir='ltr'><strong>discipuli.</strong></span> <span class='ocrx_word' id='word_1_196' title='bbox 761 3804 934 3870; x_wconf 87' lang='lat' dir='ltr'><strong>Licet</strong></span> <span class='ocrx_word' id='word_1_197' title='bbox 982 3805 1152 3868; x_wconf 90' lang='lat' dir='ltr'><strong>enim</strong></span> <span class='ocrx_word' id='word_1_198' title='bbox 1212 3802 1340 3867; x_wconf 90' lang='lat' dir='ltr'><strong>duo</strong></span> <span class='ocrx_word' id='word_1_199' title='bbox 1396 3800 1689 3885; x_wconf 88' lang='lat' dir='ltr'><strong>discipuli</strong></span> 
     </span>
     <span class='ocr_line' id='line_1_33' title="bbox 184 3907 1691 3993; baseline -0.004 -15"><span class='ocrx_word' id='word_1_200' title='bbox 184 3912 690 3990; x_wconf 78' lang='lat' dir='ltr'><strong>superabundent,</strong></span> <span class='ocrx_word' id='word_1_201' title='bbox 721 3918 938 3976; x_wconf 85' lang='lat' dir='ltr'><strong>tamen</strong></span> <span class='ocrx_word' id='word_1_202' title='bbox 961 3909 1308 3993; x_wconf 82' lang='lat' dir='ltr'><strong>Scriptura,</strong></span> <span class='ocrx_word' id='word_1_203' title='bbox 1350 3907 1515 3972; x_wconf 86' lang='lat' dir='ltr'><strong>sicut</strong></span> <span class='ocrx_word' id='word_1_204' title='bbox 1540 3907 1691 3972; x_wconf 88' lang='lat' dir='ltr'><strong>dicit</strong></span> 
     </span>
     <span class='ocr_line' id='line_1_34' title="bbox 185 4013 1690 4100; baseline 0.002 -22"><span class='ocrx_word' id='word_1_205' title='bbox 185 4013 255 4079; x_wconf 90' lang='lat' dir='ltr'><strong>ibi</strong></span> <span class='ocrx_word' id='word_1_206' title='bbox 289 4018 511 4100; x_wconf 87' lang='lat' dir='ltr'><strong>Glossa,</strong></span> <span class='ocrx_word' id='word_1_207' title='bbox 546 4038 681 4085; x_wconf 89' lang='lat' dir='ltr'><strong>non</strong></span> <span class='ocrx_word' id='word_1_208' title='bbox 699 4019 850 4084; x_wconf 83' lang='lat' dir='ltr'><strong>facit</strong></span> <span class='ocrx_word' id='word_1_209' title='bbox 872 4019 1010 4084; x_wconf 83' lang='lat' dir='ltr'><strong>vim</strong></span> <span class='ocrx_word' id='word_1_210' title='bbox 1043 4018 1122 4082; x_wconf 90' lang='lat' dir='ltr'><strong>de</strong></span> <span class='ocrx_word' id='word_1_211' title='bbox 1147 4016 1422 4083; x_wconf 83' lang='lat' dir='ltr'><strong>inimicis</strong></span> <span class='ocrx_word' id='word_1_212' title='bbox 1445 4017 1545 4097; x_wconf 80' lang='lat' dir='ltr'><strong>(b).</strong></span> <span class='ocrx_word' id='word_1_213' title='bbox 1577 4016 1690 4083; x_wconf 83' lang='lat' dir='ltr'><strong>Vel</strong></span> 
     </span>
     <span class='ocr_line' id='line_1_35' title="bbox 183 4122 1690 4192; baseline 0.003 -5"><span class='ocrx_word' id='word_1_214' title='bbox 183 4122 478 4192; x_wconf 72' lang='lat' dir='ltr'><strong>duodecim</strong></span> <span class='ocrx_word' id='word_1_215' title='bbox 506 4128 713 4192; x_wconf 67' lang='lat' dir='ltr'><strong>fontes</strong></span> <span class='ocrx_word' id='word_1_216' title='bbox 744 4129 895 4191; x_wconf 85' lang='lat' dir='ltr'><strong>sunt</strong></span> <span class='ocrx_word' id='word_1_217' title='bbox 922 4123 1251 4191; x_wconf 78' lang='lat' dir='ltr'><strong>duodecim</strong></span> <span class='ocrx_word' id='word_1_218' title='bbox 1271 4124 1521 4191; x_wconf 84' lang='lat' dir='ltr'><strong>articuli</strong></span> <span class='ocrx_word' id='word_1_219' title='bbox 1540 4124 1690 4191; x_wconf 83' lang='lat' dir='ltr'><strong>ndei</strong></span> 
     </span>
     <span class='ocr_line' id='line_1_36' title="bbox 184 4229 1692 4318; baseline -0.002 -22"><span class='ocrx_word' id='word_1_220' title='bbox 184 4231 281 4312; x_wconf 71' lang='lat' dir='ltr'><strong>qui</strong></span> <span class='ocrx_word' id='word_1_221' title='bbox 319 4233 383 4298; x_wconf 92' lang='lat' dir='ltr'><strong>in</strong></span> <span class='ocrx_word' id='word_1_222' title='bbox 421 4234 725 4318; x_wconf 82' lang='lat' dir='ltr'><strong>Symbolo</strong></span> <span class='ocrx_word' id='word_1_223' title='bbox 759 4232 1164 4297; x_wconf 87' lang='lat' dir='ltr'><strong>continentur</strong></span> <span class='ocrx_word' id='word_1_224' title='bbox 1195 4236 1218 4270; x_wconf 83' lang='lat'>⁸</span> <span class='ocrx_word' id='word_1_225' title='bbox 1249 4252 1265 4294; x_wconf 73' lang='grc' dir='ltr'><strong><em>ε</em></strong></span> <span class='ocrx_word' id='word_1_226' title='bbox 1307 4253 1339 4291; x_wconf 76' lang='grc' dir='ltr'><em>α</em></span> <span class='ocrx_word' id='word_1_227' title='bbox 1367 4229 1692 4295; x_wconf 86' lang='lat' dir='ltr'><strong>Haurietis</strong></span> 
     </span>
     <span class='ocr_line' id='line_1_37' title="bbox 181 4337 1691 4423; baseline -0.001 -20"><span class='ocrx_word' id='word_1_228' title='bbox 181 4353 354 4420; x_wconf 79' lang='lat' dir='ltr'><strong>aquas</strong></span> <span class='ocrx_word' id='word_1_229' title='bbox 389 4341 458 4406; x_wconf 88' lang='lat' dir='ltr'><strong>iu</strong></span> <span class='ocrx_word' id='word_1_230' title='bbox 489 4339 728 4423; x_wconf 86' lang='lat' dir='ltr'><strong>gaudio</strong></span> <span class='ocrx_word' id='word_1_231' title='bbox 747 4388 771 4420; x_wconf 88' lang='lat'><strong>,</strong></span> <span class='ocrx_word' id='word_1_232' title='bbox 799 4361 832 4400; x_wconf 74' lang='lat' dir='ltr'>n</span> <span class='ocrx_word' id='word_1_233' title='bbox 867 4342 987 4404; x_wconf 86' lang='lat' dir='ltr'><strong>etc.</strong></span> <span class='ocrx_word' id='word_1_234' title='bbox 1035 4338 1198 4414; x_wconf 85' lang='lat' dir='ltr'><strong>Quia</strong></span> <span class='ocrx_word' id='word_1_235' title='bbox 1237 4356 1392 4403; x_wconf 89' lang='lat' dir='ltr'><strong>vero</strong></span> <span class='ocrx_word' id='word_1_236' title='bbox 1417 4337 1441 4372; x_wconf 76' lang='lat'><strong>⁶</strong></span> <span class='ocrx_word' id='word_1_237' title='bbox 1476 4360 1508 4398; x_wconf 78' lang='grc' dir='ltr'><em>α</em></span> <span class='ocrx_word' id='word_1_238' title='bbox 1535 4337 1691 4402; x_wconf 83' lang='lat' dir='ltr'><strong>fides</strong></span> 
     </span>
     <span class='ocr_line' id='line_1_38' title="bbox 180 4441 1691 4530; baseline 0.003 -25"><span class='ocrx_word' id='word_1_239' title='bbox 180 4441 298 4509; x_wconf 86' lang='lat' dir='ltr'><strong>siae</strong></span> <span class='ocrx_word' id='word_1_240' title='bbox 310 4448 603 4530; x_wconf 82' lang='lat' dir='ltr'><strong>operibus</strong></span> <span class='ocrx_word' id='word_1_241' title='bbox 629 4452 885 4512; x_wconf 82' lang='lat' dir='ltr'><strong>mortua</strong></span> <span class='ocrx_word' id='word_1_242' title='bbox 910 4448 1026 4525; x_wconf 88' lang='lat' dir='ltr'><strong>est,</strong></span> <span class='ocrx_word' id='word_1_243' title='bbox 1055 4466 1087 4504; x_wconf 81' lang='lat'><strong>1&gt;</strong></span> <span class='ocrx_word' id='word_1_244' title='bbox 1122 4444 1264 4509; x_wconf 89' lang='lat' dir='ltr'><strong>ideo</strong></span> <span class='ocrx_word' id='word_1_245' title='bbox 1284 4444 1691 4528; x_wconf 77' lang='lat' dir='ltr'><strong>septuaginta</strong></span> 
     </span>
     <span class='ocr_line' id='line_1_39' title="bbox 183 4550 1691 4637; baseline 0.001 -21"><span class='ocrx_word' id='word_1_246' title='bbox 183 4550 385 4629; x_wconf 80' lang='lat' dir='ltr'><strong>palmae</strong></span> <span class='ocrx_word' id='word_1_247' title='bbox 403 4557 587 4637; x_wconf 77' lang='lat' dir='ltr'><strong>juxta</strong></span> <span class='ocrx_word' id='word_1_248' title='bbox 611 4555 817 4619; x_wconf 85' lang='lat' dir='ltr'><strong>fontes</strong></span> <span class='ocrx_word' id='word_1_249' title='bbox 838 4571 978 4618; x_wconf 89' lang='lat' dir='ltr'><strong>esse</strong></span> <span class='ocrx_word' id='word_1_250' title='bbox 995 4552 1247 4618; x_wconf 86' lang='lat' dir='ltr'><strong>debent.</strong></span> <span class='ocrx_word' id='word_1_251' title='bbox 1267 4550 1691 4634; x_wconf 78' lang='lat' dir='ltr'><strong>Septuaginta</strong></span> 
     </span>
     <span class='ocr_line' id='line_1_40' title="bbox 181 4658 1690 4744; baseline 0.003 -24"><span class='ocrx_word' id='word_1_252' title='bbox 181 4663 310 4722; x_wconf 85' lang='lat' dir='ltr'><strong>sunt</strong></span> <span class='ocrx_word' id='word_1_253' title='bbox 343 4662 566 4744; x_wconf 82' lang='lat' dir='ltr'><strong>septies</strong></span> <span class='ocrx_word' id='word_1_254' title='bbox 609 4660 829 4726; x_wconf 91' lang='lat' dir='ltr'><strong>decem</strong></span> <span class='ocrx_word' id='word_1_255' title='bbox 859 4683 876 4724; x_wconf 74' lang='grc' dir='ltr'><strong>ι</strong></span> <span class='ocrx_word' id='word_1_256' title='bbox 907 4659 1316 4742; x_wconf 77' lang='lat' dir='ltr'><strong>septuaginta</strong></span> <span class='ocrx_word' id='word_1_257' title='bbox 1359 4677 1518 4740; x_wconf 89' lang='lat' dir='ltr'><strong>ergo</strong></span> <span class='ocrx_word' id='word_1_258' title='bbox 1560 4658 1690 4742; x_wconf 87' lang='lat' dir='ltr'><strong>pal-</strong></span> 
     </span>
     <span class='ocr_line' id='line_1_41' title="bbox 183 4767 1688 4849; baseline 0 -20"><span class='ocrx_word' id='word_1_259' title='bbox 183 4780 289 4829; x_wconf 80' lang='lat' dir='ltr'><strong>mae</strong></span> <span class='ocrx_word' id='word_1_260' title='bbox 313 4772 457 4831; x_wconf 85' lang='lat' dir='ltr'><strong>sunt</strong></span> <span class='ocrx_word' id='word_1_261' title='bbox 478 4787 701 4834; x_wconf 89' lang='lat' dir='ltr'><strong>omnes</strong></span> <span class='ocrx_word' id='word_1_262' title='bbox 731 4769 1001 4833; x_wconf 90' lang='lat' dir='ltr'><strong>victores</strong></span> <span class='ocrx_word' id='word_1_263' title='bbox 1029 4774 1090 4831; x_wconf 92' lang='lat' dir='ltr'><strong>et</strong></span> <span class='ocrx_word' id='word_1_264' title='bbox 1120 4770 1592 4849; x_wconf 85' lang='lat' dir='ltr'><strong>perseverantes</strong></span> <span class='ocrx_word' id='word_1_265' title='bbox 1618 4767 1688 4830; x_wconf 93' lang='lat' dir='ltr'><strong>in</strong></span> 
     </span>
     <span class='ocr_line' id='line_1_42' title="bbox 181 4866 1686 4957; baseline 0.003 -23"><span class='ocrx_word' id='word_1_266' title='bbox 181 4866 340 4937; x_wconf 79' lang='lat' dir='ltr'><strong>honis</strong></span> <span class='ocrx_word' id='word_1_267' title='bbox 352 4876 665 4957; x_wconf 86' lang='lat' dir='ltr'><strong>operibus,</strong></span> <span class='ocrx_word' id='word_1_268' title='bbox 679 4875 787 4941; x_wconf 79' lang='lat' dir='ltr'><strong>vel</strong></span> <span class='ocrx_word' id='word_1_269' title='bbox 812 4873 1371 4939; x_wconf 86' lang='lat' dir='ltr'><strong>omniavictoriosa</strong></span> <span class='ocrx_word' id='word_1_270' title='bbox 1393 4891 1686 4956; x_wconf 87' lang='lat' dir='ltr'><strong>perseve-</strong></span> 
     </span>
     <span class='ocr_line' id='line_1_43' title="bbox 182 4980 1687 5065; baseline 0.003 -24"><span class='ocrx_word' id='word_1_271' title='bbox 182 4980 368 5044; x_wconf 85' lang='lat' dir='ltr'><strong>rantia</strong></span> <span class='ocrx_word' id='word_1_272' title='bbox 395 4981 465 5065; x_wconf 78' lang='lat' dir='ltr'><strong>(c)</strong></span> <span class='ocrx_word' id='word_1_273' title='bbox 484 5000 698 5065; x_wconf 89' lang='lat' dir='ltr'><strong>opera,</strong></span> <span class='ocrx_word' id='word_1_274' title='bbox 725 4998 872 5063; x_wconf 82' lang='lat' dir='ltr'><strong>quae</strong></span> <span class='ocrx_word' id='word_1_275' title='bbox 899 4981 1065 5045; x_wconf 80' lang='lat' dir='ltr'><strong>flunt</strong></span> <span class='ocrx_word' id='word_1_276' title='bbox 1090 4996 1204 5062; x_wconf 88' lang='lat' dir='ltr'><strong>per</strong></span> <span class='ocrx_word' id='word_1_277' title='bbox 1227 4983 1469 5062; x_wconf 85' lang='lat' dir='ltr'><strong>septem</strong></span> <span class='ocrx_word' id='word_1_278' title='bbox 1498 4982 1687 5061; x_wconf 88' lang='lat' dir='ltr'><strong>dona,</strong></span> 
     </span>
    </p>

    <p class='ocr_par' dir='ltr' id='par_1_7' title="bbox 183 5138 1689 5347">
     <span class='ocr_line' id='line_1_44' title="bbox 236 5138 1688 5207; baseline 0.001 -16"><span class='ocrx_word' id='word_1_279' title='bbox 236 5145 250 5174; x_wconf 85' lang='lat'>¹</span> <span class='ocrx_word' id='word_1_280' title='bbox 277 5142 454 5199; x_wconf 70' lang='lat' dir='ltr'><strong>Emod„</strong></span> <span class='ocrx_word' id='word_1_281' title='bbox 480 5154 566 5205; x_wconf 68' lang='grc' dir='ltr'><strong>ιν,</strong></span> <span class='ocrx_word' id='word_1_282' title='bbox 594 5146 643 5192; x_wconf 88' lang='grc'><strong>1.</strong></span> <span class='ocrx_word' id='word_1_283' title='bbox 670 5167 734 5178; x_wconf 87' lang='lat'>-</span> <span class='ocrx_word' id='word_1_284' title='bbox 760 5141 781 5175; x_wconf 79' lang='lat'>²</span> <span class='ocrx_word' id='word_1_285' title='bbox 807 5140 973 5202; x_wconf 65' lang='lat' dir='ltr'><strong>loun„</strong></span> <span class='ocrx_word' id='word_1_286' title='bbox 1001 5150 1107 5200; x_wconf 71' lang='grc' dir='ltr'><strong>ιιι,</strong></span> <span class='ocrx_word' id='word_1_287' title='bbox 1141 5141 1221 5187; x_wconf 77' lang='lat'><strong>12.</strong></span> <span class='ocrx_word' id='word_1_288' title='bbox 1248 5164 1311 5176; x_wconf 90' lang='lat'>—</span> <span class='ocrx_word' id='word_1_289' title='bbox 1339 5138 1358 5169; x_wconf 80' lang='lat'>⁸</span> <span class='ocrx_word' id='word_1_290' title='bbox 1387 5138 1500 5204; x_wconf 80' lang='lat' dir='ltr'><strong>Job,</strong></span> <span class='ocrx_word' id='word_1_291' title='bbox 1538 5153 1688 5207; x_wconf 74' lang='lat' dir='ltr'><strong>xxix,</strong></span> 
     </span>
     <span class='ocr_line' id='line_1_45' title="bbox 862 5210 1690 5277; baseline 0.004 -17"><span class='ocrx_word' id='word_1_292' title='bbox 862 5211 1018 5271; x_wconf 67' lang='lat' dir='ltr'><strong>Usa„</strong></span> <span class='ocrx_word' id='word_1_293' title='bbox 1045 5220 1141 5271; x_wconf 72' lang='lat' dir='ltr'><strong>xil,</strong></span> <span class='ocrx_word' id='word_1_294' title='bbox 1163 5213 1213 5258; x_wconf 84' lang='lat'><strong>3.</strong></span> <span class='ocrx_word' id='word_1_295' title='bbox 1246 5234 1309 5247; x_wconf 91' lang='lat'>-</span> <span class='ocrx_word' id='word_1_296' title='bbox 1328 5210 1490 5275; x_wconf 59' lang='lat' dir='ltr'><strong>mae„</strong></span> <span class='ocrx_word' id='word_1_297' title='bbox 1523 5225 1590 5276; x_wconf 84' lang='grc' dir='ltr'><strong>ιι,</strong></span> <span class='ocrx_word' id='word_1_298' title='bbox 1610 5217 1690 5277; x_wconf 80' lang='lat'><strong>20,</strong></span> 
     </span>
     <span class='ocr_line' id='line_1_46' title="bbox 183 5281 1689 5347; baseline 0.001 -14"><span class='ocrx_word' id='word_1_299' title='bbox 183 5283 251 5330; x_wconf 72' lang='lat'><strong>25.</strong></span> <span class='ocrx_word' id='word_1_300' title='bbox 275 5284 372 5321; x_wconf 68' lang='grc'><strong>-1</strong></span> <span class='ocrx_word' id='word_1_301' title='bbox 399 5285 534 5334; x_wconf 75' lang='grc' dir='ltr'><strong>ΡεαΙ.</strong></span> <span class='ocrx_word' id='word_1_302' title='bbox 561 5295 670 5347; x_wconf 81' lang='lat' dir='ltr'><strong>xm,</strong></span> <span class='ocrx_word' id='word_1_303' title='bbox 702 5288 781 5333; x_wconf 86' lang='grc'><strong>13.</strong></span> <span class='ocrx_word' id='word_1_304' title='bbox 811 5283 910 5318; x_wconf 74' lang='grc'><strong>-1</strong></span> <span class='ocrx_word' id='word_1_305' title='bbox 939 5281 1110 5342; x_wconf 55' lang='lat' dir='ltr'><strong>Cam,</strong></span> <span class='ocrx_word' id='word_1_306' title='bbox 1139 5290 1231 5341; x_wconf 78' lang='lat' dir='ltr'><strong>vn,</strong></span> <span class='ocrx_word' id='word_1_307' title='bbox 1259 5283 1305 5331; x_wconf 85' lang='lat'><strong>8.</strong></span> <span class='ocrx_word' id='word_1_308' title='bbox 1325 5283 1416 5317; x_wconf 76' lang='grc'><strong>-1</strong></span> <span class='ocrx_word' id='word_1_309' title='bbox 1445 5285 1554 5333; x_wconf 83' lang='lat' dir='ltr'><strong>lmo</strong></span> <span class='ocrx_word' id='word_1_310' title='bbox 1576 5298 1689 5335; x_wconf 88' lang='lat' dir='ltr'><strong>auc-</strong></span> 
     </span>
    </p>
   </div>
   <div class='ocr_carea' id='block_1_6' title="bbox 182 5351 1690 5491">
    <p class='ocr_par' dir='ltr' id='par_1_8' title="bbox 182 5351 1690 5491">
     <span class='ocr_line' id='line_1_47' title="bbox 184 5351 1690 5420; baseline 0.003 -20"><span class='ocrx_word' id='word_1_311' title='bbox 184 5355 279 5415; x_wconf 79' lang='lat' dir='ltr'><strong>tor,</strong></span> <span class='ocrx_word' id='word_1_312' title='bbox 307 5355 520 5419; x_wconf 79' lang='lat' dir='ltr'><strong>quisquis</strong></span> <span class='ocrx_word' id='word_1_313' title='bbox 554 5355 649 5417; x_wconf 83' lang='lat' dir='ltr'><strong>sit,</strong></span> <span class='ocrx_word' id='word_1_314' title='bbox 682 5366 840 5406; x_wconf 78' lang='lat' dir='ltr'><strong>serm,</strong></span> <span class='ocrx_word' id='word_1_315' title='bbox 874 5351 935 5401; x_wconf 79' lang='lat' dir='ltr'><strong>de</strong></span> <span class='ocrx_word' id='word_1_316' title='bbox 968 5358 1179 5416; x_wconf 71' lang='lat' dir='ltr'><strong>quatuor</strong></span> <span class='ocrx_word' id='word_1_317' title='bbox 1209 5351 1437 5404; x_wconf 75' lang='lat' dir='ltr'><strong>virtutib.</strong></span> <span class='ocrx_word' id='word_1_318' title='bbox 1477 5355 1690 5420; x_wconf 61' lang='lat' dir='ltr'><strong>charit„</strong></span> 
     </span>
     <span class='ocr_line' id='line_1_48' title="bbox 182 5422 1688 5491; baseline 0.003 -18"><span class='ocrx_word' id='word_1_319' title='bbox 182 5422 241 5473; x_wconf 80' lang='lat' dir='ltr'><strong>al.</strong></span> <span class='ocrx_word' id='word_1_320' title='bbox 268 5437 370 5490; x_wconf 75' lang='lat' dir='ltr'><strong>cvi,</strong></span> <span class='ocrx_word' id='word_1_321' title='bbox 393 5440 445 5475; x_wconf 89' lang='lat' dir='ltr'><strong>n.</strong></span> <span class='ocrx_word' id='word_1_322' title='bbox 469 5432 542 5491; x_wconf 87' lang='grc'><strong>11,</strong></span> <span class='ocrx_word' id='word_1_323' title='bbox 570 5426 706 5476; x_wconf 85' lang='lat' dir='ltr'><strong>inter</strong></span> <span class='ocrx_word' id='word_1_324' title='bbox 727 5426 893 5487; x_wconf 82' lang='lat' dir='ltr'><strong>Opera</strong></span> <span class='ocrx_word' id='word_1_325' title='bbox 915 5427 973 5476; x_wconf 77' lang='lat' dir='ltr'><strong>S.</strong></span> <span class='ocrx_word' id='word_1_326' title='bbox 1001 5427 1161 5487; x_wconf 65' lang='lat' dir='ltr'><strong>Aug„</strong></span> <span class='ocrx_word' id='word_1_327' title='bbox 1203 5423 1437 5489; x_wconf 70' lang='lat' dir='ltr'><strong>append,</strong></span> <span class='ocrx_word' id='word_1_328' title='bbox 1468 5430 1592 5477; x_wconf 85' lang='lat' dir='ltr'><strong>tom.</strong></span> <span class='ocrx_word' id='word_1_329' title='bbox 1624 5427 1688 5479; x_wconf 86' lang='lat' dir='ltr'><strong>V.</strong></span> 
     </span>
    </p>
   </div>
   <div class='ocr_carea' id='block_1_7' title="bbox 1787 574 3399 5351">
    <p class='ocr_par' dir='ltr' id='par_1_9' title="bbox 1787 574 3336 1626">
     <span class='ocr_line' id='line_1_49' title="bbox 1788 574 3330 662; baseline -0.001 -22"><span class='ocrx_word' id='word_1_330' title='bbox 1788 579 2010 642; x_wconf 88' lang='lat' dir='ltr'><strong>contra</strong></span> <span class='ocrx_word' id='word_1_331' title='bbox 2036 581 2277 662; x_wconf 83' lang='lat' dir='ltr'><strong>septem</strong></span> <span class='ocrx_word' id='word_1_332' title='bbox 2304 576 2462 642; x_wconf 83' lang='lat' dir='ltr'><strong>vitia</strong></span> <span class='ocrx_word' id='word_1_333' title='bbox 2481 623 2501 657; x_wconf 87' lang='lat'>‚</span> <span class='ocrx_word' id='word_1_334' title='bbox 2526 575 2594 639; x_wconf 92' lang='lat' dir='ltr'><strong>in</strong></span> <span class='ocrx_word' id='word_1_335' title='bbox 2622 574 2838 640; x_wconf 89' lang='lat' dir='ltr'><strong>decem</strong></span> <span class='ocrx_word' id='word_1_336' title='bbox 2866 574 3330 653; x_wconf 72' lang='lat' dir='ltr'><strong>{mandatorum</strong></span> 
     </span>
     <span class='ocr_line' id='line_1_50' title="bbox 1787 683 3330 766; baseline 0 -17"><span class='ocrx_word' id='word_1_337' title='bbox 1787 686 2281 766; x_wconf 87' lang='lat' dir='ltr'><strong>perseverantia.</strong></span> <span class='ocrx_word' id='word_1_338' title='bbox 2327 683 2442 751; x_wconf 77' lang='lat' dir='ltr'><strong>Vel</strong></span> <span class='ocrx_word' id='word_1_339' title='bbox 2489 683 2899 765; x_wconf 83' lang='lat' dir='ltr'><strong>septuaginta</strong></span> <span class='ocrx_word' id='word_1_340' title='bbox 2946 683 3049 748; x_wconf 81' lang='lat' dir='ltr'><strong>hae</strong></span> <span class='ocrx_word' id='word_1_341' title='bbox 3097 683 3330 766; x_wconf 67' lang='lat' dir='ltr'><strong>palmae</strong></span> 
     </span>
     <span class='ocr_line' id='line_1_51' title="bbox 1788 790 3325 873; baseline 0.001 -18"><span class='ocrx_word' id='word_1_342' title='bbox 1788 794 1939 856; x_wconf 87' lang='lat' dir='ltr'><strong>sunt</strong></span> <span class='ocrx_word' id='word_1_343' title='bbox 1950 793 2138 858; x_wconf 88' lang='lat' dir='ltr'><strong>flores</strong></span> <span class='ocrx_word' id='word_1_344' title='bbox 2150 794 2461 859; x_wconf 85' lang='lat' dir='ltr'><strong>virtutum</strong></span> <span class='ocrx_word' id='word_1_345' title='bbox 2481 791 2553 856; x_wconf 91' lang='lat' dir='ltr'><strong>in</strong></span> <span class='ocrx_word' id='word_1_346' title='bbox 2569 791 2812 856; x_wconf 88' lang='lat' dir='ltr'><strong>mundo</strong></span> <span class='ocrx_word' id='word_1_347' title='bbox 2828 790 3285 873; x_wconf 87' lang='lat' dir='ltr'><strong>pullulantium</strong></span> <span class='ocrx_word' id='word_1_348' title='bbox 3309 812 3325 867; x_wconf 82' lang='lat'><strong>;</strong></span> 
     </span>
     <span class='ocr_line' id='line_1_52' title="bbox 1789 899 3324 983; baseline -0.001 -20"><span class='ocrx_word' id='word_1_349' title='bbox 1789 899 2123 966; x_wconf 88' lang='lat' dir='ltr'><strong>Psalmista</strong></span> <span class='ocrx_word' id='word_1_350' title='bbox 2156 903 2179 937; x_wconf 85' lang='lat'><strong>&#39;¹</strong></span> <span class='ocrx_word' id='word_1_351' title='bbox 2226 921 2242 963; x_wconf 74' lang='grc' dir='ltr'><strong><em>ε</em></strong></span> <span class='ocrx_word' id='word_1_352' title='bbox 2282 925 2313 963; x_wconf 75' lang='grc' dir='ltr'><strong>α</strong></span> <span class='ocrx_word' id='word_1_353' title='bbox 2345 900 2564 966; x_wconf 70' lang='lat' dir='ltr'><strong>iustus</strong></span> <span class='ocrx_word' id='word_1_354' title='bbox 2604 903 2681 965; x_wconf 86' lang='lat' dir='ltr'><strong>ut</strong></span> <span class='ocrx_word' id='word_1_355' title='bbox 2730 899 2945 983; x_wconf 89' lang='lat' dir='ltr'><strong>palma</strong></span> <span class='ocrx_word' id='word_1_356' title='bbox 2994 899 3265 964; x_wconf 86' lang='lat' dir='ltr'><strong>florebit.</strong></span> <span class='ocrx_word' id='word_1_357' title='bbox 3292 920 3324 959; x_wconf 70' lang='lat' dir='ltr'>n</span> 
     </span>
     <span class='ocr_line' id='line_1_53' title="bbox 1788 1004 3329 1092; baseline 0.001 -22"><span class='ocrx_word' id='word_1_358' title='bbox 1788 1004 2060 1073; x_wconf 82' lang='lat' dir='ltr'><strong>Fructus</strong></span> <span class='ocrx_word' id='word_1_359' title='bbox 2086 1027 2241 1074; x_wconf 86' lang='lat' dir='ltr'><strong>vero</strong></span> <span class='ocrx_word' id='word_1_360' title='bbox 2269 1009 2687 1092; x_wconf 83' lang='lat' dir='ltr'><strong>praemiorum</strong></span> <span class='ocrx_word' id='word_1_361' title='bbox 2714 1007 2951 1072; x_wconf 88' lang='lat' dir='ltr'><strong>habent</strong></span> <span class='ocrx_word' id='word_1_362' title='bbox 2977 1008 3048 1072; x_wconf 94' lang='lat' dir='ltr'><strong>in</strong></span> <span class='ocrx_word' id='word_1_363' title='bbox 3072 1007 3232 1072; x_wconf 87' lang='lat' dir='ltr'><strong>coelo</strong></span> <span class='ocrx_word' id='word_1_364' title='bbox 3260 1013 3329 1071; x_wconf 80' lang='lat'><strong>⁸:</strong></span> 
     </span>
     <span class='ocr_line' id='line_1_54' title="bbox 1799 1115 3336 1199; baseline 0.003 -24"><span class='ocrx_word' id='word_1_365' title='bbox 1799 1136 1831 1175; x_wconf 76' lang='grc' dir='ltr'>α</span> <span class='ocrx_word' id='word_1_366' title='bbox 1854 1115 2208 1181; x_wconf 82' lang='lat' dir='ltr'><strong>Ascendam</strong></span> <span class='ocrx_word' id='word_1_367' title='bbox 2244 1117 2314 1180; x_wconf 94' lang='lat' dir='ltr'><strong>in</strong></span> <span class='ocrx_word' id='word_1_368' title='bbox 2355 1116 2656 1199; x_wconf 87' lang='lat' dir='ltr'><strong>palmam,</strong></span> <span class='ocrx_word' id='word_1_369' title='bbox 2689 1138 2720 1176; x_wconf 73' lang='grc' dir='ltr'><strong>ι)</strong></span> <span class='ocrx_word' id='word_1_370' title='bbox 2757 1121 2876 1180; x_wconf 85' lang='lat' dir='ltr'><strong>ete.</strong></span> <span class='ocrx_word' id='word_1_371' title='bbox 2908 1115 3178 1181; x_wconf 84' lang='lat' dir='ltr'><strong>Fructus</strong></span> <span class='ocrx_word' id='word_1_372' title='bbox 3206 1116 3336 1199; x_wconf 88' lang='lat' dir='ltr'><strong>pal-</strong></span> 
     </span>
     <span class='ocr_line' id='line_1_55' title="bbox 1790 1224 3329 1306; baseline 0.003 -21"><span class='ocrx_word' id='word_1_373' title='bbox 1790 1240 1915 1286; x_wconf 79' lang='lat' dir='ltr'><strong>mae</strong></span> <span class='ocrx_word' id='word_1_374' title='bbox 1942 1224 2136 1288; x_wconf 88' lang='lat' dir='ltr'><strong>etiam</strong></span> <span class='ocrx_word' id='word_1_375' title='bbox 2162 1224 2444 1289; x_wconf 85' lang='lat' dir='ltr'><strong>Christus</strong></span> <span class='ocrx_word' id='word_1_376' title='bbox 2466 1224 2589 1288; x_wconf 90' lang='lat' dir='ltr'><strong>dici</strong></span> <span class='ocrx_word' id='word_1_377' title='bbox 2610 1228 2831 1306; x_wconf 86' lang='lat' dir='ltr'><strong>potest.</strong></span> <span class='ocrx_word' id='word_1_378' title='bbox 2852 1224 3329 1305; x_wconf 77' lang='lat' dir='ltr'><strong>Augustinus&#39;:</strong></span> 
     </span>
     <span class='ocr_line' id='line_1_56' title="bbox 1792 1329 3329 1414; baseline 0.004 -24"><span class='ocrx_word' id='word_1_379' title='bbox 1792 1352 1824 1390; x_wconf 76' lang='grc' dir='ltr'><em>α</em></span> <span class='ocrx_word' id='word_1_380' title='bbox 1856 1329 2296 1413; x_wconf 83' lang='lat' dir='ltr'><strong>Expalmatur,</strong></span> <span class='ocrx_word' id='word_1_381' title='bbox 2320 1331 2434 1414; x_wconf 88' lang='lat' dir='ltr'><strong>qui</strong></span> <span class='ocrx_word' id='word_1_382' title='bbox 2460 1336 2557 1395; x_wconf 87' lang='lat' dir='ltr'><strong>est</strong></span> <span class='ocrx_word' id='word_1_383' title='bbox 2584 1348 2740 1396; x_wconf 87' lang='lat' dir='ltr'><strong>vera</strong></span> <span class='ocrx_word' id='word_1_384' title='bbox 2772 1330 2985 1413; x_wconf 90' lang='lat' dir='ltr'><strong>palma</strong></span> <span class='ocrx_word' id='word_1_385' title='bbox 3010 1331 3329 1410; x_wconf 79' lang='lat' dir='ltr'><strong>victoriae3</strong></span> 
     </span>
     <span class='ocr_line' id='line_1_57' title="bbox 1788 1434 3335 1521; baseline 0.002 -22"><span class='ocrx_word' id='word_1_386' title='bbox 1788 1434 1996 1519; x_wconf 77' lang='lat' dir='ltr'><strong>spinis&#39;</strong></span> <span class='ocrx_word' id='word_1_387' title='bbox 2041 1442 2384 1503; x_wconf 87' lang='lat' dir='ltr'><strong>coronatur</strong></span> <span class='ocrx_word' id='word_1_388' title='bbox 2407 1485 2431 1517; x_wconf 90' lang='lat'><strong>,</strong></span> <span class='ocrx_word' id='word_1_389' title='bbox 2481 1436 2594 1520; x_wconf 87' lang='lat' dir='ltr'><strong>qui</strong></span> <span class='ocrx_word' id='word_1_390' title='bbox 2642 1436 2875 1521; x_wconf 77' lang='lat' dir='ltr'><strong>spinas</strong></span> <span class='ocrx_word' id='word_1_391' title='bbox 2935 1441 3335 1519; x_wconf 88' lang='lat' dir='ltr'><strong>peccatorum</strong></span> 
     </span>
     <span class='ocr_line' id='line_1_58' title="bbox 1789 1544 2482 1626; baseline -0.004 -18"><span class='ocrx_word' id='word_1_392' title='bbox 1789 1544 1967 1608; x_wconf 88' lang='lat' dir='ltr'><strong>venit</strong></span> <span class='ocrx_word' id='word_1_393' title='bbox 1991 1544 2419 1626; x_wconf 81' lang='lat' dir='ltr'><strong>confringere.</strong></span> <span class='ocrx_word' id='word_1_394' title='bbox 2450 1566 2482 1605; x_wconf 71' lang='grc' dir='ltr'><strong>ι)</strong></span> 
     </span>
    </p>

    <p class='ocr_par' dir='ltr' id='par_1_10' title="bbox 1791 1651 3390 4939">
     <span class='ocr_line' id='line_1_59' title="bbox 1870 1651 3390 1719; baseline 0 -4"><span class='ocrx_word' id='word_1_395' title='bbox 1870 1651 1957 1716; x_wconf 92' lang='lat' dir='ltr'><strong>De</strong></span> <span class='ocrx_word' id='word_1_396' title='bbox 1983 1653 2262 1717; x_wconf 90' lang='lat' dir='ltr'><strong>secundo</strong></span> <span class='ocrx_word' id='word_1_397' title='bbox 2288 1653 2334 1693; x_wconf 86' lang='lat'><strong>¹⁰</strong></span> <span class='ocrx_word' id='word_1_398' title='bbox 2370 1672 2385 1712; x_wconf 73' lang='grc' dir='ltr'>ε</span> <span class='ocrx_word' id='word_1_399' title='bbox 2428 1674 2460 1712; x_wconf 79' lang='lat'><strong>&lt;1</strong></span> <span class='ocrx_word' id='word_1_400' title='bbox 2485 1651 2627 1717; x_wconf 86' lang='lat' dir='ltr'><strong>Filii</strong></span> <span class='ocrx_word' id='word_1_401' title='bbox 2676 1651 2868 1717; x_wconf 83' lang='lat' dir='ltr'><strong>Cinaei</strong></span> <span class='ocrx_word' id='word_1_402' title='bbox 2914 1652 3337 1719; x_wconf 84' lang='lat' dir='ltr'><strong>ascenderunt</strong></span> <span class='ocrx_word' id='word_1_403' title='bbox 3385 1710 3390 1715; x_wconf 88' lang='lat'><strong>.</strong></span> 
     </span>
     <span class='ocr_line' id='line_1_60' title="bbox 1791 1758 3334 1841; baseline 0.002 -19"><span class='ocrx_word' id='word_1_404' title='bbox 1791 1758 1869 1823; x_wconf 89' lang='lat' dir='ltr'><strong>de</strong></span> <span class='ocrx_word' id='word_1_405' title='bbox 1909 1759 2166 1823; x_wconf 84' lang='lat' dir='ltr'><strong>civitate</strong></span> <span class='ocrx_word' id='word_1_406' title='bbox 2185 1758 2546 1841; x_wconf 89' lang='lat' dir='ltr'><strong>palmarum</strong></span> <span class='ocrx_word' id='word_1_407' title='bbox 2574 1777 2725 1823; x_wconf 91' lang='lat' dir='ltr'><strong>cum</strong></span> <span class='ocrx_word' id='word_1_408' title='bbox 2752 1759 2899 1823; x_wconf 85' lang='lat' dir='ltr'><strong>filiis</strong></span> <span class='ocrx_word' id='word_1_409' title='bbox 2931 1758 3095 1824; x_wconf 85' lang='lat' dir='ltr'><strong>Juda</strong></span> <span class='ocrx_word' id='word_1_410' title='bbox 3119 1760 3190 1824; x_wconf 91' lang='lat' dir='ltr'><strong>in</strong></span> <span class='ocrx_word' id='word_1_411' title='bbox 3226 1761 3334 1825; x_wconf 89' lang='lat' dir='ltr'><strong>de-</strong></span> 
     </span>
     <span class='ocr_line' id='line_1_61' title="bbox 1791 1866 3331 1935; baseline -0.001 -3"><span class='ocrx_word' id='word_1_412' title='bbox 1791 1871 2037 1932; x_wconf 86' lang='lat' dir='ltr'><strong>sertum</strong></span> <span class='ocrx_word' id='word_1_413' title='bbox 2065 1867 2253 1931; x_wconf 87' lang='lat' dir='ltr'><strong>sortis</strong></span> <span class='ocrx_word' id='word_1_414' title='bbox 2274 1885 2523 1932; x_wconf 89' lang='lat' dir='ltr'><strong>eorum.</strong></span> <span class='ocrx_word' id='word_1_415' title='bbox 2561 1866 2856 1932; x_wconf 78' lang='lat' dir='ltr'><strong>»Cinaeus</strong></span> <span class='ocrx_word' id='word_1_416' title='bbox 2892 1867 3106 1935; x_wconf 80' lang='lat' dir='ltr'><strong>luctus</strong></span> <span class='ocrx_word' id='word_1_417' title='bbox 3137 1868 3331 1932; x_wconf 65' lang='lat' dir='ltr'><strong>inter-0</strong></span> 
     </span>
     <span class='ocr_line' id='line_1_62' title="bbox 1792 1973 3336 2058; baseline -0.001 -20"><span class='ocrx_word' id='word_1_418' title='bbox 1792 1978 2101 2058; x_wconf 86' lang='lat' dir='ltr'><strong>pretatur,</strong></span> <span class='ocrx_word' id='word_1_419' title='bbox 2130 1979 2193 2038; x_wconf 87' lang='lat' dir='ltr'><strong>et</strong></span> <span class='ocrx_word' id='word_1_420' title='bbox 2209 1975 2532 2055; x_wconf 83' lang='lat' dir='ltr'><strong>significat</strong></span> <span class='ocrx_word' id='word_1_421' title='bbox 2558 1975 2970 2056; x_wconf 85' lang='lat' dir='ltr'><strong>poenitentem</strong></span> <span class='ocrx_word' id='word_1_422' title='bbox 3001 1976 3043 2011; x_wconf 83' lang='lat'><strong>¹¹</strong></span> <span class='ocrx_word' id='word_1_423' title='bbox 3074 1996 3092 2039; x_wconf 77' lang='lat' dir='ltr'><strong>t</strong></span> <span class='ocrx_word' id='word_1_424' title='bbox 3123 1973 3336 2039; x_wconf 75' lang='lat' dir='ltr'><strong>«Beati</strong></span> 
     </span>
     <span class='ocr_line' id='line_1_63' title="bbox 1793 2079 3336 2164; baseline 0.003 -20"><span class='ocrx_word' id='word_1_425' title='bbox 1793 2081 1906 2163; x_wconf 85' lang='lat' dir='ltr'><strong>qui</strong></span> <span class='ocrx_word' id='word_1_426' title='bbox 1923 2080 2177 2162; x_wconf 88' lang='lat' dir='ltr'><strong>lugent.</strong></span> <span class='ocrx_word' id='word_1_427' title='bbox 2204 2102 2234 2140; x_wconf 75' lang='lat' dir='ltr'><strong>n</strong></span> <span class='ocrx_word' id='word_1_428' title='bbox 2256 2079 2288 2144; x_wconf 86' lang='lat' dir='ltr'>J</span> <span class='ocrx_word' id='word_1_429' title='bbox 2294 2081 2449 2145; x_wconf 90' lang='lat' dir='ltr'><strong>udas</strong></span> <span class='ocrx_word' id='word_1_430' title='bbox 2463 2081 2921 2164; x_wconf 85' lang='lat' dir='ltr'><strong>interpretatur</strong></span> <span class='ocrx_word' id='word_1_431' title='bbox 2939 2082 3336 2164; x_wconf 61' lang='lat' dir='ltr'><strong>glorificam,</strong></span> 
     </span>
     <span class='ocr_line' id='line_1_64' title="bbox 1792 2189 3339 2274; baseline 0 -21"><span class='ocrx_word' id='word_1_432' title='bbox 1792 2194 1856 2253; x_wconf 89' lang='lat' dir='ltr'><strong>et</strong></span> <span class='ocrx_word' id='word_1_433' title='bbox 1888 2189 2212 2270; x_wconf 87' lang='lat' dir='ltr'><strong>significat</strong></span> <span class='ocrx_word' id='word_1_434' title='bbox 2250 2189 2431 2253; x_wconf 89' lang='lat' dir='ltr'><strong>illum</strong></span> <span class='ocrx_word' id='word_1_435' title='bbox 2475 2190 2588 2273; x_wconf 89' lang='lat' dir='ltr'><strong>qui</strong></span> <span class='ocrx_word' id='word_1_436' title='bbox 2633 2190 2722 2253; x_wconf 84' lang='lat' dir='ltr'><strong>ait</strong></span> <span class='ocrx_word' id='word_1_437' title='bbox 2749 2190 2795 2230; x_wconf 80' lang='lat'><strong>¹²</strong></span> <span class='ocrx_word' id='word_1_438' title='bbox 2826 2208 2844 2252; x_wconf 74' lang='lat' dir='ltr'><strong>t</strong></span> <span class='ocrx_word' id='word_1_439' title='bbox 2883 2213 2915 2251; x_wconf 72' lang='lat' dir='ltr'><strong>a</strong></span> <span class='ocrx_word' id='word_1_440' title='bbox 2942 2191 3339 2274; x_wconf 84' lang='lat' dir='ltr'><strong>Quicumque</strong></span> 
     </span>
     <span class='ocr_line' id='line_1_65' title="bbox 1792 2296 3336 2381; baseline 0.001 -21"><span class='ocrx_word' id='word_1_441' title='bbox 1792 2296 2243 2361; x_wconf 84' lang='lat' dir='ltr'><strong>honorificabit</strong></span> <span class='ocrx_word' id='word_1_442' title='bbox 2270 2315 2374 2360; x_wconf 90' lang='lat' dir='ltr'><strong>me</strong></span> <span class='ocrx_word' id='word_1_443' title='bbox 2392 2345 2412 2376; x_wconf 90' lang='lat'>‚</span> <span class='ocrx_word' id='word_1_444' title='bbox 2457 2296 2828 2377; x_wconf 84' lang='lat' dir='ltr'><strong>glorificabo</strong></span> <span class='ocrx_word' id='word_1_445' title='bbox 2854 2316 3040 2376; x_wconf 91' lang='lat' dir='ltr'><strong>eum;</strong></span> <span class='ocrx_word' id='word_1_446' title='bbox 3070 2298 3186 2381; x_wconf 86' lang='lat' dir='ltr'><strong>qui</strong></span> <span class='ocrx_word' id='word_1_447' title='bbox 3216 2316 3336 2362; x_wconf 84' lang='lat' dir='ltr'><strong>au-</strong></span> 
     </span>
     <span class='ocr_line' id='line_1_66' title="bbox 1793 2402 3339 2484; baseline 0.001 -17"><span class='ocrx_word' id='word_1_448' title='bbox 1793 2407 1923 2467; x_wconf 88' lang='lat' dir='ltr'><strong>tem</strong></span> <span class='ocrx_word' id='word_1_449' title='bbox 1952 2406 2373 2467; x_wconf 86' lang='lat' dir='ltr'><strong>contemnunt</strong></span> <span class='ocrx_word' id='word_1_450' title='bbox 2397 2420 2501 2467; x_wconf 92' lang='lat' dir='ltr'><strong>me</strong></span> <span class='ocrx_word' id='word_1_451' title='bbox 2529 2408 2721 2467; x_wconf 87' lang='lat' dir='ltr'><strong>erunt</strong></span> <span class='ocrx_word' id='word_1_452' title='bbox 2746 2403 3085 2484; x_wconf 87' lang='lat' dir='ltr'><strong>ignobiles.</strong></span> <span class='ocrx_word' id='word_1_453' title='bbox 3112 2426 3145 2464; x_wconf 72' lang='grc' dir='ltr'><strong>ι)</strong></span> <span class='ocrx_word' id='word_1_454' title='bbox 3180 2402 3339 2470; x_wconf 81' lang='lat' dir='ltr'><strong>Vere</strong></span> 
     </span>
     <span class='ocr_line' id='line_1_67' title="bbox 1793 2508 3339 2593; baseline 0.001 -19"><span class='ocrx_word' id='word_1_455' title='bbox 1793 2511 2121 2591; x_wconf 87' lang='lat' dir='ltr'><strong>ignobilis,</strong></span> <span class='ocrx_word' id='word_1_456' title='bbox 2153 2514 2338 2593; x_wconf 86' lang='lat' dir='ltr'><strong>cujus</strong></span> <span class='ocrx_word' id='word_1_457' title='bbox 2361 2513 2542 2593; x_wconf 85' lang='lat' dir='ltr'><strong>pater</strong></span> <span class='ocrx_word' id='word_1_458' title='bbox 2559 2508 2844 2574; x_wconf 87' lang='lat' dir='ltr'><strong>diabolus</strong></span> <span class='ocrx_word' id='word_1_459' title='bbox 2870 2516 2987 2576; x_wconf 88' lang='lat' dir='ltr'><strong>est.</strong></span> <span class='ocrx_word' id='word_1_460' title='bbox 3017 2510 3160 2576; x_wconf 87' lang='lat' dir='ltr'><strong>Filii</strong></span> <span class='ocrx_word' id='word_1_461' title='bbox 3182 2530 3339 2593; x_wconf 85' lang='lat' dir='ltr'><strong>ergo</strong></span> 
     </span>
     <span class='ocr_line' id='line_1_68' title="bbox 1793 2616 3341 2700; baseline 0.001 -18"><span class='ocrx_word' id='word_1_462' title='bbox 1793 2616 1961 2683; x_wconf 86' lang='lat' dir='ltr'><strong>Juda</strong></span> <span class='ocrx_word' id='word_1_463' title='bbox 1990 2618 2209 2700; x_wconf 87' lang='lat' dir='ltr'><strong>angeli</strong></span> <span class='ocrx_word' id='word_1_464' title='bbox 2239 2622 2409 2682; x_wconf 89' lang='lat' dir='ltr'><strong>sunt.</strong></span> <span class='ocrx_word' id='word_1_465' title='bbox 2438 2617 2767 2682; x_wconf 88' lang='lat' dir='ltr'><strong>Desertum</strong></span> <span class='ocrx_word' id='word_1_466' title='bbox 2786 2619 2974 2682; x_wconf 87' lang='lat' dir='ltr'><strong>sortis</strong></span> <span class='ocrx_word' id='word_1_467' title='bbox 2995 2636 3217 2682; x_wconf 90' lang='lat' dir='ltr'><strong>eorum</strong></span> <span class='ocrx_word' id='word_1_468' title='bbox 3245 2626 3341 2683; x_wconf 87' lang='lat' dir='ltr'><strong>est</strong></span> 
     </span>
     <span class='ocr_line' id='line_1_69' title="bbox 1792 2726 3339 2810; baseline 0 -19"><span class='ocrx_word' id='word_1_469' title='bbox 1792 2745 2075 2809; x_wconf 90' lang='lat' dir='ltr'><strong>regnum</strong></span> <span class='ocrx_word' id='word_1_470' title='bbox 2102 2728 2431 2807; x_wconf 65' lang='lat' dir='ltr'><strong>melorum,</strong></span> <span class='ocrx_word' id='word_1_471' title='bbox 2454 2726 2576 2791; x_wconf 90' lang='lat' dir='ltr'><strong>hoc</strong></span> <span class='ocrx_word' id='word_1_472' title='bbox 2601 2731 2696 2791; x_wconf 87' lang='lat' dir='ltr'><strong>est</strong></span> <span class='ocrx_word' id='word_1_473' title='bbox 2720 2727 3064 2805; x_wconf 86' lang='lat' dir='ltr'><strong>desertum,</strong></span> <span class='ocrx_word' id='word_1_474' title='bbox 3095 2727 3163 2791; x_wconf 93' lang='lat' dir='ltr'><strong>in</strong></span> <span class='ocrx_word' id='word_1_475' title='bbox 3211 2745 3339 2810; x_wconf 86' lang='lat' dir='ltr'><strong>quo</strong></span> 
     </span>
     <span class='ocr_line' id='line_1_70' title="bbox 1794 2835 3341 2917; baseline 0.001 -17"><span class='ocrx_word' id='word_1_476' title='bbox 1794 2837 2151 2917; x_wconf 84' lang='lat' dir='ltr'><strong>nonaginta</strong></span> <span class='ocrx_word' id='word_1_477' title='bbox 2175 2854 2409 2900; x_wconf 82' lang='lat' dir='ltr'><strong>novem</strong></span> <span class='ocrx_word' id='word_1_478' title='bbox 2424 2853 2600 2915; x_wconf 83' lang='lat' dir='ltr'><strong>oves,</strong></span> <span class='ocrx_word' id='word_1_479' title='bbox 2619 2836 2684 2901; x_wconf 91' lang='lat' dir='ltr'><strong>id</strong></span> <span class='ocrx_word' id='word_1_480' title='bbox 2698 2839 2813 2915; x_wconf 88' lang='lat' dir='ltr'><strong>est,</strong></span> <span class='ocrx_word' id='word_1_481' title='bbox 2838 2853 3072 2901; x_wconf 90' lang='lat' dir='ltr'><strong>novem</strong></span> <span class='ocrx_word' id='word_1_482' title='bbox 3086 2835 3341 2901; x_wconf 85' lang='lat' dir='ltr'><strong>ordines</strong></span> 
     </span>
     <span class='ocr_line' id='line_1_71' title="bbox 1795 2942 3339 3024; baseline -0.001 -17"><span class='ocrx_word' id='word_1_483' title='bbox 1795 2942 2185 3024; x_wconf 86' lang='lat' dir='ltr'><strong>angelorum</strong></span> <span class='ocrx_word' id='word_1_484' title='bbox 2218 2943 2650 3019; x_wconf 87' lang='lat' dir='ltr'><strong>dimittuntur,</strong></span> <span class='ocrx_word' id='word_1_485' title='bbox 2671 2942 2831 3008; x_wconf 90' lang='lat' dir='ltr'><strong>sicut</strong></span> <span class='ocrx_word' id='word_1_486' title='bbox 2860 2943 3088 3008; x_wconf 88' lang='lat' dir='ltr'><strong>dicitur</strong></span> <span class='ocrx_word' id='word_1_487' title='bbox 3113 2943 3177 3007; x_wconf 82' lang='lat'><strong>¹⁸.</strong></span> <span class='ocrx_word' id='word_1_488' title='bbox 3199 2942 3339 3008; x_wconf 86' lang='lat' dir='ltr'><strong>Filii</strong></span> 
     </span>
     <span class='ocr_line' id='line_1_72' title="bbox 1795 3049 3338 3134; baseline 0 -20"><span class='ocrx_word' id='word_1_489' title='bbox 1795 3068 1956 3132; x_wconf 89' lang='lat' dir='ltr'><strong>ergo</strong></span> <span class='ocrx_word' id='word_1_490' title='bbox 2007 3049 2201 3115; x_wconf 84' lang='lat' dir='ltr'><strong>Cinaei</strong></span> <span class='ocrx_word' id='word_1_491' title='bbox 2220 3099 2242 3130; x_wconf 90' lang='lat'><strong>,</strong></span> <span class='ocrx_word' id='word_1_492' title='bbox 2274 3051 2342 3115; x_wconf 91' lang='lat' dir='ltr'><strong>id</strong></span> <span class='ocrx_word' id='word_1_493' title='bbox 2384 3056 2482 3115; x_wconf 88' lang='lat' dir='ltr'><strong>est</strong></span> <span class='ocrx_word' id='word_1_494' title='bbox 2529 3050 2823 3132; x_wconf 85' lang='lat' dir='ltr'><strong>lugentes</strong></span> <span class='ocrx_word' id='word_1_495' title='bbox 2877 3069 2995 3133; x_wconf 89' lang='lat' dir='ltr'><strong>pro</strong></span> <span class='ocrx_word' id='word_1_496' title='bbox 3047 3051 3338 3134; x_wconf 86' lang='lat' dir='ltr'><strong>peccatis,</strong></span> 
     </span>
     <span class='ocr_line' id='line_1_73' title="bbox 1796 3157 3339 3239; baseline 0.001 -18"><span class='ocrx_word' id='word_1_497' title='bbox 1796 3157 2146 3223; x_wconf 89' lang='lat' dir='ltr'><strong>ascendunt</strong></span> <span class='ocrx_word' id='word_1_498' title='bbox 2180 3160 2248 3223; x_wconf 93' lang='lat' dir='ltr'><strong>in</strong></span> <span class='ocrx_word' id='word_1_499' title='bbox 2291 3164 2576 3224; x_wconf 89' lang='lat' dir='ltr'><strong>montem</strong></span> <span class='ocrx_word' id='word_1_500' title='bbox 2622 3176 2772 3223; x_wconf 87' lang='lat' dir='ltr'><strong>cum</strong></span> <span class='ocrx_word' id='word_1_501' title='bbox 2801 3158 2949 3222; x_wconf 85' lang='lat' dir='ltr'><strong>filiis</strong></span> <span class='ocrx_word' id='word_1_502' title='bbox 2974 3158 3161 3239; x_wconf 72' lang='lat' dir='ltr'><strong>luda,</strong></span> <span class='ocrx_word' id='word_1_503' title='bbox 3190 3178 3339 3224; x_wconf 91' lang='lat' dir='ltr'><strong>cum</strong></span> 
     </span>
     <span class='ocr_line' id='line_1_74' title="bbox 1796 3266 3336 3350; baseline 0 -19"><span class='ocrx_word' id='word_1_504' title='bbox 1796 3267 2049 3348; x_wconf 88' lang='lat' dir='ltr'><strong>angelis</strong></span> <span class='ocrx_word' id='word_1_505' title='bbox 2076 3267 2246 3350; x_wconf 88' lang='lat' dir='ltr'><strong>ipsos</strong></span> <span class='ocrx_word' id='word_1_506' title='bbox 2280 3268 2661 3335; x_wconf 85' lang='lat' dir='ltr'><strong>ducentibus</strong></span> <span class='ocrx_word' id='word_1_507' title='bbox 2702 3266 2771 3329; x_wconf 91' lang='lat' dir='ltr'><strong>in</strong></span> <span class='ocrx_word' id='word_1_508' title='bbox 2814 3271 3049 3331; x_wconf 84' lang='lat' dir='ltr'><strong>sortem</strong></span> <span class='ocrx_word' id='word_1_509' title='bbox 3088 3286 3336 3345; x_wconf 88' lang='lat' dir='ltr'><strong>eorum,</strong></span> 
     </span>
     <span class='ocr_line' id='line_1_75' title="bbox 1796 3374 3335 3457; baseline 0.001 -19"><span class='ocrx_word' id='word_1_510' title='bbox 1796 3376 1862 3440; x_wconf 89' lang='lat' dir='ltr'><strong>id</strong></span> <span class='ocrx_word' id='word_1_511' title='bbox 1881 3376 2061 3440; x_wconf 87' lang='lat' dir='ltr'><strong>estin</strong></span> <span class='ocrx_word' id='word_1_512' title='bbox 2087 3375 2341 3441; x_wconf 89' lang='lat' dir='ltr'><strong>ordines</strong></span> <span class='ocrx_word' id='word_1_513' title='bbox 2367 3375 2770 3457; x_wconf 87' lang='lat' dir='ltr'><strong>angelorum.</strong></span> <span class='ocrx_word' id='word_1_514' title='bbox 2792 3374 3222 3457; x_wconf 83' lang='lat' dir='ltr'><strong>Hieronymus</strong></span> <span class='ocrx_word' id='word_1_515' title='bbox 3246 3376 3291 3411; x_wconf 71' lang='lat'><strong>¹⁸</strong></span> <span class='ocrx_word' id='word_1_516' title='bbox 3319 3398 3335 3440; x_wconf 72' lang='grc' dir='ltr'><em>τ</em></span> 
     </span>
     <span class='ocr_line' id='line_1_76' title="bbox 1805 3481 3339 3565; baseline 0.001 -22"><span class='ocrx_word' id='word_1_517' title='bbox 1805 3506 1837 3543; x_wconf 72' lang='grc' dir='ltr'>α</span> <span class='ocrx_word' id='word_1_518' title='bbox 1862 3482 2173 3564; x_wconf 88' lang='lat' dir='ltr'><strong>Legimus</strong></span> <span class='ocrx_word' id='word_1_519' title='bbox 2225 3500 2532 3565; x_wconf 87' lang='lat' dir='ltr'><strong>perquam</strong></span> <span class='ocrx_word' id='word_1_520' title='bbox 2574 3500 2745 3565; x_wconf 79' lang='lat' dir='ltr'><strong>saepe</strong></span> <span class='ocrx_word' id='word_1_521' title='bbox 2791 3481 3057 3562; x_wconf 85' lang='lat' dir='ltr'><strong>angelos</strong></span> <span class='ocrx_word' id='word_1_522' title='bbox 3093 3482 3339 3545; x_wconf 86' lang='lat' dir='ltr'><strong>animas</strong></span> 
     </span>
     <span class='ocr_line' id='line_1_77' title="bbox 1797 3588 3338 3673; baseline -0.001 -18"><span class='ocrx_word' id='word_1_523' title='bbox 1797 3590 2141 3661; x_wconf 83' lang='lat' dir='ltr'><strong>electorum</strong></span> <span class='ocrx_word' id='word_1_524' title='bbox 2166 3589 2672 3673; x_wconf 83' lang='lat' dir='ltr'><strong>usqueadcoelos</strong></span> <span class='ocrx_word' id='word_1_525' title='bbox 2694 3607 2843 3653; x_wconf 90' lang='lat' dir='ltr'><strong>cum</strong></span> <span class='ocrx_word' id='word_1_526' title='bbox 2871 3588 3130 3672; x_wconf 86' lang='lat' dir='ltr'><strong>hymnis</strong></span> <span class='ocrx_word' id='word_1_527' title='bbox 3147 3594 3338 3673; x_wconf 89' lang='lat' dir='ltr'><strong>atque</strong></span> 
     </span>
     <span class='ocr_line' id='line_1_78' title="bbox 1796 3695 3342 3778; baseline -0.001 -15"><span class='ocrx_word' id='word_1_528' title='bbox 1796 3698 2090 3763; x_wconf 89' lang='lat' dir='ltr'><strong>laudibus</strong></span> <span class='ocrx_word' id='word_1_529' title='bbox 2114 3698 2434 3763; x_wconf 86' lang='lat' dir='ltr'><strong>detulisse.</strong></span> <span class='ocrx_word' id='word_1_530' title='bbox 2459 3717 2490 3756; x_wconf 69' lang='grc' dir='ltr'><strong>ι)</strong></span> <span class='ocrx_word' id='word_1_531' title='bbox 2526 3695 2852 3761; x_wconf 87' lang='lat' dir='ltr'><strong>Fiduciam</strong></span> <span class='ocrx_word' id='word_1_532' title='bbox 2893 3714 3054 3777; x_wconf 92' lang='lat' dir='ltr'><strong>ergo</strong></span> <span class='ocrx_word' id='word_1_533' title='bbox 3092 3696 3342 3778; x_wconf 86' lang='lat' dir='ltr'><strong>angelis</strong></span> 
     </span>
     <span class='ocr_line' id='line_1_79' title="bbox 1798 3803 3339 3887; baseline -0.001 -18"><span class='ocrx_word' id='word_1_534' title='bbox 1798 3804 2174 3870; x_wconf 86' lang='lat' dir='ltr'><strong>ascendendi</strong></span> <span class='ocrx_word' id='word_1_535' title='bbox 2203 3805 2270 3868; x_wconf 90' lang='lat' dir='ltr'><strong>in</strong></span> <span class='ocrx_word' id='word_1_536' title='bbox 2292 3808 2576 3868; x_wconf 87' lang='lat' dir='ltr'><strong>montem</strong></span> <span class='ocrx_word' id='word_1_537' title='bbox 2605 3803 2891 3879; x_wconf 79' lang='lat' dir='ltr'><strong>habebiS‚</strong></span> <span class='ocrx_word' id='word_1_538' title='bbox 2929 3803 2984 3867; x_wconf 88' lang='lat' dir='ltr'><strong>si</strong></span> <span class='ocrx_word' id='word_1_539' title='bbox 3025 3803 3104 3869; x_wconf 89' lang='lat' dir='ltr'><strong>de</strong></span> <span class='ocrx_word' id='word_1_540' title='bbox 3129 3805 3339 3887; x_wconf 84' lang='lat' dir='ltr'><strong>palma</strong></span> 
     </span>
     <span class='ocr_line' id='line_1_80' title="bbox 1798 3909 3340 3993; baseline -0.001 -16"><span class='ocrx_word' id='word_1_541' title='bbox 1798 3912 2081 3977; x_wconf 69' lang='lat' dir='ltr'><strong>victoriae</strong></span> <span class='ocrx_word' id='word_1_542' title='bbox 2143 3915 2208 3975; x_wconf 90' lang='lat' dir='ltr'><strong>et</strong></span> <span class='ocrx_word' id='word_1_543' title='bbox 2271 3910 2762 3993; x_wconf 68' lang='lat' dir='ltr'><strong>perseverantiae</strong></span> <span class='ocrx_word' id='word_1_544' title='bbox 2828 3910 3103 3975; x_wconf 89' lang='lat' dir='ltr'><strong>veneris.</strong></span> <span class='ocrx_word' id='word_1_545' title='bbox 3162 3909 3340 3976; x_wconf 89' lang='lat' dir='ltr'><strong>Unde</strong></span> 
     </span>
     <span class='ocr_line' id='line_1_81' title="bbox 1800 4015 3341 4099; baseline -0.001 -17"><span class='ocrx_word' id='word_1_546' title='bbox 1800 4018 1962 4082; x_wconf 90' lang='lat' dir='ltr'><strong>bene</strong></span> <span class='ocrx_word' id='word_1_547' title='bbox 2002 4017 2243 4098; x_wconf 88' lang='lat' dir='ltr'><strong>legitur</strong></span> <span class='ocrx_word' id='word_1_548' title='bbox 2296 4016 2339 4053; x_wconf 85' lang='lat'><strong>¹⁸</strong></span> <span class='ocrx_word' id='word_1_549' title='bbox 2393 4016 2565 4099; x_wconf 89' lang='lat' dir='ltr'><strong>quod</strong></span> <span class='ocrx_word' id='word_1_550' title='bbox 2635 4015 2934 4080; x_wconf 90' lang='lat' dir='ltr'><strong>Salomon</strong></span> <span class='ocrx_word' id='word_1_551' title='bbox 2990 4039 3021 4077; x_wconf 79' lang='grc' dir='ltr'>α</span> <span class='ocrx_word' id='word_1_552' title='bbox 3046 4017 3115 4080; x_wconf 91' lang='lat' dir='ltr'><strong>in</strong></span> <span class='ocrx_word' id='word_1_553' title='bbox 3163 4018 3341 4081; x_wconf 86' lang='lat' dir='ltr'><strong>ostiis</strong></span> 
     </span>
     <span class='ocr_line' id='line_1_82' title="bbox 1798 4122 3340 4207; baseline 0.001 -19"><span class='ocrx_word' id='word_1_554' title='bbox 1798 4124 2018 4207; x_wconf 90' lang='lat' dir='ltr'><strong>templi</strong></span> <span class='ocrx_word' id='word_1_555' title='bbox 2051 4122 2315 4206; x_wconf 87' lang='lat' dir='ltr'><strong>sculpsit</strong></span> <span class='ocrx_word' id='word_1_556' title='bbox 2349 4122 2717 4202; x_wconf 84' lang='lat' dir='ltr'><strong>Cherubim,</strong></span> <span class='ocrx_word' id='word_1_557' title='bbox 2745 4144 2777 4183; x_wconf 72' lang='lat' dir='ltr'><strong>n</strong></span> <span class='ocrx_word' id='word_1_558' title='bbox 2814 4123 2878 4189; x_wconf 91' lang='lat' dir='ltr'><strong>id</strong></span> <span class='ocrx_word' id='word_1_559' title='bbox 2903 4126 2998 4187; x_wconf 90' lang='lat' dir='ltr'><strong>est</strong></span> <span class='ocrx_word' id='word_1_560' title='bbox 3041 4123 3340 4189; x_wconf 89' lang='lat' dir='ltr'><strong>similitu-</strong></span> 
     </span>
     <span class='ocr_line' id='line_1_83' title="bbox 1799 4230 3351 4316; baseline 0.001 -21"><span class='ocrx_word' id='word_1_561' title='bbox 1799 4231 1977 4295; x_wconf 88' lang='lat' dir='ltr'><strong>dines</strong></span> <span class='ocrx_word' id='word_1_562' title='bbox 2021 4230 2439 4312; x_wconf 85' lang='lat' dir='ltr'><strong>angelorum‚</strong></span> <span class='ocrx_word' id='word_1_563' title='bbox 2478 4253 2508 4289; x_wconf 77' lang='grc' dir='ltr'><strong>(ι</strong></span> <span class='ocrx_word' id='word_1_564' title='bbox 2536 4235 2599 4293; x_wconf 86' lang='lat' dir='ltr'><strong>et</strong></span> <span class='ocrx_word' id='word_1_565' title='bbox 2626 4230 2868 4312; x_wconf 88' lang='lat' dir='ltr'><strong>palmas</strong></span> <span class='ocrx_word' id='word_1_566' title='bbox 2898 4253 2913 4293; x_wconf 81' lang='lat' dir='ltr'><strong><em>z</em></strong></span> <span class='ocrx_word' id='word_1_567' title='bbox 2951 4252 2981 4292; x_wconf 75' lang='grc' dir='ltr'><strong>ι)</strong></span> <span class='ocrx_word' id='word_1_568' title='bbox 3013 4231 3077 4294; x_wconf 90' lang='lat' dir='ltr'><strong>in</strong></span> <span class='ocrx_word' id='word_1_569' title='bbox 3107 4250 3235 4316; x_wconf 88' lang='lat' dir='ltr'><strong>quo</strong></span> <span class='ocrx_word' id='word_1_570' title='bbox 3260 4233 3351 4296; x_wconf 88' lang='lat' dir='ltr'><strong>si-.</strong></span> 
     </span>
     <span class='ocr_line' id='line_1_84' title="bbox 1798 4336 3341 4421; baseline 0.001 -19"><span class='ocrx_word' id='word_1_571' title='bbox 1798 4339 2144 4420; x_wconf 85' lang='lat' dir='ltr'><strong>gnificatur</strong></span> <span class='ocrx_word' id='word_1_572' title='bbox 2186 4337 2358 4420; x_wconf 89' lang='lat' dir='ltr'><strong>quod</strong></span> <span class='ocrx_word' id='word_1_573' title='bbox 2397 4337 2632 4401; x_wconf 82' lang='lat' dir='ltr'><strong>ostium</strong></span> <span class='ocrx_word' id='word_1_574' title='bbox 2676 4337 2897 4420; x_wconf 88' lang='lat' dir='ltr'><strong>templi</strong></span> <span class='ocrx_word' id='word_1_575' title='bbox 2924 4336 3197 4402; x_wconf 88' lang='lat' dir='ltr'><strong>ccelestis</strong></span> <span class='ocrx_word' id='word_1_576' title='bbox 3225 4358 3341 4421; x_wconf 86' lang='lat' dir='ltr'><strong>per</strong></span> 
     </span>
     <span class='ocr_line' id='line_1_85' title="bbox 1799 4443 3338 4527; baseline 0.001 -18"><span class='ocrx_word' id='word_1_577' title='bbox 1799 4445 2064 4526; x_wconf 88' lang='lat' dir='ltr'><strong>angelos</strong></span> <span class='ocrx_word' id='word_1_578' title='bbox 2088 4449 2152 4509; x_wconf 88' lang='lat' dir='ltr'><strong>et</strong></span> <span class='ocrx_word' id='word_1_579' title='bbox 2177 4461 2292 4527; x_wconf 89' lang='lat' dir='ltr'><strong>per</strong></span> <span class='ocrx_word' id='word_1_580' title='bbox 2319 4443 2597 4527; x_wconf 89' lang='lat' dir='ltr'><strong>palmam</strong></span> <span class='ocrx_word' id='word_1_581' title='bbox 2627 4443 3001 4508; x_wconf 89' lang='lat' dir='ltr'><strong>intrandum</strong></span> <span class='ocrx_word' id='word_1_582' title='bbox 3036 4449 3152 4509; x_wconf 85' lang='lat' dir='ltr'><strong>est.</strong></span> <span class='ocrx_word' id='word_1_583' title='bbox 3184 4444 3303 4511; x_wconf 88' lang='lat' dir='ltr'><strong>Grc</strong></span> <span class='ocrx_word' id='word_1_584' title='bbox 3319 4482 3338 4496; x_wconf 89' lang='lat'><strong>·</strong></span> 
     </span>
     <span class='ocr_line' id='line_1_86' title="bbox 1799 4551 3342 4636; baseline 0 -19"><span class='ocrx_word' id='word_1_585' title='bbox 1799 4553 2024 4636; x_wconf 90' lang='lat' dir='ltr'><strong>gorius</strong></span> <span class='ocrx_word' id='word_1_586' title='bbox 2051 4554 2097 4593; x_wconf 79' lang='lat'><strong>¹⁸</strong></span> <span class='ocrx_word' id='word_1_587' title='bbox 2128 4570 2145 4617; x_wconf 76' lang='lat' dir='ltr'><em>z</em></span> <span class='ocrx_word' id='word_1_588' title='bbox 2190 4576 2220 4614; x_wconf 73' lang='grc' dir='ltr'><strong>α</strong></span> <span class='ocrx_word' id='word_1_589' title='bbox 2249 4554 2296 4618; x_wconf 85' lang='grc' dir='ltr'><strong>Ο</strong></span> <span class='ocrx_word' id='word_1_590' title='bbox 2329 4552 2484 4617; x_wconf 84' lang='lat' dir='ltr'><strong>felix</strong></span> <span class='ocrx_word' id='word_1_591' title='bbox 2508 4551 2797 4630; x_wconf 88' lang='lat' dir='ltr'><strong>victoria,</strong></span> <span class='ocrx_word' id='word_1_592' title='bbox 2829 4570 2945 4633; x_wconf 89' lang='lat' dir='ltr'><strong>per</strong></span> <span class='ocrx_word' id='word_1_593' title='bbox 2973 4571 3169 4635; x_wconf 85' lang='lat' dir='ltr'><strong>quam</strong></span> <span class='ocrx_word' id='word_1_594' title='bbox 3196 4553 3342 4618; x_wconf 87' lang='lat' dir='ltr'><strong>talis</strong></span> 
     </span>
     <span class='ocr_line' id='line_1_87' title="bbox 1798 4658 3337 4725; baseline 0 -1"><span class='ocrx_word' id='word_1_595' title='bbox 1798 4660 1869 4724; x_wconf 89' lang='lat' dir='ltr'><strong>in</strong></span> <span class='ocrx_word' id='word_1_596' title='bbox 1915 4664 2120 4724; x_wconf 88' lang='lat' dir='ltr'><strong>morte</strong></span> <span class='ocrx_word' id='word_1_597' title='bbox 2162 4660 2435 4724; x_wconf 86' lang='lat' dir='ltr'><strong>habetur</strong></span> <span class='ocrx_word' id='word_1_598' title='bbox 2462 4659 2717 4723; x_wconf 86' lang='lat' dir='ltr'><strong>fiducia.</strong></span> <span class='ocrx_word' id='word_1_599' title='bbox 2748 4681 2778 4719; x_wconf 72' lang='lat' dir='ltr'><strong>a</strong></span> <span class='ocrx_word' id='word_1_600' title='bbox 2819 4658 2994 4723; x_wconf 86' lang='lat' dir='ltr'><strong>Idem</strong></span> <span class='ocrx_word' id='word_1_601' title='bbox 3021 4658 3061 4696; x_wconf 81' lang='lat'><strong>¹⁷</strong></span> <span class='ocrx_word' id='word_1_602' title='bbox 3097 4678 3114 4725; x_wconf 72' lang='grc' dir='ltr'>ε</span> <span class='ocrx_word' id='word_1_603' title='bbox 3155 4683 3184 4722; x_wconf 79' lang='grc' dir='ltr'>α</span> <span class='ocrx_word' id='word_1_604' title='bbox 3210 4660 3337 4724; x_wconf 80' lang='lat' dir='ltr'><strong>Ini·</strong></span> 
     </span>
     <span class='ocr_line' id='line_1_88' title="bbox 1799 4765 3342 4833; baseline -0.001 -1"><span class='ocrx_word' id='word_1_605' title='bbox 1799 4766 1962 4832; x_wconf 88' lang='lat' dir='ltr'><strong>tium</strong></span> <span class='ocrx_word' id='word_1_606' title='bbox 2023 4765 2450 4833; x_wconf 83' lang='lat' dir='ltr'><strong>tribulationis</strong></span> <span class='ocrx_word' id='word_1_607' title='bbox 2500 4771 2596 4831; x_wconf 85' lang='lat' dir='ltr'><strong>est</strong></span> <span class='ocrx_word' id='word_1_608' title='bbox 2647 4767 2716 4831; x_wconf 89' lang='lat' dir='ltr'><strong>in</strong></span> <span class='ocrx_word' id='word_1_609' title='bbox 2769 4765 2996 4832; x_wconf 90' lang='lat' dir='ltr'><strong>habitu</strong></span> <span class='ocrx_word' id='word_1_610' title='bbox 3038 4767 3342 4832; x_wconf 84' lang='lat' dir='ltr'><strong>securitas</strong></span> 
     </span>
     <span class='ocr_line' id='line_1_89' title="bbox 1801 4875 2115 4939; baseline -0.016 0"><span class='ocrx_word' id='word_1_611' title='bbox 1801 4875 2052 4939; x_wconf 86' lang='lat' dir='ltr'><strong>mentis.</strong></span> <span class='ocrx_word' id='word_1_612' title='bbox 2084 4896 2115 4933; x_wconf 81' lang='lat'>»</span> 
     </span>
    </p>

    <p class='ocr_par' dir='ltr' id='par_1_11' title="bbox 1802 4978 3399 5348">
     <span class='ocr_line' id='line_1_90' title="bbox 1883 4978 3343 5062; baseline 0.001 -15"><span class='ocrx_word' id='word_1_613' title='bbox 1883 4982 1969 5047; x_wconf 90' lang='lat' dir='ltr'><strong>De</strong></span> <span class='ocrx_word' id='word_1_614' title='bbox 2002 4980 2188 5046; x_wconf 85' lang='lat' dir='ltr'><strong>tertio</strong></span> <span class='ocrx_word' id='word_1_615' title='bbox 2214 4984 2261 5022; x_wconf 78' lang='lat'><strong>¹⁸</strong></span> <span class='ocrx_word' id='word_1_616' title='bbox 2292 5001 2306 5043; x_wconf 75' lang='grc' dir='ltr'><strong><em>ε</em></strong></span> <span class='ocrx_word' id='word_1_617' title='bbox 2343 4978 2640 5044; x_wconf 74' lang='lat' dir='ltr'><strong>«Iudices</strong></span> <span class='ocrx_word' id='word_1_618' title='bbox 2681 4998 2874 5062; x_wconf 89' lang='lat' dir='ltr'><strong>quem</strong></span> <span class='ocrx_word' id='word_1_619' title='bbox 2911 4980 3163 5062; x_wconf 86' lang='lat' dir='ltr'><strong>justum</strong></span> <span class='ocrx_word' id='word_1_620' title='bbox 3206 4999 3343 5050; x_wconf 88' lang='lat' dir='ltr'><strong>esse</strong></span> 
     </span>
     <span class='ocr_line' id='line_1_91' title="bbox 1804 5128 3399 5205; baseline 0.002 -14"><span class='ocrx_word' id='word_1_621' title='bbox 1804 5138 2696 5203; x_wconf 75' lang='lat' dir='ltr'><strong>-·1&#39;.⁰Judc‚116-·¹.,Mauh</strong></span> <span class='ocrx_word' id='word_1_622' title='bbox 2727 5151 2776 5203; x_wconf 69' lang='lat' dir='ltr'><strong>t,</strong></span> <span class='ocrx_word' id='word_1_623' title='bbox 2811 5142 2856 5191; x_wconf 82' lang='lat'><strong>5.</strong></span> <span class='ocrx_word' id='word_1_624' title='bbox 2890 5139 3340 5205; x_wconf 72' lang='lat' dir='ltr'><strong>-121Re9„111</strong></span> <span class='ocrx_word' id='word_1_625' title='bbox 3394 5128 3399 5135; x_wconf 52' lang='lat'><strong>⁴</strong></span> 
     </span>
     <span class='ocr_line' id='line_1_92' title="bbox 1802 5210 3341 5281; baseline 0.001 -18"><span class='ocrx_word' id='word_1_626' title='bbox 1802 5217 1972 5265; x_wconf 85' lang='grc'><strong>30.-</strong></span> <span class='ocrx_word' id='word_1_627' title='bbox 1993 5213 2036 5247; x_wconf 77' lang='grc'><strong>11</strong></span> <span class='ocrx_word' id='word_1_628' title='bbox 2062 5212 2200 5274; x_wconf 61' lang='lat' dir='ltr'><strong>Luc„</strong></span> <span class='ocrx_word' id='word_1_629' title='bbox 2240 5222 2336 5273; x_wconf 67' lang='grc' dir='ltr'><strong>κν,</strong></span> <span class='ocrx_word' id='word_1_630' title='bbox 2363 5213 2410 5259; x_wconf 78' lang='lat'><strong>4.</strong></span> <span class='ocrx_word' id='word_1_631' title='bbox 2440 5210 2574 5248; x_wconf 87' lang='grc'><strong>-1</strong></span> <span class='ocrx_word' id='word_1_632' title='bbox 2594 5210 2805 5261; x_wconf 84' lang='lat' dir='ltr'><strong>Hieron.</strong></span> <span class='ocrx_word' id='word_1_633' title='bbox 2833 5237 2894 5247; x_wconf 93' lang='lat'><em>-</em></span> <span class='ocrx_word' id='word_1_634' title='bbox 2918 5211 3052 5261; x_wconf 84' lang='lat' dir='ltr'><strong>¹⁸lll</strong></span> <span class='ocrx_word' id='word_1_635' title='bbox 3083 5212 3230 5277; x_wconf 65' lang='lat' dir='ltr'><strong>Ray„</strong></span> <span class='ocrx_word' id='word_1_636' title='bbox 3258 5227 3341 5281; x_wconf 73' lang='lat' dir='ltr'><strong>vi,</strong></span> 
     </span>
     <span class='ocr_line' id='line_1_93' title="bbox 1802 5250 3341 5351; baseline 0.001 -15"><span class='ocrx_word' id='word_1_637' title='bbox 1802 5287 1964 5336; x_wconf 81' lang='lat'><strong>23.—</strong></span> <span class='ocrx_word' id='word_1_638' title='bbox 1980 5283 2023 5318; x_wconf 82' lang='lat'><strong>¹⁸</strong></span> <span class='ocrx_word' id='word_1_639' title='bbox 2047 5285 2201 5348; x_wconf 85' lang='lat' dir='ltr'><strong>Greg.</strong></span> <span class='ocrx_word' id='word_1_640' title='bbox 2235 5308 2289 5319; x_wconf 89' lang='lat'><em>-</em></span> <span class='ocrx_word' id='word_1_641' title='bbox 2320 5279 2363 5316; x_wconf 75' lang='lat'><strong>¹⁹</strong></span> <span class='ocrx_word' id='word_1_642' title='bbox 2392 5280 2492 5344; x_wconf 71' lang='lat' dir='ltr'><strong>ld„</strong></span> <span class='ocrx_word' id='word_1_643' title='bbox 2520 5282 2725 5343; x_wconf 71' lang='lat' dir='ltr'><strong>Mor-al„</strong></span> <span class='ocrx_word' id='word_1_644' title='bbox 2750 5283 2838 5333; x_wconf 85' lang='lat' dir='ltr'><strong>lib.</strong></span> <span class='ocrx_word' id='word_1_645' title='bbox 2869 5282 2933 5346; x_wconf 90' lang='lat' dir='ltr'><strong>ll,</strong></span> <span class='ocrx_word' id='word_1_646' title='bbox 2955 5295 3002 5333; x_wconf 89' lang='lat' dir='ltr'><strong>c.</strong></span> <span class='ocrx_word' id='word_1_647' title='bbox 3022 5294 3145 5346; x_wconf 72' lang='lat'><strong>1111,</strong></span> <span class='ocrx_word' id='word_1_648' title='bbox 3172 5250 3237 5336; x_wconf 79' lang='lat' dir='ltr'><strong>al’.</strong></span> <span class='ocrx_word' id='word_1_649' title='bbox 3264 5298 3341 5351; x_wconf 76' lang='grc' dir='ltr'><strong>ιιι,</strong></span> 
     </span>
    </p>
   </div>
   <div class='ocr_carea' id='block_1_8' title="bbox 1801 5353 3339 5503">
    <p class='ocr_par' dir='ltr' id='par_1_12' title="bbox 1801 5353 3339 5492">
     <span class='ocr_line' id='line_1_94' title="bbox 1801 5353 3339 5426; baseline -0.001 -19"><span class='ocrx_word' id='word_1_650' title='bbox 1801 5370 1855 5407; x_wconf 89' lang='grc' dir='ltr'><strong>ιι.</strong></span> <span class='ocrx_word' id='word_1_651' title='bbox 1885 5358 1965 5419; x_wconf 75' lang='grc'><strong>22,</strong></span> <span class='ocrx_word' id='word_1_652' title='bbox 1994 5355 2166 5419; x_wconf 80' lang='lat' dir='ltr'><strong>quoad</strong></span> <span class='ocrx_word' id='word_1_653' title='bbox 2191 5366 2415 5405; x_wconf 85' lang='lat' dir='ltr'><strong>sensum.</strong></span> <span class='ocrx_word' id='word_1_654' title='bbox 2439 5378 2500 5391; x_wconf 86' lang='lat'><strong>--</strong></span> <span class='ocrx_word' id='word_1_655' title='bbox 2527 5354 2576 5390; x_wconf 75' lang='grc'><strong>11</strong></span> <span class='ocrx_word' id='word_1_656' title='bbox 2599 5353 2766 5418; x_wconf 65' lang='lat' dir='ltr'><strong>Dent„</strong></span> <span class='ocrx_word' id='word_1_657' title='bbox 2793 5367 2919 5418; x_wconf 82' lang='lat' dir='ltr'><strong>xxv,</strong></span> <span class='ocrx_word' id='word_1_658' title='bbox 2951 5359 2995 5404; x_wconf 85' lang='lat'><strong>1.</strong></span> <span class='ocrx_word' id='word_1_659' title='bbox 3032 5380 3094 5394; x_wconf 94' lang='lat'><em>-</em></span> <span class='ocrx_word' id='word_1_660' title='bbox 3130 5357 3339 5426; x_wconf 73' lang='lat' dir='ltr'><strong>(a)1aeq</strong></span> 
     </span>
     <span class='ocr_line' id='line_1_95' title="bbox 1804 5424 3204 5503; baseline 0.001 -25"><span class='ocrx_word' id='word_1_661' title='bbox 1804 5427 1978 5479; x_wconf 82' lang='lat' dir='ltr'><strong>etiam.</strong></span> <span class='ocrx_word' id='word_1_662' title='bbox 2004 5452 2069 5467; x_wconf 89' lang='lat'>-</span> <span class='ocrx_word' id='word_1_663' title='bbox 2097 5425 2166 5490; x_wconf 80' lang='lat' dir='ltr'><strong>(b)</strong></span> <span class='ocrx_word' id='word_1_664' title='bbox 2196 5427 2311 5490; x_wconf 76' lang='lat' dir='ltr'><strong>Leq.</strong></span> <span class='ocrx_word' id='word_1_665' title='bbox 2337 5424 2582 5476; x_wconf 83' lang='lat' dir='ltr'><strong>minimis.</strong></span> <span class='ocrx_word' id='word_1_666' title='bbox 2609 5450 2674 5465; x_wconf 89' lang='lat'><strong>-·</strong></span> <span class='ocrx_word' id='word_1_667' title='bbox 2702 5428 2759 5491; x_wconf 83' lang='lat' dir='ltr'><strong>(c)</strong></span> <span class='ocrx_word' id='word_1_668' title='bbox 2789 5427 3204 5503; x_wconf 69' lang='lat' dir='ltr'><strong>perseverantias.</strong></span> 
     </span>
    </p>
   </div>
  </div>
 </body>
</html>
