4059 6317
704 506 827 568 428

704 635 1147 716 damnationis,
1187 655 1318 720 qua
1361 636 1682 703 cruciatur
1721 636 1919 702 homo
1958 637 2246 720 peccator

703 744 775 810 in
800 744 959 825 igne
986 743 1279 808 infernali
1311 763 1330 807 z
1371 763 1519 827 quae
1542 747 1640 808 est
1665 743 1850 808 valde
1877 742 2241 822 metuenda,

702 857 766 916 et
805 870 919 935 per
949 852 1195 917 luctum
1248 853 1636 935 poenitentiae
1683 851 2119 935 praecavenda,
2168 868 2246 914 eo

701 960 897 1043 quod,
927 965 1231 1045 perpetuo
1264 961 1577 1039 dolorosa,
1613 979 1746 1025 non
1798 962 2005 1043 potest
2047 958 2247 1023 decli-

702 1070 843 1133 nari
878 1069 960 1134 ad
996 1070 1310 1135 modicam
1358 1067 1698 1132 morulam.
1751 1067 1926 1132 Unde
1958 1069 1976 1103 ¹
2017 1090 2034 1131 ι
2075 1090 2106 1127 α
2132 1066 2244 1130 Di·-

703 1175 885 1241 mitte
939 1195 1043 1242 me
1087 1183 1162 1241 ut
1203 1177 1508 1260 plangam
1561 1169 1899 1259 paululum
1961 1173 2246 1239 dolorem

703 1303 945 1365 meum,
983 1289 1329 1368 antequam
1376 1284 1629 1365 vadam,
1669 1286 1735 1347 et
1768 1301 1897 1347 non
1933 1287 2243 1362 revertar,

701 1393 782 1458 ad
830 1396 1067 1458 terram
1122 1392 1545 1471 tenebrosam,
1594 1395 1658 1456 et
1695 1396 1982 1474 opertam
2021 1393 2248 1458 mortis

702 1499 1011 1582 caligine;
1057 1503 1302 1563 terram
1351 1498 1630 1562 miseriae
1685 1503 1748 1562 et
1803 1500 2244 1578 tenebrarum,

656 1648 669 1660 ·
700 1607 816 1672 ubi
846 1607 1077 1672 umbra
1114 1607 1358 1684 mortis,
1390 1611 1454 1671 et
1479 1606 1699 1672 nullus
1725 1607 1905 1686 orde,
1937 1608 2045 1671 sed
2075 1626 2244 1672 sem-

700 1713 987 1797 piternus
1014 1715 1243 1780 horror
1267 1715 1600 1779 inhabitat.
1633 1737 1665 1774 υ

778 1819 1090 1901 Secunde,
1134 1822 1200 1886 in
1238 1822 1430 1888 verbo
1472 1822 1815 1906 proposito,
1846 1826 2106 1888 notatur
2133 1840 2244 1888 su-

698 1928 943 1993 scitatio
970 1930 1206 1994 mortui
1236 1933 1556 2013 quantum
1584 1931 1666 1996 ad
1694 1931 1985 1995 notitiam
2008 1949 2247 2014 appro-

697 2035 972 2100 bationis
1015 2035 1310 2118 loquelae,
1351 2055 1502 2101 cum
1550 2037 1766 2102 subdit
1798 2059 1813 2101 ε
1861 2037 2145 2116 Beseda,
2185 2045 2248 2108 et

697 2146 887 2227 coepit
912 2144 1110 2228 loqui.
1147 2145 1519 2210 Invenimus
1536 2149 1752 2210 autem
1775 2144 2117 2210 Dominum
2145 2165 2247 2212 su·

696 2251 950 2317 scitasse
977 2252 1290 2335 triplicem
1310 2257 1662 2330 mortuum,
1687 2252 1922 2316 scilicet
1942 2253 2245 2335 puellam,

697 2359 1033 2441 Lazarum,
1063 2365 1129 2426 et
1154 2360 1327 2426 hunc
1352 2361 1814 2426 adolescentem
1859 2378 1878 2424 z
1924 2364 1988 2425 et
2024 2365 2248 2444 cujus-

696 2466 852 2532 libet
878 2486 1104 2533 eorum
1134 2468 1459 2532 suscitatio
1503 2485 1623 2532 sua
1666 2467 2121 2550 approbatione
2149 2470 2245 2534 di-

698 2576 1055 2657 gnoscitur.
1101 2574 1263 2639 Nam
1307 2574 1515 2658 primo
1549 2574 1629 2659 (a)
1660 2574 1984 2638 suscitatio
2019 2574 2248 2656 puellas

697 2683 1004 2765 probatur
1048 2682 1571 2761 manducatione3
1615 2681 1897 2746 secunda
1922 2683 2248 2748 suscitatio

694 2790 916 2855 Lazari
944 2792 1251 2874 probatur
1280 2789 1747 2868 ambulatione;
1771 2789 1959 2853 tertia
1986 2791 2249 2854 suscita-

696 2896 785 2961 tio
812 2896 1225 2962 adolescentis
1260 2897 1566 2980 probatur
1603 2896 1943 2960 locutione.
1975 2894 2245 2960 Mandu-

696 3004 860 3068 catio
890 3004 1147 3087 respicit
1169 3008 1383 3068 actum
1413 3002 1824 3083 vegetabilis;
1873 3003 2244 3084 ambulati0,

695 3115 910 3174 actum
941 3111 1294 3188 sensibilis;
1336 3110 1597 3189 locutio,
1640 3115 1853 3174 actum
1890 3112 2242 3177 rationalia.

777 3216 857 3282 Ut
890 3222 1106 3282 autem
1158 3216 1388 3300 triplici
1444 3217 1818 3300 probatione
1875 3218 2248 3284 ostendatur

695 3324 1004 3390 Dominus
1029 3324 1209 3390 dator
1231 3326 1381 3390 vitae
1416 3328 1482 3389 et
1508 3324 1730 3388 salutis
1751 3325 1986 3390 animas
2015 3345 2242 3392 secun-

695 3432 854 3497 dum
890 3432 1127 3497 trinam
1165 3434 1268 3497 sui
1315 3433 1664 3516 potentiam
1692 3437 1756 3497 et
1801 3435 2100 3500 virtutem
2137 3437 2241 3518 (b),

695 3541 907 3625 prima
931 3541 1252 3606 suscitatio
1294 3541 1524 3625 puellae
1565 3542 1872 3625 probatur
1897 3544 2243 3609 manduca-

697 3649 895 3727 tione,
928 3668 1076 3732 quae
1102 3651 1355 3733 respicit
1400 3653 1612 3714 actum
1656 3650 2073 3732 vegetabilis3
2119 3670 2244 3715 un-

696 3757 774 3821 de
799 3759 822 3792 ⁸
855 3778 870 3822 :
905 3779 938 3819 α
971 3757 1108 3840 lpse
1135 3761 1349 3822 autem
1375 3761 1598 3822 tenens
1624 3775 1893 3822 manum
1932 3758 2075 3838 ejus
2115 3757 2246 3821 cla-

696 3863 918 3944 mavit,
969 3864 1227 3930 dicens:
1269 3864 1508 3943 Puella,
1552 3883 1776 3946 surge.
1826 3863 1905 3927 Et
1950 3881 2250 3929 reversus

695 3974 793 4033 est
826 3970 1089 4052 spiritus
1128 3974 1185 4053 ej
1201 3990 1296 4049 us,
1346 3975 1408 4035 et
1452 3971 1803 4036 resurrexit
1828 3970 2153 4051 continuo,
2184 3975 2251 4036 et

692 4077 884 4160 jussit
909 4077 1000 4140 illi
1027 4077 1165 4142 dari
1193 4078 1599 4156 manducare,
1632 4083 1696 4143 et
1723 4081 2108 4162 stupuerunt
2134 4098 2246 4162 pa-

695 4189 908 4250 rentes
952 4187 1115 4267 ejus.
1159 4207 1191 4246 »
1239 4186 1383 4268 Ipse
1433 4191 1643 4253 autem
1687 4186 1987 4254 Christus
2027 4192 2248 4255 tenens

696 4308 961 4357 manum
988 4292 1128 4375 ejus
1154 4315 1172 4371 ;
1204 4311 1348 4358 ecce
1376 4293 1629 4358 virtutis
1652 4293 2074 4389 adjutorium.
2106 4293 2249 4360 Cla·

695 4400 903 4466 mavit
928 4399 1149 4466 dicens
1171 4418 1194 4465 .·
1222 4399 1442 4466 Puella
1466 4415 1691 4482 suram
1729 4417 1870 4464 ecce
1900 4403 2248 4482 majestatis

694 4506 1063 4591 imperium.
1090 4509 1173 4576 Ει
1197 4524 1490 4576 reversus
1529 4515 1622 4576 est
1661 4510 1937 4591 spiritus
1966 4511 2106 4593 ejus
2134 4530 2248 4595 per

696 4613 990 4680 intimam
1017 4617 1157 4699 conj
1167 4617 1554 4694 unctionem,
1585 4619 1649 4680 et
1675 4617 2028 4680 resurrexit
2054 4619 2250 4683 conti-

695 4741 830 4788 nuo
858 4742 972 4806 per
999 4723 1262 4789 vitalem
1290 4724 1745 4806 operationem.
1780 4723 1943 4789 Nam
1975 4744 2247 4808 surgere

695 4832 978 4915 operatio
1004 4835 1101 4896 est
1125 4831 1420 4895 viventis.
1449 4832 1659 4900 Iussit
1676 4832 1780 4899 illi
1797 4831 1952 4900 dari
1977 4835 2249 4902 mandu-

694 4954 864 5017 care,
895 4941 1206 5021 quantum
1234 4938 1315 5002 ad
1341 4937 1600 5003 vitalem
1647 4940 2243 5022 manifestationem,

695 5051 770 5110 ut
799 5064 928 5109 non
957 5045 1372 5129 phantastica,
1408 5046 1519 5111 sed
1559 5064 1713 5111 vera
1743 5048 2070 5113 suscitatio
2097 5067 2242 5131 pro·

696 5153 959 5217 baretur
991 5172 1008 5218 ε
1040 5153 1163 5218 boc
1189 5157 1406 5226 autem
1434 5157 1529 5218 est
1548 5154 1818 5236 signum
1846 5174 2019 5221 verae
2044 5157 2246 5221 susci-

695 5259 976 5326 tationiS.
1010 5260 1154 5326 ldeo
1191 5262 1301 5327 dat
1329 5261 1640 5343 sensibus,
1672 5267 1746 5326 ut
1773 5267 2016 5327 mentes
2044 5264 2250 5329 elevet

760 5421 912 5483 ¹10⁶,
938 5436 971 5474 x
1021 5427 1181 5474 21-22.
1213 5452 1265 5461 —
1296 5427 1318 5460 ¹
1345 5425 1482 5489 Luc,
1512 5437 1625 5489 vm,
1659 5428 1817 5478 54-56.
1839 5451 1898 5464 —
1929 5426 1948 5457 ³
1972 5428 2141 5488 loon,
2170 5438 2244 5491 xi,

700 5494 873 5546 4344.
899 5519 961 5533 -
995 5496 1012 5527 ⁴
1044 5499 1180 5561 Aug.

1810 497 2228 567 SERMONES
2264 496 2368 564 DE
2410 496 2804 564 TEMPORE.

2354 635 2421 698 in
2458 633 2783 699 excelsum
2820 632 3295 713 admirationis;
3344 634 3517 700 unde
3558 634 3903 719 seqnitur:

2354 743 2444 808 Et
2468 742 2805 824 stupebant
2824 748 3124 825 parentes
3150 742 3315 824 qius.

2433 847 2723 913 Secundo
2752 849 3074 914 suscitatio
3099 849 3319 914 Lazari
3346 849 3661 932 probatur
3685 851 3909 914 ambu-

2352 955 2610 1032 latione,
2658 974 2805 1039 quae
2849 956 3104 1039 respicit
3148 964 3360 1022 actum
3398 957 3746 1023 sensibilis.
3780 957 3905 1022 Un-

2352 1064 2431 1129 de
2456 1065 2517 1128 ἐ
2555 1087 2588 1127 α
2613 1063 2795 1129 Jesus
2820 1082 2978 1129 voce
3008 1083 3241 1147 magna
3266 1065 3569 1132 clamavit
3597 1088 3614 1130 ε
3648 1064 3905 1148 lazare,

2356 1171 2502 1235 veni
2531 1170 2717 1236 foras.
2754 1171 2831 1235 Et
2850 1172 3063 1234 statim
3092 1172 3324 1254 prodiit
3353 1174 3467 1256 qui
3494 1173 3707 1238 ruerat
3732 1192 3909 1238 mor·

2354 1285 2528 1358 tuus,
2575 1280 2814 1360 ligatus
2857 1298 3089 1343 manus
3132 1285 3196 1344 et
3234 1280 3424 1363 pedes
3467 1282 3736 1346 institia.
3766 1304 3799 1340 ι
3833 1281 3909 1347 Ut

2353 1388 2506 1453 dicit
2531 1386 2746 1452 Glossa
2775 1406 2793 1452 ε
2832 1410 2864 1448 «
2899 1387 3412 1469 Sicutpotentiae
3442 1387 3552 1453 Dei
3580 1393 3704 1467 est,
3738 1390 3907 1472 quod

2352 1495 2588 1575 surgit,
2622 1495 2714 1559 sic
2739 1494 2911 1578 quod
2940 1494 3015 1557 ad
3024 1495 3150 1558 huc
3170 1494 3413 1576 ligatus
3431 1495 3675 1578 prodiit
3695 1501 3909 1559 etam·

2353 1603 2636 1668 bulabat.
2674 1625 2704 1664 υ
2752 1603 2882 1681 Ille,
2916 1604 2985 1668 in
3037 1623 3167 1687 quo
3214 1622 3360 1668 caro
3406 1606 3549 1685 conj
3560 1609 3769 1669 uncta
3821 1611 3910 1670 est

2354 1707 2560 1775 Verbo
2579 1714 2842 1791 aeterno,
2862 1711 3170 1779 clamavit
3186 1727 3330 1779 voce
3352 1728 3625 1795 maana,
3640 1713 3913 1777 interius

2353 1819 2695 1901 operando,
2712 1823 2777 1883 et
2789 1820 3069 1884 exterius
3082 1819 3445 1884 excitando:
3460 1821 3749 1898 Lazaro,
3767 1822 3913 1887 nesti

2351 1927 2550 2006 forae,
2582 1927 2709 1991 tuis
2735 1928 3006 2011 propriis
3030 1928 3317 2011 pedibus,
3348 1931 3422 1992 ut
3445 1932 3558 1992 tua
3579 1929 3911 1992 suscitatio

2355 2035 2705 2100 innotescat
2729 2036 2987 2119 populo,
3018 2036 3132 2119 qui
3161 2037 3553 2113 circumstat,
3573 2042 3653 2100 ut
3674 2038 3759 2119 (c)
3779 2055 3909 2102 cre·

2354 2143 2483 2222 dat,
2513 2144 2670 2227 quia
2695 2162 2822 2226 ego
2848 2163 2997 2209 sum
3026 2145 3409 2227 principium
3435 2145 3755 2209 bumanae
3774 2165 3912 2210 con-

2353 2251 2609 2316 ditionis
2648 2255 2712 2316 et
2754 2252 3193 2334 reparationiS,
3223 2252 3337 2334 qui
3360 2251 3590 2334 loquor
3634 2254 3785 2316 tibi.
3826 2254 3913 2321 Et

2354 2361 2577 2426 statim
2605 2358 2859 2442 prodiit
2892 2361 3011 2443 qui
3045 2361 3260 2440 ruerat
3305 2367 3593 2426 mortuus
3620 2382 3649 2425 .·
3680 2360 3762 2424 Et
3794 2362 3914 2426 hoc

2354 2472 2449 2532 est
2474 2468 2645 2551 quod
2686 2469 2922 2533 dicitur
2967 2469 3320 2533 secundum
3359 2468 3811 2551 Augustinum
3834 2471 3909 2534 ⁸:

2364 2599 2394 2637 a
2436 2574 2638 2641 Nemo
2681 2584 2815 2641 tam
2859 2575 3060 2640 facilis
3099 2576 3332 2641 excitat
3364 2575 3800 2641 dormientem
3830 2577 3913 2642 de

2354 2701 2607 2762 somne,
2637 2683 2797 2747 sicut
2825 2683 3112 2748 Christus
3139 2686 3397 2747 revocat
3417 2683 3496 2747 de
3520 2683 3844 2765 sepulcro.
3874 2706 3905 2745 ι

2434 2789 2646 2856 Tertio
2668 2791 2990 2856 suscitatio
3023 2790 3436 2856 adolescentis
3477 2791 3791 2872 probatur
3812 2790 3911 2855 lo-

2354 2897 2632 2976 cutione,
2677 2916 2825 2981 quae
2868 2898 3122 2981 respicit
3161 2901 3378 2962 actum
3421 2898 3735 2974 formalis,
3775 2898 3913 2963 sive

2354 3005 2586 3069 finalis.
2617 3004 2795 3070 Unde
2810 3006 2876 3069 in
2892 3003 3241 3086 Evangelio
3259 3003 3570 3069 hodierno
3605 3027 3620 3069 ε
3653 3004 3913 3071 Resedit

2355 3114 2472 3195 qui
2510 3120 2649 3179 erat
2688 3118 3001 3193 mortuus,
3049 3119 3108 3179 et
3148 3114 3340 3195 coepit
3383 3112 3584 3195 loqui,
3628 3119 3691 3180 ct
3727 3114 3911 3182 dedit

2355 3219 2543 3286 illum
2570 3222 2773 3287 matri
2799 3236 2952 3287 suae.
2995 3219 3136 3285 Non
3160 3225 3254 3285 est
3278 3220 3547 3285 dubium
3590 3221 3757 3304 quin
3793 3223 3908 3287 iste

2356 3326 2716 3391 adolescens
2733 3328 3072 3392 suscitatus
3097 3327 3469 3410 loqueretur
3488 3328 3687 3394 verba
3704 3328 3909 3393 laudis

2357 3430 2641 3497 divinas:
2685 3433 2856 3515 quod
2903 3451 3035 3498 non
3075 3437 3171 3498 est
3206 3437 3640 3512 mortuorum,
3670 3434 3784 3499 sed
3810 3435 3906 3500 vi-

2357 3540 2671 3604 ventium.
2690 3539 2763 3604 In
2777 3559 2907 3624 quo
2924 3545 3185 3624 apparet
3196 3542 3528 3606 manifeste
3542 3543 3720 3626 quod
3734 3544 3907 3608 vive·

2357 3647 2488 3726 bat,
2503 3665 2580 3712 eo
2594 3647 2760 3730 quod
2778 3648 2909 3711 vita
2924 3647 3323 3729 dignoscitur
3335 3653 3398 3713 et
3410 3666 3524 3730 per
3544 3655 3823 3727 motum,
3846 3655 3907 3715 et

2357 3773 2471 3838 per
2488 3773 2774 3820 sensum.
2805 3754 2937 3819 Hoc
2950 3754 3039 3838 (d)
3067 3756 3222 3839 quia
3247 3756 3444 3820 istum
3471 3757 3809 3822 suscitavit
3828 3757 3903 3822 ad

2358 3862 2584 3927 matris
2610 3862 3127 3941 consolationem,
3150 3862 3293 3927 ideo
3316 3863 3489 3928 dedit
3511 3863 3699 3928 illum
3722 3866 3908 3930 matri

2357 3988 2516 4035 suae.
2542 3968 2685 4035 Non
2700 3969 2875 4034 enim
2902 3975 3086 4035 vacat
3122 3971 3448 4053 mysterio,
3488 3972 3661 4055 quod
3701 3973 3909 4055 puella
3958 3995 4059 4044 ur-

2357 4080 2426 4144 in
2452 4097 2570 4143 sua
2609 4079 3014 4144 suscitatione
3052 4079 3284 4145 dicitur
3328 4081 3714 4159 surrexisse,
3760 4082 3905 4146 ado-
3926 4055 4059 4160 ³3ss

2355 4185 2597 4251 lesoens
2625 4186 2743 4251 iste
2782 4186 3107 4262 resedisse,
3148 4185 3425 4251 Lazarus
3468 4205 3623 4252 vero
3668 4181 4059 4288 ligans?

2357 4313 2591 4359 manus
2629 4299 2694 4358 et
2727 4294 2918 4377 pedes
2943 4293 3269 4376 prodiisse.
3299 4292 3463 4359 Nam
3491 4313 3605 4377 per
3628 4294 3907 4377 puellam

2358 4407 2675 4467 mortuam
2734 4403 2800 4466 in
2848 4401 3062 4479 domo,
3136 4402 3520 4485 intelligitur
3576 4409 3910 4485 peecatum

2357 4510 2767 4591 cogitationis
2791 4528 2813 4591 3
2886 4528 3002 4591 per
3056 4508 3519 4575 adolescentem
3572 4510 3642 4574 in
3700 4517 3907 4594 porta,

2358 4621 2685 4700 peccatum
2770 4618 3190 4701 operationis;
3269 4635 3385 4699 per
3449 4615 3765 4682 Lazarum
3844 4620 3911 4685 in

2358 4727 2669 4808 sepulcro,
2726 4730 3057 4809 peccatum
3115 4724 3611 4790 consuetudinis.
3669 4724 3753 4790 Et
3810 4745 3908 4792 se·

2356 4833 2641 4898 cundum
2668 4832 2842 4915 quod
2867 4835 3123 4916 peccata
3144 4836 3301 4896 sunt
3329 4831 3650 4913 graviora,
3703 4837 3910 4916 majo-

2357 4958 2462 5005 res
2488 4939 2860 5022 relinquunt
2876 4938 3186 5021 sequelaS.
3204 4936 3352 5002 Ideo
3368 4937 3481 5019 qui
3498 4937 3714 5003 solum
3736 4940 3906 5020 cogi-

2357 5051 2593 5115 tatione
2621 5049 2926 5132 peccavit,
2955 5047 3315 5112 vivificatus
3339 5047 3638 5111 continuo
3667 5050 3902 5129 surgit,

2358 5162 2422 5222 et
2447 5176 2649 5240 parva
2670 5159 2956 5221 remanet
2982 5153 3339 5219 difficultas.
3369 5154 3491 5231 Qui
3521 5173 3676 5218 vero
3714 5173 3907 5239 opere

2357 5265 2640 5349 peccavit
2668 5264 3050 5342 vivificatus,
3090 5262 3286 5340 sedet,
3319 5261 3474 5343 quia
3506 5261 3716 5327 adhuc
3752 5280 3898 5345 pro—

2423 5425 2493 5488 (α)
2528 5425 2678 5474 Forte
2704 5422 2804 5488 leq.
2833 5423 3019 5488 prima.
3049 5448 3112 5460 —
3140 5420 3213 5484 (b)
3246 5421 3370 5472 Cat.
3397 5421 3501 5473 edit
3530 5421 3812 5476 veritaoem.
3838 5450 3897 5464 -

2362 5503 2423 5561 tc>
2454 5497 2566 5562 aeq.
2598 5501 2666 5548 et.
2688 5521 2751 5534 —
2777 5495 2845 5562 (d,
2871 5496 3022 5547 Forte
3041 5492 3139 5560 leq.
3163 5495 3287 5546 Post
3308 5492 3426 5547 hoc.
