4059 6317
663 393 784 455 ⁴88

662 524 911 602 rebant,
940 540 1058 590 sua
1084 524 1177 590 eis
1203 525 1471 606 dabant,
1494 526 1659 591 sicut
1683 527 1856 609 patet
1879 524 1951 589 in
1980 523 2201 589 multis

662 631 1005 714 religiosis,
1040 633 1154 717 qui
1182 633 1369 717 plura
1401 634 1638 699 habent
1679 651 1876 716 quam
1922 650 2111 715 reges
2138 635 2203 697 et

664 739 926 805 nobiles.
957 739 1081 805 Sed
1117 746 1325 806 totum
1370 741 1561 806 hodie
1598 741 1918 824 reperitur
1945 739 2201 824 opposi-

663 850 828 911 tum.
861 845 982 912 Ubi
1006 852 1161 913 sunt
1190 846 1491 933 lacrymae
1511 896 1531 926 ,
1561 848 1807 931 vigiliae
1825 897 1843 929 ‚
1872 850 2203 913 abstinen-

663 954 793 1033 tias,
814 955 1165 1039 disciplinas
1181 957 1215 1020 7
1241 955 1353 1021 ubi
1381 955 1723 1021 honestas?
1759 955 1869 1020 ubi
1902 955 2205 1039 explana·

663 1064 754 1129 tio
780 1065 843 1127 ¹?
872 1063 986 1128 ubi
1014 1065 1288 1130 visiones
1315 1065 1696 1147 angelorum
1715 1066 1749 1128 ’ἒ
1786 1067 2027 1149 quanta
2048 1064 2200 1129 abo-

664 1173 932 1237 minatio
958 1171 1149 1237 hodie
1188 1174 1311 1237 est!
1346 1172 1510 1250 Quia
1557 1176 1707 1237 sunt
1748 1171 2062 1236 mundum
2104 1190 2201 1237 se-

663 1283 955 1363 quentes,
985 1280 1433 1362 negotiatores,
1463 1282 1600 1345 sine
1618 1281 1904 1346 oratione
1922 1284 1987 1345 et
2013 1281 2204 1346 devo-

665 1389 861 1467 tione,
891 1386 1097 1452 multa
1116 1387 1355 1452 fercula
1374 1388 1792 1471 inquirenteS,
1808 1387 2205 1472 splendidius

664 1495 890 1562 volunt
905 1495 1255 1575 comedere,
1278 1495 1523 1574 bibere,
1539 1495 1820 1561 dormire
1832 1501 1896 1561 et
1912 1496 2200 1576 induere,

665 1620 862 1686 quam
890 1602 1081 1667 multi
1108 1602 1354 1668 nobiles
1390 1607 1455 1668 et
1499 1606 1823 1687 potentes;
1854 1609 1919 1668 et
1942 1603 2201 1682 curiosi,

666 1711 833 1774 sicut
860 1710 1158 1775 mulieres
1189 1729 1206 1775 ε
1234 1710 1395 1774 tales
1420 1728 1555 1775 non
1580 1714 1730 1775 sunt
1754 1710 2068 1794 religiosi,
2094 1711 2204 1778 sed

665 1817 956 1900 sepulcra
987 1816 1294 1883 dealbata.
1327 1816 1414 1883 De
1439 1818 1575 1883 istis
1604 1818 1833 1883 dicitur
1862 1826 1887 1861 ²
1927 1841 1943 1882 ε
1985 1841 2016 1882 α
2040 1819 2203 1884 Cum

666 1925 1079 2007 ingressurus
1105 1925 1233 1989 eris
1259 1929 1519 2006 terram,
1550 1944 1745 2010 quam
1763 1926 2071 1993 Dominus
2095 1927 2205 1993 da-

666 2038 849 2100 turus
872 2037 970 2099 est
993 2033 1135 2112 tibi,
1166 2052 1320 2099 cave
1358 2053 1442 2099 ne
1477 2035 1715 2100 imitari
1757 2035 1916 2101 velis
1952 2036 2201 2101 abomi-

663 2144 953 2208 nationes
989 2142 1248 2207 illarum
1285 2143 1581 2225 gentium
1600 2191 1617 2222 ‚
1648 2161 1811 2229 quas
1837 2145 2047 2227 ejiciet
2079 2144 2205 2210 Do·

665 2250 880 2315 minus
904 2269 945 2314 a
971 2251 1128 2316 facie
1153 2256 1287 2315 tua.
1316 2272 1348 2311 n
1374 2248 1500 2316 Sed
1518 2250 1597 2315 de
1620 2251 1935 2334 religiosis
1959 2270 2198 2336 paupe-

663 2357 844 2423 ribus
863 2405 880 2435 ,
907 2359 1022 2440 qui
1047 2358 1117 2422 in
1144 2359 1272 2423 flue
1300 2358 1525 2423 mundi
1564 2359 1693 2425 dati
1739 2366 1890 2424 sunt
1935 2361 2198 2441 mundo,

663 2467 949 2548 quicum
977 2465 1261 2529 maximo
1287 2465 1537 2531 fervore
1559 2471 1893 2549 venerunt,
1918 2487 2200 2550 quorum

657 2574 1057 2639 institutores
1102 2573 1367 2638 fuerunt
1419 2575 1643 2639 mundi
1695 2580 2159 2659 contemptores
2178 2623 2197 2654 ‚

663 2682 919 2747 divitias
943 2683 1008 2745 et
1032 2681 1311 2745 honores
1346 2685 1842 2762 contemnentes,
1874 2700 2061 2766 parce
2088 2701 2201 2749 co-

662 2790 986 2855 medentes
1011 2791 1076 2851 et
1100 2787 1411 2869 hibentes,
1444 2790 1721 2877 multum
1741 2796 2016 2874 orantes,
2040 2793 2204 2858 mul-

663 2902 804 2962 tum
842 2896 1065 2960 flentes
1081 2941 1104 2973 ,
1147 2894 1605 2961 familiaritates
1644 2898 2046 2964 saecularium
2095 2900 2203 2965 fu-

665 3005 916 3088 gientes
932 3053 949 3085 ,
980 3004 1260 3069 humiles
1281 3053 1301 3084 ,
1331 3005 1636 3087 benigni,
1673 3008 1895 3086 mites,
1928 3008 2198 3091 pacifici.

664 3112 790 3179 Sed
819 3112 1010 3178 modo
1048 3116 1145 3176 est
1179 3115 1386 3178 totum
1433 3114 1795 3197 oppositum
1834 3134 1851 3180 ε
1890 3135 2203 3200 pauperes

666 3220 947 3302 religiosi
995 3223 1266 3284 currunt
1308 3219 1389 3284 ad
1432 3222 1690 3303 negotia
1724 3223 2052 3289 saecularia
2069 3273 2088 3305 ,
2121 3225 2202 3291 ad

665 3327 960 3394 dominos
1007 3331 1326 3392 terrarum
1342 3375 1362 3404 ,
1405 3331 1470 3393 et
1496 3330 1678 3413 quasi
1731 3349 2019 3398 cursores
2057 3332 2203 3398 facti

667 3438 852 3515 sunt,
897 3435 1156 3516 fugiunt
1182 3435 1508 3501 ecclesiam
1534 3442 1598 3502 et
1637 3457 1785 3504 suos
1821 3446 2198 3522 conventus,

666 3543 926 3627 superbi
970 3546 1119 3607 sunt
1137 3592 1154 3624 ,
1195 3544 1588 3627 indignantis
1627 3550 1879 3613 naturae
1897 3596 1916 3627 ‚
1945 3549 2204 3615 adulan-

669 3656 776 3716 tur
818 3651 1264 3731 magnatibuS,
1307 3653 1584 3736 diligunt
1601 3660 1665 3720 et
1684 3656 2005 3724 honorant
2025 3659 2201 3725 divi-

667 3762 784 3836 tes,
812 3760 878 3823 et
900 3776 1212 3842 pauperes
1248 3760 1682 3843 vilipendunt,
1711 3771 2056 3845 procurant
2082 3767 2204 3832 sibi

668 3863 944 3929 honores
984 3868 1048 3929 et
1089 3864 1490 3948 praelationes
1503 3914 1527 3946 ,
1557 3872 1621 3933 et
1655 3887 1907 3935 mensas
1933 3874 2200 3956 opulen-

668 3975 766 4037 tas
779 3977 1157 4056 sequuntur.
1175 3971 1405 4039 Contra
1414 3974 1569 4041 istos
1582 3977 2029 4062 prophetatum
2042 3984 2200 4049 est’:

678 4103 709 4143 α
735 4079 954 4146 Ponite
982 4081 1172 4146 corda
1212 4086 1427 4148 vestra
1453 4103 1645 4167 super
1671 4086 1811 4151 vias
1841 4106 1860 4152 t
1890 4091 2205 4156 seminas-

669 4188 753 4252 tis
768 4189 1072 4269 multum,
1104 4192 1168 4254 et
1195 4209 1425 4274 parum
1453 4191 1757 4258 intulistis
1779 4216 1794 4260 ε
1816 4200 1878 4260 et
1902 4199 2016 4280 qui
2041 4217 2206 4264 mer-

670 4314 773 4361 ces
794 4301 1146 4380 congregat
1175 4299 1254 4382 (a)
1271 4349 1290 4379 ,
1331 4300 1503 4365 misit
1528 4319 1636 4367 eas
1663 4302 1734 4367 in
1759 4322 2011 4371 saccum
2049 4308 2149 4391 (b).
2167 4332 2197 4370 n

671 4401 776 4468 Sic
800 4406 866 4468 et
890 4404 990 4467 isti
1026 4404 1335 4487 religiosi.

748 4508 1034 4575 Tertium
1058 4511 1323 4593 signum
1348 4513 1719 4580 Antichristi
1756 4517 1909 4597 erit,
1950 4521 2206 4602 quando

671 4616 920 4701 praelati
944 4623 1133 4683 erunt
1157 4619 1295 4685 sine
1323 4621 1744 4689 sollicitudine
1761 4626 2121 4709 regiminis,
2143 4634 2207 4696 et

671 4726 924 4808 pietate,
957 4729 1018 4790 et
1035 4744 1191 4791 cura
1214 4730 1534 4810 pastorali.
1566 4728 1726 4796 Nam
1743 4741 2209 4803 consueverunt

673 4851 810 4898 esse
837 4833 1069 4915 vigiles
1093 4852 1286 4916 super
1324 4836 1723 4904 subditorum
1765 4842 2045 4924 negotiis
2069 4846 2206 4930 spi-

674 4941 984 5007 ritualiter
1023 4947 1089 5008 et
1135 4945 1567 5028 temporaliter
1580 4994 1601 5026 ,
1647 4947 2065 5017 defendebant
2108 4954 2206 5019 vi·

673 5049 857 5131 duaS,
884 5049 1176 5133 pupillae,
1211 5069 1518 5135 pauperes
1544 5056 1943 5139 nutriebant,
1973 5064 2038 5124 et
2062 5069 2206 5126 tan-

676 5174 872 5239 quam
898 5159 1038 5227 veri
1075 5162 1315 5242 patres,
1351 5160 1430 5225 de
1473 5161 1565 5227 eis
1608 5165 1954 5246 curabant,
2001 5171 2067 5232 et
2101 5188 2211 5235 eos

740 5318 759 5354 ¹
787 5320 952 5373 Locus
978 5324 1265 5387 corruptus.
1288 5348 1350 5362 -
1379 5322 1398 5354 ²
1425 5324 1591 5378 Dent..
1616 5338 1765 5392 xvm,
1795 5331 1843 5379 9.
1870 5355 1924 5366 -
1955 5329 1979 5364 ⁸
1998 5330 2149 5396 Aqy„
2172 5345 2209 5399 1,

680 5390 778 5440 545.
803 5416 863 5428 —
891 5393 907 5420 ⁴
937 5393 1109 5459 zach„
1135 5405 1176 5460 1,
1201 5398 1248 5446 2.
1279 5419 1341 5433 -
1365 5396 1389 5433 ⁸
1415 5395 1568 5463 ibid,
1590 5401 1639 5451 4.
1663 5425 1726 5439 -
1753 5400 1962 5467 ⁶Soph.‚
1993 5414 2074 5469 ιιι,
2097 5406 2144 5457 3.

1761 386 2180 455 SERMONES
2215 387 2319 455 DE
2359 387 2754 457 TEMPORE.
2950 448 2955 454 .

2282 525 2742 609 defendebant,
2769 525 2840 591 in
2865 526 3260 593 orationibus
3280 527 3655 611 vigilabant,
3680 528 3851 595 mul-

2307 636 2449 698 tum
2474 632 2914 715 abstinebant,
2940 635 3267 701 usurarios
3300 639 3365 700 et
3408 636 3851 702 malefactores

2308 740 2967 807 excommunicabant.
2990 740 3114 808 Sed
3129 761 3304 808 nunc
3314 748 3412 809 est
3436 747 3621 828 quasi
3640 750 3851 811 totum

2309 849 2699 933 oppositum.
2726 849 2845 915 Ubi
2891 853 3046 914 sunt
3085 868 3313 916 eorum
3342 853 3708 923 orationes?
3736 854 3852 919 nbi

2308 956 2657 1040 lacrymae?
2685 957 2796 1021 ubi
2827 956 3105 1039 vigiliae‘?
3145 959 3261 1025 ubi
3300 959 3589 1025 subsidia
3614 961 3847 1027 vidua·

2285 1080 2460 1157 'rum
2483 1067 2548 1128 et
2570 1082 2951 1148 pauperum,
2981 1066 3152 1132 unde
3178 1067 3440 1132 vivant?
3457 1072 3524 1133 et
3547 1071 3850 1134 manute-

2309 1174 2465 1236 nent
2511 1170 2739 1236 divites
2781 1173 3111 1238 usurarios
3144 1173 3177 1239 J
3184 1174 3402 1240 udaeos
3415 1221 3434 1252 ‚
3465 1180 3848 1258 praestantoe

2311 1278 2403 1343 eis
2428 1279 2819 1362 adjutorium
2837 1328 2856 1359 ,
2885 1284 2950 1345 et
2976 1280 3292 1363 favorem,
3320 1286 3386 1347 et
3410 1282 3756 1362 auxilium,
3782 1288 3849 1348 et

2310 1384 2387 1450 ad
2437 1402 2662 1449 eorum
2714 1386 3080 1450 instantiam
3133 1389 3697 1453 excommunicant
3745 1391 3850 1454 vi-

2310 1492 2493 1572 duas,
2524 1492 2827 1577 pupillos,
2858 1510 3186 1576 pauperes.
3227 1493 3305 1558 Et
3347 1493 3439 1558 ibi
3490 1514 3623 1559 una
3660 1497 3849 1579 ratio,

2308 1601 2463 1685 quia
2487 1601 2570 1665 ab
2598 1600 2751 1684 ipsis
2784 1601 3092 1665 usurariis
3131 1600 3447 1684 recipiunt
3486 1621 3764 1668 munera
3790 1610 3855 1670 et

2307 1711 2479 1776 dona
2504 1728 2618 1793 per
2646 1709 2887 1775 litteras
2912 1709 3609 1801 excommunicationis,
3642 1717 3711 1777 et
3733 1714 3849 1779 ab·

2309 1818 2643 1884 solutionis
2668 1836 3026 1903 pauperum
3048 1840 3063 1883 ε
3093 1823 3158 1885 et
3174 1819 3316 1885 ideo
3334 1821 3564 1887 melius
3582 1828 3855 1905 possunt

2308 1926 2434 1992 dici
2485 1931 2770 2010 raptores
2786 1974 2809 2007 ,
2866 1945 3063 2010 quam
3111 1927 3492 1994 defensores
3542 1928 3854 1996 Redditus

2308 2051 2473 2118 quos
2520 2034 2787 2112 habent,
2837 2034 2950 2098 ubi
2989 2034 3490 2118 expenduntur?
3533 2036 3706 2102 Deus
3737 2038 3856 2103 scit

2309 2141 2426 2207 ubi
2465 2145 2530 2207 et
2553 2141 2874 2224 quomodo
2924 2164 2941 2206 ε
2988 2159 3123 2207 non
3166 2142 3572 2226 pauperibus.
3606 2142 3691 2209 Et
3713 2144 3855 2211 ideo

2310 2251 2389 2318 de
2414 2251 2649 2317 talibus
2676 2251 3082 2335 prophetavit
3114 2250 3447 2317 Zacharias
3472 2251 3495 2287 ⁸
3527 2274 3542 2315 ε
3587 2273 3620 2314 ι
3647 2251 3857 2318 Iratus

2309 2358 2616 2425 Dominus
2640 2375 2833 2441 super
2864 2362 3077 2441 patres
3104 2361 3350 2423 vestros
3365 2357 3702 2424 iracundia
3728 2379 3857 2424 ma·

2310 2484 2457 2550 gna.
2489 2487 2522 2526 ι
2557 2466 2789 2532 Contra
2810 2470 3052 2547 patres,
3078 2464 3143 2530 id
3157 2468 3276 2542 est,
3298 2464 3598 2548 praelatos
3614 2467 3735 2550 qui
3751 2466 3857 2532 de-

2306 2574 2459 2639 bent
2484 2590 2623 2638 esse
2652 2577 2862 2656 patres
2897 2572 3094 2639 verbo
3120 2576 3185 2637 et
3217 2572 3535 2657 exemplo.
3568 2574 3593 2610 ⁸
3627 2596 3663 2634 c
3696 2573 3855 2640 Con-

2309 2681 2635 2749 vertimini
2679 2681 2758 2746 de
2785 2681 2907 2747 viis
2939 2681 3166 2748 vestris
3193 2680 3526 2764 pessimis,
3568 2685 3638 2747 et
3666 2683 3855 2748 malis

2309 2789 2822 2873 cogitationibus.
2848 2811 2880 2850 n

2389 2898 2701 2976 Quartum
2757 2898 3024 2979 signum
3092 2896 3235 2976 erit,
3288 2896 3545 2980 quando
3609 2896 3855 2963 domini

2310 3011 2627 3073 terrarum
2666 3005 2805 3069 sine
2842 3020 3062 3069 amore
3096 3006 3287 3068 erunt
3322 3002 3758 3083 subditorum,
3794 3008 3857 3069 et

2308 3117 2447 3189 sine
2488 3114 2940 3181 misericordia.
2995 3113 3157 3181 Nam
3202 3112 3561 3196 antiquitus
3611 3112 3857 3179 domini

2308 3224 2595 3291 solebant
2621 3241 2760 3288 esse
2781 3221 3248 3304 benignissimi,
3274 3221 3741 3304 misericordes,
3772 3224 3861 3287 fa-

2308 3331 2607 3411 miliat-es,
2645 3333 2709 3395 et
2750 3348 2951 3414 usque
2995 3329 3077 3395 ad
3115 3332 3389 3395 mortem
3422 3346 3537 3394 eos
3559 3330 3860 3396 defende-

2308 3440 2484 3520 bant,
2506 3438 2823 3523 justitiam
2854 3437 3152 3503 tenebant
3187 3459 3204 3500 ε
3250 3437 3491 3501 etenim
3526 3438 3712 3503 nulla
3744 3457 3857 3522 pe·

2308 3548 2520 3627 cunia,
2549 3545 2718 3615 mala
2742 3545 3102 3611 adulatione
3129 3545 3492 3612 deviabant.
3517 3544 3649 3611 Sed
3670 3547 3861 3613 modo

2310 3660 2409 3722 est
2434 3655 2606 3721 istud
2632 3654 2899 3738 signum
2944 3654 3289 3738 pessimum
3327 3677 3343 3718 ε
3377 3653 3623 3738 respice
3651 3656 3863 3721 curias

2310 3781 2568 3847 regum,
2627 3761 2962 3841 comitum,
3028 3760 3367 3840 baronum,
3420 3760 3860 3843 dominorum,

2311 3872 2721 3956 praelatorum
2771 3892 2786 3934 z
2833 3886 3058 3934 omnes
3098 3869 3384 3951 corrupti
3408 3874 3564 3934 sunt
3590 3871 3863 3954 pecunia

2312 3985 2376 4047 et
2414 3979 2788 4045 muneribus
2828 4000 2844 4043 t
2881 3995 3126 4061 pauper
3161 3976 3252 4042 ibi
3294 3995 3430 4041 non
3470 3977 3761 4059 auditur,
3801 3984 3863 4044 et

2310 4089 2367 4153 si
2391 4087 2671 4167 auditur,
2696 4104 2828 4152 non
2851 4085 3214 4165 exauditur,
3245 4083 3354 4149 sed
3384 4084 3855 4168 depraedanmr.

2311 4195 2518 4262 Judaei
2551 4195 2777 4260 divites
2818 4196 2883 4258 et
2923 4193 3249 4258 baratores
3287 4191 3378 4256 ihi
3417 4192 3753 4271 assistunt,
3799 4196 3861 4258 et

2311 4304 2764 4379 exaudiuntur,
2794 4304 2858 4366 et
2885 4298 3127 4365 domini
3153 4303 3304 4365 sunt
3327 4298 3641 4379 crudeles,
3671 4304 3735 4365 et
3764 4305 3856 4366 ta-

2311 4412 2405 4477 les
2428 4410 2727 4477 officiales
2752 4407 2978 4474 volunt
3010 4407 3316 4484 infideles,
3351 4407 3464 4490 qui
3499 4407 3643 4474 sine
3670 4410 3859 4475 mise-

2312 4518 2584 4583 ricordia
2617 4520 2768 4582 sunt
2813 4538 2831 4580 z
2878 4513 3148 4579 audiunt
3188 4512 3361 4597 quod
3399 4513 3638 4581 divites
3662 4516 3859 4582 multa

2312 4626 2596 4691 inferunt
2637 4623 3044 4708 pauperibus,
3070 4625 3155 4687 et
3193 4639 3324 4688 non
3368 4623 3709 4706 corrigunt
3745 4624 3858 4690 ali-

2314 4753 2533 4821 quem.
2565 4733 2796 4800 Contra
2838 4731 2992 4796 istos
3029 4731 3434 4815 prophetavit
3474 4731 3855 4817 sophonias,

2313 4844 2529 4910 dicens
2554 4840 2620 4904 ⁸:
2662 4863 2694 4902 e
2722 4838 3046 4921 Principes
3073 4837 3149 4921 (c)
3175 4839 3318 4921 ejus
3342 4838 3411 4902 in
3444 4840 3660 4907 medio
3694 4844 3855 4925 ejus,

2314 4956 2389 5018 ut
2402 4951 2619 5017 leones
2642 4947 2978 5030 rugientes
3002 4944 3395 5029 inquirentes
3420 4948 3783 5030 pecuniam,
3799 4952 3858 5015 et

2316 5077 2447 5126 non
2482 5058 2795 5142 justitiam
2843 5076 2859 5118 z
2904 5052 3158 5136 jndices
3201 5070 3450 5134 eorum,
3492 5055 3682 5138 quasi
3724 5056 3855 5139 lupi

2318 5164 2681 5251 vespertini.
2712 5183 2742 5224 n

2383 5332 2454 5395 (α)
2489 5328 2639 5396 Vulq.
2672 5323 2937 5378 mercedes
2963 5321 3310 5388 congregavit.
3340 5348 3401 5359 —
3430 5323 3504 5389 (ὁ)
3537 5324 3663 5378 Item
3690 5341 3855 5379 sacen-

2318 5405 2425 5457 lum
2451 5405 2730 5470 pertusum·
2752 5424 2816 5438 —
2841 5397 2901 5463 (ο)
2926 5397 3049 5451 Goet.
3073 5393 3193 5447 edit.
3222 5393 3487 5462 Princeps.
