4059 6317
661 446 782 512 480

660 600 824 665 ergo
849 582 1122 646 mortem
1156 575 1391 641 animae
1431 580 1561 641 tuae
1580 578 1598 614 ¹
1635 599 1651 641 :
1681 599 1714 639 α
1742 578 2017 643 Luctum
2049 578 2201 643 uni-

659 690 861 770 geniti
891 689 988 753 fac
1010 685 1128 750 tibi
1157 684 1486 768 planctum
1513 704 1832 751 amarum.
1859 710 1890 747 n
1928 687 2202 752 Bernar-

659 795 870 859 dus‘:
914 818 946 855 α
990 792 1058 859 Si
1108 810 1236 857 non
1276 792 1557 874 plangiS‚
1605 791 1792 874 plane
1832 811 1964 859 non
2007 793 2203 857 sentis

659 904 892 966 animae
910 908 1041 967 tuae
1059 900 1352 975 vulnera,
1368 900 1765 964 conscientiae
1788 899 2140 964 laesionem.
2162 922 2193 959 n

662 1007 860 1074 Intrat
912 1008 994 1073 ad
1051 1006 1512 1072 defensandum
1566 1007 1633 1069 in
1699 1008 2051 1071 tentatione
2103 1008 2124 1043 ⁸
2182 1029 2198 1071 z

670 1139 701 1178 ι
755 1117 1022 1181 lntravit
1074 1116 1142 1179 in
1188 1115 1471 1178 animam
1512 1114 1684 1177 servi
1733 1114 1881 1193 Dei,
1931 1120 1990 1177 et
2034 1115 2205 1179 stetit

660 1228 878 1287 contra
929 1240 1116 1303 reges
1165 1221 1552 1298 horrendos,
1606 1242 1637 1281 ι»
1700 1220 1763 1286 id
1805 1227 1933 1298 est,
1982 1226 2203 1285 contra

659 1330 1015 1406 daemoneS‚
1070 1330 1183 1411 qui
1235 1334 1518 1409 regnant
1567 1328 1633 1392 in
1689 1326 2023 1409 perversis.
2070 1325 2199 1391 Un-

660 1438 739 1501 de
784 1437 860 1502 de
920 1441 1141 1501 satana
1203 1436 1436 1500 dicitur
1479 1436 1502 1470 ⁸
1553 1457 1568 1499 ι
1618 1457 1649 1494 α
1692 1434 1831 1517 lpse
1874 1435 2047 1497 enim
2107 1434 2202 1495 est

659 1563 773 1609 rex
801 1563 995 1628 super
1034 1562 1259 1609 omnes
1301 1544 1467 1608 filios
1496 1543 1834 1625 superbiae.
1869 1564 1899 1600 ι)
1931 1544 2091 1605 Item
2122 1539 2201 1603 ad

659 1653 1133 1717 convivandum
1174 1653 1243 1715 ⁸:
1286 1675 1318 1711 α
1365 1651 1518 1716 Ecce
1565 1656 1661 1714 sto
1706 1649 1787 1714 ad
1831 1650 2092 1727 ostium,
2137 1652 2201 1712 et

658 1760 864 1841 pulso.
899 1782 929 1819 n
967 1759 1189 1824 Melius
1228 1765 1395 1823 certe
1421 1759 1606 1822 nobis
1650 1762 1744 1820 est
1792 1757 2030 1820 intrare
2077 1756 2197 1820 Do-

661 1867 935 1947 minum,
969 1885 1163 1949 quam
1193 1865 1607 1943 daemonium,
1640 1865 1805 1927 sicut
1827 1868 2079 1926 satanas
2106 1863 2204 1926 in·

660 1977 851 2038 travit
877 1973 910 2039 J
916 1973 1109 2038 udam
1132 1974 1156 2009 ⁸
1187 1992 1204 2037 ε
1240 1996 1270 2033 α
1299 1973 1375 2037 Et
1397 1976 1539 2054 post
1566 1971 1877 2036 bucellam
1910 1970 2202 2035 introivit

659 2082 725 2144 in
754 2099 906 2145 eum
931 2086 1204 2145 satanas.
1235 2102 1266 2138 n
1304 2078 1583 2161 Uterque
1611 2083 1827 2141 tamen
1853 2078 1932 2142 ad
1956 2078 2195 2140 ostium

658 2191 889 2272 pulsat,
920 2189 1190 2253 libenter
1226 2188 1442 2252 intrat.
1494 2186 1758 2268 Utrique
1802 2188 2016 2249 autem
2070 2203 2201 2248 non

658 2301 748 2359 est
777 2297 1227 2378 aperiendum3
1257 2295 1663 2376 Augustinus
1686 2297 1709 2333 '¹
1744 2312 1761 2356 ε
1799 2317 1830 2354 ει
1857 2293 2203 2358 Claudatur

658 2402 931 2483 diabolo,
963 2407 1026 2467 et
1054 2405 1379 2486 aperiatur
1413 2402 1679 2466 Christo.
1708 2423 1740 2461 n

738 2509 1021 2575 Tertium
1066 2511 1491 2592 significatur,
1542 2528 1690 2574 cum
1738 2508 1970 2573 dicitur
2016 2529 2031 2571 ε
2091 2507 2201 2574 Te-

657 2622 809 2685 nuit
835 2636 1099 2686 manum
1138 2619 1300 2701 eJ'us.
1349 2618 1524 2683 Sicut
1560 2618 1733 2682 enim
1774 2615 1959 2681 Jesus
2006 2615 2201 2679 intrat

657 2727 924 2791 domum
953 2745 1065 2811 per
1096 2727 1375 2808 gratiam
1409 2725 1933 2809 praevenientem,
1982 2724 2071 2788 ita
2106 2729 2202 2788 te·

657 2839 769 2898 net
823 2854 1086 2899 manum
1161 2854 1277 2918 per
1331 2836 1606 2917 gratiam
1680 2833 2198 2915 subsequentem.

660 2941 918 3006 Manutn
945 2949 1288 3024 utramque
1321 2942 1626 3005 Dominus
1654 2945 1846 3017 tenet,
1877 2940 2029 3003 dum
2061 2940 2198 3003 estl-

657 3048 884 3112 caciter
952 3049 1113 3112 bene
1188 3049 1487 3130 operaticii
1560 3048 1864 3110 virtutem
1935 3047 2195 3128 praebet.

660 3155 987 3231 Quomodo
1009 3157 1180 3219 enim
1208 3154 1405 3219 homo
1438 3159 1730 3235 surgeret
1760 3154 1866 3235 (a),
1902 3158 2011 3216 aut
2049 3152 2199 3234 quid

657 3263 804 3326 boni
837 3267 1079 3343 ageret,
1107 3262 1231 3326 nisi
1259 3263 1349 3325 sic
1377 3262 1685 3326 Dominus
1715 3280 1979 3325 manum
2020 3266 2197 3324 tene·

657 3375 789 3433 ret?
822 3369 1228 3449 Augustinus
1255 3368 1277 3404 ⁸
1310 3391 1326 3432 z
1360 3391 1391 3429 a
1419 3368 1570 3432 Sine
1607 3368 1730 3431 Deo
1773 3374 2098 3450 operante,
2132 3372 2203 3431 ut

657 3476 967 3554 velimus,
1015 3477 1149 3539 sine
1196 3481 1570 3559 cooperante
1610 3480 1680 3538 ut
1721 3475 2069 3558 possimus,
2121 3474 2199 3539 ad

657 3585 909 3666 pietatis
940 3602 1131 3665 opera
1165 3584 1254 3646 nil
1286 3582 1597 3647 valemus.
1641 3606 1672 3641 »
1712 3581 1787 3645 Et
1825 3586 1996 3659 nota,
2028 3582 2199 3664 quod

658 3691 823 3755 Deus
863 3690 1048 3753 bonis
1099 3709 1364 3753 manum
1411 3694 1580 3753 tenet
1624 3688 1705 3752 ad
1753 3689 2193 3769 surgendum,

657 3803 737 3867 ad
765 3800 1204 3864 deducendum
1233 3804 1295 3864 et
1321 3800 1398 3863 ad
1425 3800 1832 3863 sumendum.
1861 3796 2058 3862 Tenet
2089 3797 2197 3861 Do·

659 3910 874 3971 minus
893 3926 1158 3971 manum
1177 3906 1459 3971 hominis
1480 3905 1561 3969 ad
1584 3904 2018 3968 suscitandum
2044 3921 2197 3967 eum

656 4015 734 4080 de
761 4016 970 4098 culpa,
1002 4017 1166 4080 sicut
1192 4015 1297 4078 hic
1315 4015 1718 4096 significatur
1747 4035 1761 4077 ε
1794 4016 1965 4109 tenet
1995 4011 2198 4075 Domi-

657 4142 780 4187 nus
827 4123 1191 4186 suscitando
1209 4144 1234 4202 ¹,
1283 4126 1357 4184 ut
1403 4127 1618 4185 teneas
1662 4119 1933 4183 amando
1985 4119 2198 4182 Domi-

657 4248 817 4293 num
847 4231 870 4265 ⁹
901 4252 915 4293 ι
959 4253 989 4289 α
1017 4229 1218 4294 Tenui
1240 4229 1443 4307 illum,
1470 4247 1587 4291 nec
1607 4226 1941 4289 dimittam.
1979 4224 2198 4290 »Tene

658 4355 817 4418 ergo
847 4337 1184 4401 Dominum
1213 4336 1280 4399 in
1316 4339 1379 4400 te
1420 4352 1534 4417 per
1574 4350 1860 4395 amorem
1906 4337 1968 4396 et
2005 4333 2195 4395 timo-

657 4461 818 4507 rem.
838 4443 1006 4508 Tene
1025 4449 1082 4505 te
1100 4444 1163 4504 in
1195 4441 1455 4505 Domino
1471 4457 1582 4522 per
1595 4456 1876 4502 amorem
1899 4438 2015 4502 ¹⁰.¹¹
2047 4457 2062 4501 τ
2088 4440 2196 4502 «Si

655 4551 887 4616 nonin
915 4551 1142 4613 timore
1181 4548 1428 4612 Domini
1453 4548 1735 4610 tenueris
1762 4550 1823 4609 te
1859 4547 2193 4625 instanter,

658 4660 781 4723 cito
809 4657 1215 4721 subvertetur
1240 4655 1468 4719 domus
1494 4660 1625 4717 tua.
1659 4676 1688 4713 n
1718 4653 1874 4717 [tem
1894 4653 1971 4716 ad
2001 4654 2196 4717 dedu-

655 4765 924 4829 cendum
975 4763 1044 4825 in
1090 4762 1329 4844 gratia;
1380 4759 1713 4825 Psalmista
1758 4761 1802 4796 ¹⁸
1847 4783 1863 4824 ε
1909 4782 1939 4821 α
1970 4758 2198 4824 Manus

655 4884 771 4943 tua
813 4876 1079 4942 deducet
1117 4891 1219 4937 me
1256 4893 1287 4933 n
1337 4872 1415 4936 de
1457 4874 1689 4935 virtute
1728 4872 1796 4935 in
1853 4873 2192 4953 virtutem,

664 5008 696 5045 α
715 4990 779 5050 et
803 4982 1042 5048 tenebit
1071 4998 1172 5045 me
1194 4980 1474 5043 dextera.
1505 5001 1536 5039 n
1570 4976 1838 5044 Sinistra
1870 4979 2112 5044 tenebit
2137 4986 2197 5045 te

719 5146 729 5172 ⁸
767 5143 971 5203 ,set-em„
1013 5154 1087 5204 vt,
1129 5144 1209 5191 26.
1244 5166 1304 5176 -
1340 5140 1358 5170 ²
1400 5141 1549 5190 Bern.
1579 5167 1640 5178 —
1676 5140 1697 5175 ⁸
1743 5141 1886 5204 Sap„
1928 5153 1989 5203 x,
2038 5142 2192 5192 15.—

652 5213 672 5247 ⁸
697 5211 819 5275 lob,
853 5225 968 5275 xm,
1011 5216 1092 5263 25.
1132 5237 1192 5248 -
1234 5213 1252 5242 ⁸
1290 5211 1457 5274 Apoc„
1495 5223 1583 5274 111,
1613 5216 1689 5261 20.
1729 5238 1787 5249 -
1821 5214 1841 5241 ⁸
1869 5213 2034 5275 Jocm„
2074 5224 2193 5277 xiu,

651 5286 729 5334 27.
760 5310 820 5322 —·
849 5285 871 5320 '¹
904 5288 1049 5349 Aug„
1076 5284 1129 5331 iu
1167 5281 1304 5335 Psal.
1340 5295 1482 5347 cxm,
1515 5296 1568 5332 n.
1600 5286 1646 5345 4,
1676 5283 1844 5347 quoad
1874 5297 2103 5333 sensum.
2135 5311 2195 5322 -

651 5356 673 5392 ⁸
701 5361 848 5421 Aug„
875 5370 1031 5407 serm.
1060 5367 1249 5417 exem,
1279 5370 1334 5406 n.
1366 5360 1414 5419 2,
1443 5355 1611 5421 quoad
1639 5368 1867 5406 sensum.
1893 5382 1946 5391 -
1974 5358 1994 5385 '
2024 5356 2193 5420 Cant„

655 5439 748 5493 ιιι,
789 5432 837 5479 ⁴.
866 5454 929 5465 —
967 5427 1012 5465 ¹0
1040 5427 1298 5478 Nonnulla
1327 5426 1450 5477 huic
1477 5428 1593 5478 loco
1625 5426 1801 5477 deesse
1835 5426 2092 5478 videntur.
2132 5453 2190 5464 —

1753 437 2173 509 SERMONES
2216 438 2317 507 DE
2361 436 2759 510 TEMPORE.

2311 576 2621 643 Dominus
2662 598 2778 663 per
2817 581 3111 647 timorem
3131 627 3153 659 ,
3206 578 3469 645 dextera
3513 597 3630 664 per
3675 598 3857 647 amo·

2310 702 2445 747 rem
2476 687 2521 722 ¹³
2557 708 2571 750 ε
2609 710 2641 747 α
2670 686 2861 751 Laeva
2888 689 3027 770 ejus
3069 687 3189 752 sub
3217 688 3422 769 capite
3451 705 3618 767 meo,
3650 710 3681 748 n
3730 693 3851 753 etc.

2310 790 2470 857 ltem
2488 796 2565 857 ad
2582 796 3055 877 suscipiendum
3074 796 3140 859 in
3161 795 3370 876 gloria
3385 817 3404 872 ;
3428 795 3764 860 Psalmista
3780 797 3825 832 ¹⁸
3840 818 3856 858 :

2316 899 2657 965 «Tenuisti
2704 921 2967 966 manum
3008 903 3338 966 dexteram
3386 920 3622 967 meam.
3666 903 3744 966 Et
3791 905 3856 967 in

2307 1025 2465 1070 voce
2496 1013 2606 1071 tua
2635 1007 2952 1072 deduxisti
2980 1026 3104 1087 me,
3138 1012 3375 1073 etcum
3404 1007 3616 1089 gloria
3643 1026 3851 1073 susoe-

2308 1114 2451 1195 pisti
2483 1132 2606 1178 me.
2639 1136 2670 1173 1>
2710 1115 2887 1179 Certe
2910 1133 3100 1197 quem
3132 1114 3440 1178 Dominus
3467 1133 3597 1178 non
3621 1117 3853 1180 tenebit

2307 1220 2386 1283 ad
2418 1221 2716 1302 gloriam,
2752 1221 3041 1286 diabolus
3068 1240 3219 1286 eum
3250 1220 3593 1286 tenebit·ad
3614 1223 3859 1302 gehen·

2308 1346 2461 1390 nam
2504 1330 2548 1364 ¹⁸
2595 1353 2608 1392 ε
2653 1351 2684 1390 α
2711 1326 3056 1392 Tenebitur
3094 1327 3310 1410 planta
3347 1329 3493 1410 eJus
3540 1326 3790 1410 laque0,
3820 1350 3849 1387 ι

2308 1436 2545 1499 scilicet
2583 1436 2864 1514 invidiae,
2896 1435 3182 1499 avaritiae
3230 1438 3292 1498 et
3336 1434 3613 1499 aliorum
3664 1437 3848 1501 vitio-

2308 1561 2477 1607 rum.

2389 1652 2700 1729 Quartum
2748 1651 3133 1727 ostenditur,
3184 1670 3333 1715 cum
3379 1653 3855 1737 subJungitur:

2310 1758 2548 1837 Puella,
2577 1774 2783 1841 surae.
2837 1758 3054 1824 Puella
3078 1762 3175 1822 est
3215 1758 3453 1838 anima,
3484 1759 3592 1823 vel
3620 1760 3847 1825 volun·

2308 1870 2425 1944 taS,
2474 1883 2622 1949 quae
2666 1867 2735 1929 iu
2780 1865 3239 1949 justificatione
3286 1866 3504 1947 surgit
3552 1884 3594 1929 a
3649 1871 3850 1930 morte

2306 1972 2513 2055 culpae
2542 1974 2626 2035 ¹⁸:
2667 1996 2697 2034 α
2726 1972 2941 2055 Surge
2978 1975 3090 2056 qui
3133 1973 3397 2053 dormis,
3443 1978 3510 2037 et
3536 1992 3793 2056 exurge
3818 1993 3857 2038 a

2306 2080 2601 2144 mortuis.
2631 2102 2663 2139 n
2690 2078 2739 2145 Ο
2772 2080 2985 2142 anima
3013 2084 3287 2156 mortua,
3317 2081 3451 2143 vita
3478 2080 3596 2143 tibi
3626 2081 3848 2159 fertur,

2306 2205 2454 2252 cum
2496 2186 2727 2251 dicitur
2773 2209 2788 2251 ε
2843 2188 3084 2271 Surqe;
3138 2204 3290 2250 vere
3339 2187 3513 2250 enim
3557 2189 3781 2269 surgis
3820 2207 3861 2252 a

2306 2296 2512 2357 morte
2540 2293 2772 2375 culpae.
2793 2292 3205 2374 Augustinus
3224 2295 3269 2335 ¹⁷
3298 2315 3361 2357 ια
3377 2293 3627 2370 Quibus
3655 2295 3722 2358 in
3745 2295 3864 2360 hoc

2307 2401 2545 2465 saeculo
2574 2401 2706 2465 vita
2734 2401 3026 2479 offertur,
3057 2405 3122 2466 et
3140 2400 3370 2466 nolunt
3382 2419 3527 2465 eam
3555 2403 3858 2486 recipere,

2306 2508 2373 2571 in
2404 2508 2652 2573 inferno
2696 2514 2989 2591 quaerent
3035 2513 3338 2588 mortem,
3388 2515 3452 2573 et
3498 2528 3630 2575 non
3675 2509 3863 2574 inve-

2308 2615 2504 2678 nient.
2528 2637 2561 2675 a
2583 2614 2661 2680 Et
2689 2621 2859 2697 nota,
2893 2617 3063 2700 quod
3091 2634 3363 2697 surgere
3391 2617 3576 2682 debet
3609 2618 3802 2683 homo
3826 2637 3865 2681 a

2309 2727 2563 2805 peccato
2589 2722 2956 2803 voluntatis,
2983 2742 3023 2788 a
3048 2728 3305 2808 peccato
3333 2724 3623 2805 actionis,
3648 2743 3692 2789 a
3720 2744 3862 2808 pec-

2310 2834 2450 2893 cato
2475 2832 2965 2895 consuetudinis,
2998 2830 3073 2894 Et
3095 2832 3217 2895 hoc
3260 2850 3375 2913 per
3402 2835 3533 2894 tres
3580 2838 3865 2896 mortuos

2311 2912 2745 3018 significatur,
2804 2940 2884 3003 de
2937 2938 3174 3020 quibus
3230 2940 3492 3022 require
3538 2958 3742 3023 supra
3794 2943 3869 3004 in

2308 3062 2603 3109 sermone
2634 3067 2650 3108 ε
2696 3044 2947 3112 lte-sedit
2975 3049 3089 3128 qui
3117 3055 3255 3113 erac
3283 3047 3350 3108 ¹⁸.

2823 3226 3116 3297 SERMO
3161 3228 3255 3295 111
3337 3278 3353 3292 .

2396 3368 2688 3449 Confido,
2717 3368 2886 3450 filia,
2918 3370 3078 3450 fides
3107 3376 3219 3437 tua
3250 3379 3310 3436 te
3337 3369 3591 3436 salvam
3613 3371 3768 3449 fecit
3794 3371 3867 3433 ¹⁹.

2310 3474 2475 3551 Quia
2503 3477 2896 3541 consuetudo
2924 3477 3078 3540 boni
3117 3477 3344 3541 medici
3372 3477 3574 3540 estad
3605 3476 3867 3540 confor-

2308 3581 2617 3645 tationem
2658 3583 2895 3647 inssrmi
2943 3589 3282 3667 acceptatae
3330 3582 3667 3648 medicinae
3720 3582 3864 3646 effi·

2308 3689 2545 3753 caci-am
2593 3692 2773 3756 multi
2784 3693 3024 3774 pliciter
3076 3694 3438 3758 extollendo
3475 3692 3863 3775 praedicere,

2306 3795 2456 3860 hiuc
2483 3802 2573 3860 est
2604 3799 2775 3882 quod
2811 3799 3119 3865 Dominus
3156 3806 3371 3865 noster
3414 3799 3601 3865 Jesus
3646 3798 3871 3865 Chris-

2307 3910 2444 3984 tus,
2500 3906 2784 3971 medicus
2832 3925 3174 3990 corporum
3219 3912 3282 3972 et
3327 3908 3732 3983 animarum,
3782 3908 3872 3972 ad

2307 4012 2828 4077 confortationem
2872 4014 3051 4078 istius
3099 4014 3386 4079 mulieris
3422 4014 3703 4078 infirmae
3744 4033 3872 4098 ap-

2307 4121 2578 4202 petentis
2600 4121 2682 4183 ab
2708 4121 2849 4203 ipso
2876 4121 3135 4198 salvari,
3168 4122 3474 4203 dignatus
3506 4126 3604 4185 est
3646 4123 3867 4187 efficu-

2308 4229 2471 4290 ciam
2498 4227 2847 4310 spiritualis
2890 4228 3243 4307 medicinae,
3286 4228 3520 4293 scilicet
3546 4229 3699 4293 fidei
3738 4247 3869 4294 cu-

2306 4335 2511 4398 rantis
2557 4351 2819 4399 omnem
2870 4334 3294 4416 languorem,
3333 4335 3574 4399 utiliter
3610 4353 3867 4417 praeos-

2306 4443 2599 4521 tendere,
2669 4460 2818 4505 oum
2878 4441 3030 4505 dicit
3092 4442 3159 4504 iu
3213 4441 3410 4505 verbo
3475 4443 3808 4523 proposito
3844 4463 3863 4505 t

2313 4550 2597 4630 Confido,
2619 4549 2787 4630 filia,
2821 4555 2940 4614 etc.
2971 4548 3091 4614 Ubi
3120 4551 3328 4632 primo
3348 4554 3610 4614 notatur
3636 4548 3871 4614 divina

2309 4658 2598 4739 dignatio
2645 4659 2945 4738 gratuitae
3000 4657 3391 4740 adoptionis,
3440 4674 3589 4720 cum
3652 4657 3863 4723 dicit:

2310 4765 2485 4831 Filia
2498 4784 2527 4845 ;
2555 4766 2834 4829 secundo
2863 4764 2968 4847 pia
2994 4765 3346 4847 compassio
3376 4764 3685 4829 virtuosae
3710 4765 3867 4827 ani·

2310 4872 2623 4950 metionis,
2657 4889 2808 4936 cum
2836 4871 3009 4936 addit
3039 4890 3056 4934 t
3091 4869 3386 4952 confide;
3419 4872 3608 4935 tertio
3633 4888 3866 4935 necoe-

2305 5043 2343 5077 ¹¹
2376 5040 2557 5101 Eoeli„
2582 5054 2744 5103 xxvii,
2774 5046 2819 5093 4.
2846 5070 2903 5079 —
2926 5043 2965 5078 ¹²
2988 5043 3127 5093 Ptol.
3148 5055 3404 5102 cxxxviii,
3428 5046 3507 5093 to.
3526 5069 3591 5082 —
3610 5044 3655 5080 ¹⁸
3684 5043 3863 5101 Cant..

2308 5124 2362 5175 ιι,
2394 5114 2445 5162 6.
2484 5139 2546 5149 -
2583 5115 2621 5149 ¹⁸
2648 5113 2784 5163 Psal.
2815 5125 2978 5175 mxu,
3006 5117 3087 5172 24.
3118 5117 3196 5165 25.
3223 5139 3287 5151 -
3319 5115 3355 5149 ¹⁸
3380 5114 3493 5175 Job,
3534 5124 3689 5177 xviri,
3714 5116 3766 5166 9.
3797 5140 3867 5153 -

2304 5186 2350 5219 ¹·
2380 5184 2582 5248 Ephes„
2616 5197 2666 5249 v,
2699 5187 2776 5234 ti.
2802 5210 2865 5221 --
2899 5186 2934 5219 ¹⁷
2966 5190 3096 5249 Aug.
3118 5210 3179 5222 -
3204 5187 3245 5221 ¹⁸
3275 5185 3390 5236 vid.
3420 5200 3518 5250 sup
3546 5224 3560 5246 ,
3584 5187 3732 5237 Dom,
3768 5198 3863 5249 xv,

2298 5259 2411 5320 post
2446 5256 2614 5317 Pent.,
2645 5268 2800 5307 serm.
2831 5268 2889 5319 u,
2917 5270 3031 5320 pag.
3064 5258 3175 5321 424,
3203 5256 3301 5309 col.
3335 5260 3385 5307 2.
3408 5283 3471 5295 -
3498 5259 3540 5293 ¹⁰
3568 5259 3718 5308 Hunc
3746 5271 3863 5309 non

2303 5328 2465 5378 habet
2490 5328 2610 5381 edit.
2648 5328 2810 5378 Paris.
2835 5341 2921 5378 an.
2961 5331 3100 5379 152¹.
3129 5354 3194 5366 —
3221 5329 3260 5360 ²·
3285 5328 3493 5393 nauh„
3525 5341 3603 5395 ιι,
3635 5332 3714 5381 22.

2374 5426 2439 5487 (a)
2472 5425 2595 5476 Coet.
2624 5424 2747 5476 edft.
2780 5426 2973 5489 surget.
