<?xml version="1.0" encoding="UTF-8"?>
<!DOCTYPE html PUBLIC "-//W3C//DTD XHTML 1.0 Transitional//EN"
    "http://www.w3.org/TR/xhtml1/DTD/xhtml1-transitional.dtd">
<html xmlns="http://www.w3.org/1999/xhtml" xml:lang="en" lang="en">
 <head>
  <title>
</title>
<meta http-equiv="Content-Type" content="text/html;charset=utf-8" />
  <meta name='ocr-system' content='tesseract 3.04.00' />
  <meta name='ocr-capabilities' content='ocr_page ocr_carea ocr_par ocr_line ocrx_word'/>
</head>
<body>
  <div class='ocr_page' id='page_1' title='image "./srecardinalissb02peltgoog_0590.png"; bbox 0 0 4059 6317; ppageno 0'>
   <div class='ocr_carea' id='block_1_1' title="bbox 705 436 831 498">
    <p class='ocr_par' dir='ltr' id='par_1_1' title="bbox 705 436 831 498">
     <span class='ocr_line' id='line_1_1' title="bbox 705 436 831 498; baseline 0 0"><span class='ocrx_word' id='word_1_1' title='bbox 705 436 831 498; x_wconf 68' lang='lat'><strong>548</strong></span> 
     </span>
    </p>
   </div>
   <div class='ocr_carea' id='block_1_2' title="bbox 682 564 2251 3831">
    <p class='ocr_par' dir='ltr' id='par_1_2' title="bbox 682 564 2251 3252">
     <span class='ocr_line' id='line_1_2' title="bbox 700 564 2245 643; baseline -0.001 -18"><span class='ocrx_word' id='word_1_2' title='bbox 700 582 849 625; x_wconf 88' lang='lat' dir='ltr'><strong>num</strong></span> <span class='ocrx_word' id='word_1_3' title='bbox 877 566 1098 642; x_wconf 84' lang='lat' dir='ltr'><strong>quippe</strong></span> <span class='ocrx_word' id='word_1_4' title='bbox 1125 568 1213 624; x_wconf 87' lang='lat' dir='ltr'><strong>est</strong></span> <span class='ocrx_word' id='word_1_5' title='bbox 1238 564 1468 625; x_wconf 89' lang='lat' dir='ltr'><strong>homini</strong></span> <span class='ocrx_word' id='word_1_6' title='bbox 1496 565 1799 640; x_wconf 87' lang='lat' dir='ltr'><strong>abnegare</strong></span> <span class='ocrx_word' id='word_1_7' title='bbox 1842 567 2010 643; x_wconf 84' lang='lat' dir='ltr'><strong>quod</strong></span> <span class='ocrx_word' id='word_1_8' title='bbox 2037 566 2245 637; x_wconf 81' lang='lat' dir='ltr'><strong>habet3</strong></span> 
     </span>
     <span class='ocr_line' id='line_1_3' title="bbox 699 659 2250 734; baseline 0 -15"><span class='ocrx_word' id='word_1_9' title='bbox 699 660 806 719; x_wconf 86' lang='lat' dir='ltr'><strong>sed</strong></span> <span class='ocrx_word' id='word_1_10' title='bbox 824 660 1076 719; x_wconf 89' lang='lat' dir='ltr'><strong>multum</strong></span> <span class='ocrx_word' id='word_1_11' title='bbox 1090 659 1266 719; x_wconf 86' lang='lat' dir='ltr'><strong>valde</strong></span> <span class='ocrx_word' id='word_1_12' title='bbox 1281 664 1368 719; x_wconf 87' lang='lat' dir='ltr'><strong>est</strong></span> <span class='ocrx_word' id='word_1_13' title='bbox 1385 660 1682 733; x_wconf 86' lang='lat' dir='ltr'><strong>abnegare</strong></span> <span class='ocrx_word' id='word_1_14' title='bbox 1701 660 1869 734; x_wconf 87' lang='lat' dir='ltr'><strong>quod</strong></span> <span class='ocrx_word' id='word_1_15' title='bbox 1882 666 1986 718; x_wconf 87' lang='lat' dir='ltr'><strong>est.</strong></span> <span class='ocrx_word' id='word_1_16' title='bbox 2004 660 2250 732; x_wconf 84' lang='lat' dir='ltr'><strong>Ett&#39;orte,</strong></span> 
     </span>
     <span class='ocr_line' id='line_1_4' title="bbox 706 753 2249 828; baseline 0.004 -21"><span class='ocrx_word' id='word_1_17' title='bbox 706 753 974 828; x_wconf 79' lang='lat' dir='ltr'><strong>«inquit,</strong></span> <span class='ocrx_word' id='word_1_18' title='bbox 1001 773 1031 808; x_wconf 72' lang='grc' dir='ltr'><strong>ι</strong></span> <span class='ocrx_word' id='word_1_19' title='bbox 1071 753 1443 813; x_wconf 84' lang='lat' dir='ltr'><strong>laboriosum</strong></span> <span class='ocrx_word' id='word_1_20' title='bbox 1488 769 1611 811; x_wconf 94' lang='lat' dir='ltr'><strong>non</strong></span> <span class='ocrx_word' id='word_1_21' title='bbox 1656 759 1741 812; x_wconf 87' lang='lat' dir='ltr'><strong>est</strong></span> <span class='ocrx_word' id='word_1_22' title='bbox 1790 754 2018 813; x_wconf 90' lang='lat' dir='ltr'><strong>homini</strong></span> <span class='ocrx_word' id='word_1_23' title='bbox 2071 753 2249 813; x_wconf 89' lang='lat' dir='ltr'><strong>relin-</strong></span> 
     </span>
     <span class='ocr_line' id='line_1_5' title="bbox 700 847 2249 922; baseline 0 -17"><span class='ocrx_word' id='word_1_24' title='bbox 700 864 882 922; x_wconf 82' lang='lat' dir='ltr'><strong>quere</strong></span> <span class='ocrx_word' id='word_1_25' title='bbox 901 865 1010 906; x_wconf 88' lang='lat' dir='ltr'><strong>sua</strong></span> <span class='ocrx_word' id='word_1_26' title='bbox 1022 866 1042 920; x_wconf 80' lang='lat'><em>3</em></span> <span class='ocrx_word' id='word_1_27' title='bbox 1065 847 1172 905; x_wconf 88' lang='lat' dir='ltr'><strong>sed</strong></span> <span class='ocrx_word' id='word_1_28' title='bbox 1199 847 1372 907; x_wconf 88' lang='lat' dir='ltr'><strong>valde</strong></span> <span class='ocrx_word' id='word_1_29' title='bbox 1395 847 1765 906; x_wconf 86' lang='lat' dir='ltr'><strong>laboriosum</strong></span> <span class='ocrx_word' id='word_1_30' title='bbox 1785 852 1893 921; x_wconf 89' lang='lat' dir='ltr'><strong>est,</strong></span> <span class='ocrx_word' id='word_1_31' title='bbox 1916 848 2249 922; x_wconf 89' lang='lat' dir='ltr'><strong>relinquere</strong></span> 
     </span>
     <span class='ocr_line' id='line_1_6' title="bbox 696 940 2251 1017; baseline 0 -17"><span class='ocrx_word' id='word_1_32' title='bbox 696 942 979 1017; x_wconf 86' lang='lat' dir='ltr'><strong>seipsum.</strong></span> <span class='ocrx_word' id='word_1_33' title='bbox 1007 962 1036 997; x_wconf 68' lang='grc' dir='ltr'><strong>υ</strong></span> <span class='ocrx_word' id='word_1_34' title='bbox 1072 945 1221 1014; x_wconf 84' lang='lat' dir='ltr'><strong>Ergo</strong></span> <span class='ocrx_word' id='word_1_35' title='bbox 1251 944 1484 1000; x_wconf 87' lang='lat' dir='ltr'><strong>sanctus</strong></span> <span class='ocrx_word' id='word_1_36' title='bbox 1514 945 1771 1014; x_wconf 76' lang='lat' dir='ltr'><strong>Marcus,</strong></span> <span class='ocrx_word' id='word_1_37' title='bbox 1813 940 1959 1000; x_wconf 91' lang='lat' dir='ltr'><strong>dum</strong></span> <span class='ocrx_word' id='word_1_38' title='bbox 1986 942 2251 1015; x_wconf 90' lang='lat' dir='ltr'><strong>seipsum</strong></span> 
     </span>
     <span class='ocr_line' id='line_1_7' title="bbox 698 1035 2249 1111; baseline -0.001 -17"><span class='ocrx_word' id='word_1_39' title='bbox 698 1036 779 1094; x_wconf 90' lang='lat' dir='ltr'><strong>ob</strong></span> <span class='ocrx_word' id='word_1_40' title='bbox 815 1035 1020 1095; x_wconf 73' lang='lat' dir='ltr'><strong>Christi</strong></span> <span class='ocrx_word' id='word_1_41' title='bbox 1062 1052 1329 1094; x_wconf 90' lang='lat' dir='ltr'><strong>amorem</strong></span> <span class='ocrx_word' id='word_1_42' title='bbox 1363 1036 1622 1111; x_wconf 88' lang='lat' dir='ltr'><strong>reliquit,</strong></span> <span class='ocrx_word' id='word_1_43' title='bbox 1664 1037 1827 1094; x_wconf 85' lang='lat' dir='ltr'><strong>viam</strong></span> <span class='ocrx_word' id='word_1_44' title='bbox 1872 1035 2249 1110; x_wconf 84' lang='lat' dir='ltr'><strong>perfectionis</strong></span> 
     </span>
     <span class='ocr_line' id='line_1_8' title="bbox 696 1129 2245 1204; baseline -0.001 -16"><span class='ocrx_word' id='word_1_45' title='bbox 696 1129 961 1204; x_wconf 87' lang='lat' dir='ltr'><strong>arripuit.</strong></span> <span class='ocrx_word' id='word_1_46' title='bbox 1019 1129 1249 1188; x_wconf 75' lang='lat' dir='ltr'>Sciebat</span> <span class='ocrx_word' id='word_1_47' title='bbox 1302 1130 1462 1187; x_wconf 89' lang='lat' dir='ltr'><strong>enim</strong></span> <span class='ocrx_word' id='word_1_48' title='bbox 1517 1129 1833 1188; x_wconf 91' lang='lat' dir='ltr'><strong>Dominum</strong></span> <span class='ocrx_word' id='word_1_49' title='bbox 1890 1129 2109 1187; x_wconf 79' lang='lat' dir='ltr'>dixisse</span> <span class='ocrx_word' id='word_1_50' title='bbox 2164 1132 2184 1166; x_wconf 86' lang='lat'><strong>¹</strong></span> <span class='ocrx_word' id='word_1_51' title='bbox 2230 1147 2245 1187; x_wconf 89' lang='lat'><strong>:</strong></span> 
     </span>
     <span class='ocr_line' id='line_1_9' title="bbox 700 1222 2244 1296; baseline 0.003 -20"><span class='ocrx_word' id='word_1_52' title='bbox 700 1242 729 1276; x_wconf 74' lang='grc' dir='ltr'>ι</span> <span class='ocrx_word' id='word_1_53' title='bbox 754 1222 866 1292; x_wconf 83' lang='lat' dir='ltr'><strong>Qui</strong></span> <span class='ocrx_word' id='word_1_54' title='bbox 892 1223 1087 1295; x_wconf 86' lang='lat' dir='ltr'><strong>major</strong></span> <span class='ocrx_word' id='word_1_55' title='bbox 1115 1228 1201 1281; x_wconf 92' lang='lat' dir='ltr'><strong>est</strong></span> <span class='ocrx_word' id='word_1_56' title='bbox 1235 1227 1520 1296; x_wconf 84' lang='lat' dir='ltr'><strong>vestrum,</strong></span> <span class='ocrx_word' id='word_1_57' title='bbox 1567 1223 1672 1281; x_wconf 89' lang='lat' dir='ltr'><strong>fiat</strong></span> <span class='ocrx_word' id='word_1_58' title='bbox 1707 1223 1858 1281; x_wconf 88' lang='lat' dir='ltr'><strong>sicut</strong></span> <span class='ocrx_word' id='word_1_59' title='bbox 1883 1223 2183 1281; x_wconf 75' lang='lat' dir='ltr'><strong>minimuS.</strong></span> <span class='ocrx_word' id='word_1_60' title='bbox 2213 1244 2244 1279; x_wconf 68' lang='lat' dir='ltr'><strong>n</strong></span> 
     </span>
     <span class='ocr_line' id='line_1_10' title="bbox 695 1317 2250 1392; baseline 0.001 -18"><span class='ocrx_word' id='word_1_61' title='bbox 695 1319 763 1374; x_wconf 85' lang='lat' dir='ltr'><strong>Et</strong></span> <span class='ocrx_word' id='word_1_62' title='bbox 786 1317 981 1374; x_wconf 79' lang='lat' dir='ltr'><strong>illud¹</strong></span> <span class='ocrx_word' id='word_1_63' title='bbox 1015 1334 1031 1375; x_wconf 73' lang='grc' dir='ltr'>ε</span> <span class='ocrx_word' id='word_1_64' title='bbox 1067 1337 1097 1373; x_wconf 77' lang='grc' dir='ltr'><strong>α</strong></span> <span class='ocrx_word' id='word_1_65' title='bbox 1123 1318 1234 1388; x_wconf 85' lang='lat' dir='ltr'><strong>Qui</strong></span> <span class='ocrx_word' id='word_1_66' title='bbox 1263 1318 1390 1375; x_wconf 88' lang='lat' dir='ltr'><strong>vult</strong></span> <span class='ocrx_word' id='word_1_67' title='bbox 1426 1318 1631 1376; x_wconf 86' lang='lat' dir='ltr'><strong>venire</strong></span> <span class='ocrx_word' id='word_1_68' title='bbox 1666 1323 1801 1392; x_wconf 88' lang='lat' dir='ltr'><strong>post</strong></span> <span class='ocrx_word' id='word_1_69' title='bbox 1836 1334 1952 1390; x_wconf 91' lang='lat' dir='ltr'><strong>me,</strong></span> <span class='ocrx_word' id='word_1_70' title='bbox 1994 1318 2250 1391; x_wconf 79' lang='lat' dir='ltr'><strong>abneget</strong></span> 
     </span>
     <span class='ocr_line' id='line_1_11' title="bbox 694 1415 2249 1491; baseline 0.001 -19"><span class='ocrx_word' id='word_1_71' title='bbox 694 1415 1095 1489; x_wconf 84' lang='lat' dir='ltr'><strong>semetipsum.</strong></span> <span class='ocrx_word' id='word_1_72' title='bbox 1122 1436 1150 1469; x_wconf 77' lang='grc' dir='ltr'><strong>ιι</strong></span> <span class='ocrx_word' id='word_1_73' title='bbox 1181 1416 1335 1487; x_wconf 86' lang='lat' dir='ltr'><strong>Quid</strong></span> <span class='ocrx_word' id='word_1_74' title='bbox 1360 1421 1445 1474; x_wconf 86' lang='lat' dir='ltr'><strong>est</strong></span> <span class='ocrx_word' id='word_1_75' title='bbox 1472 1416 1633 1474; x_wconf 90' lang='lat' dir='ltr'><strong>enim</strong></span> <span class='ocrx_word' id='word_1_76' title='bbox 1658 1417 2039 1491; x_wconf 86' lang='lat' dir='ltr'><strong>semetipsum</strong></span> <span class='ocrx_word' id='word_1_77' title='bbox 2068 1416 2249 1474; x_wconf 86' lang='lat' dir='ltr'><strong>abne-</strong></span> 
     </span>
     <span class='ocr_line' id='line_1_12' title="bbox 693 1508 2246 1582; baseline 0.002 -17"><span class='ocrx_word' id='word_1_78' title='bbox 693 1523 836 1581; x_wconf 88' lang='lat' dir='ltr'><strong>gare</strong></span> <span class='ocrx_word' id='word_1_79' title='bbox 856 1550 876 1580; x_wconf 92' lang='lat'><strong>,</strong></span> <span class='ocrx_word' id='word_1_80' title='bbox 906 1508 1018 1566; x_wconf 90' lang='lat' dir='ltr'><strong>nisi</strong></span> <span class='ocrx_word' id='word_1_81' title='bbox 1047 1509 1413 1568; x_wconf 85' lang='lat' dir='ltr'><strong>voluntatem</strong></span> <span class='ocrx_word' id='word_1_82' title='bbox 1442 1527 1612 1569; x_wconf 89' lang='lat' dir='ltr'><strong>suam</strong></span> <span class='ocrx_word' id='word_1_83' title='bbox 1641 1513 1757 1569; x_wconf 90' lang='lat' dir='ltr'><strong>Deo</strong></span> <span class='ocrx_word' id='word_1_84' title='bbox 1787 1510 1950 1582; x_wconf 87' lang='lat' dir='ltr'><strong>dare,</strong></span> <span class='ocrx_word' id='word_1_85' title='bbox 1980 1514 2037 1569; x_wconf 93' lang='lat' dir='ltr'><strong>et</strong></span> <span class='ocrx_word' id='word_1_86' title='bbox 2065 1526 2126 1568; x_wconf 91' lang='lat' dir='ltr'><strong>se</strong></span> <span class='ocrx_word' id='word_1_87' title='bbox 2155 1513 2246 1568; x_wconf 90' lang='lat' dir='ltr'><strong>to·</strong></span> 
     </span>
     <span class='ocr_line' id='line_1_13' title="bbox 693 1603 2246 1675; baseline 0.003 -16"><span class='ocrx_word' id='word_1_88' title='bbox 693 1605 821 1659; x_wconf 92' lang='lat' dir='ltr'><strong>tum</strong></span> <span class='ocrx_word' id='word_1_89' title='bbox 850 1604 963 1661; x_wconf 92' lang='lat' dir='ltr'><strong>Deo</strong></span> <span class='ocrx_word' id='word_1_90' title='bbox 993 1603 1375 1675; x_wconf 79' lang='lat' dir='ltr'><strong>committere,</strong></span> <span class='ocrx_word' id='word_1_91' title='bbox 1416 1603 1565 1662; x_wconf 91' lang='lat' dir='ltr'><strong>nihil</strong></span> <span class='ocrx_word' id='word_1_92' title='bbox 1595 1605 1671 1662; x_wconf 92' lang='lat' dir='ltr'><strong>de</strong></span> <span class='ocrx_word' id='word_1_93' title='bbox 1707 1621 1769 1662; x_wconf 90' lang='lat' dir='ltr'><strong>se</strong></span> <span class='ocrx_word' id='word_1_94' title='bbox 1797 1604 1911 1662; x_wconf 87' lang='lat' dir='ltr'><strong>sibi</strong></span> <span class='ocrx_word' id='word_1_95' title='bbox 1946 1605 2197 1662; x_wconf 90' lang='lat' dir='ltr'><strong>retinere</strong></span> <span class='ocrx_word' id='word_1_96' title='bbox 2215 1607 2246 1664; x_wconf 73' lang='lat'><strong>¹?</strong></span> 
     </span>
     <span class='ocr_line' id='line_1_14' title="bbox 691 1695 2246 1772; baseline 0.002 -19"><span class='ocrx_word' id='word_1_97' title='bbox 691 1695 807 1754; x_wconf 90' lang='lat' dir='ltr'><strong>Sed</strong></span> <span class='ocrx_word' id='word_1_98' title='bbox 832 1696 1002 1754; x_wconf 91' lang='lat' dir='ltr'><strong>multi</strong></span> <span class='ocrx_word' id='word_1_99' title='bbox 1045 1701 1210 1770; x_wconf 89' lang='lat' dir='ltr'><strong>sunt,</strong></span> <span class='ocrx_word' id='word_1_100' title='bbox 1256 1698 1358 1772; x_wconf 88' lang='lat' dir='ltr'><strong>qui</strong></span> <span class='ocrx_word' id='word_1_101' title='bbox 1402 1714 1526 1755; x_wconf 91' lang='lat' dir='ltr'><strong>non</strong></span> <span class='ocrx_word' id='word_1_102' title='bbox 1569 1697 1768 1756; x_wconf 89' lang='lat' dir='ltr'><strong>solum</strong></span> <span class='ocrx_word' id='word_1_103' title='bbox 1802 1714 1927 1757; x_wconf 90' lang='lat' dir='ltr'><strong>non</strong></span> <span class='ocrx_word' id='word_1_104' title='bbox 1962 1715 2025 1757; x_wconf 90' lang='lat' dir='ltr'><strong>se</strong></span> <span class='ocrx_word' id='word_1_105' title='bbox 2063 1699 2246 1757; x_wconf 89' lang='lat' dir='ltr'><strong>abne-</strong></span> 
     </span>
     <span class='ocr_line' id='line_1_15' title="bbox 690 1790 2244 1868; baseline 0.001 -21"><span class='ocrx_word' id='word_1_106' title='bbox 690 1794 854 1862; x_wconf 85' lang='lat' dir='ltr'><strong>gant,</strong></span> <span class='ocrx_word' id='word_1_107' title='bbox 883 1790 988 1849; x_wconf 89' lang='lat' dir='ltr'><strong>sed</strong></span> <span class='ocrx_word' id='word_1_108' title='bbox 1016 1791 1237 1849; x_wconf 72' lang='lat' dir='ltr'><strong>caeteris</strong></span> <span class='ocrx_word' id='word_1_109' title='bbox 1265 1792 1544 1850; x_wconf 89' lang='lat' dir='ltr'><strong>laborant</strong></span> <span class='ocrx_word' id='word_1_110' title='bbox 1567 1792 1858 1868; x_wconf 67' lang='lat' dir='ltr'><strong>praeponi,</strong></span> <span class='ocrx_word' id='word_1_111' title='bbox 1908 1808 2034 1850; x_wconf 89' lang='lat' dir='ltr'><strong>non</strong></span> <span class='ocrx_word' id='word_1_112' title='bbox 2061 1796 2244 1850; x_wconf 88' lang='lat' dir='ltr'><strong>atten-</strong></span> 
     </span>
     <span class='ocr_line' id='line_1_16' title="bbox 692 1883 2244 1960; baseline 0.002 -19"><span class='ocrx_word' id='word_1_113' title='bbox 692 1883 917 1957; x_wconf 87' lang='lat' dir='ltr'><strong>dentes,</strong></span> <span class='ocrx_word' id='word_1_114' title='bbox 964 1886 1132 1960; x_wconf 88' lang='lat' dir='ltr'><strong>quod</strong></span> <span class='ocrx_word' id='word_1_115' title='bbox 1159 1902 1232 1942; x_wconf 87' lang='lat' dir='ltr'><strong>ex</strong></span> <span class='ocrx_word' id='word_1_116' title='bbox 1274 1885 1393 1944; x_wconf 86' lang='lat' dir='ltr'><strong>alto</strong></span> <span class='ocrx_word' id='word_1_117' title='bbox 1432 1885 1567 1944; x_wconf 90' lang='lat' dir='ltr'><strong>loco</strong></span> <span class='ocrx_word' id='word_1_118' title='bbox 1607 1886 1846 1959; x_wconf 87' lang='lat' dir='ltr'><strong>gravius</strong></span> <span class='ocrx_word' id='word_1_119' title='bbox 1893 1885 2160 1958; x_wconf 88' lang='lat' dir='ltr'><strong>caditur,</strong></span> <span class='ocrx_word' id='word_1_120' title='bbox 2187 1890 2244 1945; x_wconf 88' lang='lat' dir='ltr'><strong>et</strong></span> 
     </span>
     <span class='ocr_line' id='line_1_17' title="bbox 690 1979 2238 2054; baseline 0.001 -17"><span class='ocrx_word' id='word_1_121' title='bbox 690 1979 956 2037; x_wconf 81' lang='lat' dir='ltr'><strong>existenti</strong></span> <span class='ocrx_word' id='word_1_122' title='bbox 1022 1980 1086 2037; x_wconf 94' lang='lat' dir='ltr'><strong>in</strong></span> <span class='ocrx_word' id='word_1_123' title='bbox 1140 1979 1261 2037; x_wconf 93' lang='lat' dir='ltr'><strong>alto</strong></span> <span class='ocrx_word' id='word_1_124' title='bbox 1326 1979 1500 2037; x_wconf 85' lang='lat' dir='ltr'><strong>ruina</strong></span> <span class='ocrx_word' id='word_1_125' title='bbox 1556 1979 1794 2053; x_wconf 85' lang='lat' dir='ltr'><strong>gravior</strong></span> <span class='ocrx_word' id='word_1_126' title='bbox 1855 1983 2238 2054; x_wconf 70' lang='lat' dir='ltr'><strong>praeparatur.</strong></span> 
     </span>
     <span class='ocr_line' id='line_1_18' title="bbox 690 2072 2240 2143; baseline 0 -12"><span class='ocrx_word' id='word_1_127' title='bbox 690 2075 919 2143; x_wconf 86' lang='lat' dir='ltr'><strong>Quanto</strong></span> <span class='ocrx_word' id='word_1_128' title='bbox 947 2074 1107 2131; x_wconf 89' lang='lat' dir='ltr'><strong>enim</strong></span> <span class='ocrx_word' id='word_1_129' title='bbox 1134 2073 1324 2131; x_wconf 90' lang='lat' dir='ltr'><strong>nubes</strong></span> <span class='ocrx_word' id='word_1_130' title='bbox 1352 2073 1414 2130; x_wconf 90' lang='lat' dir='ltr'><strong>in</strong></span> <span class='ocrx_word' id='word_1_131' title='bbox 1447 2074 1633 2131; x_wconf 89' lang='lat' dir='ltr'><strong>altum</strong></span> <span class='ocrx_word' id='word_1_132' title='bbox 1673 2072 2039 2139; x_wconf 85' lang='lat' dir='ltr'><strong>attolluntur,</strong></span> <span class='ocrx_word' id='word_1_133' title='bbox 2078 2076 2240 2131; x_wconf 90' lang='lat' dir='ltr'><strong>tanto</strong></span> 
     </span>
     <span class='ocr_line' id='line_1_19' title="bbox 688 2160 2240 2238; baseline 0.003 -20"><span class='ocrx_word' id='word_1_134' title='bbox 688 2160 896 2220; x_wconf 82' lang='lat' dir='ltr'><strong>fortius</strong></span> <span class='ocrx_word' id='word_1_135' title='bbox 932 2165 1247 2221; x_wconf 88' lang='lat' dir='ltr'><strong>ventorum</strong></span> <span class='ocrx_word' id='word_1_136' title='bbox 1293 2162 1627 2220; x_wconf 85' lang='lat' dir='ltr'><strong>turbinibus</strong></span> <span class='ocrx_word' id='word_1_137' title='bbox 1670 2164 2033 2237; x_wconf 86' lang='lat' dir='ltr'><strong>quatiuntur.</strong></span> <span class='ocrx_word' id='word_1_138' title='bbox 2081 2165 2240 2238; x_wconf 83' lang='lat' dir='ltr'><strong>Saepe</strong></span> 
     </span>
     <span class='ocr_line' id='line_1_20' title="bbox 687 2252 2239 2330; baseline 0.002 -20"><span class='ocrx_word' id='word_1_139' title='bbox 687 2252 974 2314; x_wconf 78' lang='lat' dir='ltr'><strong>feriuntur</strong></span> <span class='ocrx_word' id='word_1_140' title='bbox 1025 2256 1298 2313; x_wconf 84' lang='lat' dir='ltr'><strong>tonitruis</strong></span> <span class='ocrx_word' id='word_1_141' title='bbox 1333 2254 1436 2312; x_wconf 87' lang='lat' dir='ltr'><strong>alti</strong></span> <span class='ocrx_word' id='word_1_142' title='bbox 1481 2260 1746 2326; x_wconf 90' lang='lat' dir='ltr'><strong>montes,</strong></span> <span class='ocrx_word' id='word_1_143' title='bbox 1789 2254 2035 2329; x_wconf 87' lang='lat' dir='ltr'><strong>quando</strong></span> <span class='ocrx_word' id='word_1_144' title='bbox 2074 2256 2239 2330; x_wconf 89' lang='lat' dir='ltr'><strong>quie·</strong></span> 
     </span>
     <span class='ocr_line' id='line_1_21' title="bbox 686 2348 2239 2423; baseline 0 -17"><span class='ocrx_word' id='word_1_145' title='bbox 686 2348 921 2408; x_wconf 77' lang='lat' dir='ltr'><strong>tissimae</strong></span> <span class='ocrx_word' id='word_1_146' title='bbox 945 2355 1186 2408; x_wconf 88' lang='lat' dir='ltr'><strong>manent</strong></span> <span class='ocrx_word' id='word_1_147' title='bbox 1206 2349 1411 2407; x_wconf 78' lang='lat' dir='ltr'><strong>vallea.</strong></span> <span class='ocrx_word' id='word_1_148' title='bbox 1442 2349 1634 2407; x_wconf 85' lang='lat' dir='ltr'><strong>Arbor</strong></span> <span class='ocrx_word' id='word_1_149' title='bbox 1656 2349 1838 2421; x_wconf 89' lang='lat' dir='ltr'><strong>enim,</strong></span> <span class='ocrx_word' id='word_1_150' title='bbox 1864 2352 2091 2423; x_wconf 89' lang='lat' dir='ltr'><strong>quanto</strong></span> <span class='ocrx_word' id='word_1_151' title='bbox 2117 2364 2239 2406; x_wconf 89' lang='lat' dir='ltr'><strong>ma-</strong></span> 
     </span>
     <span class='ocr_line' id='line_1_22' title="bbox 686 2443 2239 2517; baseline -0.001 -16"><span class='ocrx_word' id='word_1_152' title='bbox 686 2444 776 2517; x_wconf 88' lang='lat' dir='ltr'><strong>gis</strong></span> <span class='ocrx_word' id='word_1_153' title='bbox 802 2444 864 2501; x_wconf 89' lang='lat' dir='ltr'><strong>in</strong></span> <span class='ocrx_word' id='word_1_154' title='bbox 904 2444 1090 2503; x_wconf 89' lang='lat' dir='ltr'><strong>altum</strong></span> <span class='ocrx_word' id='word_1_155' title='bbox 1130 2443 1414 2515; x_wconf 85' lang='lat' dir='ltr'><strong>ascendit,</strong></span> <span class='ocrx_word' id='word_1_156' title='bbox 1455 2446 1621 2501; x_wconf 88' lang='lat' dir='ltr'><strong>tanto</strong></span> <span class='ocrx_word' id='word_1_157' title='bbox 1659 2443 1851 2515; x_wconf 89' lang='lat' dir='ltr'><strong>magis</strong></span> <span class='ocrx_word' id='word_1_158' title='bbox 1898 2459 1961 2501; x_wconf 89' lang='lat' dir='ltr'><strong>se</strong></span> <span class='ocrx_word' id='word_1_159' title='bbox 1992 2443 2239 2501; x_wconf 86' lang='lat' dir='ltr'><strong>turbini-</strong></span> 
     </span>
     <span class='ocr_line' id='line_1_23' title="bbox 683 2535 2237 2612; baseline -0.001 -17"><span class='ocrx_word' id='word_1_160' title='bbox 683 2538 821 2609; x_wconf 76' lang='lat' dir='ltr'><strong>buS,</strong></span> <span class='ocrx_word' id='word_1_161' title='bbox 848 2540 906 2595; x_wconf 89' lang='lat' dir='ltr'><strong>et</strong></span> <span class='ocrx_word' id='word_1_162' title='bbox 931 2538 1117 2596; x_wconf 86' lang='lat' dir='ltr'><strong>ventis</strong></span> <span class='ocrx_word' id='word_1_163' title='bbox 1145 2538 1410 2612; x_wconf 80' lang='lat' dir='ltr'><strong>exponit,</strong></span> <span class='ocrx_word' id='word_1_164' title='bbox 1437 2542 1492 2595; x_wconf 91' lang='lat' dir='ltr'><strong>et</strong></span> <span class='ocrx_word' id='word_1_165' title='bbox 1507 2536 1753 2612; x_wconf 73' lang='lat' dir='ltr'><strong>praecisa</strong></span> <span class='ocrx_word' id='word_1_166' title='bbox 1780 2535 1990 2595; x_wconf 82' lang='lat' dir='ltr'><strong>fortius</strong></span> <span class='ocrx_word' id='word_1_167' title='bbox 2017 2541 2237 2595; x_wconf 89' lang='lat' dir='ltr'><strong>terram</strong></span> 
     </span>
     <span class='ocr_line' id='line_1_24' title="bbox 685 2631 2237 2707; baseline -0.001 -17"><span class='ocrx_word' id='word_1_168' title='bbox 685 2631 845 2706; x_wconf 85' lang='lat' dir='ltr'><strong>petit,</strong></span> <span class='ocrx_word' id='word_1_169' title='bbox 889 2636 946 2690; x_wconf 91' lang='lat' dir='ltr'><strong>et</strong></span> <span class='ocrx_word' id='word_1_170' title='bbox 988 2632 1247 2706; x_wconf 81' lang='lat' dir='ltr'><strong>graviori</strong></span> <span class='ocrx_word' id='word_1_171' title='bbox 1291 2631 1619 2707; x_wconf 91' lang='lat' dir='ltr'><strong>plurimum</strong></span> <span class='ocrx_word' id='word_1_172' title='bbox 1669 2647 1809 2690; x_wconf 91' lang='lat' dir='ltr'><strong>casu</strong></span> <span class='ocrx_word' id='word_1_173' title='bbox 1856 2632 1975 2689; x_wconf 90' lang='lat' dir='ltr'><strong>ruit</strong></span> <span class='ocrx_word' id='word_1_174' title='bbox 2025 2651 2045 2687; x_wconf 75' lang='grc' dir='ltr'><strong><em>ε</em></strong></span> <span class='ocrx_word' id='word_1_175' title='bbox 2093 2646 2237 2703; x_wconf 87' lang='lat' dir='ltr'><strong>ergo</strong></span> 
     </span>
     <span class='ocr_line' id='line_1_25' title="bbox 686 2724 2237 2800; baseline 0 -18"><span class='ocrx_word' id='word_1_176' title='bbox 686 2725 929 2783; x_wconf 88' lang='lat' dir='ltr'><strong>stultum</strong></span> <span class='ocrx_word' id='word_1_177' title='bbox 954 2731 1042 2785; x_wconf 85' lang='lat' dir='ltr'><strong>est</strong></span> <span class='ocrx_word' id='word_1_178' title='bbox 1067 2730 1379 2800; x_wconf 88' lang='lat' dir='ltr'><strong>appetere,</strong></span> <span class='ocrx_word' id='word_1_179' title='bbox 1409 2725 1569 2783; x_wconf 91' lang='lat' dir='ltr'><strong>unde</strong></span> <span class='ocrx_word' id='word_1_180' title='bbox 1599 2725 1672 2783; x_wconf 87' lang='lat' dir='ltr'><strong>sit</strong></span> <span class='ocrx_word' id='word_1_181' title='bbox 1695 2740 1932 2783; x_wconf 88' lang='lat' dir='ltr'><strong>necesse</strong></span> <span class='ocrx_word' id='word_1_182' title='bbox 1961 2724 2237 2798; x_wconf 83' lang='lat' dir='ltr'><strong>gravissi·</strong></span> 
     </span>
     <span class='ocr_line' id='line_1_26' title="bbox 684 2819 2240 2889; baseline -0.001 -13"><span class='ocrx_word' id='word_1_183' title='bbox 684 2834 787 2876; x_wconf 88' lang='lat' dir='ltr'><strong>mo</strong></span> <span class='ocrx_word' id='word_1_184' title='bbox 824 2835 966 2878; x_wconf 88' lang='lat' dir='ltr'><strong>casu</strong></span> <span class='ocrx_word' id='word_1_185' title='bbox 1011 2819 1343 2877; x_wconf 77' lang='lat' dir='ltr'><strong>concidere.</strong></span> <span class='ocrx_word' id='word_1_186' title='bbox 1390 2820 1501 2877; x_wconf 81' lang='lat' dir='ltr'><strong>Job</strong></span> <span class='ocrx_word' id='word_1_187' title='bbox 1543 2822 1612 2876; x_wconf 84' lang='lat'><strong>⁸:</strong></span> <span class='ocrx_word' id='word_1_188' title='bbox 1662 2839 1691 2873; x_wconf 75' lang='grc' dir='ltr'><strong>α</strong></span> <span class='ocrx_word' id='word_1_189' title='bbox 1721 2819 1970 2878; x_wconf 79' lang='lat' dir='ltr'><strong>Elevasti</strong></span> <span class='ocrx_word' id='word_1_190' title='bbox 2013 2835 2132 2889; x_wconf 91' lang='lat' dir='ltr'><strong>me,</strong></span> <span class='ocrx_word' id='word_1_191' title='bbox 2180 2819 2240 2875; x_wconf 89' lang='lat' dir='ltr'><strong>et</strong></span> 
     </span>
     <span class='ocr_line' id='line_1_27' title="bbox 684 2912 2235 2987; baseline -0.003 -16"><span class='ocrx_word' id='word_1_192' title='bbox 684 2912 854 2987; x_wconf 85' lang='lat' dir='ltr'><strong>quasi</strong></span> <span class='ocrx_word' id='word_1_193' title='bbox 880 2929 1057 2987; x_wconf 82' lang='lat' dir='ltr'><strong>super</strong></span> <span class='ocrx_word' id='word_1_194' title='bbox 1082 2918 1326 2970; x_wconf 90' lang='lat' dir='ltr'><strong>ventum</strong></span> <span class='ocrx_word' id='word_1_195' title='bbox 1352 2912 1554 2970; x_wconf 82' lang='lat' dir='ltr'><strong>elisisti</strong></span> <span class='ocrx_word' id='word_1_196' title='bbox 1578 2929 1675 2970; x_wconf 91' lang='lat' dir='ltr'><strong>me</strong></span> <span class='ocrx_word' id='word_1_197' title='bbox 1703 2912 1921 2971; x_wconf 78' lang='lat' dir='ltr'><strong>valide.</strong></span> <span class='ocrx_word' id='word_1_198' title='bbox 1951 2932 1980 2966; x_wconf 70' lang='grc' dir='ltr'><strong>ι</strong></span> <span class='ocrx_word' id='word_1_199' title='bbox 2024 2914 2235 2968; x_wconf 80' lang='lat' dir='ltr'><strong>Exem-</strong></span> 
     </span>
     <span class='ocr_line' id='line_1_28' title="bbox 682 3004 2238 3081; baseline -0.001 -17"><span class='ocrx_word' id='word_1_200' title='bbox 682 3006 851 3081; x_wconf 90' lang='lat' dir='ltr'><strong>plum</strong></span> <span class='ocrx_word' id='word_1_201' title='bbox 882 3007 957 3064; x_wconf 91' lang='lat' dir='ltr'><strong>de</strong></span> <span class='ocrx_word' id='word_1_202' title='bbox 999 3007 1262 3065; x_wconf 79' lang='lat' dir='ltr'><strong>Lucifero</strong></span> <span class='ocrx_word' id='word_1_203' title='bbox 1288 3008 1332 3079; x_wconf 72' lang='lat'><strong>⁸,</strong></span> <span class='ocrx_word' id='word_1_204' title='bbox 1361 3007 1467 3064; x_wconf 92' lang='lat' dir='ltr'><strong>ubi</strong></span> <span class='ocrx_word' id='word_1_205' title='bbox 1495 3007 1842 3078; x_wconf 85' lang='lat' dir='ltr'><strong>ostenditur,¹</strong></span> <span class='ocrx_word' id='word_1_206' title='bbox 1879 3006 2049 3080; x_wconf 88' lang='lat' dir='ltr'><strong>quod</strong></span> <span class='ocrx_word' id='word_1_207' title='bbox 2093 3004 2238 3080; x_wconf 86' lang='lat' dir='ltr'><strong>quia</strong></span> 
     </span>
     <span class='ocr_line' id='line_1_29' title="bbox 683 3099 2235 3175; baseline -0.001 -18"><span class='ocrx_word' id='word_1_208' title='bbox 683 3099 1010 3158; x_wconf 89' lang='lat' dir='ltr'><strong>altissimus·</strong></span> <span class='ocrx_word' id='word_1_209' title='bbox 1038 3099 1171 3171; x_wconf 82' lang='lat' dir='ltr'><strong>fuit,</strong></span> <span class='ocrx_word' id='word_1_210' title='bbox 1204 3101 1344 3159; x_wconf 90' lang='lat' dir='ltr'><strong>ideo</strong></span> <span class='ocrx_word' id='word_1_211' title='bbox 1374 3100 1437 3158; x_wconf 89' lang='lat' dir='ltr'><strong>in</strong></span> <span class='ocrx_word' id='word_1_212' title='bbox 1476 3100 2003 3175; x_wconf 80' lang='lat' dir='ltr'><strong>profundissimum</strong></span> <span class='ocrx_word' id='word_1_213' title='bbox 2033 3099 2235 3159; x_wconf 91' lang='lat' dir='ltr'><strong>locum</strong></span> 
     </span>
     <span class='ocr_line' id='line_1_30' title="bbox 683 3192 1154 3252; baseline 0.004 -2"><span class='ocrx_word' id='word_1_214' title='bbox 683 3192 896 3251; x_wconf 75' lang='lat' dir='ltr'><strong>interni</strong></span> <span class='ocrx_word' id='word_1_215' title='bbox 924 3194 1154 3252; x_wconf 86' lang='lat' dir='ltr'><strong>cecidit.</strong></span> 
     </span>
    </p>

    <p class='ocr_par' dir='ltr' id='par_1_3' title="bbox 684 3287 2237 3831">
     <span class='ocr_line' id='line_1_31' title="bbox 755 3287 2237 3361; baseline 0.001 -17"><span class='ocrx_word' id='word_1_216' title='bbox 755 3287 1026 3361; x_wconf 86' lang='lat' dir='ltr'><strong>Sequitur</strong></span> <span class='ocrx_word' id='word_1_217' title='bbox 1057 3305 1072 3345; x_wconf 74' lang='grc' dir='ltr'><strong><em>ε</em></strong></span> <span class='ocrx_word' id='word_1_218' title='bbox 1102 3289 1514 3359; x_wconf 67' lang='grc' dir='ltr'><strong>Ευαηαοιίιατσ,</strong></span> <span class='ocrx_word' id='word_1_219' title='bbox 1544 3290 1652 3345; x_wconf 88' lang='lat' dir='ltr'><strong>ete.</strong></span> <span class='ocrx_word' id='word_1_220' title='bbox 1683 3289 1803 3345; x_wconf 80' lang='lat' dir='ltr'><strong>Hoc</strong></span> <span class='ocrx_word' id='word_1_221' title='bbox 1832 3287 1992 3345; x_wconf 90' lang='lat' dir='ltr'><strong>enim</strong></span> <span class='ocrx_word' id='word_1_222' title='bbox 2013 3291 2104 3344; x_wconf 88' lang='lat' dir='ltr'><strong>est</strong></span> <span class='ocrx_word' id='word_1_223' title='bbox 2130 3287 2237 3345; x_wconf 93' lang='lat' dir='ltr'><strong>do-</strong></span> 
     </span>
     <span class='ocr_line' id='line_1_32' title="bbox 684 3380 2234 3455; baseline 0.001 -18"><span class='ocrx_word' id='word_1_224' title='bbox 684 3395 853 3452; x_wconf 90' lang='lat' dir='ltr'><strong>num,</strong></span> <span class='ocrx_word' id='word_1_225' title='bbox 887 3380 1052 3454; x_wconf 88' lang='lat' dir='ltr'><strong>quod</strong></span> <span class='ocrx_word' id='word_1_226' title='bbox 1082 3381 1308 3454; x_wconf 89' lang='lat' dir='ltr'><strong>accepit</strong></span> <span class='ocrx_word' id='word_1_227' title='bbox 1333 3397 1404 3439; x_wconf 84' lang='lat' dir='ltr'><strong>ex</strong></span> <span class='ocrx_word' id='word_1_228' title='bbox 1433 3382 1621 3453; x_wconf 86' lang='lat' dir='ltr'><strong>gratia</strong></span> <span class='ocrx_word' id='word_1_229' title='bbox 1639 3380 2036 3452; x_wconf 89' lang='lat' dir='ltr'><strong>redundante,</strong></span> <span class='ocrx_word' id='word_1_230' title='bbox 2066 3381 2234 3455; x_wconf 89' lang='lat' dir='ltr'><strong>quod</strong></span> 
     </span>
     <span class='ocr_line' id='line_1_33' title="bbox 684 3474 2236 3545; baseline 0.001 -14"><span class='ocrx_word' id='word_1_231' title='bbox 684 3489 808 3531; x_wconf 93' lang='lat' dir='ltr'><strong>non</strong></span> <span class='ocrx_word' id='word_1_232' title='bbox 834 3474 1030 3531; x_wconf 89' lang='lat' dir='ltr'><strong>solum</strong></span> <span class='ocrx_word' id='word_1_233' title='bbox 1056 3474 1120 3532; x_wconf 93' lang='lat' dir='ltr'><strong>in</strong></span> <span class='ocrx_word' id='word_1_234' title='bbox 1155 3490 1218 3532; x_wconf 89' lang='lat' dir='ltr'><strong>se</strong></span> <span class='ocrx_word' id='word_1_235' title='bbox 1249 3480 1445 3533; x_wconf 90' lang='lat' dir='ltr'><strong>sancte</strong></span> <span class='ocrx_word' id='word_1_236' title='bbox 1488 3480 1545 3533; x_wconf 91' lang='lat' dir='ltr'><strong>et</strong></span> <span class='ocrx_word' id='word_1_237' title='bbox 1570 3474 1869 3534; x_wconf 85' lang='lat' dir='ltr'><strong>humiliter</strong></span> <span class='ocrx_word' id='word_1_238' title='bbox 1902 3475 2080 3545; x_wconf 81' lang='lat' dir='ltr'><strong>vixit,</strong></span> <span class='ocrx_word' id='word_1_239' title='bbox 2128 3475 2236 3533; x_wconf 86' lang='lat' dir='ltr'><strong>sed</strong></span> 
     </span>
     <span class='ocr_line' id='line_1_34' title="bbox 684 3566 2237 3644; baseline 0.003 -21"><span class='ocrx_word' id='word_1_240' title='bbox 684 3566 939 3624; x_wconf 89' lang='lat' dir='ltr'><strong>verbum</strong></span> <span class='ocrx_word' id='word_1_241' title='bbox 965 3569 1097 3625; x_wconf 79' lang='lat' dir='ltr'><strong>vitae</strong></span> <span class='ocrx_word' id='word_1_242' title='bbox 1133 3567 1264 3626; x_wconf 87' lang='lat' dir='ltr'><strong>aliis</strong></span> <span class='ocrx_word' id='word_1_243' title='bbox 1308 3568 1663 3644; x_wconf 65' lang='lat' dir='ltr'><strong>praedicavit.</strong></span> <span class='ocrx_word' id='word_1_244' title='bbox 1711 3572 1854 3627; x_wconf 88' lang='lat' dir='ltr'><strong>Nam</strong></span> <span class='ocrx_word' id='word_1_245' title='bbox 1892 3568 2102 3626; x_wconf 90' lang='lat' dir='ltr'><strong>doctor</strong></span> <span class='ocrx_word' id='word_1_246' title='bbox 2127 3567 2237 3627; x_wconf 88' lang='lat' dir='ltr'><strong>fuit</strong></span> 
     </span>
     <span class='ocr_line' id='line_1_35' title="bbox 686 3661 2234 3736; baseline 0.001 -17"><span class='ocrx_word' id='word_1_247' title='bbox 686 3661 954 3721; x_wconf 79' lang='lat' dir='ltr'><strong>Ecclesioe</strong></span> <span class='ocrx_word' id='word_1_248' title='bbox 992 3663 1189 3736; x_wconf 87' lang='lat' dir='ltr'><strong>primo</strong></span> <span class='ocrx_word' id='word_1_249' title='bbox 1241 3663 1425 3734; x_wconf 79' lang='lat' dir='ltr'><strong>sactis,</strong></span> <span class='ocrx_word' id='word_1_250' title='bbox 1478 3662 1742 3721; x_wconf 87' lang='lat' dir='ltr'><strong>secundo</strong></span> <span class='ocrx_word' id='word_1_251' title='bbox 1796 3662 2017 3734; x_wconf 77' lang='lat' dir='ltr'><strong>verbiS,</strong></span> <span class='ocrx_word' id='word_1_252' title='bbox 2064 3663 2234 3721; x_wconf 88' lang='lat' dir='ltr'><strong>tertio</strong></span> 
     </span>
     <span class='ocr_line' id='line_1_36' title="bbox 685 3754 2232 3831; baseline 0.003 -19"><span class='ocrx_word' id='word_1_253' title='bbox 685 3754 930 3829; x_wconf 81' lang='lat' dir='ltr'><strong>scriptis.</strong></span> <span class='ocrx_word' id='word_1_254' title='bbox 975 3756 1089 3814; x_wconf 86' lang='lat' dir='ltr'><strong>Sed</strong></span> <span class='ocrx_word' id='word_1_255' title='bbox 1125 3756 1201 3813; x_wconf 89' lang='lat' dir='ltr'><strong>de</strong></span> <span class='ocrx_word' id='word_1_256' title='bbox 1231 3756 1322 3814; x_wconf 89' lang='lat' dir='ltr'><strong>his</strong></span> <span class='ocrx_word' id='word_1_257' title='bbox 1351 3772 1546 3831; x_wconf 79' lang='lat' dir='ltr'><strong>quaere</strong></span> <span class='ocrx_word' id='word_1_258' title='bbox 1575 3756 1639 3813; x_wconf 95' lang='lat' dir='ltr'><strong>in</strong></span> <span class='ocrx_word' id='word_1_259' title='bbox 1674 3755 1859 3831; x_wconf 82' lang='lat' dir='ltr'><strong>ipsius</strong></span> <span class='ocrx_word' id='word_1_260' title='bbox 1891 3757 2164 3829; x_wconf 79' lang='lat' dir='ltr'><strong>Legenda</strong></span> <span class='ocrx_word' id='word_1_261' title='bbox 2187 3756 2232 3816; x_wconf 83' lang='lat'><strong>⁸.</strong></span> 
     </span>
    </p>
   </div>
   <div class='ocr_carea' id='block_1_3' title="bbox 1249 3911 1678 3976">
    <p class='ocr_par' dir='ltr' id='par_1_4' title="bbox 1249 3911 1678 3976">
     <span class='ocr_line' id='line_1_37' title="bbox 1249 3911 1678 3976; baseline -0.005 0"><span class='ocrx_word' id='word_1_262' title='bbox 1249 3913 1504 3976; x_wconf 87' lang='lat' dir='ltr'>SERMO</span> <span class='ocrx_word' id='word_1_263' title='bbox 1556 3914 1608 3975; x_wconf 82' lang='lat'><strong>11</strong></span> <span class='ocrx_word' id='word_1_264' title='bbox 1633 3911 1678 3974; x_wconf 80' lang='lat'><strong>⁸.</strong></span> 
     </span>
    </p>
   </div>
   <div class='ocr_carea' id='block_1_4' title="bbox 683 4037 2234 5285">
    <p class='ocr_par' dir='ltr' id='par_1_5' title="bbox 683 4037 2234 5144">
     <span class='ocr_line' id='line_1_38' title="bbox 761 4037 2229 4111; baseline -0.003 -16"><span class='ocrx_word' id='word_1_265' title='bbox 761 4037 907 4111; x_wconf 71' lang='lat' dir='ltr'><strong>Opus</strong></span> <span class='ocrx_word' id='word_1_266' title='bbox 920 4040 1013 4108; x_wconf 77' lang='lat' dir='ltr'><strong>fae</strong></span> <span class='ocrx_word' id='word_1_267' title='bbox 1038 4039 1428 4109; x_wconf 67' lang='lat' dir='ltr'><strong>Evanqezistaee</strong></span> <span class='ocrx_word' id='word_1_268' title='bbox 1448 4039 1811 4094; x_wconf 74' lang='lat' dir='ltr'><strong>ministerium</strong></span> <span class='ocrx_word' id='word_1_269' title='bbox 1835 4042 1992 4093; x_wconf 79' lang='lat' dir='ltr'><strong>tuum</strong></span> <span class='ocrx_word' id='word_1_270' title='bbox 2007 4038 2229 4110; x_wconf 78' lang='lat' dir='ltr'><strong>imple⁷.</strong></span> 
     </span>
     <span class='ocr_line' id='line_1_39' title="bbox 687 4130 2232 4205; baseline -0.002 -15"><span class='ocrx_word' id='word_1_271' title='bbox 687 4132 837 4190; x_wconf 88' lang='lat' dir='ltr'><strong>lnter</strong></span> <span class='ocrx_word' id='word_1_272' title='bbox 864 4131 1068 4205; x_wconf 85' lang='lat' dir='ltr'><strong>omnia</strong></span> <span class='ocrx_word' id='word_1_273' title='bbox 1096 4131 1384 4190; x_wconf 83' lang='lat' dir='ltr'><strong>exteriora</strong></span> <span class='ocrx_word' id='word_1_274' title='bbox 1417 4146 1602 4205; x_wconf 90' lang='lat' dir='ltr'><strong>opera</strong></span> <span class='ocrx_word' id='word_1_275' title='bbox 1627 4130 1827 4203; x_wconf 79' lang='lat' dir='ltr'><strong>gratioe</strong></span> <span class='ocrx_word' id='word_1_276' title='bbox 1852 4130 2031 4202; x_wconf 89' lang='lat' dir='ltr'><strong>gratis</strong></span> <span class='ocrx_word' id='word_1_277' title='bbox 2060 4130 2232 4202; x_wconf 84' lang='lat' dir='ltr'><strong>datae,</strong></span> 
     </span>
     <span class='ocr_line' id='line_1_40' title="bbox 685 4222 2234 4300; baseline -0.001 -18"><span class='ocrx_word' id='word_1_278' title='bbox 685 4224 1124 4283; x_wconf 88' lang='lat' dir='ltr'><strong>nobilissimum</strong></span> <span class='ocrx_word' id='word_1_279' title='bbox 1150 4241 1304 4300; x_wconf 89' lang='lat' dir='ltr'><strong>opus</strong></span> <span class='ocrx_word' id='word_1_280' title='bbox 1332 4228 1419 4282; x_wconf 87' lang='lat' dir='ltr'><strong>est</strong></span> <span class='ocrx_word' id='word_1_281' title='bbox 1445 4223 1869 4297; x_wconf 86' lang='lat' dir='ltr'><strong>evangelizare,</strong></span> <span class='ocrx_word' id='word_1_282' title='bbox 1899 4222 2023 4281; x_wconf 89' lang='lat' dir='ltr'><strong>sive</strong></span> <span class='ocrx_word' id='word_1_283' title='bbox 2047 4226 2234 4281; x_wconf 84' lang='lat' dir='ltr'><strong>Evan-</strong></span> 
     </span>
     <span class='ocr_line' id='line_1_41' title="bbox 685 4316 2234 4393; baseline -0.001 -17"><span class='ocrx_word' id='word_1_284' title='bbox 685 4318 911 4391; x_wconf 83' lang='lat' dir='ltr'><strong>gelium</strong></span> <span class='ocrx_word' id='word_1_285' title='bbox 933 4318 1251 4393; x_wconf 67' lang='lat' dir='ltr'><strong>praedicare</strong></span> <span class='ocrx_word' id='word_1_286' title='bbox 1281 4335 1296 4375; x_wconf 76' lang='grc' dir='ltr'><strong><em>ε</em></strong></span> <span class='ocrx_word' id='word_1_287' title='bbox 1327 4317 1435 4376; x_wconf 86' lang='lat' dir='ltr'><strong>sed</strong></span> <span class='ocrx_word' id='word_1_288' title='bbox 1461 4333 1586 4375; x_wconf 90' lang='lat' dir='ltr'><strong>non</strong></span> <span class='ocrx_word' id='word_1_289' title='bbox 1614 4321 1700 4375; x_wconf 89' lang='lat' dir='ltr'><strong>est</strong></span> <span class='ocrx_word' id='word_1_290' title='bbox 1726 4317 1890 4388; x_wconf 89' lang='lat' dir='ltr'><strong>utile,</strong></span> <span class='ocrx_word' id='word_1_291' title='bbox 1929 4316 2044 4374; x_wconf 88' lang='lat' dir='ltr'><strong>nisi</strong></span> <span class='ocrx_word' id='word_1_292' title='bbox 2082 4333 2234 4391; x_wconf 77' lang='lat' dir='ltr'><strong>prae·</strong></span> 
     </span>
     <span class='ocr_line' id='line_1_42' title="bbox 688 4410 2233 4487; baseline -0.002 -17"><span class='ocrx_word' id='word_1_293' title='bbox 688 4412 855 4470; x_wconf 86' lang='lat' dir='ltr'><strong>cedat</strong></span> <span class='ocrx_word' id='word_1_294' title='bbox 877 4412 1230 4484; x_wconf 83' lang='lat' dir='ltr'><strong>ministrare,</strong></span> <span class='ocrx_word' id='word_1_295' title='bbox 1251 4412 1393 4487; x_wconf 83' lang='lat' dir='ltr'><strong>quia</strong></span> <span class='ocrx_word' id='word_1_296' title='bbox 1415 4417 1538 4470; x_wconf 88' lang='lat' dir='ltr'><strong>tam</strong></span> <span class='ocrx_word' id='word_1_297' title='bbox 1564 4410 1774 4468; x_wconf 86' lang='lat' dir='ltr'><strong>ordine</strong></span> <span class='ocrx_word' id='word_1_298' title='bbox 1794 4411 2015 4483; x_wconf 73' lang='lat' dir='ltr'><strong>gratiae,</strong></span> <span class='ocrx_word' id='word_1_299' title='bbox 2047 4426 2233 4484; x_wconf 86' lang='lat' dir='ltr'><strong>quam</strong></span> 
     </span>
     <span class='ocr_line' id='line_1_43' title="bbox 685 4504 2234 4582; baseline -0.001 -19"><span class='ocrx_word' id='word_1_300' title='bbox 685 4510 929 4578; x_wconf 67' lang='lat' dir='ltr'><strong>naturae,</strong></span> <span class='ocrx_word' id='word_1_301' title='bbox 968 4506 1133 4582; x_wconf 88' lang='lat' dir='ltr'><strong>prius</strong></span> <span class='ocrx_word' id='word_1_302' title='bbox 1165 4510 1251 4563; x_wconf 88' lang='lat' dir='ltr'><strong>est</strong></span> <span class='ocrx_word' id='word_1_303' title='bbox 1275 4505 1489 4572; x_wconf 86' lang='lat' dir='ltr'><strong>facere,</strong></span> <span class='ocrx_word' id='word_1_304' title='bbox 1528 4518 1712 4578; x_wconf 85' lang='lat' dir='ltr'><strong>qnam</strong></span> <span class='ocrx_word' id='word_1_305' title='bbox 1758 4504 1991 4576; x_wconf 87' lang='lat' dir='ltr'><strong>docere,</strong></span> <span class='ocrx_word' id='word_1_306' title='bbox 2021 4504 2118 4562; x_wconf 87' lang='lat' dir='ltr'><strong>vel</strong></span> <span class='ocrx_word' id='word_1_307' title='bbox 2145 4504 2234 4561; x_wconf 90' lang='lat' dir='ltr'><strong>di-</strong></span> 
     </span>
     <span class='ocr_line' id='line_1_44' title="bbox 688 4596 2232 4670; baseline -0.001 -14"><span class='ocrx_word' id='word_1_308' title='bbox 688 4614 842 4657; x_wconf 88' lang='lat' dir='ltr'><strong>cere.</strong></span> <span class='ocrx_word' id='word_1_309' title='bbox 872 4600 1033 4657; x_wconf 85' lang='lat' dir='ltr'><strong>Prius</strong></span> <span class='ocrx_word' id='word_1_310' title='bbox 1070 4598 1231 4656; x_wconf 90' lang='lat' dir='ltr'><strong>enim</strong></span> <span class='ocrx_word' id='word_1_311' title='bbox 1270 4597 1375 4656; x_wconf 86' lang='lat' dir='ltr'><strong>diu</strong></span> <span class='ocrx_word' id='word_1_312' title='bbox 1413 4600 1623 4656; x_wconf 87' lang='lat' dir='ltr'><strong>natura</strong></span> <span class='ocrx_word' id='word_1_313' title='bbox 1645 4597 1954 4655; x_wconf 90' lang='lat' dir='ltr'><strong>hominem</strong></span> <span class='ocrx_word' id='word_1_314' title='bbox 1992 4596 2232 4670; x_wconf 80' lang='lat' dir='ltr'><strong>format,</strong></span> 
     </span>
     <span class='ocr_line' id='line_1_45' title="bbox 688 4686 2232 4766; baseline -0.001 -16"><span class='ocrx_word' id='word_1_315' title='bbox 688 4707 873 4766; x_wconf 87' lang='lat' dir='ltr'><strong>quam</strong></span> <span class='ocrx_word' id='word_1_316' title='bbox 912 4693 969 4749; x_wconf 90' lang='lat' dir='ltr'><strong>ei</strong></span> <span class='ocrx_word' id='word_1_317' title='bbox 1003 4686 1176 4749; x_wconf 77' lang='lat' dir='ltr'><strong>usum</strong></span> <span class='ocrx_word' id='word_1_318' title='bbox 1228 4690 1485 4765; x_wconf 65' lang='lat' dir='ltr'><strong>loquelae</strong></span> <span class='ocrx_word' id='word_1_319' title='bbox 1520 4690 1761 4748; x_wconf 86' lang='lat' dir='ltr'><strong>tribuat.</strong></span> <span class='ocrx_word' id='word_1_320' title='bbox 1811 4694 1950 4748; x_wconf 83' lang='lat' dir='ltr'><strong>ltem</strong></span> <span class='ocrx_word' id='word_1_321' title='bbox 1976 4693 2232 4749; x_wconf 65' lang='lat' dir='ltr'><strong>«loannes</strong></span> 
     </span>
     <span class='ocr_line' id='line_1_46' title="bbox 684 4783 2230 4860; baseline -0.001 -15"><span class='ocrx_word' id='word_1_322' title='bbox 684 4786 939 4860; x_wconf 80' lang='lat' dir='ltr'><strong>Baptista</strong></span> <span class='ocrx_word' id='word_1_323' title='bbox 968 4786 1131 4860; x_wconf 88' lang='lat' dir='ltr'><strong>prius</strong></span> <span class='ocrx_word' id='word_1_324' title='bbox 1160 4784 1263 4842; x_wconf 89' lang='lat' dir='ltr'><strong>diu</strong></span> <span class='ocrx_word' id='word_1_325' title='bbox 1281 4785 1439 4855; x_wconf 88' lang='lat' dir='ltr'><strong>fecit,</strong></span> <span class='ocrx_word' id='word_1_326' title='bbox 1468 4800 1652 4858; x_wconf 87' lang='lat' dir='ltr'><strong>quam</strong></span> <span class='ocrx_word' id='word_1_327' title='bbox 1671 4783 1750 4843; x_wconf 91' lang='lat' dir='ltr'><strong>ad</strong></span> <span class='ocrx_word' id='word_1_328' title='bbox 1777 4783 2230 4857; x_wconf 60' lang='lat' dir='ltr'><strong>praedicandum</strong></span> 
     </span>
     <span class='ocr_line' id='line_1_47' title="bbox 684 4879 2227 4954; baseline -0.003 -13"><span class='ocrx_word' id='word_1_329' title='bbox 684 4883 1009 4942; x_wconf 86' lang='lat' dir='ltr'><strong>accesserit.</strong></span> <span class='ocrx_word' id='word_1_330' title='bbox 1054 4885 1136 4943; x_wconf 88' lang='lat' dir='ltr'><strong>lta</strong></span> <span class='ocrx_word' id='word_1_331' title='bbox 1179 4897 1289 4939; x_wconf 90' lang='lat' dir='ltr'><strong>nec</strong></span> <span class='ocrx_word' id='word_1_332' title='bbox 1331 4880 1612 4938; x_wconf 82' lang='lat' dir='ltr'><strong>Dominus</strong></span> <span class='ocrx_word' id='word_1_333' title='bbox 1651 4894 1821 4937; x_wconf 89' lang='lat' dir='ltr'><strong>suam</strong></span> <span class='ocrx_word' id='word_1_334' title='bbox 1857 4879 2227 4954; x_wconf 69' lang='lat' dir='ltr'><strong>praedicatio-</strong></span> 
     </span>
     <span class='ocr_line' id='line_1_48' title="bbox 683 4973 2226 5051; baseline -0.002 -16"><span class='ocrx_word' id='word_1_335' title='bbox 683 4992 825 5035; x_wconf 90' lang='lat' dir='ltr'><strong>nem</strong></span> <span class='ocrx_word' id='word_1_336' title='bbox 868 4976 1127 5051; x_wconf 89' lang='lat' dir='ltr'><strong>incoepit,</strong></span> <span class='ocrx_word' id='word_1_337' title='bbox 1163 4976 1275 5033; x_wconf 89' lang='lat' dir='ltr'><strong>nisi</strong></span> <span class='ocrx_word' id='word_1_338' title='bbox 1314 4976 1481 5050; x_wconf 86' lang='lat' dir='ltr'><strong>prius</strong></span> <span class='ocrx_word' id='word_1_339' title='bbox 1519 4974 1840 5048; x_wconf 75' lang='lat' dir='ltr'><strong>jeiunasset</strong></span> <span class='ocrx_word' id='word_1_340' title='bbox 1865 4974 1929 5031; x_wconf 91' lang='lat' dir='ltr'><strong>in</strong></span> <span class='ocrx_word' id='word_1_341' title='bbox 1972 4973 2226 5033; x_wconf 87' lang='lat' dir='ltr'><strong>deserto.</strong></span> 
     </span>
     <span class='ocr_line' id='line_1_49' title="bbox 683 5066 2227 5144; baseline -0.005 -14"><span class='ocrx_word' id='word_1_342' title='bbox 683 5073 813 5130; x_wconf 91' lang='lat' dir='ltr'><strong>Non</strong></span> <span class='ocrx_word' id='word_1_343' title='bbox 839 5071 1019 5144; x_wconf 90' lang='lat' dir='ltr'><strong>enim,</strong></span> <span class='ocrx_word' id='word_1_344' title='bbox 1045 5073 1111 5129; x_wconf 88' lang='lat' dir='ltr'><strong>ut</strong></span> <span class='ocrx_word' id='word_1_345' title='bbox 1138 5069 1279 5127; x_wconf 86' lang='lat' dir='ltr'><strong>dicit</strong></span> <span class='ocrx_word' id='word_1_346' title='bbox 1303 5070 1693 5143; x_wconf 80' lang='lat' dir='ltr'><strong>Hieronymus</strong></span> <span class='ocrx_word' id='word_1_347' title='bbox 1719 5068 1740 5103; x_wconf 80' lang='lat'>⁸</span> <span class='ocrx_word' id='word_1_348' title='bbox 1757 5109 1776 5139; x_wconf 94' lang='lat'>‚</span> <span class='ocrx_word' id='word_1_349' title='bbox 1803 5066 2094 5140; x_wconf 61' lang='lat' dir='ltr'><strong>aedificat,</strong></span> <span class='ocrx_word' id='word_1_350' title='bbox 2121 5067 2227 5124; x_wconf 87' lang='lat' dir='ltr'><strong>sed</strong></span> 
     </span>
    </p>

    <p class='ocr_par' dir='ltr' id='par_1_6' title="bbox 746 5213 2228 5285">
     <span class='ocr_line' id='line_1_50' title="bbox 746 5213 2228 5285; baseline -0.004 -13"><span class='ocrx_word' id='word_1_351' title='bbox 746 5222 764 5256; x_wconf 93' lang='lat'>¹</span> <span class='ocrx_word' id='word_1_352' title='bbox 791 5221 925 5285; x_wconf 66' lang='lat' dir='ltr'><strong>Luc„</strong></span> <span class='ocrx_word' id='word_1_353' title='bbox 953 5231 1084 5285; x_wconf 76' lang='lat' dir='ltr'><strong>xxii,</strong></span> <span class='ocrx_word' id='word_1_354' title='bbox 1113 5222 1191 5270; x_wconf 79' lang='lat'><strong>26.</strong></span> <span class='ocrx_word' id='word_1_355' title='bbox 1213 5246 1279 5259; x_wconf 93' lang='lat'>—</span> <span class='ocrx_word' id='word_1_356' title='bbox 1305 5220 1326 5253; x_wconf 80' lang='lat'><strong>¹</strong></span> <span class='ocrx_word' id='word_1_357' title='bbox 1354 5215 1559 5281; x_wconf 63' lang='lat' dir='ltr'><strong>naith„</strong></span> <span class='ocrx_word' id='word_1_358' title='bbox 1589 5227 1698 5279; x_wconf 81' lang='lat' dir='ltr'><strong>1v1,</strong></span> <span class='ocrx_word' id='word_1_359' title='bbox 1728 5218 1806 5267; x_wconf 71' lang='grc'><strong>24.</strong></span> <span class='ocrx_word' id='word_1_360' title='bbox 1825 5241 1889 5254; x_wconf 89' lang='grc'>-</span> <span class='ocrx_word' id='word_1_361' title='bbox 1913 5215 1934 5245; x_wconf 88' lang='lat'>⁸</span> <span class='ocrx_word' id='word_1_362' title='bbox 1957 5213 2071 5275; x_wconf 85' lang='lat' dir='ltr'><strong>Job,</strong></span> <span class='ocrx_word' id='word_1_363' title='bbox 2102 5228 2228 5276; x_wconf 78' lang='lat' dir='ltr'><strong>xxx,</strong></span> 
     </span>
    </p>
   </div>
   <div class='ocr_carea' id='block_1_5' title="bbox 685 5287 2229 5429">
    <p class='ocr_par' dir='ltr' id='par_1_7' title="bbox 685 5287 2229 5429">
     <span class='ocr_line' id='line_1_51' title="bbox 685 5287 2229 5356; baseline -0.002 -14"><span class='ocrx_word' id='word_1_364' title='bbox 685 5293 765 5342; x_wconf 76' lang='lat'><strong>22.</strong></span> <span class='ocrx_word' id='word_1_365' title='bbox 793 5318 856 5329; x_wconf 95' lang='lat'>—</span> <span class='ocrx_word' id='word_1_366' title='bbox 877 5292 897 5323; x_wconf 82' lang='lat'>⁴</span> <span class='ocrx_word' id='word_1_367' title='bbox 923 5293 1042 5355; x_wconf 65' lang='lat' dir='ltr'><strong>lea„</strong></span> <span class='ocrx_word' id='word_1_368' title='bbox 1075 5302 1186 5356; x_wconf 66' lang='grc' dir='ltr'><strong>κεν,</strong></span> <span class='ocrx_word' id='word_1_369' title='bbox 1221 5294 1279 5341; x_wconf 77' lang='lat'><strong>12</strong></span> <span class='ocrx_word' id='word_1_370' title='bbox 1306 5292 1360 5341; x_wconf 90' lang='lat' dir='ltr'><strong>et</strong></span> <span class='ocrx_word' id='word_1_371' title='bbox 1384 5303 1573 5354; x_wconf 83' lang='lat' dir='ltr'><strong>seq.—</strong></span> <span class='ocrx_word' id='word_1_372' title='bbox 1595 5288 1619 5324; x_wconf 81' lang='lat'>⁸</span> <span class='ocrx_word' id='word_1_373' title='bbox 1638 5288 1859 5352; x_wconf 66' lang='lat' dir='ltr'><strong>Lipom„</strong></span> <span class='ocrx_word' id='word_1_374' title='bbox 1890 5290 1950 5338; x_wconf 79' lang='lat'><strong>25</strong></span> <span class='ocrx_word' id='word_1_375' title='bbox 1980 5287 2136 5351; x_wconf 73' lang='lat' dir='ltr'><strong>April.</strong></span> <span class='ocrx_word' id='word_1_376' title='bbox 2167 5314 2229 5326; x_wconf 92' lang='lat'><em>-</em></span> 
     </span>
     <span class='ocr_line' id='line_1_52' title="bbox 686 5360 2227 5429; baseline -0.002 -16"><span class='ocrx_word' id='word_1_377' title='bbox 686 5364 707 5395; x_wconf 79' lang='lat'>⁸</span> <span class='ocrx_word' id='word_1_378' title='bbox 732 5364 907 5428; x_wconf 83' lang='lat' dir='ltr'><strong>Neque</strong></span> <span class='ocrx_word' id='word_1_379' title='bbox 932 5363 1100 5427; x_wconf 88' lang='lat' dir='ltr'><strong>hunc,</strong></span> <span class='ocrx_word' id='word_1_380' title='bbox 1128 5377 1296 5429; x_wconf 88' lang='lat' dir='ltr'><strong>neque</strong></span> <span class='ocrx_word' id='word_1_381' title='bbox 1323 5367 1624 5428; x_wconf 70' lang='lat' dir='ltr'><strong>sequentem</strong></span> <span class='ocrx_word' id='word_1_382' title='bbox 1649 5360 1808 5412; x_wconf 87' lang='lat' dir='ltr'><strong>habet</strong></span> <span class='ocrx_word' id='word_1_383' title='bbox 1836 5360 1961 5411; x_wconf 87' lang='lat' dir='ltr'><strong>edit.</strong></span> <span class='ocrx_word' id='word_1_384' title='bbox 1993 5361 2227 5423; x_wconf 82' lang='lat' dir='ltr'><strong>Hageno.</strong></span> 
     </span>
    </p>
   </div>
   <div class='ocr_carea' id='block_1_6' title="bbox 1713 424 2924 499">
    <p class='ocr_par' dir='ltr' id='par_1_8' title="bbox 1713 424 2924 499">
     <span class='ocr_line' id='line_1_53' title="bbox 1713 424 2924 499; baseline 0.001 -1"><span class='ocrx_word' id='word_1_385' title='bbox 1713 429 2129 499; x_wconf 85' lang='lat' dir='ltr'><strong>SERMONES</strong></span> <span class='ocrx_word' id='word_1_386' title='bbox 2170 424 2271 496; x_wconf 80' lang='lat' dir='ltr'><strong>DE</strong></span> <span class='ocrx_word' id='word_1_387' title='bbox 2312 426 2662 498; x_wconf 79' lang='lat' dir='ltr'><strong>SANCTIS.</strong></span> <span class='ocrx_word' id='word_1_388' title='bbox 2708 430 2924 499; x_wconf 71' lang='lat' dir='ltr'><strong>xxiv.</strong></span> 
     </span>
    </p>
   </div>
   <div class='ocr_carea' id='block_1_7' title="bbox 2345 566 3931 3271">
    <p class='ocr_par' dir='ltr' id='par_1_9' title="bbox 2345 566 3931 3271">
     <span class='ocr_line' id='line_1_54' title="bbox 2362 566 3919 644; baseline 0.003 -20"><span class='ocrx_word' id='word_1_389' title='bbox 2362 566 2643 637; x_wconf 81' lang='lat' dir='ltr'><strong>destruit,</strong></span> <span class='ocrx_word' id='word_1_390' title='bbox 2680 568 2785 643; x_wconf 86' lang='lat' dir='ltr'><strong>qni</strong></span> <span class='ocrx_word' id='word_1_391' title='bbox 2822 568 2990 643; x_wconf 87' lang='lat' dir='ltr'><strong>quod</strong></span> <span class='ocrx_word' id='word_1_392' title='bbox 3026 567 3158 627; x_wconf 82' lang='lat' dir='ltr'><strong>aliis</strong></span> <span class='ocrx_word' id='word_1_393' title='bbox 3195 568 3374 642; x_wconf 86' lang='lat' dir='ltr'><strong>dicit,</strong></span> <span class='ocrx_word' id='word_1_394' title='bbox 3424 567 3551 644; x_wconf 83' lang='lat' dir='ltr'><strong>ipse</strong></span> <span class='ocrx_word' id='word_1_395' title='bbox 3590 586 3719 629; x_wconf 90' lang='lat' dir='ltr'><strong>non</strong></span> <span class='ocrx_word' id='word_1_396' title='bbox 3762 570 3919 628; x_wconf 78' lang='lat' dir='ltr'><strong>feeit.</strong></span> 
     </span>
     <span class='ocr_line' id='line_1_55' title="bbox 2361 661 3927 737; baseline 0.003 -20"><span class='ocrx_word' id='word_1_397' title='bbox 2361 662 2514 718; x_wconf 90' lang='lat' dir='ltr'><strong>Bene</strong></span> <span class='ocrx_word' id='word_1_398' title='bbox 2544 676 2686 734; x_wconf 90' lang='lat' dir='ltr'><strong>ergo</strong></span> <span class='ocrx_word' id='word_1_399' title='bbox 2714 661 2891 720; x_wconf 88' lang='lat' dir='ltr'><strong>beato</strong></span> <span class='ocrx_word' id='word_1_400' title='bbox 2919 666 3113 722; x_wconf 76' lang='lat' dir='ltr'><strong>Marco</strong></span> <span class='ocrx_word' id='word_1_401' title='bbox 3140 662 3358 722; x_wconf 89' lang='lat' dir='ltr'><strong>dicitur</strong></span> <span class='ocrx_word' id='word_1_402' title='bbox 3390 681 3406 720; x_wconf 73' lang='grc' dir='ltr'><em>ε</em></span> <span class='ocrx_word' id='word_1_403' title='bbox 3439 665 3586 737; x_wconf 80' lang='lat' dir='ltr'><strong>Opus</strong></span> <span class='ocrx_word' id='word_1_404' title='bbox 3612 667 3711 734; x_wconf 77' lang='lat' dir='ltr'><strong>sac</strong></span> <span class='ocrx_word' id='word_1_405' title='bbox 3737 666 3927 721; x_wconf 68' lang='lat' dir='ltr'><strong>Ben-</strong></span> 
     </span>
     <span class='ocr_line' id='line_1_56' title="bbox 2362 757 3929 832; baseline 0.003 -21"><span class='ocrx_word' id='word_1_406' title='bbox 2362 757 2604 824; x_wconf 70' lang='lat' dir='ltr'><strong>eelistoee</strong></span> <span class='ocrx_word' id='word_1_407' title='bbox 2634 758 2999 813; x_wconf 78' lang='lat' dir='ltr'><strong>ministerium</strong></span> <span class='ocrx_word' id='word_1_408' title='bbox 3039 761 3191 813; x_wconf 76' lang='lat' dir='ltr'><strong>tuum</strong></span> <span class='ocrx_word' id='word_1_409' title='bbox 3219 759 3406 830; x_wconf 78' lang='lat' dir='ltr'><strong>imple.</strong></span> <span class='ocrx_word' id='word_1_410' title='bbox 3439 760 3504 815; x_wconf 90' lang='lat' dir='ltr'><strong>ln</strong></span> <span class='ocrx_word' id='word_1_411' title='bbox 3532 759 3761 832; x_wconf 88' lang='lat' dir='ltr'><strong>quibus</strong></span> <span class='ocrx_word' id='word_1_412' title='bbox 3795 774 3929 815; x_wconf 79' lang='lat' dir='ltr'><strong>ver·</strong></span> 
     </span>
     <span class='ocr_line' id='line_1_57' title="bbox 2361 833 3925 923; baseline 0.003 -20"><span class='ocrx_word' id='word_1_413' title='bbox 2361 846 2453 904; x_wconf 88' lang='lat' dir='ltr'><strong>bis</strong></span> <span class='ocrx_word' id='word_1_414' title='bbox 2480 846 2928 907; x_wconf 86' lang='lat' dir='ltr'><strong>commendatur</strong></span> <span class='ocrx_word' id='word_1_415' title='bbox 2947 865 2986 906; x_wconf 91' lang='lat' dir='ltr'><strong>a</strong></span> <span class='ocrx_word' id='word_1_416' title='bbox 3023 833 3263 907; x_wconf 70' lang='lat' dir='ltr'><strong>duobus</strong></span> <span class='ocrx_word' id='word_1_417' title='bbox 3284 850 3413 922; x_wconf 85' lang='lat' dir='ltr'><strong>jam</strong></span> <span class='ocrx_word' id='word_1_418' title='bbox 3443 850 3641 923; x_wconf 74' lang='lat' dir='ltr'><strong>dictis,</strong></span> <span class='ocrx_word' id='word_1_419' title='bbox 3671 854 3740 908; x_wconf 89' lang='lat' dir='ltr'><strong>ut</strong></span> <span class='ocrx_word' id='word_1_420' title='bbox 3767 850 3925 909; x_wconf 83' lang='lat' dir='ltr'><strong>nihil</strong></span> 
     </span>
     <span class='ocr_line' id='line_1_58' title="bbox 2361 940 3931 1018; baseline 0.004 -21"><span class='ocrx_word' id='word_1_421' title='bbox 2361 940 2514 998; x_wconf 87' lang='lat' dir='ltr'><strong>desit</strong></span> <span class='ocrx_word' id='word_1_422' title='bbox 2530 941 2660 1014; x_wconf 88' lang='lat' dir='ltr'><strong>ejus</strong></span> <span class='ocrx_word' id='word_1_423' title='bbox 2680 941 3044 1015; x_wconf 84' lang='lat' dir='ltr'><strong>perfectioni.</strong></span> <span class='ocrx_word' id='word_1_424' title='bbox 3067 947 3213 1002; x_wconf 89' lang='lat' dir='ltr'><strong>Nam</strong></span> <span class='ocrx_word' id='word_1_425' title='bbox 3236 945 3435 1018; x_wconf 88' lang='lat' dir='ltr'><strong>primo</strong></span> <span class='ocrx_word' id='word_1_426' title='bbox 3460 945 3931 1003; x_wconf 85' lang='lat' dir='ltr'><strong>commendatur</strong></span> 
     </span>
     <span class='ocr_line' id='line_1_59' title="bbox 2360 1035 3923 1113; baseline 0.003 -21"><span class='ocrx_word' id='word_1_427' title='bbox 2360 1035 2440 1093; x_wconf 89' lang='lat' dir='ltr'><strong>ab</strong></span> <span class='ocrx_word' id='word_1_428' title='bbox 2472 1035 2821 1095; x_wconf 79' lang='lat' dir='ltr'><strong>excellentia</strong></span> <span class='ocrx_word' id='word_1_429' title='bbox 2848 1037 3168 1096; x_wconf 85' lang='lat' dir='ltr'><strong>sanctitatis</strong></span> <span class='ocrx_word' id='word_1_430' title='bbox 3196 1039 3258 1095; x_wconf 89' lang='lat' dir='ltr'><strong>in</strong></span> <span class='ocrx_word' id='word_1_431' title='bbox 3287 1038 3410 1096; x_wconf 86' lang='lat' dir='ltr'><strong>vita</strong></span> <span class='ocrx_word' id='word_1_432' title='bbox 3429 1080 3448 1109; x_wconf 94' lang='lat'><strong>,</strong></span> <span class='ocrx_word' id='word_1_433' title='bbox 3482 1054 3673 1113; x_wconf 87' lang='lat' dir='ltr'><strong>quam</strong></span> <span class='ocrx_word' id='word_1_434' title='bbox 3700 1039 3893 1097; x_wconf 84' lang='lat' dir='ltr'><strong>tenuit</strong></span> <span class='ocrx_word' id='word_1_435' title='bbox 3902 1058 3923 1111; x_wconf 80' lang='lat'><em>3</em></span> 
     </span>
     <span class='ocr_line' id='line_1_60' title="bbox 2361 1128 3922 1204; baseline 0.002 -18"><span class='ocrx_word' id='word_1_436' title='bbox 2361 1128 2624 1188; x_wconf 87' lang='lat' dir='ltr'><strong>secundo</strong></span> <span class='ocrx_word' id='word_1_437' title='bbox 2650 1146 2818 1202; x_wconf 89' lang='lat' dir='ltr'><strong>vero,</strong></span> <span class='ocrx_word' id='word_1_438' title='bbox 2862 1146 2899 1188; x_wconf 92' lang='lat' dir='ltr'><strong>a</strong></span> <span class='ocrx_word' id='word_1_439' title='bbox 2925 1130 3279 1204; x_wconf 75' lang='lat' dir='ltr'><strong>refulgentia</strong></span> <span class='ocrx_word' id='word_1_440' title='bbox 3318 1132 3579 1191; x_wconf 86' lang='lat' dir='ltr'><strong>veritatis</strong></span> <span class='ocrx_word' id='word_1_441' title='bbox 3604 1132 3675 1189; x_wconf 86' lang='lat' dir='ltr'><strong>in</strong></span> <span class='ocrx_word' id='word_1_442' title='bbox 3704 1132 3922 1191; x_wconf 78' lang='lat' dir='ltr'><strong>doctri-</strong></span> 
     </span>
     <span class='ocr_line' id='line_1_61' title="bbox 2358 1223 3924 1300; baseline 0.003 -21"><span class='ocrx_word' id='word_1_443' title='bbox 2358 1237 2459 1291; x_wconf 90' lang='lat' dir='ltr'><strong>na,</strong></span> <span class='ocrx_word' id='word_1_444' title='bbox 2488 1239 2672 1298; x_wconf 86' lang='lat' dir='ltr'><strong>quam</strong></span> <span class='ocrx_word' id='word_1_445' title='bbox 2699 1223 2949 1298; x_wconf 85' lang='lat' dir='ltr'><strong>scripsit.</strong></span> <span class='ocrx_word' id='word_1_446' title='bbox 2981 1228 3043 1282; x_wconf 85' lang='lat' dir='ltr'><strong>ln</strong></span> <span class='ocrx_word' id='word_1_447' title='bbox 3069 1225 3160 1282; x_wconf 87' lang='lat' dir='ltr'><strong>his</strong></span> <span class='ocrx_word' id='word_1_448' title='bbox 3179 1224 3338 1283; x_wconf 90' lang='lat' dir='ltr'><strong>enim</strong></span> <span class='ocrx_word' id='word_1_449' title='bbox 3357 1226 3601 1284; x_wconf 82' lang='lat' dir='ltr'><strong>duobus</strong></span> <span class='ocrx_word' id='word_1_450' title='bbox 3621 1225 3924 1300; x_wconf 77' lang='lat' dir='ltr'><strong>perfectus</strong></span> 
     </span>
     <span class='ocr_line' id='line_1_62' title="bbox 2357 1313 3922 1393; baseline 0.004 -22"><span class='ocrx_word' id='word_1_451' title='bbox 2357 1313 2541 1374; x_wconf 90' lang='lat' dir='ltr'><strong>homo</strong></span> <span class='ocrx_word' id='word_1_452' title='bbox 2577 1317 2856 1375; x_wconf 84' lang='lat' dir='ltr'><strong>consistit.</strong></span> <span class='ocrx_word' id='word_1_453' title='bbox 2887 1319 3033 1375; x_wconf 88' lang='lat' dir='ltr'><strong>Nam</strong></span> <span class='ocrx_word' id='word_1_454' title='bbox 3062 1333 3169 1391; x_wconf 91' lang='lat' dir='ltr'><strong>per</strong></span> <span class='ocrx_word' id='word_1_455' title='bbox 3194 1318 3453 1393; x_wconf 89' lang='lat' dir='ltr'><strong>primum</strong></span> <span class='ocrx_word' id='word_1_456' title='bbox 3493 1320 3819 1378; x_wconf 81' lang='lat' dir='ltr'><strong>ordinatur</strong></span> <span class='ocrx_word' id='word_1_457' title='bbox 3845 1319 3922 1378; x_wconf 82' lang='lat' dir='ltr'><strong>ad</strong></span> 
     </span>
     <span class='ocr_line' id='line_1_63' title="bbox 2360 1410 3921 1487; baseline 0.003 -20"><span class='ocrx_word' id='word_1_458' title='bbox 2360 1410 2566 1483; x_wconf 89' lang='lat' dir='ltr'><strong>Deum,</strong></span> <span class='ocrx_word' id='word_1_459' title='bbox 2599 1414 2656 1468; x_wconf 91' lang='lat' dir='ltr'><strong>et</strong></span> <span class='ocrx_word' id='word_1_460' title='bbox 2685 1410 2863 1469; x_wconf 89' lang='lat' dir='ltr'><strong>etiam</strong></span> <span class='ocrx_word' id='word_1_461' title='bbox 2888 1411 2969 1469; x_wconf 88' lang='lat' dir='ltr'><strong>ad</strong></span> <span class='ocrx_word' id='word_1_462' title='bbox 2994 1411 3254 1485; x_wconf 87' lang='lat' dir='ltr'><strong>seipsum</strong></span> <span class='ocrx_word' id='word_1_463' title='bbox 3263 1431 3283 1485; x_wconf 82' lang='lat'>3</span> <span class='ocrx_word' id='word_1_464' title='bbox 3314 1428 3422 1487; x_wconf 89' lang='lat' dir='ltr'><strong>per</strong></span> <span class='ocrx_word' id='word_1_465' title='bbox 3446 1413 3793 1471; x_wconf 86' lang='lat' dir='ltr'><strong>secundum</strong></span> <span class='ocrx_word' id='word_1_466' title='bbox 3822 1430 3921 1472; x_wconf 87' lang='lat' dir='ltr'><strong>or·</strong></span> 
     </span>
     <span class='ocr_line' id='line_1_64' title="bbox 2356 1501 3920 1582; baseline 0.004 -24"><span class='ocrx_word' id='word_1_467' title='bbox 2356 1501 2596 1561; x_wconf 88' lang='lat' dir='ltr'><strong>dinatur</strong></span> <span class='ocrx_word' id='word_1_468' title='bbox 2642 1503 2721 1561; x_wconf 91' lang='lat' dir='ltr'><strong>ad</strong></span> <span class='ocrx_word' id='word_1_469' title='bbox 2771 1505 3131 1579; x_wconf 85' lang='lat' dir='ltr'><strong>proximum.</strong></span> <span class='ocrx_word' id='word_1_470' title='bbox 3182 1507 3423 1564; x_wconf 85' lang='lat' dir='ltr'><strong>Notatur</strong></span> <span class='ocrx_word' id='word_1_471' title='bbox 3474 1507 3662 1580; x_wconf 87' lang='lat' dir='ltr'><strong>igitur</strong></span> <span class='ocrx_word' id='word_1_472' title='bbox 3715 1508 3920 1582; x_wconf 84' lang='lat' dir='ltr'><strong>primo</strong></span> 
     </span>
     <span class='ocr_line' id='line_1_65' title="bbox 2356 1595 3923 1674; baseline 0.004 -22"><span class='ocrx_word' id='word_1_473' title='bbox 2356 1595 2702 1655; x_wconf 80' lang='lat' dir='ltr'><strong>excellentia</strong></span> <span class='ocrx_word' id='word_1_474' title='bbox 2726 1598 3044 1657; x_wconf 83' lang='lat' dir='ltr'><strong>sanctitatis</strong></span> <span class='ocrx_word' id='word_1_475' title='bbox 3068 1598 3131 1656; x_wconf 89' lang='lat' dir='ltr'><strong>in</strong></span> <span class='ocrx_word' id='word_1_476' title='bbox 3157 1599 3300 1671; x_wconf 89' lang='lat' dir='ltr'><strong>vita,</strong></span> <span class='ocrx_word' id='word_1_477' title='bbox 3318 1615 3426 1674; x_wconf 90' lang='lat' dir='ltr'><strong>per</strong></span> <span class='ocrx_word' id='word_1_478' title='bbox 3452 1616 3643 1674; x_wconf 88' lang='lat' dir='ltr'><strong>quam</strong></span> <span class='ocrx_word' id='word_1_479' title='bbox 3672 1600 3923 1660; x_wconf 77' lang='lat' dir='ltr'><strong>ordina-</strong></span> 
     </span>
     <span class='ocr_line' id='line_1_66' title="bbox 2355 1689 3923 1769; baseline 0.003 -22"><span class='ocrx_word' id='word_1_480' title='bbox 2355 1692 2451 1747; x_wconf 87' lang='lat' dir='ltr'><strong>tur</strong></span> <span class='ocrx_word' id='word_1_481' title='bbox 2472 1689 2553 1748; x_wconf 88' lang='lat' dir='ltr'><strong>ad</strong></span> <span class='ocrx_word' id='word_1_482' title='bbox 2582 1693 2789 1763; x_wconf 89' lang='lat' dir='ltr'><strong>Deum,</strong></span> <span class='ocrx_word' id='word_1_483' title='bbox 2815 1691 2982 1750; x_wconf 91' lang='lat' dir='ltr'><strong>nullo</strong></span> <span class='ocrx_word' id='word_1_484' title='bbox 3010 1692 3195 1751; x_wconf 89' lang='lat' dir='ltr'><strong>modo</strong></span> <span class='ocrx_word' id='word_1_485' title='bbox 3225 1693 3306 1751; x_wconf 89' lang='lat' dir='ltr'><strong>ad</strong></span> <span class='ocrx_word' id='word_1_486' title='bbox 3331 1693 3627 1769; x_wconf 88' lang='lat' dir='ltr'><strong>seipsum,</strong></span> <span class='ocrx_word' id='word_1_487' title='bbox 3656 1710 3805 1752; x_wconf 82' lang='lat' dir='ltr'><strong>eum</strong></span> <span class='ocrx_word' id='word_1_488' title='bbox 3834 1694 3923 1752; x_wconf 81' lang='lat' dir='ltr'><strong>di-</strong></span> 
     </span>
     <span class='ocr_line' id='line_1_67' title="bbox 2354 1784 3919 1861; baseline 0.004 -20"><span class='ocrx_word' id='word_1_489' title='bbox 2354 1784 2505 1843; x_wconf 85' lang='lat' dir='ltr'><strong>citur</strong></span> <span class='ocrx_word' id='word_1_490' title='bbox 2532 1784 2740 1843; x_wconf 90' lang='lat' dir='ltr'><strong>ultimo</strong></span> <span class='ocrx_word' id='word_1_491' title='bbox 2772 1802 2788 1842; x_wconf 76' lang='lat' dir='ltr'><strong>t</strong></span> <span class='ocrx_word' id='word_1_492' title='bbox 2821 1788 3191 1843; x_wconf 64' lang='lat' dir='ltr'><strong>maesta-ium</strong></span> <span class='ocrx_word' id='word_1_493' title='bbox 3231 1792 3378 1844; x_wconf 78' lang='lat' dir='ltr'><strong>tuum</strong></span> <span class='ocrx_word' id='word_1_494' title='bbox 3414 1791 3602 1861; x_wconf 74' lang='lat' dir='ltr'><strong>imple.</strong></span> <span class='ocrx_word' id='word_1_495' title='bbox 3642 1789 3769 1847; x_wconf 86' lang='lat' dir='ltr'><strong>Sed</strong></span> <span class='ocrx_word' id='word_1_496' title='bbox 3804 1806 3919 1848; x_wconf 86' lang='lat' dir='ltr'><strong>no-</strong></span> 
     </span>
     <span class='ocr_line' id='line_1_68' title="bbox 2353 1879 3919 1955; baseline 0.004 -20"><span class='ocrx_word' id='word_1_497' title='bbox 2353 1880 2510 1935; x_wconf 87' lang='lat' dir='ltr'><strong>tatur</strong></span> <span class='ocrx_word' id='word_1_498' title='bbox 2536 1879 2799 1937; x_wconf 84' lang='lat' dir='ltr'><strong>secundo</strong></span> <span class='ocrx_word' id='word_1_499' title='bbox 2841 1880 3099 1938; x_wconf 87' lang='lat' dir='ltr'><strong>veritatis</strong></span> <span class='ocrx_word' id='word_1_500' title='bbox 3138 1879 3482 1953; x_wconf 86' lang='lat' dir='ltr'><strong>refulgentia</strong></span> <span class='ocrx_word' id='word_1_501' title='bbox 3509 1881 3571 1938; x_wconf 91' lang='lat' dir='ltr'><strong>in</strong></span> <span class='ocrx_word' id='word_1_502' title='bbox 3602 1882 3919 1955; x_wconf 82' lang='lat' dir='ltr'><strong>doctrina,</strong></span> 
     </span>
     <span class='ocr_line' id='line_1_69' title="bbox 2351 1972 3923 2052; baseline 0.004 -23"><span class='ocrx_word' id='word_1_503' title='bbox 2351 1987 2460 2045; x_wconf 89' lang='lat' dir='ltr'><strong>per</strong></span> <span class='ocrx_word' id='word_1_504' title='bbox 2486 1988 2669 2047; x_wconf 86' lang='lat' dir='ltr'><strong>quam</strong></span> <span class='ocrx_word' id='word_1_505' title='bbox 2691 1972 3081 2032; x_wconf 80' lang='lat' dir='ltr'><strong>ordinabatur</strong></span> <span class='ocrx_word' id='word_1_506' title='bbox 3099 1974 3179 2033; x_wconf 89' lang='lat' dir='ltr'><strong>ad</strong></span> <span class='ocrx_word' id='word_1_507' title='bbox 3199 1975 3562 2049; x_wconf 81' lang='lat' dir='ltr'><strong>proximum,</strong></span> <span class='ocrx_word' id='word_1_508' title='bbox 3597 1992 3743 2034; x_wconf 89' lang='lat' dir='ltr'><strong>cum</strong></span> <span class='ocrx_word' id='word_1_509' title='bbox 3769 1994 3923 2052; x_wconf 70' lang='lat' dir='ltr'><strong>pne-</strong></span> 
     </span>
     <span class='ocr_line' id='line_1_70' title="bbox 2350 2065 3924 2146; baseline 0.004 -23"><span class='ocrx_word' id='word_1_510' title='bbox 2350 2065 2630 2124; x_wconf 86' lang='lat' dir='ltr'><strong>mittitur:</strong></span> <span class='ocrx_word' id='word_1_511' title='bbox 2665 2067 2811 2142; x_wconf 77' lang='lat' dir='ltr'><strong>opus</strong></span> <span class='ocrx_word' id='word_1_512' title='bbox 2829 2070 3301 2141; x_wconf 72' lang='lat' dir='ltr'><strong>sacEvanqelistoe.</strong></span> <span class='ocrx_word' id='word_1_513' title='bbox 3336 2071 3479 2127; x_wconf 81' lang='lat' dir='ltr'><strong>Nam</strong></span> <span class='ocrx_word' id='word_1_514' title='bbox 3501 2074 3741 2128; x_wconf 85' lang='lat' dir='ltr'><strong>constat</strong></span> <span class='ocrx_word' id='word_1_515' title='bbox 3763 2088 3924 2146; x_wconf 76' lang='lat' dir='ltr'><strong>opus</strong></span> 
     </span>
     <span class='ocr_line' id='line_1_71' title="bbox 2351 2159 3919 2237; baseline 0.004 -21"><span class='ocrx_word' id='word_1_516' title='bbox 2351 2159 2736 2232; x_wconf 80' lang='lat' dir='ltr'><strong>Evangelistoe</strong></span> <span class='ocrx_word' id='word_1_517' title='bbox 2765 2176 2922 2233; x_wconf 86' lang='lat' dir='ltr'><strong>esse,</strong></span> <span class='ocrx_word' id='word_1_518' title='bbox 2971 2162 3166 2236; x_wconf 92' lang='lat' dir='ltr'><strong>primo</strong></span> <span class='ocrx_word' id='word_1_519' title='bbox 3203 2160 3266 2219; x_wconf 93' lang='lat' dir='ltr'><strong>in</strong></span> <span class='ocrx_word' id='word_1_520' title='bbox 3307 2161 3597 2221; x_wconf 86' lang='lat' dir='ltr'><strong>Christum</strong></span> <span class='ocrx_word' id='word_1_521' title='bbox 3622 2163 3919 2237; x_wconf 79' lang='lat' dir='ltr'><strong>credere3</strong></span> 
     </span>
     <span class='ocr_line' id='line_1_72' title="bbox 2350 2253 3919 2331; baseline 0.003 -21"><span class='ocrx_word' id='word_1_522' title='bbox 2350 2253 2636 2325; x_wconf 90' lang='lat' dir='ltr'><strong>secundo,</strong></span> <span class='ocrx_word' id='word_1_523' title='bbox 2664 2253 2956 2311; x_wconf 86' lang='lat' dir='ltr'><strong>Christum</strong></span> <span class='ocrx_word' id='word_1_524' title='bbox 2972 2255 3327 2329; x_wconf 78' lang='lat' dir='ltr'><strong>proedicare3</strong></span> <span class='ocrx_word' id='word_1_525' title='bbox 3359 2256 3544 2323; x_wconf 88' lang='lat' dir='ltr'><strong>tertio,</strong></span> <span class='ocrx_word' id='word_1_526' title='bbox 3574 2257 3919 2331; x_wconf 66' lang='lat' dir='ltr'><strong>predicata</strong></span> 
     </span>
     <span class='ocr_line' id='line_1_73' title="bbox 2348 2346 3923 2423; baseline 0.004 -20"><span class='ocrx_word' id='word_1_527' title='bbox 2348 2346 2411 2403; x_wconf 89' lang='lat' dir='ltr'><strong>in</strong></span> <span class='ocrx_word' id='word_1_528' title='bbox 2430 2347 2781 2420; x_wconf 86' lang='lat' dir='ltr'><strong>scripturam</strong></span> <span class='ocrx_word' id='word_1_529' title='bbox 2802 2347 3106 2421; x_wconf 83' lang='lat' dir='ltr'><strong>redigere3</strong></span> <span class='ocrx_word' id='word_1_530' title='bbox 3128 2353 3361 2423; x_wconf 87' lang='lat' dir='ltr'><strong>quarto,</strong></span> <span class='ocrx_word' id='word_1_531' title='bbox 3381 2349 3641 2423; x_wconf 84' lang='lat' dir='ltr'><strong>seipsum</strong></span> <span class='ocrx_word' id='word_1_532' title='bbox 3662 2351 3733 2407; x_wconf 86' lang='lat' dir='ltr'><strong>in</strong></span> <span class='ocrx_word' id='word_1_533' title='bbox 3752 2368 3923 2410; x_wconf 84' lang='lat' dir='ltr'><strong>mor·</strong></span> 
     </span>
     <span class='ocr_line' id='line_1_74' title="bbox 2348 2441 3919 2514; baseline 0.004 -17"><span class='ocrx_word' id='word_1_534' title='bbox 2348 2443 2468 2497; x_wconf 90' lang='lat' dir='ltr'><strong>tem</strong></span> <span class='ocrx_word' id='word_1_535' title='bbox 2505 2456 2616 2514; x_wconf 89' lang='lat' dir='ltr'><strong>pro</strong></span> <span class='ocrx_word' id='word_1_536' title='bbox 2661 2441 2981 2514; x_wconf 85' lang='lat' dir='ltr'><strong>Evangelio</strong></span> <span class='ocrx_word' id='word_1_537' title='bbox 3031 2441 3284 2513; x_wconf 85' lang='lat' dir='ltr'><strong>tradere,</strong></span> <span class='ocrx_word' id='word_1_538' title='bbox 3330 2445 3388 2500; x_wconf 88' lang='lat' dir='ltr'><strong>et</strong></span> <span class='ocrx_word' id='word_1_539' title='bbox 3430 2442 3513 2499; x_wconf 88' lang='lat' dir='ltr'><strong>sic</strong></span> <span class='ocrx_word' id='word_1_540' title='bbox 3560 2442 3919 2503; x_wconf 82' lang='lat' dir='ltr'><strong>doctrinam</strong></span> 
     </span>
     <span class='ocr_line' id='line_1_75' title="bbox 2347 2535 3921 2611; baseline 0.004 -20"><span class='ocrx_word' id='word_1_541' title='bbox 2347 2549 2519 2591; x_wconf 88' lang='lat' dir='ltr'><strong>suam</strong></span> <span class='ocrx_word' id='word_1_542' title='bbox 2556 2539 2747 2593; x_wconf 89' lang='lat' dir='ltr'><strong>morte</strong></span> <span class='ocrx_word' id='word_1_543' title='bbox 2794 2535 3168 2594; x_wconf 89' lang='lat' dir='ltr'><strong>confirmare.</strong></span> <span class='ocrx_word' id='word_1_544' title='bbox 3215 2540 3281 2594; x_wconf 82' lang='lat' dir='ltr'><strong>Et</strong></span> <span class='ocrx_word' id='word_1_545' title='bbox 3322 2536 3463 2611; x_wconf 90' lang='lat' dir='ltr'><strong>quia</strong></span> <span class='ocrx_word' id='word_1_546' title='bbox 3513 2536 3643 2594; x_wconf 77' lang='lat' dir='ltr'><strong>haec</strong></span> <span class='ocrx_word' id='word_1_547' title='bbox 3696 2540 3921 2599; x_wconf 84' lang='lat' dir='ltr'><strong>omnia</strong></span> 
     </span>
     <span class='ocr_line' id='line_1_76' title="bbox 2346 2629 3920 2706; baseline 0.006 -23"><span class='ocrx_word' id='word_1_548' title='bbox 2346 2632 2581 2684; x_wconf 88' lang='lat' dir='ltr'><strong>sanctus</strong></span> <span class='ocrx_word' id='word_1_549' title='bbox 2626 2631 2851 2687; x_wconf 79' lang='lat' dir='ltr'><strong>Marcus</strong></span> <span class='ocrx_word' id='word_1_550' title='bbox 2886 2629 3109 2702; x_wconf 71' lang='lat' dir='ltr'><strong>effecitj,</strong></span> <span class='ocrx_word' id='word_1_551' title='bbox 3148 2629 3298 2689; x_wconf 87' lang='lat' dir='ltr'><strong>sicut</strong></span> <span class='ocrx_word' id='word_1_552' title='bbox 3331 2646 3404 2687; x_wconf 87' lang='lat' dir='ltr'><strong>ex</strong></span> <span class='ocrx_word' id='word_1_553' title='bbox 3440 2630 3725 2703; x_wconf 79' lang='lat' dir='ltr'><strong>Legenda</strong></span> <span class='ocrx_word' id='word_1_554' title='bbox 3768 2648 3920 2706; x_wconf 82' lang='lat' dir='ltr'><strong>pro·</strong></span> 
     </span>
     <span class='ocr_line' id='line_1_77' title="bbox 2347 2718 3918 2797; baseline 0.004 -20"><span class='ocrx_word' id='word_1_555' title='bbox 2347 2718 2492 2778; x_wconf 89' lang='lat' dir='ltr'><strong>hare</strong></span> <span class='ocrx_word' id='word_1_556' title='bbox 2521 2721 2763 2794; x_wconf 83' lang='lat' dir='ltr'><strong>poteris,</strong></span> <span class='ocrx_word' id='word_1_557' title='bbox 2794 2722 2933 2781; x_wconf 90' lang='lat' dir='ltr'><strong>ideo</strong></span> <span class='ocrx_word' id='word_1_558' title='bbox 2961 2739 3102 2781; x_wconf 84' lang='lat' dir='ltr'><strong>vere</strong></span> <span class='ocrx_word' id='word_1_559' title='bbox 3130 2723 3335 2782; x_wconf 86' lang='lat' dir='ltr'><strong>Christi</strong></span> <span class='ocrx_word' id='word_1_560' title='bbox 3372 2725 3743 2797; x_wconf 82' lang='lat' dir='ltr'><strong>evangelista</strong></span> <span class='ocrx_word' id='word_1_561' title='bbox 3780 2725 3918 2797; x_wconf 78' lang='lat' dir='ltr'><strong>fuit,</strong></span> 
     </span>
     <span class='ocr_line' id='line_1_78' title="bbox 2348 2814 3917 2896; baseline 0.004 -26"><span class='ocrx_word' id='word_1_562' title='bbox 2348 2814 2516 2887; x_wconf 84' lang='lat' dir='ltr'><strong>cujus</strong></span> <span class='ocrx_word' id='word_1_563' title='bbox 2558 2816 2947 2889; x_wconf 87' lang='lat' dir='ltr'><strong>Evangelium</strong></span> <span class='ocrx_word' id='word_1_564' title='bbox 2991 2820 3189 2876; x_wconf 85' lang='lat' dir='ltr'><strong>Petrus</strong></span> <span class='ocrx_word' id='word_1_565' title='bbox 3223 2817 3384 2892; x_wconf 86' lang='lat' dir='ltr'><strong>legit,</strong></span> <span class='ocrx_word' id='word_1_566' title='bbox 3425 2823 3483 2875; x_wconf 91' lang='lat' dir='ltr'><strong>et</strong></span> <span class='ocrx_word' id='word_1_567' title='bbox 3518 2818 3749 2876; x_wconf 86' lang='lat' dir='ltr'><strong>lectum</strong></span> <span class='ocrx_word' id='word_1_568' title='bbox 3802 2837 3917 2896; x_wconf 85' lang='lat' dir='ltr'><strong>ap-</strong></span> 
     </span>
     <span class='ocr_line' id='line_1_79' title="bbox 2345 2907 3919 2982; baseline 0.004 -18"><span class='ocrx_word' id='word_1_569' title='bbox 2345 2907 2644 2980; x_wconf 74' lang='lat' dir='ltr'><strong>probavit,</strong></span> <span class='ocrx_word' id='word_1_570' title='bbox 2682 2912 2740 2967; x_wconf 86' lang='lat' dir='ltr'><strong>et</strong></span> <span class='ocrx_word' id='word_1_571' title='bbox 2775 2908 3098 2982; x_wconf 90' lang='lat' dir='ltr'><strong>legendum</strong></span> <span class='ocrx_word' id='word_1_572' title='bbox 3140 2911 3408 2970; x_wconf 65' lang='lat' dir='ltr'><strong>Ecclesiae</strong></span> <span class='ocrx_word' id='word_1_573' title='bbox 3435 2912 3699 2970; x_wconf 84' lang='lat' dir='ltr'><strong>tradidit.</strong></span> <span class='ocrx_word' id='word_1_574' title='bbox 3744 2916 3919 2972; x_wconf 77' lang='lat' dir='ltr'><strong>Nunc</strong></span> 
     </span>
     <span class='ocr_line' id='line_1_80' title="bbox 2346 3002 3917 3067; baseline 0.006 -11"><span class='ocrx_word' id='word_1_575' title='bbox 2346 3005 2547 3059; x_wconf 89' lang='lat' dir='ltr'><strong>autem</strong></span> <span class='ocrx_word' id='word_1_576' title='bbox 2572 3003 2653 3061; x_wconf 89' lang='lat' dir='ltr'><strong>ad</strong></span> <span class='ocrx_word' id='word_1_577' title='bbox 2678 3002 3121 3062; x_wconf 87' lang='lat' dir='ltr'><strong>instructionem</strong></span> <span class='ocrx_word' id='word_1_578' title='bbox 3156 3004 3427 3063; x_wconf 86' lang='lat' dir='ltr'><strong>fidelium</strong></span> <span class='ocrx_word' id='word_1_579' title='bbox 3460 3005 3536 3063; x_wconf 89' lang='lat' dir='ltr'><strong>de</strong></span> <span class='ocrx_word' id='word_1_580' title='bbox 3570 3006 3917 3067; x_wconf 82' lang='lat' dir='ltr'><strong>ministerio</strong></span> 
     </span>
     <span class='ocr_line' id='line_1_81' title="bbox 2346 3098 3913 3177; baseline 0.006 -25"><span class='ocrx_word' id='word_1_581' title='bbox 2346 3098 2575 3154; x_wconf 86' lang='lat' dir='ltr'><strong>tantum</strong></span> <span class='ocrx_word' id='word_1_582' title='bbox 2598 3114 2794 3157; x_wconf 91' lang='lat' dir='ltr'><strong>sermo</strong></span> <span class='ocrx_word' id='word_1_583' title='bbox 2831 3098 3177 3158; x_wconf 86' lang='lat' dir='ltr'><strong>reddendus</strong></span> <span class='ocrx_word' id='word_1_584' title='bbox 3218 3104 3341 3158; x_wconf 89' lang='lat' dir='ltr'><strong>est:</strong></span> <span class='ocrx_word' id='word_1_585' title='bbox 3381 3104 3512 3158; x_wconf 85' lang='lat' dir='ltr'><strong>tum</strong></span> <span class='ocrx_word' id='word_1_586' title='bbox 3550 3102 3699 3176; x_wconf 88' lang='lat' dir='ltr'><strong>quia</strong></span> <span class='ocrx_word' id='word_1_587' title='bbox 3742 3104 3913 3177; x_wconf 80' lang='lat' dir='ltr'><strong>prius</strong></span> 
     </span>
     <span class='ocr_line' id='line_1_82' title="bbox 2345 3190 3911 3271; baseline 0.004 -24"><span class='ocrx_word' id='word_1_588' title='bbox 2345 3193 2404 3247; x_wconf 88' lang='lat' dir='ltr'><strong>et</strong></span> <span class='ocrx_word' id='word_1_589' title='bbox 2451 3190 2664 3250; x_wconf 89' lang='lat' dir='ltr'><strong>melius</strong></span> <span class='ocrx_word' id='word_1_590' title='bbox 2706 3197 2793 3250; x_wconf 89' lang='lat' dir='ltr'><strong>est</strong></span> <span class='ocrx_word' id='word_1_591' title='bbox 2830 3192 3056 3264; x_wconf 85' lang='lat' dir='ltr'><strong>facere,</strong></span> <span class='ocrx_word' id='word_1_592' title='bbox 3084 3209 3271 3268; x_wconf 85' lang='lat' dir='ltr'><strong>quam</strong></span> <span class='ocrx_word' id='word_1_593' title='bbox 3308 3194 3556 3267; x_wconf 86' lang='lat' dir='ltr'><strong>docere;</strong></span> <span class='ocrx_word' id='word_1_594' title='bbox 3590 3199 3727 3253; x_wconf 85' lang='lat' dir='ltr'><strong>tum</strong></span> <span class='ocrx_word' id='word_1_595' title='bbox 3766 3196 3911 3271; x_wconf 84' lang='lat' dir='ltr'><strong>quia</strong></span> 
     </span>
    </p>
   </div>
   <div class='ocr_carea' id='block_1_8' title="bbox 2342 3284 4059 3651">
    <p class='ocr_par' dir='ltr' id='par_1_10' title="bbox 2342 3284 4059 3651">
     <span class='ocr_line' id='line_1_83' title="bbox 2343 3284 4059 3359; baseline 0.001 -18"><span class='ocrx_word' id='word_1_596' title='bbox 2343 3300 2451 3359; x_wconf 88' lang='lat' dir='ltr'><strong>per</strong></span> <span class='ocrx_word' id='word_1_597' title='bbox 2479 3284 2868 3344; x_wconf 88' lang='lat' dir='ltr'><strong>ministerium</strong></span> <span class='ocrx_word' id='word_1_598' title='bbox 2892 3286 3113 3359; x_wconf 89' lang='lat' dir='ltr'><strong>solum,</strong></span> <span class='ocrx_word' id='word_1_599' title='bbox 3150 3292 3209 3346; x_wconf 88' lang='lat' dir='ltr'><strong>et</strong></span> <span class='ocrx_word' id='word_1_600' title='bbox 3243 3288 3555 3347; x_wconf 85' lang='lat' dir='ltr'><strong>ordinatur</strong></span> <span class='ocrx_word' id='word_1_601' title='bbox 3596 3289 3795 3347; x_wconf 87' lang='lat' dir='ltr'><strong>homo</strong></span> <span class='ocrx_word' id='word_1_602' title='bbox 3828 3291 3905 3348; x_wconf 88' lang='lat' dir='ltr'><strong>ad</strong></span> <span class='ocrx_word' id='word_1_603' title='bbox 3988 3302 4059 3343; x_wconf 67' lang='lat' dir='ltr'><strong>aa</strong></span> 
     </span>
     <span class='ocr_line' id='line_1_84' title="bbox 2345 3374 4059 3465; baseline 0.007 -30"><span class='ocrx_word' id='word_1_604' title='bbox 2345 3380 2549 3451; x_wconf 90' lang='lat' dir='ltr'><strong>Deum,</strong></span> <span class='ocrx_word' id='word_1_605' title='bbox 2582 3384 2639 3437; x_wconf 90' lang='lat' dir='ltr'><strong>et</strong></span> <span class='ocrx_word' id='word_1_606' title='bbox 2663 3380 2972 3440; x_wconf 89' lang='lat' dir='ltr'><strong>ordinatur</strong></span> <span class='ocrx_word' id='word_1_607' title='bbox 2995 3382 3076 3440; x_wconf 87' lang='lat' dir='ltr'><strong>ad</strong></span> <span class='ocrx_word' id='word_1_608' title='bbox 3102 3383 3385 3458; x_wconf 85' lang='lat' dir='ltr'><strong>seipsum,</strong></span> <span class='ocrx_word' id='word_1_609' title='bbox 3407 3387 3465 3442; x_wconf 89' lang='lat' dir='ltr'><strong>et</strong></span> <span class='ocrx_word' id='word_1_610' title='bbox 3482 3384 3806 3445; x_wconf 78' lang='lat' dir='ltr'><strong>ordinatur</strong></span> <span class='ocrx_word' id='word_1_611' title='bbox 3828 3387 3903 3445; x_wconf 80' lang='lat' dir='ltr'><strong>ad</strong></span> <span class='ocrx_word' id='word_1_612' title='bbox 3942 3374 4059 3465; x_wconf 53' lang='grc' dir='ltr'><strong>*ξπ</strong></span> 
     </span>
     <span class='ocr_line' id='line_1_85' title="bbox 2342 3474 4059 3558; baseline 0.008 -28"><span class='ocrx_word' id='word_1_613' title='bbox 2342 3474 2705 3547; x_wconf 86' lang='lat' dir='ltr'><strong>proximum.</strong></span> <span class='ocrx_word' id='word_1_614' title='bbox 2737 3478 2831 3534; x_wconf 82' lang='lat' dir='ltr'><strong>Est</strong></span> <span class='ocrx_word' id='word_1_615' title='bbox 2870 3478 3048 3551; x_wconf 83' lang='lat' dir='ltr'><strong>igitur</strong></span> <span class='ocrx_word' id='word_1_616' title='bbox 3084 3479 3182 3537; x_wconf 87' lang='lat' dir='ltr'><strong>hic</strong></span> <span class='ocrx_word' id='word_1_617' title='bbox 3210 3480 3566 3550; x_wconf 89' lang='lat' dir='ltr'><strong>notandum,</strong></span> <span class='ocrx_word' id='word_1_618' title='bbox 3598 3484 3771 3556; x_wconf 84' lang='lat' dir='ltr'><strong>quod</strong></span> <span class='ocrx_word' id='word_1_619' title='bbox 3802 3486 3903 3558; x_wconf 81' lang='lat' dir='ltr'><strong>qui</strong></span> <span class='ocrx_word' id='word_1_620' title='bbox 3928 3485 4059 3551; x_wconf 46' lang='lat' dir='ltr'><strong>butt·</strong></span> 
     </span>
     <span class='ocr_line' id='line_1_86' title="bbox 2345 3547 4059 3651; baseline 0.008 -26"><span class='ocrx_word' id='word_1_621' title='bbox 2345 3584 2480 3626; x_wconf 88' lang='lat' dir='ltr'><strong>vere</strong></span> <span class='ocrx_word' id='word_1_622' title='bbox 2508 3568 2714 3628; x_wconf 89' lang='lat' dir='ltr'><strong>Christi</strong></span> <span class='ocrx_word' id='word_1_623' title='bbox 2743 3572 3007 3630; x_wconf 88' lang='lat' dir='ltr'><strong>minister</strong></span> <span class='ocrx_word' id='word_1_624' title='bbox 3042 3576 3149 3643; x_wconf 91' lang='lat' dir='ltr'><strong>est,</strong></span> <span class='ocrx_word' id='word_1_625' title='bbox 3175 3574 3325 3633; x_wconf 90' lang='lat' dir='ltr'><strong>sicut</strong></span> <span class='ocrx_word' id='word_1_626' title='bbox 3352 3573 3463 3633; x_wconf 80' lang='lat' dir='ltr'><strong>suit</strong></span> <span class='ocrx_word' id='word_1_627' title='bbox 3487 3575 3589 3634; x_wconf 85' lang='lat' dir='ltr'><strong>hie</strong></span> <span class='ocrx_word' id='word_1_628' title='bbox 3626 3584 3902 3649; x_wconf 82' lang='lat' dir='ltr'><strong>sanctus,</strong></span> <span class='ocrx_word' id='word_1_629' title='bbox 3945 3547 4059 3651; x_wconf 51' lang='grc' dir='ltr'><strong>εἷ’</strong></span> 
     </span>
    </p>
   </div>
   <div class='ocr_carea' id='block_1_9' title="bbox 2341 3660 3905 3921">
    <p class='ocr_par' dir='ltr' id='par_1_11' title="bbox 2341 3660 3905 3921">
     <span class='ocr_line' id='line_1_87' title="bbox 2341 3660 3903 3742; baseline 0.008 -23"><span class='ocrx_word' id='word_1_630' title='bbox 2341 3660 2538 3735; x_wconf 89' lang='lat' dir='ltr'><strong>primo</strong></span> <span class='ocrx_word' id='word_1_631' title='bbox 2583 3663 2891 3722; x_wconf 85' lang='lat' dir='ltr'><strong>ordinatus</strong></span> <span class='ocrx_word' id='word_1_632' title='bbox 2934 3668 3020 3723; x_wconf 89' lang='lat' dir='ltr'><strong>est</strong></span> <span class='ocrx_word' id='word_1_633' title='bbox 3060 3666 3143 3724; x_wconf 89' lang='lat' dir='ltr'><strong>ad</strong></span> <span class='ocrx_word' id='word_1_634' title='bbox 3179 3667 3462 3742; x_wconf 82' lang='lat' dir='ltr'><strong>seipsum.</strong></span> <span class='ocrx_word' id='word_1_635' title='bbox 3509 3672 3660 3729; x_wconf 88' lang='lat' dir='ltr'><strong>Sunt</strong></span> <span class='ocrx_word' id='word_1_636' title='bbox 3704 3678 3903 3731; x_wconf 78' lang='lat' dir='ltr'><strong>autem</strong></span> 
     </span>
     <span class='ocr_line' id='line_1_88' title="bbox 2344 3753 3902 3838; baseline 0.008 -27"><span class='ocrx_word' id='word_1_637' title='bbox 2344 3753 2490 3827; x_wconf 89' lang='lat' dir='ltr'><strong>duo,</strong></span> <span class='ocrx_word' id='word_1_638' title='bbox 2529 3756 2750 3830; x_wconf 85' lang='lat' dir='ltr'><strong>quibus</strong></span> <span class='ocrx_word' id='word_1_639' title='bbox 2787 3758 2975 3817; x_wconf 90' lang='lat' dir='ltr'><strong>homo</strong></span> <span class='ocrx_word' id='word_1_640' title='bbox 3016 3759 3097 3817; x_wconf 86' lang='lat' dir='ltr'><strong>ad</strong></span> <span class='ocrx_word' id='word_1_641' title='bbox 3138 3775 3201 3817; x_wconf 89' lang='lat' dir='ltr'><strong>se</strong></span> <span class='ocrx_word' id='word_1_642' title='bbox 3240 3761 3589 3820; x_wconf 74' lang='lat' dir='ltr'><strong>ordinaturt</strong></span> <span class='ocrx_word' id='word_1_643' title='bbox 3639 3766 3902 3838; x_wconf 84' lang='lat' dir='ltr'><strong>primum</strong></span> 
     </span>
     <span class='ocr_line' id='line_1_89' title="bbox 2344 3848 3905 3921; baseline 0.009 -19"><span class='ocrx_word' id='word_1_644' title='bbox 2344 3851 2429 3904; x_wconf 88' lang='lat' dir='ltr'><strong>est</strong></span> <span class='ocrx_word' id='word_1_645' title='bbox 2455 3848 2748 3906; x_wconf 88' lang='lat' dir='ltr'><strong>munditia</strong></span> <span class='ocrx_word' id='word_1_646' title='bbox 2776 3849 3010 3921; x_wconf 85' lang='lat' dir='ltr'><strong>carnis;</strong></span> <span class='ocrx_word' id='word_1_647' title='bbox 3042 3852 3371 3910; x_wconf 88' lang='lat' dir='ltr'><strong>secundum</strong></span> <span class='ocrx_word' id='word_1_648' title='bbox 3399 3868 3544 3912; x_wconf 85' lang='lat' dir='ltr'><strong>vero</strong></span> <span class='ocrx_word' id='word_1_649' title='bbox 3574 3858 3665 3912; x_wconf 81' lang='lat' dir='ltr'><strong>est</strong></span> <span class='ocrx_word' id='word_1_650' title='bbox 3692 3857 3905 3915; x_wconf 79' lang='lat' dir='ltr'><strong>mode-</strong></span> 
     </span>
    </p>
   </div>
   <div class='ocr_carea' id='block_1_10' title="bbox 2341 3939 3901 4109">
    <p class='ocr_par' dir='ltr' id='par_1_12' title="bbox 2341 3939 3901 4109">
     <span class='ocr_line' id='line_1_90' title="bbox 2341 3939 3901 4022; baseline 0.009 -26"><span class='ocrx_word' id='word_1_651' title='bbox 2341 3939 2453 3998; x_wconf 88' lang='lat' dir='ltr'><strong>stia</strong></span> <span class='ocrx_word' id='word_1_652' title='bbox 2477 3941 2726 3998; x_wconf 86' lang='lat' dir='ltr'><strong>mentis:</strong></span> <span class='ocrx_word' id='word_1_653' title='bbox 2767 3945 2833 3999; x_wconf 84' lang='lat' dir='ltr'><strong>ut</strong></span> <span class='ocrx_word' id='word_1_654' title='bbox 2868 3959 2976 4017; x_wconf 90' lang='lat' dir='ltr'><strong>per</strong></span> <span class='ocrx_word' id='word_1_655' title='bbox 3017 3944 3279 4020; x_wconf 89' lang='lat' dir='ltr'><strong>primum</strong></span> <span class='ocrx_word' id='word_1_656' title='bbox 3307 3954 3716 4022; x_wconf 85' lang='lat' dir='ltr'><strong>componatur</strong></span> <span class='ocrx_word' id='word_1_657' title='bbox 3740 3956 3901 4010; x_wconf 81' lang='lat' dir='ltr'><strong>exte·</strong></span> 
     </span>
     <span class='ocr_line' id='line_1_91' title="bbox 2341 4033 3601 4109; baseline 0.009 -18"><span class='ocrx_word' id='word_1_658' title='bbox 2341 4033 2485 4106; x_wconf 88' lang='lat' dir='ltr'><strong>rius,</strong></span> <span class='ocrx_word' id='word_1_659' title='bbox 2514 4050 2622 4109; x_wconf 88' lang='lat' dir='ltr'><strong>per</strong></span> <span class='ocrx_word' id='word_1_660' title='bbox 2644 4037 2974 4097; x_wconf 90' lang='lat' dir='ltr'><strong>secundum</strong></span> <span class='ocrx_word' id='word_1_661' title='bbox 3003 4038 3311 4100; x_wconf 84' lang='lat' dir='ltr'><strong>ordinetur</strong></span> <span class='ocrx_word' id='word_1_662' title='bbox 3335 4041 3601 4102; x_wconf 86' lang='lat' dir='ltr'><strong>interius.</strong></span> 
     </span>
    </p>
   </div>
   <div class='ocr_carea' id='block_1_11' title="bbox 2415 4127 4059 4206">
    <p class='ocr_par' dir='ltr' id='par_1_13' title="bbox 2415 4127 4059 4206">
     <span class='ocr_line' id='line_1_92' title="bbox 2415 4127 4059 4206; baseline 0.01 -21"><span class='ocrx_word' id='word_1_663' title='bbox 2415 4127 2552 4187; x_wconf 87' lang='lat' dir='ltr'><strong>Dico</strong></span> <span class='ocrx_word' id='word_1_664' title='bbox 2583 4131 2751 4204; x_wconf 90' lang='lat' dir='ltr'><strong>quod</strong></span> <span class='ocrx_word' id='word_1_665' title='bbox 2782 4130 2967 4191; x_wconf 89' lang='lat' dir='ltr'><strong>homo</strong></span> <span class='ocrx_word' id='word_1_666' title='bbox 2996 4134 3192 4206; x_wconf 89' lang='lat' dir='ltr'><strong>primo</strong></span> <span class='ocrx_word' id='word_1_667' title='bbox 3211 4134 3523 4194; x_wconf 83' lang='lat' dir='ltr'><strong>ordinatur</strong></span> <span class='ocrx_word' id='word_1_668' title='bbox 3542 4137 3796 4199; x_wconf 79' lang='lat' dir='ltr'><strong>interius</strong></span> <span class='ocrx_word' id='word_1_669' title='bbox 3814 4141 3899 4199; x_wconf 86' lang='lat' dir='ltr'><strong>ad</strong></span> <span class='ocrx_word' id='word_1_670' title='bbox 3960 4141 4059 4187; x_wconf 53' lang='grc' dir='ltr'><strong>ΜΞ</strong></span> 
     </span>
    </p>
   </div>
   <div class='ocr_carea' id='block_1_12' title="bbox 2333 4207 4025 5241">
    <p class='ocr_par' dir='ltr' id='par_1_14' title="bbox 2333 4207 4025 5241">
     <span class='ocr_line' id='line_1_93' title="bbox 2339 4207 4025 4300; baseline 0.01 -22"><span class='ocrx_word' id='word_1_671' title='bbox 2339 4222 2622 4296; x_wconf 87' lang='lat' dir='ltr'><strong>seipsum,</strong></span> <span class='ocrx_word' id='word_1_672' title='bbox 2652 4241 2760 4300; x_wconf 89' lang='lat' dir='ltr'><strong>per</strong></span> <span class='ocrx_word' id='word_1_673' title='bbox 2786 4226 3141 4285; x_wconf 89' lang='lat' dir='ltr'><strong>modestiam</strong></span> <span class='ocrx_word' id='word_1_674' title='bbox 3166 4229 3400 4287; x_wconf 86' lang='lat' dir='ltr'><strong>mentis.</strong></span> <span class='ocrx_word' id='word_1_675' title='bbox 3427 4229 3518 4287; x_wconf 76' lang='lat' dir='ltr'><strong>Ad</strong></span> <span class='ocrx_word' id='word_1_676' title='bbox 3544 4232 3709 4292; x_wconf 84' lang='lat' dir='ltr'><strong>hane</strong></span> <span class='ocrx_word' id='word_1_677' title='bbox 3738 4235 3903 4293; x_wconf 84' lang='lat' dir='ltr'><strong>enim</strong></span> <span class='ocrx_word' id='word_1_678' title='bbox 3928 4207 4025 4249; x_wconf 53' lang='grc' dir='ltr'><strong>ω’</strong></span> 
     </span>
     <span class='ocr_line' id='line_1_94' title="bbox 2339 4314 3907 4395; baseline 0.01 -24"><span class='ocrx_word' id='word_1_679' title='bbox 2339 4314 2548 4375; x_wconf 87' lang='lat' dir='ltr'><strong>invitat</strong></span> <span class='ocrx_word' id='word_1_680' title='bbox 2574 4318 2878 4392; x_wconf 85' lang='lat' dir='ltr'><strong>Dominus,</strong></span> <span class='ocrx_word' id='word_1_681' title='bbox 2908 4320 3152 4394; x_wconf 87' lang='lat' dir='ltr'><strong>quando</strong></span> <span class='ocrx_word' id='word_1_682' title='bbox 3182 4321 3323 4381; x_wconf 88' lang='lat' dir='ltr'><strong>dicit</strong></span> <span class='ocrx_word' id='word_1_683' title='bbox 3340 4322 3397 4380; x_wconf 77' lang='grc'><strong>“.</strong></span> <span class='ocrx_word' id='word_1_684' title='bbox 3433 4345 3463 4378; x_wconf 78' lang='grc' dir='ltr'>ι</span> <span class='ocrx_word' id='word_1_685' title='bbox 3482 4325 3596 4395; x_wconf 86' lang='lat' dir='ltr'><strong>Qui</strong></span> <span class='ocrx_word' id='word_1_686' title='bbox 3622 4328 3777 4386; x_wconf 86' lang='lat' dir='ltr'><strong>mihi</strong></span> <span class='ocrx_word' id='word_1_687' title='bbox 3794 4330 3907 4386; x_wconf 85' lang='lat' dir='ltr'><strong>mi-</strong></span> 
     </span>
     <span class='ocr_line' id='line_1_95' title="bbox 2340 4409 3907 4488; baseline 0.01 -23"><span class='ocrx_word' id='word_1_688' title='bbox 2340 4409 2567 4482; x_wconf 88' lang='lat' dir='ltr'><strong>nistrat,</strong></span> <span class='ocrx_word' id='word_1_689' title='bbox 2596 4428 2692 4470; x_wconf 91' lang='lat' dir='ltr'><strong>me</strong></span> <span class='ocrx_word' id='word_1_690' title='bbox 2716 4417 3016 4487; x_wconf 84' lang='lat' dir='ltr'><strong>sequatur,</strong></span> <span class='ocrx_word' id='word_1_691' title='bbox 3037 4434 3066 4468; x_wconf 67' lang='grc' dir='ltr'>υ</span> <span class='ocrx_word' id='word_1_692' title='bbox 3086 4414 3151 4472; x_wconf 91' lang='lat' dir='ltr'><strong>id</strong></span> <span class='ocrx_word' id='word_1_693' title='bbox 3178 4420 3283 4488; x_wconf 85' lang='lat' dir='ltr'><strong>est,</strong></span> <span class='ocrx_word' id='word_1_694' title='bbox 3312 4432 3513 4475; x_wconf 90' lang='lat' dir='ltr'><strong>meam</strong></span> <span class='ocrx_word' id='word_1_695' title='bbox 3537 4420 3907 4480; x_wconf 58' lang='lat' dir='ltr'><strong>modestiam</strong></span> 
     </span>
     <span class='ocr_line' id='line_1_96' title="bbox 2338 4499 3907 4586; baseline 0.009 -26"><span class='ocrx_word' id='word_1_696' title='bbox 2338 4501 2614 4561; x_wconf 87' lang='lat' dir='ltr'><strong>imitetur.</strong></span> <span class='ocrx_word' id='word_1_697' title='bbox 2654 4499 2808 4564; x_wconf 85' lang='lat' dir='ltr'><strong>&#39;Nam</strong></span> <span class='ocrx_word' id='word_1_698' title='bbox 2851 4508 3134 4566; x_wconf 88' lang='lat' dir='ltr'><strong>Dominus</strong></span> <span class='ocrx_word' id='word_1_699' title='bbox 3180 4513 3337 4567; x_wconf 87' lang='lat' dir='ltr'><strong>totus</strong></span> <span class='ocrx_word' id='word_1_700' title='bbox 3377 4510 3487 4569; x_wconf 77' lang='lat' dir='ltr'><strong>tuit</strong></span> <span class='ocrx_word' id='word_1_701' title='bbox 3517 4521 3907 4586; x_wconf 82' lang='lat' dir='ltr'><strong>mansuetus,</strong></span> 
     </span>
     <span class='ocr_line' id='line_1_97' title="bbox 2338 4596 3905 4676; baseline 0.01 -22"><span class='ocrx_word' id='word_1_702' title='bbox 2338 4596 2463 4655; x_wconf 88' lang='lat' dir='ltr'><strong>sive</strong></span> <span class='ocrx_word' id='word_1_703' title='bbox 2509 4598 2854 4672; x_wconf 84' lang='lat' dir='ltr'><strong>modestus,</strong></span> <span class='ocrx_word' id='word_1_704' title='bbox 2898 4617 3211 4676; x_wconf 89' lang='lat' dir='ltr'><strong>nunquam</strong></span> <span class='ocrx_word' id='word_1_705' title='bbox 3247 4604 3537 4664; x_wconf 73' lang='lat' dir='ltr'><strong>turbatus·</strong></span> <span class='ocrx_word' id='word_1_706' title='bbox 3584 4609 3770 4668; x_wconf 78' lang='lat' dir='ltr'><strong>lsaias</strong></span> <span class='ocrx_word' id='word_1_707' title='bbox 3809 4610 3859 4644; x_wconf 76' lang='lat'><strong>¹·</strong></span> <span class='ocrx_word' id='word_1_708' title='bbox 3886 4630 3905 4668; x_wconf 91' lang='lat'><strong>:</strong></span> 
     </span>
     <span class='ocr_line' id='line_1_98' title="bbox 2343 4691 3907 4775; baseline 0.01 -28"><span class='ocrx_word' id='word_1_709' title='bbox 2343 4709 2373 4745; x_wconf 78' lang='grc' dir='ltr'><strong>α</strong></span> <span class='ocrx_word' id='word_1_710' title='bbox 2399 4694 2528 4749; x_wconf 87' lang='lat' dir='ltr'><strong>Non</strong></span> <span class='ocrx_word' id='word_1_711' title='bbox 2556 4691 2665 4749; x_wconf 86' lang='lat' dir='ltr'><strong>erit</strong></span> <span class='ocrx_word' id='word_1_712' title='bbox 2690 4692 2887 4766; x_wconf 86' lang='lat' dir='ltr'><strong>tristis,</strong></span> <span class='ocrx_word' id='word_1_713' title='bbox 2915 4710 3112 4769; x_wconf 85' lang='lat' dir='ltr'><strong>neque</strong></span> <span class='ocrx_word' id='word_1_714' title='bbox 3140 4696 3536 4757; x_wconf 86' lang='lat' dir='ltr'><strong>turbulentus.</strong></span> <span class='ocrx_word' id='word_1_715' title='bbox 3560 4721 3590 4754; x_wconf 71' lang='grc' dir='ltr'>ι</span> <span class='ocrx_word' id='word_1_716' title='bbox 3619 4703 3763 4775; x_wconf 77' lang='lat' dir='ltr'><strong>Ejus</strong></span> <span class='ocrx_word' id='word_1_717' title='bbox 3790 4719 3907 4762; x_wconf 86' lang='lat' dir='ltr'><strong>au·</strong></span> 
     </span>
     <span class='ocr_line' id='line_1_99' title="bbox 2337 4786 3907 4865; baseline 0.01 -24"><span class='ocrx_word' id='word_1_718' title='bbox 2337 4786 2460 4842; x_wconf 89' lang='lat' dir='ltr'><strong>tem</strong></span> <span class='ocrx_word' id='word_1_719' title='bbox 2485 4786 3006 4846; x_wconf 85' lang='lat' dir='ltr'><strong>mansuetudinem</strong></span> <span class='ocrx_word' id='word_1_720' title='bbox 3030 4789 3249 4863; x_wconf 87' lang='lat' dir='ltr'><strong>probat</strong></span> <span class='ocrx_word' id='word_1_721' title='bbox 3275 4792 3570 4865; x_wconf 84' lang='lat' dir='ltr'><strong>parabola</strong></span> <span class='ocrx_word' id='word_1_722' title='bbox 3607 4797 3765 4855; x_wconf 80' lang='lat' dir='ltr'><strong>servi</strong></span> <span class='ocrx_word' id='word_1_723' title='bbox 3794 4797 3907 4856; x_wconf 80' lang='lat' dir='ltr'><strong>de-</strong></span> 
     </span>
     <span class='ocr_line' id='line_1_100' title="bbox 2336 4877 3907 4959; baseline 0.01 -24"><span class='ocrx_word' id='word_1_724' title='bbox 2336 4877 2544 4936; x_wconf 89' lang='lat' dir='ltr'><strong>bitoris</strong></span> <span class='ocrx_word' id='word_1_725' title='bbox 2587 4879 2796 4937; x_wconf 88' lang='lat' dir='ltr'><strong>decem</strong></span> <span class='ocrx_word' id='word_1_726' title='bbox 2835 4881 3090 4940; x_wconf 88' lang='lat' dir='ltr'><strong>millium</strong></span> <span class='ocrx_word' id='word_1_727' title='bbox 3125 4882 3506 4959; x_wconf 88' lang='lat' dir='ltr'><strong>talentorum,</strong></span> <span class='ocrx_word' id='word_1_728' title='bbox 3552 4891 3616 4946; x_wconf 91' lang='lat' dir='ltr'><strong>et</strong></span> <span class='ocrx_word' id='word_1_729' title='bbox 3652 4888 3907 4949; x_wconf 70' lang='lat' dir='ltr'><strong>alter-im</strong></span> 
     </span>
     <span class='ocr_line' id='line_1_101' title="bbox 2337 4973 3906 5057; baseline 0.009 -28"><span class='ocrx_word' id='word_1_730' title='bbox 2337 4976 2573 5031; x_wconf 87' lang='lat' dir='ltr'><strong>centum</strong></span> <span class='ocrx_word' id='word_1_731' title='bbox 2612 4973 3027 5049; x_wconf 83' lang='lat' dir='ltr'><strong>denariorum3</strong></span> <span class='ocrx_word' id='word_1_732' title='bbox 3070 4976 3210 5035; x_wconf 89' lang='lat' dir='ltr'><strong>item</strong></span> <span class='ocrx_word' id='word_1_733' title='bbox 3251 4979 3470 5039; x_wconf 87' lang='lat' dir='ltr'><strong>mulier</strong></span> <span class='ocrx_word' id='word_1_734' title='bbox 3516 4981 3906 5057; x_wconf 74' lang='lat' dir='ltr'><strong>deprehensa</strong></span> 
     </span>
     <span class='ocr_line' id='line_1_102' title="bbox 2335 5065 3899 5153; baseline 0.009 -30"><span class='ocrx_word' id='word_1_735' title='bbox 2335 5065 2398 5123; x_wconf 90' lang='lat' dir='ltr'><strong>in</strong></span> <span class='ocrx_word' id='word_1_736' title='bbox 2427 5066 2719 5126; x_wconf 88' lang='lat' dir='ltr'><strong>adulterio</strong></span> <span class='ocrx_word' id='word_1_737' title='bbox 2731 5086 2750 5141; x_wconf 80' lang='lat'><em>3</em></span> <span class='ocrx_word' id='word_1_738' title='bbox 2796 5067 2936 5127; x_wconf 87' lang='lat' dir='ltr'><strong>item</strong></span> <span class='ocrx_word' id='word_1_739' title='bbox 2974 5070 3267 5144; x_wconf 87' lang='lat' dir='ltr'><strong>parabola</strong></span> <span class='ocrx_word' id='word_1_740' title='bbox 3306 5072 3384 5131; x_wconf 90' lang='lat' dir='ltr'><strong>de</strong></span> <span class='ocrx_word' id='word_1_741' title='bbox 3418 5072 3549 5133; x_wconf 89' lang='lat' dir='ltr'><strong>filio</strong></span> <span class='ocrx_word' id='word_1_742' title='bbox 3593 5077 3899 5153; x_wconf 81' lang='lat' dir='ltr'><strong>prodigo;</strong></span> 
     </span>
     <span class='ocr_line' id='line_1_103' title="bbox 2333 5160 3904 5241; baseline 0.008 -23"><span class='ocrx_word' id='word_1_743' title='bbox 2333 5160 2476 5219; x_wconf 86' lang='lat' dir='ltr'><strong>item</strong></span> <span class='ocrx_word' id='word_1_744' title='bbox 2502 5161 2844 5238; x_wconf 80' lang='lat' dir='ltr'><strong>exemplum</strong></span> <span class='ocrx_word' id='word_1_745' title='bbox 2882 5162 3268 5238; x_wconf 78' lang='lat' dir='ltr'><strong>Magdalenae,</strong></span> <span class='ocrx_word' id='word_1_746' title='bbox 3313 5182 3500 5241; x_wconf 80' lang='lat' dir='ltr'><strong>quam</strong></span> <span class='ocrx_word' id='word_1_747' title='bbox 3523 5184 3650 5228; x_wconf 90' lang='lat' dir='ltr'><strong>non</strong></span> <span class='ocrx_word' id='word_1_748' title='bbox 3691 5171 3904 5231; x_wconf 88' lang='lat' dir='ltr'><strong>solum</strong></span> 
     </span>
    </p>
   </div>
   <div class='ocr_carea' id='block_1_13' title="bbox 2337 5291 3899 5432">
    <p class='ocr_par' dir='ltr' id='par_1_15' title="bbox 2337 5291 3899 5432">
     <span class='ocr_line' id='line_1_104' title="bbox 2337 5291 3899 5363; baseline 0.007 -24"><span class='ocrx_word' id='word_1_749' title='bbox 2337 5302 2422 5339; x_wconf 90' lang='lat' dir='ltr'><strong>an.</strong></span> <span class='ocrx_word' id='word_1_750' title='bbox 2454 5292 2675 5341; x_wconf 75' lang='lat'><strong>1496.—</strong></span> <span class='ocrx_word' id='word_1_751' title='bbox 2700 5293 2721 5327; x_wconf 85' lang='lat'><strong>‘¹</strong></span> <span class='ocrx_word' id='word_1_752' title='bbox 2754 5292 2795 5341; x_wconf 83' lang='lat' dir='ltr'><strong>tl</strong></span> <span class='ocrx_word' id='word_1_753' title='bbox 2824 5291 2970 5352; x_wconf 67' lang='lat' dir='ltr'><strong>Tim„</strong></span> <span class='ocrx_word' id='word_1_754' title='bbox 3012 5302 3083 5355; x_wconf 79' lang='lat' dir='ltr'><strong>nr,</strong></span> <span class='ocrx_word' id='word_1_755' title='bbox 3111 5296 3159 5345; x_wconf 82' lang='grc'><strong>5.</strong></span> <span class='ocrx_word' id='word_1_756' title='bbox 3191 5320 3254 5333; x_wconf 90' lang='grc'>-</span> <span class='ocrx_word' id='word_1_757' title='bbox 3280 5295 3299 5326; x_wconf 84' lang='lat'>⁸</span> <span class='ocrx_word' id='word_1_758' title='bbox 3328 5296 3567 5361; x_wconf 62' lang='lat' dir='ltr'><strong>Hieron„</strong></span> <span class='ocrx_word' id='word_1_759' title='bbox 3598 5300 3651 5347; x_wconf 71' lang='lat' dir='ltr'><strong>in</strong></span> <span class='ocrx_word' id='word_1_760' title='bbox 3684 5302 3899 5363; x_wconf 56' lang='lat' dir='ltr'><strong>nme„</strong></span> 
     </span>
     <span class='ocr_line' id='line_1_105' title="bbox 2340 5365 3607 5432; baseline 0.006 -21"><span class='ocrx_word' id='word_1_761' title='bbox 2340 5373 2489 5412; x_wconf 74' lang='lat' dir='ltr'><strong>nun.</strong></span> <span class='ocrx_word' id='word_1_762' title='bbox 2524 5389 2574 5397; x_wconf 94' lang='lat'>-</span> <span class='ocrx_word' id='word_1_763' title='bbox 2612 5366 2631 5391; x_wconf 76' lang='lat'><strong>⁹</strong></span> <span class='ocrx_word' id='word_1_764' title='bbox 2657 5365 2821 5426; x_wconf 68' lang='lat' dir='ltr'><strong>loon„</strong></span> <span class='ocrx_word' id='word_1_765' title='bbox 2852 5374 2946 5424; x_wconf 83' lang='lat' dir='ltr'><strong>xn,</strong></span> <span class='ocrx_word' id='word_1_766' title='bbox 2977 5366 3058 5413; x_wconf 80' lang='lat'><strong>26.</strong></span> <span class='ocrx_word' id='word_1_767' title='bbox 3086 5390 3149 5404; x_wconf 90' lang='lat'>-</span> <span class='ocrx_word' id='word_1_768' title='bbox 3176 5367 3217 5400; x_wconf 85' lang='lat'><strong>¹·</strong></span> <span class='ocrx_word' id='word_1_769' title='bbox 3242 5366 3361 5427; x_wconf 73' lang='lat' dir='ltr'><strong>Im..</strong></span> <span class='ocrx_word' id='word_1_770' title='bbox 3392 5379 3527 5432; x_wconf 75' lang='lat' dir='ltr'><strong>xm,</strong></span> <span class='ocrx_word' id='word_1_771' title='bbox 3556 5374 3607 5421; x_wconf 71' lang='lat'><strong>⁴.</strong></span> 
     </span>
    </p>
   </div>
  </div>
 </body>
</html>
