4059 6317
681 529 762 594 28
1776 526 2191 595 SERMONES
2235 528 2334 596 DE
2375 527 2771 595 TEMPORE.

681 663 932 747 quina-¹
957 686 972 730 ε
1007 665 1196 734 Viam
1222 669 1438 735 autem
1462 664 1803 748 sapientiae
1824 665 2213 744 nescierunt,

683 792 817 839 non
858 774 1251 839 attendentes
1293 793 1486 841 suum
1531 773 1842 838 defectum
1887 790 2024 837 esse
2044 821 2062 852 ,
2106 772 2217 838 sed

682 880 916 946 divinae
954 881 1299 963 sapientiae.
1344 880 1556 946 Tertio
1606 879 1887 945 nescitur
1928 879 2216 943 Christus

683 991 937 1072 propter
972 988 1195 1052 odium
1245 988 1542 1052 fraternae
1586 986 2039 1052 aemulationis.
2093 988 2219 1061 Qui

683 1099 896 1161 autem
916 1101 939 1136 ⁸
964 1094 1105 1163 odit
1135 1096 1396 1175 tratrem
1420 1110 1646 1173 suum,
1677 1094 1754 1161 in
1782 1094 2060 1160 tenebris
2088 1110 2219 1160 am-

685 1203 902 1283 bulat,
949 1206 1008 1269 et
1050 1204 1260 1270 nescit
1301 1217 1423 1285 quo
1472 1201 1696 1280 vadit,
1751 1203 1910 1283 quia
1953 1201 2218 1268 tembroe

684 1313 1154 1381 obcoecaverunt
1177 1310 1384 1377 oculos
1411 1310 1570 1390 ejus.
1610 1308 1772 1387 Quia
1797 1309 2076 1392 populus
2103 1312 2138 1374 J
2143 1328 2222 1374 u-

684 1420 903 1486 daieus
924 1468 942 1500 ‚
974 1420 1129 1483 dum
1154 1417 1520 1501 loqueretur
1563 1416 1623 1481 ei
1650 1416 1940 1482 Christus
1983 1417 2217 1483 verita-

686 1534 817 1595 tem
842 1528 999 1594 vitae
1021 1527 1250 1608 gratis,
1280 1526 1702 1608 impugnabat
1749 1528 1815 1589 et
1839 1526 2084 1590 bonum
2109 1544 2217 1590 su·

688 1643 905 1721 pernae
932 1634 1159 1718 gratiae
1190 1656 1205 1698 ι
1236 1632 1378 1698 ideo
1425 1633 1720 1698 dicuntur
1757 1632 1936 1699 odire
1960 1633 2223 1699 fratrem

688 1762 880 1809 suum
924 1741 1241 1807 Christum
1261 1789 1284 1820 ,
1332 1742 1396 1805 et
1431 1739 1500 1803 10
1555 1739 1831 1804 tenebris
1874 1758 2048 1820 esse3
2092 1741 2224 1807 imo

688 1850 862 1935 quod
888 1851 1071 1933 pejus
1095 1850 1226 1927 est,
1264 1846 1556 1911 dicebant
1582 1846 1828 1911 bouum
1855 1847 2131 1926 malum,
2160 1852 2224 1913 et

690 1957 1006 2042 ponebant
1058 1955 1269 2020 lucem
1302 1954 1598 2019 tenebras
1627 2000 1648 2032 ,
1718 1953 1984 2020 dicendo
2028 1956 2227 2020 mira-

689 2066 904 2131 culosa
946 2081 1142 2146 opera
1186 2061 1452 2141 Christi,
1504 2061 1670 2125 facta
1719 2060 1787 2124 in
1827 2060 2033 2142 digito
2079 2060 2223 2142 Dei,

690 2171 831 2236 fieri
876 2171 943 2234 in
983 2168 1339 2235 Beelzebub
1399 2168 1685 2251 principe
1731 2168 2220 2233 daemoniorum.

693 2277 830 2342 lmo
856 2277 924 2342 in
953 2276 1230 2341 tenebris
1266 2274 1632 2354 ambulant,
1664 2280 1728 2338 et
1761 2274 2058 2339 nesciunt
2098 2292 2228 2357 quo

693 2385 972 2463 vadunt;
1003 2388 1067 2448 et
1094 2383 1214 2447 1100
1243 2383 1398 2465 quia
1419 2383 1703 2446 tenebrae
1731 2382 1993 2446 invidiae
2019 2383 2223 2446 01101-

691 2491 892 2556 sitatis
917 2491 1405 2555 obcaecaverunt
1447 2488 1664 2552 oculos
1701 2506 1924 2553 eorum
1946 2538 1963 2569 ‚
1995 2494 2071 2553 ut
2099 2508 2232 2554 non

691 2598 949 2663 videant
976 2597 1261 2661 videntes
1276 2644 1294 2676 ‚
1334 2598 1398 2660 et
1428 2594 1852 2676 intelligentes
1884 2613 2018 2661 non
2046 2596 2229 2660 intel-

691 2704 921 2788 ligant.

1227 2871 1515 2940 SERMO
1564 2872 1625 2939 Π
1654 2879 1697 2938 ⁸.

779 3025 945 3090 Deus
966 3023 1045 3091 ab
1070 3026 1305 3091 Austro
1331 3023 1534 3090 veniet
1563 3027 1609 3085 ⁸.
1639 3023 1876 3087 Auster
1902 3024 1999 3086 est
2026 3021 2231 3104 Spiri-

698 3138 803 3197 tus
825 3137 1078 3197 sanctus
1101 3132 1123 3169 ⁸
1160 3152 1175 3196 ε
1215 3131 1405 3210 Veni,
1452 3131 1702 3208 Auster,
1737 3130 1944 3213 perfla
1981 3130 2234 3197 hortum

696 3256 928 3307 meum.
957 3239 1056 3303 Ab
1081 3239 1314 3308 Austro
1341 3254 1498 3319 ergo
1527 3236 1812 3301 Christus
1835 3235 2010 3300 venit
2031 3283 2053 3314 ,
2082 3237 2235 3319 quia

699 3366 811 3430 per
850 3346 1156 3430 Spiritum
1190 3347 1484 3409 sanctum
1525 3344 1868 3426 conceptus
1916 3342 2077 3422 fuit,
2121 3344 2234 3425 qui

697 3455 957 3520 hortum
1023 3452 1311 3533 Virginis
1370 3450 1682 3534 perflavit.
1752 3449 2235 3515 Consideremus

693 3579 860 3642 ergo
901 3559 1155 3644 quando
1183 3605 1200 3637 ,
1251 3562 1317 3622 et
1358 3558 1564 3635 unde,
1609 3561 1674 3621 et
1718 3573 1883 3639 quo,
1937 3560 2000 3619 et
2037 3573 2235 3638 quare

698 3668 894 3734 venit.
926 3666 1011 3730 De
1054 3666 1262 3749 primo
1297 3663 1320 3699 ⁸
1353 3687 1369 3728 ε
1406 3665 1558 3730 Cum
1584 3664 1872 3746 quietum
1898 3661 2235 3728 silentium

703 3775 848 3857 (alia
890 3774 1133 3852 littera,
1183 3773 1339 3839 Cum
1378 3771 1661 3838 medium
1698 3769 2071 3851 silemium),
2113 3773 2232 3832 etc.

697 3883 1093 3949 continerent
1141 3880 1399 3956 omnia,
1458 3885 1519 3945 et
1564 3893 1699 3944 nox
1752 3879 1828 3944 in
1876 3892 1992 3944 suo
2047 3892 2238 3943 cursu

699 3987 982 4054 medium
1048 3990 1171 4053 iter
1230 3986 1479 4054 liaberet
1512 4033 1533 4065 ,
1592 3986 1987 4066 omnipotens
2036 3999 2237 4051 sermo

702 4104 873 4175 tuus,
900 4096 1163 4163 Domine
1181 4143 1202 4175 ,
1234 4094 1510 4161 exiliens
1530 4093 1610 4161 de
1636 4094 1785 4160 eoelo
1803 4141 1825 4173 ,
1858 4110 1901 4160 a
1923 4090 2237 4174 reqalibus

701 4202 982 4281 settim,
1012 4202 1215 4267 durus
1235 4201 1602 4273 debellator.
1631 4204 1707 4267 in
1736 4199 2009 4265 mediam
2039 4202 2239 4262 exter-

707 4309 890 4374 minii
937 4314 1172 4375 terram
1212 4309 1568 4391 prosilivit.
1616 4306 1905 4372 Primum
1943 4305 2239 4388 quietum

692 4415 1032 4480 ⁴silentium
1087 4415 1326 4480 factum
1383 4420 1477 4480 est
1545 4412 1677 4479 Noe
1729 4418 1871 4497 post
1920 4414 2236 4480 diluvium

707 4540 747 4586 a
788 4522 1073 4586 tumultu
1117 4527 1517 4604 peccatorum
1538 4569 1556 4598 ‚
1604 4521 2037 4604 peccatoribus
2083 4522 2235 4585 sub-

708 4629 971 4709 mersis;
1002 4628 1352 4694 seeundum
1370 4677 1393 4709 ‚
1423 4630 1505 4693 ab
1544 4628 1842 4709 Augusto
1884 4627 2128 4692 Caesare
2155 4674 2171 4704 ‚
2202 4646 2242 4692 a

707 4737 995 4802 tumultu
1060 4736 1373 4801 bellorum
1403 4783 1423 4815 ‚
1482 4734 1852 4800 nationibus
1904 4735 2180 4798 subactis
2218 4753 2237 4814 ;

706 4844 965 4908 tertium
984 4843 1105 4908 erit
1130 4843 1455 4908 interfecto
1469 4842 1881 4919 Antichristo,
1901 4860 1942 4905 a
1960 4841 2243 4907 tumultu

710 4950 1217 5032 persecutionum
1238 4996 1261 5029 ,
1303 4951 1624 5015 conversis
1667 4947 1927 5014 Judaeis.
1978 4946 2243 5024 Quando

710 5074 867 5141 ergo
894 5058 1181 5124 medium
1207 5056 1536 5123 silentium
1559 5104 1579 5137 ,
1608 5058 1673 5122 id
1700 5061 1793 5121 est
1820 5074 2041 5140 pacem
2067 5061 2244 5123 tene-

772 5220 790 5255 ¹
824 5220 965 5285 Bar„
992 5232 1075 5282 11¹,
1098 5223 1177 5272 23.
1198 5220 1300 5258 —2
1328 5221 1344 5270 1
1377 5219 1539 5278 loun..
1576 5231 1646 5280 11,
1680 5223 1754 5269 11.
1783 5244 1848 5257 -
1876 5218 1900 5254 ⁸
1922 5221 2070 5271 Hunc
2096 5224 2148 5270 01
2166 5235 2245 5273 se·

712 5295 947 5354 quentes,
976 5304 1037 5343 01
1066 5295 1117 5343 et
1135 5304 1210 5353 w,
1236 5292 1391 5342 habet
1413 5304 1616 5355 quoque
1644 5289 1765 5341 edit.
1794 5292 1953 5353 Paris,
1981 5306 2065 5343 011.
2101 5295 2242 5344 1521.

600 5419 619 5426 „
714 5388 768 5398 —
798 5361 822 5398 ὅ
846 5362 1052 5426 Hebae„
1083 5376 1164 5426 111,
1186 5367 1235 5413 3.
1264 5389 1325 5402 -
1354 5365 1373 5395 ⁸
1407 5362 1572 5420 Cant„
1604 5373 1674 5424 ιν,
1707 5364 1781 5412 16.
1802 5363 1898 5401 --*3
1922 5362 2066 5425 Sap„
2091 5376 2244 5427 nm,

714 5434 790 5484 14.
818 5459 882 5471 —
906 5434 924 5464 ⁷
953 5434 1086 5496 Luc„
1110 5446 1167 5495 n,
1198 5439 1218 5484 1
1248 5438 1432 5497 etseq.
1457 5459 1510 5469 -
1541 5434 1559 5464 ⁸
1584 5432 1729 5494 Gen„
1752 5444 1789 5497 1,
1817 5435 1865 5483 3.
1890 5457 1952 5469 -
1976 5433 1999 5467 ⁹
2024 5434 2146 5491 Isa„
2171 5446 2245 5497 11,

710 5506 759 5555 2.
784 5531 848 5544 -
876 5505 917 5541 ¹⁰
940 5506 1196 5570 loon-,m‚
1233 5508 1373 5557 19.-
1396 5506 1434 5541 ¹¹
1467 5504 1670 5567 Mutela„
1700 5516 1824 5566 xxv,
1851 5507 1898 5556 6.
1927 5529 1988 5541 —
2017 5504 2059 5539 ¹²
2082 5506 2243 5568 Joan„

2321 668 2466 730 rent
2495 663 2713 730 omnia
2755 663 2875 730 sub
2899 664 3195 746 Augusto
3232 663 3445 746 (siluit
3483 662 3657 728 enim
3685 665 3862 728 totus

2323 772 2604 837 mundus
2655 772 2721 835 in
2777 773 3120 853 conspectu
3172 771 3351 852 ejus)
3380 817 3398 847 ‚
3465 773 3620 834 tunc
3680 770 3866 834 venit

2320 878 2623 963 Princeps
2639 878 2840 962 plicia,
2865 883 2928 943 et
2945 896 3073 960 pax
3091 878 3171 942 ab
3189 878 3440 960 angelis
3455 877 3788 943 nuntiatur
3805 884 3856 940 ².

2324 986 2626 1069 Sequitur
2657 1008 2672 1047 z
2703 987 2790 1054 Et
2815 1001 2953 1053 nox
2981 987 3059 1051 in
3082 1001 3198 1053 suo
3225 1001 3437 1065 cursu,
3467 989 3586 1050 010.
3617 985 3714 1049 Ad
3744 984 3858 1049 lit-

2322 1098 2527 1157 teram
2544 1143 2562 1173 ,
2591 1098 2773 1158 nocte
2797 1093 2922 1158 diei
2950 1092 3283 1158 dominicae
3310 1111 3482 1157 anno
3505 1092 3694 1174 regni
3729 1093 3868 1156 Au·

2325 1201 2500 1281 gusti
2536 1201 2796 1265 Caesaris
2838 1200 3327 1282 quadragesimo
3369 1199 3645 1264 secundo
3665 1248 3684 1278 ‚
3724 1199 3864 1263 He-

2325 1308 2497 1373 rodis
2520 1326 2675 1374 vero
2699 1310 2888 1374 tertio
2907 1354 2927 1386 ‚
2973 1308 3054 1372 ab
3095 1307 3298 1373 Adam
3337 1312 3553 1376 autem
3579 1307 3872 1390 quinque

2329 1414 2525 1479 millia
2559 1419 2816 1480 centum
2858 1414 3217 1496 nonaginta
3260 1415 3506 1478 fluxere
3541 1414 3690 1477 anni
3709 1462 3732 1492 ,
3777 1415 3865 1492 (α)

2327 1544 2404 1590 00
2422 1526 2535 1592 die
2561 1545 2693 1610 qua
2720 1526 2881 1590 dixit
2905 1525 3071 1591 Deus
3089 1532 3112 1567 ⁸
3139 1545 3155 1589 :
3179 1526 3327 1592 Fiat
3346 1526 3487 1592 lucc.
3505 1530 3528 1566 ⁹
3555 1526 3701 1591 Lux
3721 1533 3876 1593 orta

2328 1639 2419 1701 est
2445 1633 2647 1698 nobis.
2690 1633 2848 1711 Quis
2886 1619 3175 1715 unquam
3219 1633 3380 1698 vidit
3409 1633 3606 1697 solem
3650 1635 3871 1700 media

2328 1744 2511 1805 nocte
2534 1740 2728 1806 oriri?
2758 1739 2836 1805 Et
2860 1757 3004 1805 0000
3030 1739 3237 1805 medio
3273 1740 3473 1804 noctis
3516 1758 3757 1820 cursu,
3797 1742 3874 1807 id

2330 1853 2427 1915 est
2493 1850 2564 1913 111
2629 1849 2943 1932 profundo
3013 1848 3397 1930 ignorantiae
3462 1852 3876 1930 peccatorum

2331 1957 2575 2022 mundo
2594 1955 3024 2032 obtenebrato,
3039 1954 3083 1989 ¹⁰
3101 1954 3220 2020 lua·
3233 1955 3409 2021 venit
3423 1955 3498 2021 in
3516 1954 3838 2021 mundum
3848 1975 3880 2038 ;

2333 2071 2395 2132 et
2416 2063 2781 2131 dilexerunt
2804 2063 3091 2131 homines
3127 2063 3334 2145 maqis
3362 2062 3647 2130 latebras
3670 2080 3879 2146 quam

2332 2171 2550 2237 lucem.
2584 2168 2731 2234 Ideo
2758 2169 2952 2235 etiam
2998 2169 3207 2235 media
3243 2175 3426 2235 noete
3451 2170 3528 2234 ad
3551 2170 3878 2252 judicium

2332 2277 2603 2343 veniet¹¹
2628 2297 2644 2340 z
2674 2276 2892 2342 Media
2906 2283 3082 2344 nocte
3110 2275 3347 2343 clamor
3365 2278 3577 2356 factus
3601 2282 3721 2358 est,
3745 2282 3877 2342 etc.

2416 2383 2505 2449 De
2546 2384 2822 2449 secundo
2865 2385 2910 2420 ¹²
2950 2407 2966 2448 ε
3016 2383 3158 2451 Scio
3206 2384 3377 2451 unde
3411 2387 3588 2462 veni,
3633 2389 3695 2451 et
3746 2401 3880 2467 quo

2334 2491 2525 2571 vade,
2546 2495 2667 2555 etc.
2689 2489 2737 2554 Ο
2757 2489 3018 2556 Domine
3044 2491 3233 2568 Deus,
3261 2490 3546 2556 mirabile
3571 2495 3667 2556 est
3689 2492 3882 2573 cogi-

2337 2602 2472 2663 tare
2486 2598 2658 2664 unde
2667 2597 3004 2663 caroVerbi
3017 2598 3220 2664 venit:
3232 2617 3272 2663 0
3281 2598 3603 2680 regalibus
3613 2599 3886 2664 sedibus

2335 2706 2534 2782 venit,
2551 2705 2617 2770 id
2630 2708 2725 2769 est
2735 2722 2851 2788 per
2861 2703 3197 2788 Virginem
3215 2704 3292 2770 de
3307 2705 3509 2787 regali
3519 2705 3716 2789 stirpe
3727 2707 3886 2772 des-

2329 2803 2728 2891 cendentem,
2762 2817 2835 2877 ut
2860 2817 3030 2896 patet
3063 2813 3129 2877 in
3150 2811 3313 2877 libro
3343 2814 3775 2895 generationis
3803 2815 3879 2879 ¹⁸.

2337 2918 2497 2985 ltem
2512 2920 2884 3000 1011011111οε,
2901 2921 3073 2986 unde
3094 2920 3326 2985 Christi
3345 2920 3561 2984 anima
3581 2924 3839 2986 venerit
3861 2944 3878 2986 ε

2339 3028 2494 3110 quia
2520 3045 2651 3091 non
2678 3028 2886 3092 solum
2915 3028 2995 3093 de
3018 3027 3220 3093 nihilo
3246 3033 3489 3106 creata,
3535 3029 3700 3093 sicut
3730 3028 3883 3094 aliae

2339 3136 2592 3214 animae,
2622 3134 2732 3199 sed
2757 3135 2838 3199 ab
2865 3135 3003 3218 ipsa
3029 3135 3343 3200 creatione
3367 3135 3604 3218 repleta
3631 3135 3885 3218 Spiritu

2339 3245 2553 3305 sancto
2570 3240 2707 3304 sine
2727 3258 3030 3306 mensura
3051 3263 3067 3305 t
3097 3244 3262 3307 Deus
3283 3240 3361 3307 ab
3375 3244 3610 3308 Austro
3637 3244 3879 3323 veniet,

2341 3348 2407 3413 id
2433 3352 2528 3412 est
2551 3346 2829 3432 Spiritus
2863 3348 2967 3431 (b),
2996 3366 3123 3430 quo
3144 3349 3216 3431 (0)
3241 3351 3581 3430 conceptus
3608 3346 3887 3429 replebi-

2340 3457 2471 3519 tur.
2502 3454 2656 3532 Quis
2679 3472 2835 3520 vero
2857 3453 2942 3538 (d)
2974 3454 3243 3519 miretur
3271 3454 3350 3519 de
3376 3454 3593 3518 anima
3617 3453 3882 3532 Christi,

2341 3579 2492 3627 cum
2537 3562 2886 3626 mirabilior
2920 3562 3002 3624 sit
3041 3579 3234 3644 quam
3277 3561 3507 3626 creatio
3543 3561 3891 3643 cujuslibet

2342 3668 2604 3732 alterius
2627 3668 2860 3733 animae
2877 3670 2909 3731 ?
2937 3667 3112 3732 Unde
3141 3667 3491 3732 Richardus
3516 3668 3562 3704 ²⁸
3591 3689 3608 3732 t
3642 3691 3672 3729 α
3698 3666 3884 3733 Nun-

2344 3793 2543 3859 quam
2585 3779 2835 3838 tantum
2876 3775 2942 3837 in
2977 3775 3150 3839 omni
3179 3791 3368 3856 opere
3418 3773 3529 3839 Dei
3572 3792 3770 3857 quam
3817 3775 3888 3838 in

2345 3882 2577 3946 animae
2606 3881 2836 3944 Christi
2876 3881 3188 3945 creatione
3229 3886 3489 3963 apparet
3523 3879 3632 3946 Dei
3655 3885 3888 3964 poten-

2342 3990 2434 4052 tia
2464 3987 2820 4064 sublimior,
2867 3992 2979 4051 aut
3019 3987 3324 4069 sapientia
3366 3987 3733 4067 mirabilior,
3768 3995 3891 4054 aut

2347 4095 2776 4160 misericordia
2808 4095 3180 4178 jucundior.
3214 4115 3247 4154 n
3287 4093 3445 4158 Item
3485 4094 3883 4159 mirabilissi-

2346 4219 2531 4267 mum
2548 4250 2569 4281 ,
2619 4202 2791 4266 unde
2817 4202 3032 4266 veniat
3066 4201 3276 4282 ipsum
3307 4198 3588 4264 Verbum
3617 4200 3665 4241 ⁸⁸
3693 4222 3709 4264 :
3748 4201 3892 4282 Qui

2347 4311 2426 4377 de
2449 4309 2599 4377 coelo
2621 4310 2799 4376 venit
2819 4357 2838 4388 ‚
2867 4323 3058 4390 super
3079 4322 3290 4375 omnes
3319 4312 3433 4384 est,
3465 4310 3584 4370 010.
3613 4305 3699 4371 De
3721 4307 3890 4373 eoelo

2349 4419 2709 4497 Trinitatis3
2760 4418 2840 4482 de
2866 4417 3025 4482 coelo
3066 4419 3326 4480 aeternae
3367 4413 3715 4479 altitudinis
3735 4462 3754 4494 ‚
3806 4416 3890 4480 de

2349 4545 2478 4610 quo
2507 4527 2552 4563 ¹⁸
2583 4545 2599 4590 ε
2634 4529 2719 4590 In
2744 4523 2968 4591 coelum
2995 4522 3338 4590 ascendam
3370 4522 3462 4604 (0),
3488 4525 3607 4587 etc.
3640 4520 3726 4585 De
3751 4522 3893 4604 pri-

2351 4652 2458 4699 mo
2497 4651 2656 4716 ergo
2683 4631 2839 4697 coelo
2869 4634 3088 4695 contra
3116 4630 3477 4696 Luciferum
3520 4628 3845 4693 descendit
3863 4675 3884 4706 ,

2350 4741 2430 4806 ad
2457 4741 2628 4825 quod
2663 4738 2911 4804 Lucifer
2940 4737 3275 4803 ascendere
3302 4736 3549 4802 voluit:
3581 4736 3733 4819 quia
3775 4753 3888 4801 su·

2350 4866 2464 4931 per
2489 4864 2714 4912 omnes
2739 4845 3031 4927 angelos,
3052 4850 3116 4910 et
3127 4844 3420 4909 homines
3446 4848 3510 4909 et
3533 4844 3887 4922 daemones,

2353 4957 2580 5020 merito
2626 4954 2746 5037 ipsi
2771 4970 2962 5018 omne
3000 4969 3176 5033 genu
3212 4955 3521 5016 curvatur
3546 4950 3590 4986 ¹⁷
3621 4971 3638 5014 ε
3669 4950 3747 5016 In
3773 4966 3892 5017 no·

2353 5063 2524 5128 mine
2549 5061 2725 5140 Iesu,
2757 5063 2877 5125 010.

2357 5212 2478 5262 vm,
2504 5203 2584 5251 14.
2615 5223 2677 5236 —
2703 5199 2745 5235 ¹⁸
2771 5198 2976 5256 unuh„
3015 5209 3059 5261 1,
3104 5199 3123 5246 l
3174 5197 3228 5247 et
3267 5209 3376 5260 seq.
3404 5222 3468 5234 —
3507 5196 3546 5233 ¹⁸
3583 5194 3821 5250 Richard.
3853 5210 3890 5248 0

2357 5274 2411 5324 S.
2442 5273 2573 5323 vict.
2607 5297 2670 5309 —
2702 5271 2737 5307 ⁸⁸
2779 5270 2941 5332 loon„
2990 5280 3088 5329 111,
3126 5269 3205 5318 3¹.
3242 5293 3305 5308 -
3331 5268 3372 5303 ¹⁸
3407 5268 3530 5330 Isa„
3558 5279 3666 5332 xiv,
3715 5271 3791 5320 13.
3825 5294 3889 5306 -

2361 5343 2398 5376 ¹⁷
2426 5343 2632 5408 Philip„
2664 5355 2720 5405 11,
2748 5346 2824 5392 10.

2423 5433 2485 5496 (α)
2517 5431 2692 5497 Suppl.
2724 5431 2808 5482 ab.
2841 5457 2895 5467 —
2938 5429 3004 5494 (b)
3037 5428 3149 5493 leq.
3179 5426 3388 5492 Spiritu.
3418 5453 3480 5465 —
3512 5428 3572 5493 (c)
3605 5428 3744 5480 Edit.
3781 5425 3886 5481 Vol.

2360 5518 2479 5569 qua.
2509 5530 2568 5542 -·
2599 5503 2677 5569 (d)
2706 5500 2882 5568 Suppl.
2911 5515 3037 5553 non.
3069 5526 3130 5539 —
3158 5499 3221 5565 (e)
3253 5499 3402 5565 Vulg.
3431 5501 3765 5554 conscendam.
