4059 6317
483 3322 545 3364 0·
567 3320 644 3362 bo-

471 3383 608 3426 minis

430 3457 510 3550 ἵζ’
540 3456 640 3551 ,ψ’
671 3483 805 3541 teris
826 3481 1208 3553 animalibus,
1240 3487 1349 3539 etc.
1379 3485 1447 3540 Et
1473 3480 1622 3539 sicut
1662 3480 1762 3538 ille
1804 3479 1972 3540 dives
2004 3482 2209 3557 epulo,

681 443 804 507 622

680 575 970 635 bilitatem
991 571 1306 649 patientias.
1337 571 1448 646 lpsi
1484 572 1644 630 enim
1683 578 1969 649 tanquam
1995 574 2224 633 robusti

682 668 923 739 milites,
963 668 1361 727 sustinuerunt
1401 665 1811 729 tribulationes
1855 673 1915 726 et
1949 685 2224 743 persecu·

680 764 873 821 tiones
902 780 919 819 z
947 777 1085 819 oum
1113 764 1307 819 essent
1332 758 1511 818 fortes
1539 765 1594 819 et
1621 761 1775 819 bene
1803 763 2013 820 armati
2044 762 2225 820 armis

680 855 843 927 fidei,
873 871 1010 914 vere
1038 855 1304 913 vicerunt
1318 870 1526 927 regna,
1551 853 1951 929 acquisierunt
1975 856 2226 914 beatitu-

681 951 904 1025 dinem,
934 954 1294 1027 aperuerunt
1319 949 1568 1009 coelum:
1595 971 1624 1004 ι
1645 964 1897 1023 regnum
1916 949 2076 1008 enim
2103 966 2223 1007 coe-

678 1045 877 1103 lorum
905 1044 1029 1102 vim
1057 1045 1295 1118 patitur,
1317 1065 1346 1099 n
1369 1044 1518 1102 sicut
1547 1043 1763 1102 dicitur
1788 1046 1832 1117 ¹,
1858 1048 1916 1102 et
1932 1066 1960 1094 ι
1977 1043 2227 1101 violenti

677 1138 917 1214 rapiunt
957 1138 1130 1197 illud.
1176 1158 1205 1193 n
1247 1142 1556 1197 Armatur-a
1591 1152 1801 1196 eorum
1853 1153 1978 1196 non
2021 1137 2226 1209 hasta,

677 1249 800 1291 non
848 1231 1084 1305 gladius
1095 1274 1114 1303 ‚
1142 1248 1265 1290 non
1305 1231 1550 1306 clypeus
1559 1250 1578 1303 ;
1618 1231 1724 1289 sed
1760 1229 1892 1288 sola
1916 1230 2224 1305 patientia,

677 1326 940 1383 maxima
963 1327 1268 1397 virtutum,
1300 1330 1549 1399 pugnat,
1576 1326 1720 1399 quia
1755 1324 1997 1382 inermis
2031 1340 2225 1383 arma-

679 1424 770 1479 tos
793 1419 943 1478 solet
967 1435 1120 1494 saepe
1148 1418 1387 1477 vincere
1427 1418 1607 1475 viros.
1648 1417 1845 1489 Unde,
1890 1416 2041 1475 sicut
2081 1416 2226 1475 dici-

678 1517 773 1571 tur
809 1511 832 1546 ²
874 1531 890 1569 ε
935 1533 964 1566 ι
1002 1512 1302 1585 Confregit
1343 1510 1671 1587 potentias,
1707 1526 1937 1581 mcum,
1965 1514 2222 1582 scutum,

678 1606 972 1682 gladium,
1018 1612 1075 1665 et
1100 1606 1347 1664 bellum.
1375 1628 1403 1658 n
1439 1608 1755 1679 Propterea
1781 1621 2017 1680 semper
2041 1604 2224 1663 habet

675 1701 984 1759 victoriam
1030 1703 1090 1758 et
1132 1716 1437 1758 coronam.
1464 1699 1488 1736 ⁸
1521 1718 1549 1754 α
1585 1702 1792 1758 Beatus
1818 1699 1910 1757 vir
1949 1699 2054 1774 qui
2101 1698 2223 1757 sut*-

675 1795 788 1853 fert
816 1793 1220 1864 tentationem,
1254 1812 1282 1846 s
1310 1797 1443 1865 etc.,
1473 1793 1615 1867 quia
1652 1808 1831 1851 nemo
1875 1795 2222 1852 Sanctorum

674 1888 801 1946 sine
826 1887 1106 1962 patientia
1136 1891 1452 1946 coronatus
1479 1889 1585 1945 est.
1624 1886 1763 1945 Ideo
1798 1886 2055 1945 lacobus
2087 1902 2220 1944 mo·

675 1988 776 2041 net
803 1981 825 2015 ⁸
854 2001 868 2040 :
907 2001 936 2037 α
961 1981 1244 2040 patientes
1270 1983 1474 2051 estote,
1501 2002 1530 2033 t»
1566 1984 1673 2038 etc.
1705 1979 1853 2050 Quia
1878 1980 1901 2016 ⁸
1933 1998 1948 2038 :
1986 1999 2015 2032 ι
2042 1980 2221 2050 Beati,

674 2076 777 2150 qui
798 2074 1264 2150 persecutionem
1279 2072 1582 2148 patiuntur
1597 2075 1840 2148 propter
1851 2073 2158 2146 justitiam,
2185 2093 2216 2129 s

675 2173 784 2227 etc.
801 2169 937 2241 Sed,
958 2169 1075 2227 beu
1093 2171 1107 2225 l
1126 2167 1305 2226 bodie
1322 2172 1457 2226 sunt
1473 2167 1643 2225 multi
1656 2167 1807 2225 sicut
1822 2167 2104 2225 columna
2116 2184 2220 2241 pu-

671 2262 846 2335 trida,
868 2278 1000 2337 quas
1021 2263 1135 2320 cito
1165 2261 1473 2334 frangitur,
1502 2266 1559 2319 et
1583 2261 1664 2320 ad
1688 2261 1897 2320 flatum
1917 2261 2075 2319 venti
2099 2261 2219 2320 cito

673 2355 849 2414 cadit.
884 2360 1070 2415 Homo
1093 2356 1408 2430 impatiens
1448 2359 1533 2414 est
1542 2399 1562 2428 ,
1591 2356 1738 2413 sicut
1769 2354 1954 2411 homo
1981 2353 2217 2428 nudus,

673 2464 853 2527 quem
881 2449 1051 2522 virga
1084 2449 1370 2507 vulnerat.
1403 2451 1657 2521 Fran-est,
1703 2451 1926 2506 armate
1962 2463 2073 2506 vos
2108 2463 2217 2521 pa-

674 2543 891 2614 tientia,
919 2543 1063 2617 quia
1087 2548 1318 2618 tempus
1348 2548 1435 2601 est
1466 2542 1633 2615 belli,
1655 2543 1802 2601 dum
1828 2542 2123 2600 vivimus:
2152 2541 2217 2600 in

672 2652 865 2710 agone
892 2637 1221 2695 certaminis
1243 2637 1420 2712 positi
1439 2653 1643 2695 sumus
1662 2637 1707 2708 ⁶,
1736 2637 1881 2711 quia
1902 2638 1925 2673 ⁷
1960 2656 1989 2689 ι
2007 2635 2217 2697 militia

670 2734 758 2787 est
781 2730 903 2789 vita
935 2731 1193 2789 hominis
1220 2747 1398 2804 super
1428 2736 1664 2789 terram.
1712 2750 1742 2785 s
1776 2730 1886 2800 Qui
1914 2746 2060 2804 ergo
2087 2731 2219 2789 vult

669 2823 926 2896 vincere,
954 2823 1198 2882 firmiter
1233 2828 1431 2883 teneat
1455 2840 1622 2882 arma
1640 2824 1953 2899 patientiae.

740 2924 982 2991 Octavo,
1027 2918 1344 2978 beatificati
1391 2924 1528 2977 sunt
1569 2918 1935 2979 confessores
1972 2922 2216 2994 propter

667 3015 1045 3073 sobrietatem
1073 3012 1439 3071 abstinentias
1470 3029 1484 3070 :
1513 3013 1661 3071 cibis
1689 3013 1849 3070 enim
1871 3028 1995 3072 non
2031 3031 2212 3072 vaca-

668 3109 843 3180 bant,
884 3108 1033 3166 siout
1071 3107 1248 3165 bruta
1299 3106 1581 3164 animalia
1606 3148 1625 3177 ,
1682 3108 2214 3166 comessationibus

670 3207 726 3261 et
755 3201 1136 3260 ebrietatibus
1148 3219 1164 3270 ;
1203 3198 1311 3257 sed
1347 3215 1523 3273 parce
1556 3199 1857 3271 vivebant,
1887 3199 1950 3257 in
1970 3200 2214 3274 jejuniis

667 3296 887 3367 multis,
913 3300 972 3355 et
995 3295 1366 3354 abstinentia.
1395 3297 1611 3352 Natura
1640 3292 1799 3350 enim
1823 3293 1999 3353 docet
2034 3294 2214 3352 absti-

666 3390 949 3459 nentiam,
981 3405 1112 3463 quse
1135 3388 1364 3446 homini
1393 3387 1557 3446 dedit
1583 3403 1650 3445 os
1676 3403 1932 3462 parvum
1957 3404 2082 3463 prae
2106 3405 2215 3448 coe-

671 3580 912 3651 propter
939 3575 1030 3633 sui
1057 3575 1460 3647 voracitatem,
1485 3574 1791 3632 descendit
1818 3574 1898 3632 ad
1931 3580 2213 3633 aeternam

669 3670 911 3740 famem,
939 3669 1021 3726 sic
1047 3670 1230 3728 sancti
1261 3684 1368 3742 per
1402 3667 1780 3727 sobrietatem
1818 3669 2216 3727 ascenderunt

672 3765 750 3822 ad
765 3763 968 3837 gloriae
990 3761 1437 3821 beatitudinem.
1457 3762 1697 3820 Levium
1721 3762 1880 3820 enim
1902 3762 2213 3836 proprium

665 3863 754 3915 est
781 3857 1119 3928 ascendere,
1150 3862 1207 3916 et
1233 3872 1266 3914 e
1308 3871 1595 3914 converso
1632 3855 1924 3928 gravium.
1961 3861 2212 3931 Aposto-

662 3951 757 4010 lus
798 3952 821 3987 ⁸
862 3970 877 4009 ε
927 3970 957 4006 α
1007 3951 1232 4022 Sobrie,
1273 3950 1449 4024 Juste,
1494 3953 1552 4008 et
1590 3946 1689 4024 pie
1715 3947 2060 4022 vivamuS,»
2096 3955 2208 4010 etc.

662 4048 686 4083 ⁹
719 4067 746 4100 α
771 4045 947 4116 Beati,
977 4045 1081 4118 qui
1106 4059 1266 4102 nunc
1292 4042 1542 4115 esuritis,
1570 4063 1597 4097 n
1627 4045 1736 4101 etc.

732 4144 899 4199 Nono
914 4182 933 4210 ‚
960 4137 1274 4197 beatificati
1310 4142 1446 4194 sunt
1478 4136 1738 4209 virgines
1767 4140 2009 4211 propter
2044 4138 2210 4213 puri·

664 4236 840 4291 tatem
868 4231 1243 4290 castimoniae.
1277 4230 1406 4288 Vita
1431 4229 1592 4287 enim
1618 4229 1920 4302 virginum
1947 4234 2005 4288 et
2021 4231 2210 4289 conti-

663 4325 931 4385 nentium
973 4341 1140 4400 spem
1184 4323 1367 4382 habet
1401 4322 1716 4397 specialem
1759 4323 2209 4383 beatificationis

660 4420 725 4478 in
751 4425 926 4492 terra,
955 4419 1098 4493 quia
1124 4417 1335 4477 caelicoe
1366 4418 1500 4475 vitae
1528 4417 1925 4476 assimilantur
1949 4420 2029 4477 ¹⁰:
2065 4438 2094 4474 α
2122 4419 2206 4478 Si·

665 4513 806 4571 mile
833 4518 920 4572 est
941 4528 1193 4587 regnum
1222 4511 1507 4571 coelorum
1546 4511 1751 4570 decem
1785 4512 2140 4586 virginibus,
2170 4533 2200 4570 s

663 4611 771 4669 etc.
795 4606 958 4666 Unde
982 4614 1018 4648 '¹
1052 4625 1066 4664 :
1099 4626 1127 4661 α
1164 4605 1322 4664 Beati
1356 4606 1717 4664 immaculati
1744 4605 1806 4663 in
1845 4606 1963 4675 via,
2006 4626 2036 4662 n
2071 4612 2208 4679 etc„

662 4700 729 4760 id
776 4704 881 4773 est,
919 4699 981 4757 in
1018 4698 1292 4775 praesenti
1336 4698 1478 4770 vita,
1517 4714 1652 4773 quoe
1685 4698 1818 4756 aliis
1859 4703 1948 4759 est
1985 4700 2086 4758 via
2124 4701 2205 4759 ad

662 4794 901 4864 coelum,
930 4793 1059 4851 aliis
1085 4792 1165 4851 ad
1191 4790 1557 4867 patibulum,
1603 4792 1735 4851 aliis
1760 4791 1841 4850 ad
1880 4794 2201 4868 miseriam,

660 4888 791 4946 aliis
815 4886 895 4946 ad
923 4886 1197 4960 gloriam.
1227 4885 1391 4944 Unde
1429 4887 1493 4944 in
1532 4886 1733 4945 medio
1768 4887 1948 4962 positi
1973 4904 2200 4965 sumus,

659 4986 725 5041 ut
761 4980 1126 5041 immaculati
1164 4979 1460 5054 possimus
1500 4981 1818 5040 ascendere
1858 4981 1939 5040 ad
1965 4982 2202 5059 ooelum,

723 5155 737 5184 ¹
770 5149 974 5214 nauh„
1006 5162 1081 5213 xx,
1114 5153 1188 5201 12.
1212 5178 1272 5189 -
1300 5153 1323 5187 ¹
1350 5150 1484 5202 Psal.
1513 5163 1669 5216 mxxv,
1697 5154 1744 5203 4.
1767 5176 1832 5191 ——
1857 5152 1880 5189 ⁸
1906 5154 2093 5219 Jac.,1,
2123 5157 2197 5205 12.

664 5250 720 5262 -
755 5224 777 5259 ⁸
805 5223 955 5287 thid„
991 5234 1042 5286 v,
1074 5224 1121 5272 7.
1156 5249 1220 5260 —
1258 5225 1277 5255 ⁸
1312 5223 1516 5287 Mami„
1545 5236 1595 5288 v,
1626 5227 1705 5275 10.
1732 5250 1796 5262 —
1822 5226 1845 5261 ⁸
1877 5226 2107 5291 Hieron„
2145 5229 2199 5277 in

669 5295 846 5357 sceti„
876 5307 929 5344 v.
956 5319 1017 5333 -
1050 5294 1067 5325 ²
1095 5293 1328 5356 lob,v11‚
1359 5298 1404 5344 1.
1434 5320 1495 5333 --
1523 5296 1541 5326 ·
1571 5295 1787 5359 Tit.,11‚
1817 5298 1893 5347 ¹2.
1929 5323 1983 5333 —
2012 5298 2033 5328 ⁹
2063 5297 2198 5360 Luc„

664 5380 745 5434 vt,
777 5371 855 5419 2¹.
886 5391 948 5402 -
983 5365 1019 5401 '⁰
1042 5362 1246 5430 Matilo„
1269 5377 1393 5430 xxv,
1423 5372 1468 5417 1.
1502 5392 1565 5405 --
1591 5369 1627 5403 ¹·
1657 5367 1795 5418 Psal.
1834 5379 1995 5420 cxvm
2018 5404 2033 5430 ,
2062 5371 2108 5419 1.
2140 5395 2194 5407 -

1718 438 2135 506 SERMONES
2152 517 2159 525 ⁸
2176 439 2277 506 DE
2310 439 2665 506 SANCTlS.
2710 439 2836 505 LII.

2330 578 2390 634 et
2413 575 2601 649 iniqui
2629 574 3017 649 projiciantur
3051 575 3134 634 ad
3157 574 3375 634 inferni
3417 575 3867 650 sterquilinium.

2330 672 2397 727 Et
2432 674 2588 727 certe
2629 668 2830 727 anima
2876 670 3098 728 nobilis
3129 669 3309 728 debet
3346 669 3671 728 abhorrere
3710 670 3871 729 istam

2332 761 2665 833 maculam,
2714 778 2792 821 ne
2838 763 2903 820 in
2946 764 3047 821 via
3079 763 3427 838 polluantur
3470 762 3660 838 mdes
3700 764 3866 822 affec-

2329 856 2529 927 tionis,
2549 855 2724 914 vestis
2750 857 3044 932 corporis:
3070 861 3130 915 et
3152 857 3412 916 maxime
3442 857 3652 917 Clerici
3680 862 3737 915 et
3760 861 3859 916 Be·

2328 949 2526 1023 ligiosi
2542 992 2556 1007 .

2402 1044 2637 1102 Decimo
2677 1043 2997 1102 beatificati
3046 1047 3186 1102 sunt
3228 1043 3487 1102 finaliter
3528 1045 3864 1118 poenitentoe

2328 1153 2438 1212 per
2460 1137 2745 1212 justitiam
2771 1138 2814 1173 ¹¹
2844 1158 2860 1196 ε
2896 1158 2926 1192 α
2952 1139 3128 1209 Beati,
3157 1154 3417 1212 quorum
3451 1139 3720 1195 remissa!
3749 1142 3868 1220 sunt

2328 1230 2689 1306 iniquitates,
2707 1252 2737 1286 ιο
2767 1235 2880 1290 etc.
2902 1236 2969 1291 Et
2988 1232 3033 1269 ¹⁸
3065 1249 3081 1289 ε
3106 1252 3136 1286 α
3163 1233 3369 1290 Beatus
3382 1231 3498 1303 vir,
3517 1232 3617 1289 cui
3637 1230 3869 1289 nonim-

2326 1326 2557 1399 putavit
2575 1327 3189 1401 Dominuspeccatum.
3215 1346 3241 1378 ο
3269 1329 3336 1384 Et
3361 1325 3534 1382 aliud
3555 1326 3629 1381 ³⁴:
3662 1344 3689 1397 ς
3708 1326 3865 1395 Beati,

2328 1419 2433 1492 qui
2461 1418 2795 1479 custodiunt
2817 1419 3125 1492 justitiam,
3157 1439 3187 1473 ι
3220 1419 3368 1493 quia
3390 1418 3741 1493 punierunt,
3782 1418 3868 1477 vel

2325 1517 2736 1586 purgaverunt
2757 1513 2945 1571 eorda
2964 1514 3031 1570 in
3054 1512 3429 1583 contritione,
3463 1528 3533 1569 os
3559 1511 3623 1569 in
3652 1510 3867 1569 confes-

2328 1606 2497 1665 sione
2516 1611 2572 1665 et
2593 1606 2882 1679 oratione,
2905 1622 3119 1665 manus
3140 1605 3203 1665 in
3225 1605 3747 1680 eleemosynarum
3765 1604 3868 1663 lar-

2331 1699 2575 1773 gitione.

2759 1887 2880 1963 DE
2932 1885 3449 1966 ANIMABUS.

2960 2044 3241 2107 SERMO.

2398 2170 2718 2227 Mementote
2745 2170 3072 2241 vinctorum,
3102 2176 3355 2241 tanquam
3381 2172 3437 2227 et
3462 2171 3583 2241 ipa·
3606 2171 3776 2225 vineti
3804 2167 3856 2223 0⁵.

2324 2261 2661 2327 Secundum
2686 2262 2929 2321 beatum
2961 2262 3309 2334 Gregorium
3335 2262 3379 2297 ¹⁸
3406 2262 3628 2319 animae
3654 2259 3859 2334 perfec·

2322 2358 2523 2415 torum
2543 2356 2739 2414 statim
2759 2356 3000 2414 evolant
3026 2355 3107 2414 ad
3134 2355 3390 2423 coelum3
3434 2355 3654 2412 animae
3676 2371 3860 2429 repro-

2322 2450 2541 2509 borum
2567 2451 2762 2509 statim
2789 2450 3156 2509 descendunt
3180 2449 3261 2509 ad
3286 2449 3630 2508 infernum:
3665 2468 3697 2503 ι
3720 2449 3862 2507 Sicut

2324 2544 2484 2603 enim
2504 2545 2722 2602 electos
2749 2560 2787 2602 a
2814 2544 2911 2603 die
2935 2545 3029 2602 sui
3063 2544 3253 2602 exitus
3279 2543 3554 2618 corporis
3585 2543 3665 2618 (a)
3689 2543 3860 2602 beati·

2324 2639 2469 2698 tudo
2495 2639 2776 2710 laetificat,
2801 2640 2883 2698 ita
2904 2638 3068 2697 credi
3086 2654 3323 2697 necesse
3346 2644 3453 2711 est,
3472 2643 3543 2696 ut
3566 2655 3604 2697 a
3634 2640 3733 2698 die
3752 2640 3861 2696 exi·

2320 2736 2415 2791 tus
2442 2733 2555 2802 sui,
2582 2733 2874 2807 reprobos
2898 2732 3054 2806 ignis
3084 2735 3311 2790 exurat.
3346 2752 3376 2788 ι
3408 2732 3738 2791 Animabus
3762 2733 3863 2806 igi-

2321 2830 2416 2884 tur
2440 2826 2892 2901 purgandorum
2929 2825 3341 2885 defunctorum
3375 2830 3631 2900 prosunt
3670 2826 3861 2884 suffra·

2321 2918 2440 2992 gia.
2483 2922 2557 2977 De
2576 2919 2720 2992 istis,
2752 2919 2920 2995 quasi
2947 2921 3010 2978 in
3031 2920 3308 2994 proximo
3342 2920 3704 2992 regnaturiS,
3740 2924 3861 2995 post

2318 3013 2534 3071 festum
2578 3017 2923 3074 Sanctorum
2976 3013 3277 3084 omnium,
3331 3012 3580 3071 feliciter
3620 3028 3859 3085 regnan·

2320 3106 2465 3164 tium
2483 3147 2504 3178 ,
2557 3106 2813 3165 Ecclesia
2875 3107 3220 3165 solemnizat
3279 3105 3481 3163 hodie.
3547 3110 3614 3165 ln
3676 3106 3861 3165 verbis

2319 3200 2658 3274 propositis,
2676 3200 2844 3272 J'uxta
2857 3200 3112 3259 litteram
3132 3200 3402 3275 sumptis,
3421 3200 3743 3275 Apostolus
3760 3216 3861 3258 nos

2319 3292 2649 3368 specialiter
2687 3294 2955 3352 bortatur
2982 3293 3062 3351 ad
3104 3294 3583 3367 compassionem
3627 3297 3687 3352 et
3730 3293 3858 3351 sub-

2317 3388 2658 3446 ventionem
2684 3388 3018 3448 vinctorum
3036 3392 3279 3462 propter
3299 3388 3695 3461 Evangelium
3714 3388 3861 3447 Chri·

2319 3482 2391 3539 sti
2400 3502 2419 3555 ;
2459 3481 2666 3557 quoad
2691 3481 3143 3556 intelligentiam
3176 3481 3579 3557 spiritualem,
3603 3482 3860 3540 hortatur

2319 3591 2531 3634 omnes
2555 3575 2965 3634 universaliter
2994 3575 3349 3633 Christianos
3378 3574 3462 3633 ad
3498 3574 3857 3650 compassio·

2317 3685 2459 3728 nem
2494 3674 2554 3729 et
2580 3669 2863 3743 suffragia
2908 3669 3324 3728 defunctorum
3369 3685 3609 3728 carcere
3651 3685 3859 3744 purga-

2318 3763 2454 3823 torii
2508 3763 2900 3822 detentorum.
2948 3764 3038 3822 Ait
3081 3778 3224 3837 ergo
3243 3805 3263 3834 ,
3318 3765 3678 3836 Mementote,
3734 3769 3859 3835 etc„

2318 3857 2513 3931 primo
2537 3856 2888 3916 dissuadens
2912 3856 3398 3930 ingratitudinem
3415 3856 3768 3929 oblivionis3
3783 3873 3861 3914 se-

2319 3950 2519 4009 cundo
2539 3949 2904 4025 persuadens
2929 3949 3457 4024 promptitudinem
3504 3951 3859 4025 compassio·

2317 4044 2445 4117 nis3
2502 4044 2672 4103 tertio
2736 4029 3102 4118 persuadens
3154 4042 3623 4103 sollicitudinem
3673 4044 3861 4120 provi·

2317 4154 2522 4198 sionis.

2389 4233 2671 4310 proponit
2693 4204 2871 4291 rioms
2908 4231 3090 4308 igitur
3124 4229 3435 4290 defunctos
3465 4231 3533 4289 in
3558 4232 3857 4308 speculum

2316 4326 2639 4397 memorias,
2663 4330 2728 4384 ut
2760 4325 3168 4398 recordemur,
3197 4324 3406 4399 quales
3432 4325 3656 4384 fuerint
3682 4342 3858 4401 quan-

2315 4425 2440 4479 tum
2468 4419 2550 4478 ad
2572 4421 2854 4478 unitatem
2879 4420 3056 4493 hujus
3083 4419 3595 4494 peregrinationis.
3633 4422 3675 4460 ¹¹¹
3700 4440 3729 4475 ι
3754 4425 3855 4480 Ιο-

2314 4517 2541 4586 mento,
2574 4513 2862 4588 quoniam
2905 4529 3113 4572 omnes
3147 4513 3211 4570 in
3250 4513 3627 4587 correptione
3668 4517 3729 4585 (b)
3766 4531 3855 4572 su·

2313 4624 2448 4665 mus
2477 4626 2493 4665 :
2523 4627 2554 4663 »
2579 4607 2684 4665 ubi
2707 4606 2912 4667 Glossa
2940 4625 2955 4664 ε
2992 4627 3022 4661 α
3047 4606 3327 4665 Universa
3351 4606 3587 4665 vanitas
3615 4613 3671 4667 et
3684 4608 3852 4667 afflic-

2313 4701 2394 4760 tio
2424 4700 2680 4777 spiritus.
2706 4720 2736 4757 s
2767 4701 3064 4772 Secundo,
3094 4700 3156 4758 in
3183 4699 3500 4775 speculum
3538 4702 3849 4776 intelligen-

2310 4797 2426 4869 tiae,
2450 4801 2517 4855 ut
2541 4796 3034 4871 contemplemur,
3062 4796 3275 4871 quales
3298 4802 3441 4855 sunt
3462 4801 3750 4872 quantum
3774 4798 3846 4856 ad

2310 4891 2717 4950 necessitatem
2742 4889 3156 4964 obligationis,
3201 4905 3342 4949 cum
3384 4890 3555 4950 addit
3581 4911 3601 4949 ε
3632 4895 3841 4951 Vincto-

2310 5066 2355 5101 ¹¹
2383 5064 2719 5129 παλαια,
2756 5069 2804 5116 1.
2835 5091 2896 5103 -
2939 5065 2978 5099 ¹⁸
3006 5065 3150 5129 thid,
3181 5068 3230 5116 2.
3264 5093 3329 5105 —
3369 5067 3415 5102 ¹⁸
3444 5065 3579 5116 Psoi.
3606 5079 3688 5130 cv,
3715 5070 3761 5117 3.
3782 5093 3839 5105 -

2309 5135 2350 5169 ¹⁸
2381 5135 2553 5196 Hebr„
2605 5148 2737 5199 xm,
2783 5138 2833 5186 3.
2879 5162 2941 5175 -
2990 5138 3028 5168 ¹⁸
3074 5138 3313 5202 Gregor„
3360 5137 3589 5203 Dialem,
3627 5137 3717 5190 lib.
3760 5139 3837 5201 tv,

2309 5220 2354 5260 e.
2394 5219 2592 5271 nvm,
2618 5221 2727 5258 non
2768 5207 3111 5261 dicitrinum.
3143 5234 3197 5274 -,-
3240 5210 3284 5246 ¹¹¹
3331 5210 3509 5273 Booti..
3547 5221 3671 5275 vm,
3710 5211 3757 5260 6.

2372 5296 2443 5363 (α)
2482 5296 2632 5361 Apud
2665 5297 2820 5362 (lo-09.
2857 5312 2955 5347 παι
2984 5296 3176 5363 eapitur
3213 5312 3249 5351 a
3279 5298 3363 5350 die
3400 5298 3570 5351 exms
3603 5298 3836 5365 eorporis.

2307 5396 2371 5409 —
2396 5369 2471 5436 (ὁ)
2500 5370 2624 5421 Coec.
2651 5369 2771 5421 ecrit.
2800 5384 3038 5436 corpore.
