4059 6317
1169 414 1247 481 ΙΝ
1285 412 1416 479 DIE
1450 409 1827 477 CINERUM.
1874 412 2136 481 SERuo
2176 413 2281 480 VI.

170 549 471 633 languenti
485 548 747 616 differre
772 549 1151 617 medicinam
1169 546 1672 615 :sanativaenim

169 659 335 724 valde
351 658 652 724 medicina
678 662 780 724 est
804 659 1158 736 conversio,
1185 657 1321 722 sive
1358 656 1677 740 poeuiten-

168 768 252 836 tia
270 774 287 809 ¹
316 788 333 832 ε
367 790 396 828 n
421 766 897 846 convertimini,
915 766 1033 830 filii
1049 768 1459 844 revertentes,
1489 767 1552 827 et
1576 780 1676 826 sa·

169 876 321 940 nabo
358 875 712 940 aversiones
753 879 1021 940 vestras.
1059 896 1090 934 »
1125 872 1287 939 Vere
1324 874 1504 936 sanat
1531 870 1672 934 ani-

169 1004 290 1050 mas
305 986 687 1069 poenitentia.
716 986 1128 1067 Augustinus
1145 992 1169 1027 ⁸
1199 1007 1217 1051 z
1243 1008 1274 1047 α
1301 983 1677 1050 Paenitentia

168 1093 485 1179 languores
524 1097 711 1159 sanat
728 1142 750 1174 ,
796 1093 1080 1177 leproms
1128 1096 1339 1172 curat,
1390 1094 1676 1157 mortuos

170 1202 421 1281 suscitat,
440 1201 774 1265 sanitatem
795 1205 1015 1283 auget,
1044 1219 1239 1284 quam
1266 1205 1619 1266 conservat.
1633 1219 1667 1259 n

171 1307 278 1374 Sed
298 1326 446 1374 cave
469 1309 869 1391 periculum:
902 1309 959 1372 si
986 1308 1160 1374 enim
1195 1306 1510 1371 medicina
1535 1323 1673 1389 poe·

171 1415 422 1480 nitentiae
445 1415 766 1494 differtur,
798 1417 1064 1481 morbus
1099 1415 1333 1481 animae
1370 1417 1673 1496 augetur.

171 1522 407 1607 Insuper
445 1524 838 1591 inveteratus
893 1523 1227 1589 difficulter
1277 1525 1539 1587 sanatur
1582 1526 1606 1562 ⁸
1654 1542 1671 1585 ε

177 1652 206 1691 ι
227 1629 507 1712 Languor
531 1629 845 1714 prolixior
872 1634 1106 1712 gravat
1125 1629 1466 1696 medicum.
1499 1650 1530 1690 n
1566 1627 1678 1693 In-

174 1756 344 1821 super
362 1740 428 1803 in
469 1743 760 1804 extrema
792 1738 1181 1822 aegritudine
1228 1737 1493 1803 morbus
1535 1752 1680 1799 cor-

174 1844 326 1927 poris
346 1862 508 1929 saepe
532 1846 797 1930 impedit
827 1845 1392 1912 convalescentiam
1417 1843 1675 1924 animes,

174 1952 401 2033 quando
429 1952 643 2018 anima
669 1952 901 2017 morbo
943 1951 1149 2017 cordis
1182 1950 1587 2034 opprimitur,
1617 1953 1681 2015 et

175 2059 401 2140 quando
461 2059 715 2143 loquela
760 2060 1074 2143 privatur.
1132 2057 1536 2139 Augustinus
1575 2062 1599 2097 ⁴
1658 2078 1676 2123 ε

183 2190 210 2226 α
244 2167 532 2244 Quoniam
559 2167 767 2232 multa
790 2170 964 2245 sunt,
1006 2185 1154 2249 quae
1190 2165 1574 2249 impediunt,
1618 2169 1683 2231 et

173 2274 549 2357 languentem
597 2275 986 2341 absh-abunt
1000 2323 1020 2355 ‚
1072 2274 1501 2358 periculosum
1544 2277 1677 2352 est,

175 2380 429 2447 interitui
466 2383 755 2450 vicinum
770 2430 792 2462 ,
850 2383 933 2447 ad
986 2385 1261 2446 mortem
1310 2380 1682 2464 protrahere

179 2490 532 2571 poenitentiae
554 2489 938 2555 remedium.
966 2511 997 2550 n

245 2595 323 2661 De
350 2599 548 2678 tertio,
577 2597 877 2663 Psalmus
901 2598 923 2633 ⁸
951 2619 967 2660 ε
998 2595 1372 2675 «Converte,
1392 2595 1679 2675 Domine,

179 2704 566 2786 captivitatem
611 2708 898 2769 nostram
915 2751 937 2784 ,
1000 2727 1032 2764 ι»
1092 2708 1213 2770 etc.
1258 2702 1379 2768 Per
1429 2702 1682 2787 culpam

184 2815 260 2873 est
279 2811 459 2878 homo
484 2812 776 2893 captivus
799 2810 1054 2876 diaboli.
1085 2818 1247 2876 Bene
1284 2809 1471 2875 dicit:
1504 2810 1683 2880 Sicut

189 2920 490 2985 latreuein
509 2923 731 2985 austro
751 2936 775 2984 .·
795 2918 988 2982 flante
1005 2917 1182 2981 enim
1212 2916 1414 2983 calido
1439 2922 1679 2998 austro,

186 3023 238 3087 id
256 3031 336 3088 est
359 3025 592 3109 Spiritu
615 3028 858 3103 sancto,
882 3023 1250 3090 dissolvitur
1278 3023 1515 3106 glacies
1539 3044 1685 3109 pec-

183 3136 455 3213 catorum,
485 3135 757 3198 currunt
783 3136 1096 3197 torrentes
1122 3131 1552 3215 lacrymarum
1570 3182 1588 3213 ,
1620 3136 1685 3198 et

179 3235 307 3319 ipsis
343 3239 668 3323 lacrymis,
726 3238 908 3323 quasi
958 3238 1340 3321 quibusdam
1384 3237 1680 3304 australi-

179 3342 283 3409 bus
303 3347 547 3430 pluviis,
578 3347 829 3413 semina
866 3346 1183 3412 bonorum
1220 3364 1488 3429 operum
1527 3363 1679 3410 con-

179 3453 476 3520 valescunt
515 3455 595 3520 ad
646 3472 920 3519 messem
967 3457 1228 3518 aeternae
1271 3454 1444 3519 vitae.
1506 3452 1684 3518 Unde

177 3561 616 3643 sequitu1⁶:«
644 3561 769 3638 Qui
804 3561 1120 3626 seminant
1146 3560 1224 3624 in
1265 3560 1603 3644 lacrymis,
1641 3581 1674 3621 ι»

175 3671 278 3732 etc.
327 3669 534 3735 Glossa
582 3692 598 3734 ι
639 3692 672 3730 α
706 3667 1014 3734 Fructum
1055 3671 1309 3733 aeternae
1352 3668 1686 3733 beatitudi-

173 3774 280 3839 nis.
305 3776 400 3839 »τι
433 3777 550 3855 Qui
571 3780 792 3842 autem
811 3792 999 3858 parce
1030 3774 1322 3855 seminat,
1340 3792 1527 3858 parce
1552 3791 1683 3838 me-

173 3885 266 3946 tet.
291 3906 324 3942 n
345 3883 464 3962 Qui
485 3884 663 3949 tarde
689 3885 1152 3948 convertuntur
1165 3929 1183 3962 ‚
1231 3898 1461 3964 parum
1490 3881 1681 3945 semi-

173 3995 309 4055 nant
321 4013 340 4070 3
366 3992 480 4075 qui
505 3993 633 4057 cito
658 3992 1140 4068 convertimtur,
1171 3987 1447 4053 multum
1487 3989 1680 4053 semi·

173 4102 328 4180 nant,
376 4104 441 4166 et
482 4099 763 4164 multum
803 4101 1042 4162 metere
1083 4100 1368 4179 possunt.
1421 4095 1685 4162 Difficile

171 4222 309 4287 ergo
352 4208 473 4274 erit
512 4224 739 4273 eorum
788 4203 1135 4289 praemium
1147 4224 1167 4282 ;
1204 4207 1269 4267 et
1302 4221 1437 4269 non
1473 4203 1685 4269 solum

172 4315 513 4395 praemium,
542 4314 654 4379 sed
688 4313 881 4378 etiam
916 4310 1391 4394 purgatorium.
1438 4311 1685 4388 Quanto

173 4421 323 4486 enim
367 4423 588 4487 minus
636 4419 1032 4485 satisfaciunt
1069 4419 1140 4483 in
1179 4418 1424 4483 mundo
1442 4467 1462 4500 ,
1508 4423 1685 4484 tanto

174 4526 297 4610 plus
319 4530 497 4596 tarde
523 4527 818 4594 conversi
843 4525 1156 4590 ardebunt
1178 4525 1250 4589 in
1287 4529 1684 4609 purgatorio.

173 4634 593 4719 Augustinus⁸
624 4659 643 4700 ε
679 4659 710 4697 α
744 4632 1132 4715 Purgandus
1156 4636 1373 4699 autem
1401 4638 1498 4699 est
1531 4634 1687 4717 igne

173 4746 602 4832 purgationis,-
625 4743 742 4827 qui
787 4742 858 4806 in
896 4739 1071 4805 aliud
1109 4740 1414 4806 saeculum
1443 4742 1689 4810 distulit

172 4850 426 4919 fructum
453 4850 914 4918 conversionis.
943 4873 977 4912 n

240 4960 466 5040 Quarto
521 4961 694 5026 valet
751 4963 972 5025 contra
1030 4960 1530 5044 desperationem
1543 5008 1563 5040 ‚
1624 4964 1688 5025 et

173 5066 243 5133 ad
281 5068 793 5147 conversionem,
839 5070 915 5132 ut
943 5068 1227 5138 attendas
1269 5071 1639 5150 potestatem
1661 5114 1683 5147 ‚

228 5267 246 5302 ¹
262 5267 450 5332 seron„
475 5278 563 5331 111,
587 5269 669 5319 14.
687 5291 755 5304 -
777 5265 798 5300 ⁸
819 5265 930 5316 lmo
951 5267 1130 5316 auctor
1147 5262 1264 5315 libri
1282 5264 1343 5314 de
1366 5279 1470 5316 ver.
1490 5266 1540 5316 et
1560 5263 1685 5330 [als.

175 5338 354 5403 Ponit„
385 5355 432 5392 c.
463 5352 504 5391 1.
533 5364 600 5378 —
626 5338 650 5375 ⁸
676 5336 865 5401 zoeli„
899 5350 965 5400 x,
1003 5340 1081 5387 11.
1108 5362 1172 5374 —
1197 5336 1215 5367 ⁴
1245 5337 1376 5402 Aug.
1404 5364 1459 5378 -—
1494 5336 1517 5373 ⁸
1546 5335 1684 5388 Psal.

177 5421 308 5476 cxxv,
346 5415 392 5463 4.
424 5438 487 5452 --
518 5411 538 5443 ⁸
569 5409 725 5474 ibid„
757 5413 804 5462 5.
833 5434 897 5446 -
932 5408 955 5446 ⁷
984 5408 1025 5458 ll
1059 5406 1195 5470 Cor..
1224 5419 1296 5470 ιι,
1331 5411 1381 5460 fi.
1413 5435 1468 5446 -
1505 5407 1525 5439 ⁸
1552 5410 1685 5473 Aug.

3200 417 3317 478 143

1778 546 2138 630 veritatem,
2158 548 2506 615 bonitatem
2532 546 2667 613 Ilei.
2688 545 2778 612 De
2793 546 3003 629 primo
3024 548 3049 583 ⁹
3080 568 3098 612 z
3136 569 3169 612 ι
3194 545 3319 614 Ex·

1776 654 1904 719 cita
1928 657 2302 739 potentiam,
2330 680 2363 718 n
2384 660 2505 722 etc.
2536 678 2569 717 ι
2594 655 2782 736 Deus,
2799 659 3119 736 converte,
3139 677 3172 717 ιο
3191 660 3315 724 etc.

1777 760 1935 827 Ecce
1952 763 2151 830 David
2169 765 2483 848 populum
2498 763 2775 843 invocat,
2796 768 2870 828 ut
2895 781 2964 828 se
2985 767 3317 830 convertat

1778 868 1839 932 ei
1867 891 1883 933 ε
1914 873 2293 951 potestatem
2318 872 2492 936 enim
2531 871 2725 936 habet
2767 870 2934 935 Deus
2957 871 3317 937 dimittendi

1778 982 2062 1061 peccata,
2106 984 2170 1044 et
2206 980 2520 1064 potentior
2566 983 2660 1044 est
2706 978 2788 1043 ad
2836 979 3317 1058 dimittendum,

1779 1104 1978 1168 quam
2007 1091 2297 1170 peccator
2341 1088 2423 1153 ad
2456 1086 3007 1152 committendum.
3053 1087 3317 1169 Augus-

1777 1191 1949 1257 tinus
1969 1195 2014 1235 ¹⁰
2038 1216 2055 1259 ε
2089 1217 2122 1257 α
2136 1194 2256 1272 Qui
2283 1196 2362 1261 de
2381 1195 2507 1261 Deo
2530 1214 2662 1261 non
2681 1194 3015 1278 praesumit
3040 1195 3319 1275 veniam,

1780 1318 1914 1365 non
1940 1301 2215 1367 advertit
2242 1302 2385 1385 plus
2411 1307 2666 1386 peccato
2693 1320 2814 1368 suo
2839 1319 3023 1385 posse
3049 1301 3160 1367 Dei
3186 1302 3323 1368 cle-

1780 1407 2122 1487 mentiam;
2150 1412 2213 1474 et
2237 1413 2483 1475 tantam
2509 1427 2649 1475 esse
2690 1409 2800 1474 Dei
2841 1409 3191 1491 potentiam
3236 1410 3322 1475 ad

1780 1514 2234 1582 dimittendum
2274 1517 2765 1584 innumerabilia
2781 1564 2802 1598 ,
2863 1518 3028 1583 sicut
3072 1536 3319 1599 pauca;

1780 1626 2009 1705 potens
2029 1642 2285 1709 quoque
2311 1629 2409 1690 est
2447 1644 2559 1691 cor
2585 1625 2908 1708 lapideum
2953 1631 3325 1693 convertere

1782 1730 1851 1797 in
1891 1731 2135 1797 fontem
2183 1733 2409 1814 gratiae
2451 1736 2515 1797 et
2570 1732 3023 1817 lacrymarum
3071 1755 3103 1795 a
3154 1732 3327 1798 Psal-

1786 1837 1979 1903 mista
1997 1840 2041 1874 ¹¹
2073 1859 2090 1904 :
2130 1862 2162 1901 α
2186 1839 2307 1917 Qui
2335 1840 2650 1905 convertit
2689 1843 2937 1923 petram
2979 1841 3052 1905 in
3092 1843 3325 1922 stagna

1784 1963 2124 2028 aquarum.
2145 1969 2177 2007 ιι
2212 1950 2301 2013 De
2329 1948 2606 2013 secundo
2635 1949 2679 1983 ¹¹
2710 1970 2726 2012 ε
2767 1970 2798 2009 α
2826 1947 3121 2030 Impietas
3145 1947 3325 2030 impii

1787 2073 1919 2120 non
1945 2056 2199 2121 nocebit
2223 2058 2279 2122 ei
2290 2104 2312 2137 ‚
2347 2058 2418 2122 in
2462 2075 2870 2141 quocumque
2914 2056 3015 2122 die
3057 2075 3324 2124 conver-

1785 2180 1895 2227 sus
1919 2163 2136 2229 fuerit.
2162 2187 2195 2225 ι)
2233 2164 2394 2230 Ecce
2436 2183 2679 2247 magna
2719 2164 3055 2248 promissio
3097 2166 3329 2230 verita-

1783 2269 1888 2335 tis.
1934 2272 2003 2337 Si
2045 2290 2204 2354 ergo
2266 2269 2429 2338 Deus
2466 2291 2776 2338 converso
2826 2272 3028 2355 impio
3070 2272 3328 2338 veniam

1786 2383 2075 2461 negaret,
2110 2380 2443 2445 veritatem
2485 2398 2667 2445 suam
2714 2378 2911 2461 (quod
2953 2378 3329 2444 absurdissi-

1786 2504 1970 2552 mum
2017 2492 2114 2553 est
2151 2488 2466 2570 cogitare)
2516 2490 2803 2570 negaret.
2852 2485 3201 2568 Gregorius
3224 2488 3325 2552 ¹⁸:

1797 2617 1829 2656 α
1865 2594 2132 2660 Nullum
2182 2597 2599 2679 poenitentem
2649 2611 2985 2661 reversum
3035 2593 3324 2678 despicit,

1787 2704 1898 2787 qui
1927 2709 2282 2786 peccatores
2308 2704 2622 2768 redimere
2646 2703 2844 2770 venit.
2868 2723 2901 2763 ιο
2918 2702 3006 2768 De
3028 2702 3216 2768 tertio
3231 2702 3278 2743 ¹⁸
3304 2725 3321 2765 z

1795 2812 2261 2879 convertimini
2287 2810 2381 2878 ad
2402 2812 2749 2879 Dominum
2788 2812 2990 2877 Deum
3017 2814 3325 2890 vestrum,

1789 2921 1950 3002 quia
1992 2920 2338 3003 beniqnus,
2385 2923 2505 2985 etc.
2524 2966 2548 2998 ,
2602 2926 2663 2987 et
2711 2918 3098 3001 praestabilis
3135 2933 3330 3000 super

1788 3029 2071 3095 malitia.
2120 3029 2410 3107 Attende,
2440 3032 2750 3111 peccator,
2775 3025 3241 3108 benignitatem
3266 3029 3333 3091 et

1789 3134 2290 3200 misericordiam
2315 3134 2426 3200 Dei
2465 3133 2536 3199 in
2563 3134 2722 3200 Filio
2748 3152 2865 3218 pro
2906 3137 2971 3199 te
3009 3134 3081 3198 in
3128 3139 3333 3199 morte

1789 3240 2040 3306 tradito.
2090 3240 2454 3324 Bernardus
2495 3241 2589 3308 ²⁶:
2639 3265 2671 3304 α
2715 3242 2784 3307 Si
2831 3261 3027 3327 supra
3065 3243 3331 3307 modum

1789 3351 2070 3433 peccavi,
2116 3368 2250 3415 non
2297 3351 2597 3432 despero,
2643 3351 2793 3433 quia
2830 3369 3027 3435 supra
3066 3351 3329 3416 modum

1788 3456 2014 3535 doluit,
2045 3458 2113 3523 in
2140 3476 2270 3541 quo
2307 3458 2572 3541 respiro.
2605 3458 2674 3523 Si
2700 3458 3120 3523 exacerbatur
3146 3456 3332 3522 Pater

1790 3563 2185 3629 immanitate
2209 3564 2462 3629 sceleris
2502 3565 2653 3642 mei,
2684 3564 3088 3646 mitigabitur
3113 3565 3181 3629 in
3212 3565 3325 3629 do-

1788 3669 1924 3734 lore
1950 3668 2094 3735 Filii
2121 3670 2243 3736 sui.
2264 3693 2296 3732 1>
2332 3669 2490 3736 Item
2518 3670 2850 3754 multiplici
2873 3688 3329 3736 conversorum

1789 3777 2085 3860 exemplo
2115 3797 2133 3842 ε
2163 3782 2424 3860 apparet
2448 3779 2620 3843 enim
2658 3778 3095 3843 misericordia
3123 3778 3233 3843 Dei
3260 3778 3329 3841 in

1790 3883 2206 3951 conversione
2233 3884 2427 3968 Petri,
2470 3891 2535 3951 et
2561 3885 2764 3965 Pauli,
2800 3891 2864 3953 et
2904 3886 3325 3968 Magdalenae,

1792 3997 1856 4057 et
1893 3992 2157 4058 latronis
2184 3993 2252 4057 in
2294 4011 2503 4074 cruce,
2534 3992 2982 4073 Ninivitarum,
3028 3997 3092 4058 et
3132 3994 3333 4059 totius

1791 4099 2018 4166 muudi
2057 4101 2137 4166 ad
2164 4099 2483 4166 Christum
2511 4103 2825 4167 conversi.
2856 4103 2899 4138 ¹⁶
2921 4124 2953 4163 α
2971 4100 3325 4180 Mirabitur,

1792 4212 1854 4272 et
1893 4206 2260 4273 dilatabitur
2302 4227 2411 4274 cor
2450 4211 2675 4288 tuum,
2722 4209 2978 4292 quando
3026 4226 3331 4274 conversa

1792 4316 1985 4381 tuerit
2009 4316 2092 4381 ad
2117 4321 2179 4382 te
2205 4317 2547 4383 multitudo
2570 4318 2765 4382 maris
2780 4364 2800 4396 ‚
2842 4316 3143 4382 fortitudo
3168 4334 3331 4399 gen·

1793 4421 1960 4487 tium
1985 4423 2233 4490 venerit
2258 4423 2393 4505 tibi,
2410 4445 2443 4484 i>
2473 4427 2591 4489 etc.
2626 4422 2969 4505 Gregorius
2988 4423 3032 4458 ²⁷
3065 4445 3081 4486 ε
3110 4445 3142 4484 α
3165 4421 3330 4501 Quo-

1794 4529 1969 4593 niam
2000 4530 2237 4596 multos
2254 4549 2295 4595 a
2318 4531 2454 4595 suis
2481 4531 2919 4614 iniquitatibus
2948 4535 3202 4595 sanatos
3225 4548 3329 4594 as·

1792 4636 2087 4719 picimus,
2119 4637 2274 4720 quid
2305 4637 2480 4702 aliud
2516 4656 2715 4721 quam
2747 4654 3046 4721 supernae
3085 4636 3333 4701 miseri·

1792 4743 2024 4810 cordiae
2049 4742 2291 4826 pignus
2315 4748 2613 4810 tenemus
2628 4746 2661 4807 ἲ
2686 4766 2719 4806 x·

2327 4922 2615 4993 SERMO
2671 4923 2790 4994 VI.

1878 5066 2035 5133 Cum
2048 5065 2369 5150 jejunatis
2399 5068 2467 5147 ¹⁸,
2501 5075 2620 5133 etc.
2649 5066 2980 5151 Jejunium
3005 5066 3332 5150 perficitur
3394 5074 3535 5184 'iffi'

1794 5218 1858 5230 -
1886 5196 1906 5225 ·
1931 5192 2066 5243 Ρωι.
2094 5204 2274 5250 um,
2303 5195 2352 5257 3,
2384 5195 2430 5244 4.
2460 5220 2524 5232 —
2547 5194 2592 5230 1⁰
2615 5196 2746 5258 Aug.
2774 5219 2836 5232 -
2860 5193 2902 5231 ¹¹
2929 5194 3061 5244 Psal-
3096 5204 3248 5257 cmx,
3281 5196 3327 5247 8·

1795 5290 1857 5303 ..
1883 5265 1930 5299 ι·
1951 5262 2149 5329 Ειεοή.,
2183 5274 2374 5330 xxxin,
2404 5266 2481 5316 12.
2508 5289 2570 5302 —
2603 5265 2646 5303 ²⁸
2671 5266 2826 5329 (ἔτος.
2853 5289 2915 5304 —
2945 5264 2984 5298 ¹⁴
3013 5264 3141 5329 1οεὶ,
3168 5276 3226 5329 ιῐ,
3254 5270 3329 5318 12.

1799 5336 2105 5472 ζἵ.1.,ιῖ6ῑ;θιᾞ,
2130 5360 2190 5374 -
2220 5336 2257 5367 ¹⁶
2285 5336 2413 5399 lsa„
2444 5347 2530 5399 u,
2556 5338 2608 5388 5.
2639 5361 2703 5380 ιι-
2724 5337 2767 5374 ¹¹¹
2794 5337 2948 5402 Greg.
2974 5359 3036 5374 —
3059 5334 3100 5372 ¹⁸
3125 5337 3332 5397 natm„
