4059 6317
887 492 1268 567 DOMINICA
1308 491 1469 561 xxu
1514 490 1711 560 POST
1752 492 2336 562 PENTE'COSTEN.
2383 496 2648 566 SERMO
2691 499 2767 565 ΙΙ.

301 632 390 701 De
413 635 623 721 primo
653 643 670 681 ¹
700 655 718 702 τ
754 658 788 700 ιι
809 635 1131 722 Populum
1167 650 1386 699 meum
1423 630 1762 707 docebunt,

220 742 372 827 quid
403 743 486 808 sit
525 744 691 810 inter
735 749 1027 811 sanctum
1070 748 1135 809 et
1176 741 1536 827 pollutum,
1571 756 1763 804 mun-

218 851 377 916 dum
403 856 467 917 et
497 851 942 935 immundum,
985 853 1323 919 ostendens
1369 850 1483 915 eis.
1521 870 1552 910 ιι
1607 847 1766 912 Ecce

220 958 506 1024 doctores
531 959 760 1025 debent
787 961 1114 1026 ostendere
1135 961 1287 1042 quid
1305 958 1574 1035 licitum,
1605 954 1762 1040 quid

217 1062 554 1146 illicitum,
598 1068 753 1152 quid
784 1068 1028 1146 virtus,
1058 1066 1212 1151 quid
1252 1064 1507 1129 vitium.
1553 1062 1635 1126 Ut
1660 1061 1759 1125 vi-

221 1174 388 1239 tium
416 1174 655 1241 vitetur
682 1181 1029 1256 ostensum,
1061 1173 1394 1241 ostendant
1419 1175 1640 1236 contra
1664 1170 1765 1235 vi·

224 1281 387 1347 tium
426 1300 684 1365 poenam
736 1282 1183 1348 damnationis.
1221 1280 1400 1345 Unde
1445 1276 1757 1360 Angelus,

221 1388 336 1471 qui
384 1388 861 1471 praedicatorem
908 1389 1232 1471 significat
1255 1437 1271 1465 ,
1300 1387 1450 1452 dicit
1475 1390 1500 1424 ¹
1532 1408 1548 1450 ε
1590 1409 1620 1446 «ι
1647 1383 1762 1448 Os-

221 1495 480 1560 tendam
529 1497 645 1561 tibi
690 1497 1168 1564 damnationem
1221 1492 1568 1561 meretricis
1619 1510 1763 1557 ma·-

221 1620 396 1684 gnae,
426 1627 458 1665 n
494 1604 557 1668 id
590 1609 721 1686 est,
761 1604 1121 1688 peccatricis
1158 1604 1416 1669 animae.
1465 1601 1660 1677 Item,
1689 1603 1764 1664 ut

221 1710 430 1777 virtus
454 1717 705 1776 ostensa
731 1717 1006 1792 ametur,
1030 1711 1368 1778 ostendant
1387 1710 1469 1792 (a)
1488 1708 1763 1791 gloriam

224 1818 659 1884 retributionis
678 1867 698 1897 ,
741 1837 890 1903 quae
929 1837 1044 1902 per
1077 1819 1321 1884 fructus
1371 1822 1561 1882 terrae
1612 1832 1762 1899 pro-

220 1910 540 1991 missionis
564 1925 990 2008 signiflcatur.
1021 1925 1199 1991 Unde
1239 1926 1317 1990 de
1342 1923 1758 2008 exploratori-

220 2033 347 2098 bus
371 2034 655 2116 ejusdem
699 2039 889 2099 terrae
909 2082 929 2113 ,
975 2053 1091 2118 per
1123 2051 1284 2115 quos
1318 2031 1763 2116 praedicatores

220 2141 670 2222 significantur
696 2141 720 2178 ⁸
751 2163 766 2204 ε
794 2165 826 2203 α
854 2140 1258 2206 Considerata
1280 2145 1472 2219 terra,
1506 2156 1764 2203 sumen-

219 2251 314 2312 tes
342 2247 421 2312 de
447 2248 761 2313 fructibus
787 2252 950 2332 ejus,
977 2254 1051 2313 ut
1076 2248 1479 2313 ostenderent
1502 2245 1759 2309 uberta-

220 2361 382 2434 tem,
423 2355 779 2421 intulerunt
830 2357 910 2421 ad
954 2373 1116 2434 nos,
1171 2359 1363 2438 atque
1405 2353 1756 2418 dixerunt:

219 2461 398 2527 Bona
425 2466 521 2528 est
547 2467 738 2542 terra,
770 2481 967 2547 quam
1011 2463 1318 2528 Dominus
1355 2463 1521 2528 Deus
1547 2467 1763 2528 noster

218 2569 490 2635 daturus
515 2576 608 2636 est
633 2570 839 2636 nobis.
869 2594 899 2631 n

298 2675 386 2742 De
413 2677 722 2755 secundo,
755 2678 994 2744 dictum
1023 2685 1117 2744 est
1151 2679 1369 2744 decem
1396 2677 1659 2762 leprosis
1681 2678 1704 2713 ⁸
1739 2699 1757 2741 ι

225 2807 256 2846 ι
275 2784 365 2850 Ite
384 2833 409 2865 ,
455 2785 766 2850 ostendite
797 2804 912 2851 vos
957 2787 1406 2852 sacerdotibus.
1455 2809 1487 2846 ι)
1540 2787 1760 2852 Osten-

216 2890 373 2973 dite,
406 2910 538 2958 non
561 2892 943 2971 abscondite,
974 2893 1143 2959 sicut
1180 2892 1409 2973 Adam,
1437 2894 1573 2977 qui,
1606 2912 1758 2958 cum

217 3004 625 3082 peccaverat,
659 3000 984 3066 abscondit
1009 3019 1077 3067 se
1097 3050 1115 3080 ,
1155 3005 1220 3066 et
1269 3003 1510 3085 ejectus
1542 3003 1638 3066 est
1680 3001 1760 3065 de

216 3106 512 3190 paradiso
541 3126 560 3171 :
592 3108 853 3190 quidam
881 3109 1051 3174 enim
1083 3109 1403 3191 negando,
1435 3109 1539 3174 vel
1567 3109 1760 3173 dimi-

214 3214 473 3294 diando,
503 3214 609 3279 vel
636 3217 1019 3298 excusando,
1049 3221 1162 3282 aut
1181 3216 1495 3301 palliando
1521 3216 1589 3280 in
1617 3234 1760 3281 con-

218 3321 489 3387 sessione
519 3340 588 3386 se
613 3322 1028 3389 abscondunt.
1051 3324 1073 3360 ⁸
1096 3347 1127 3386 α
1146 3322 1266 3401 Qui
1280 3323 1610 3388 abscondit
1633 3341 1762 3387 sce-

213 3427 345 3494 lera
367 3448 509 3509 sua,
545 3448 675 3494 non
702 3429 1064 3512 dirigetur3
1112 3433 1220 3515 qui
1261 3440 1475 3495 autem
1526 3433 1761 3495 confes-

215 3554 322 3602 sus
348 3536 580 3616 fuerit,
633 3542 696 3603 et
734 3538 1072 3625 reliquerit
1107 3557 1206 3612 ea,
1256 3538 1756 3603 misericordiam

212 3648 659 3728 consequetur.
686 3643 1026 3727 »Jsidorus
1049 3652 1073 3687 ⁸
1101 3668 1117 3710 z
1154 3668 1184 3707 α
1206 3645 1541 3711 Peccatum
1570 3650 1759 3709 tuum

213 3752 538 3833 proditum
592 3753 717 3816 cito
764 3756 1062 3831 curatur-3
1109 3754 1353 3817 crimen
1404 3758 1619 3817 autem
1661 3759 1755 3816 ta-

213 3857 412 3923 cendo
441 3858 811 3942 ampliatur.
844 3860 909 3926 Si
938 3860 1218 3925 ostendis
1234 3864 1413 3925 tuam
1437 3861 1760 3924 miseriam

212 3965 280 4028 in
302 3966 735 4046 confessione,
767 3968 1052 4033 ostendet
1093 3968 1398 4033 Dominus
1425 3985 1606 4032 suam
1636 3966 1756 4029 mi-

214 4073 625 4138 sericordiam
670 4074 738 4139 in
784 4075 1176 4140 remissione.
1224 4095 1256 4135 n
1313 4074 1647 4140 Psalmista
1680 4075 1754 4137 ⁴¹:

219 4201 249 4239 ι
278 4177 555 4246 Ostende
618 4182 837 4262 nobis,
896 4182 1163 4247 Domine
1184 4232 1201 4263 ,
1263 4182 1758 4247 misericordiam

216 4289 429 4367 tuam,
479 4311 512 4348 ιι
549 4292 669 4354 etc.
719 4288 788 4354 Si
840 4294 1056 4356 autem
1103 4307 1236 4354 non
1284 4292 1384 4357 vis
1428 4291 1759 4356 ostendere

215 4396 613 4480 presbytero,
645 4397 992 4462 ostenderis
1009 4398 1325 4463 universis
1351 4399 1419 4461 in
1435 4397 1677 4480 judicio
1696 4403 1754 4465 ⁸:

219 4523 251 4563 α
274 4501 594 4568 Revelabo
635 4503 931 4587 pudenda
963 4508 1075 4569 tua
1092 4554 1112 4587 ,
1145 4508 1218 4587 {et
1244 4505 1572 4570 ostendam
1597 4523 1759 4588 gen-

217 4608 391 4673 tibns
418 4610 774 4674 nuditatem
813 4615 1015 4693 tuam,
1046 4633 1078 4671 ι
1108 4615 1230 4676 etc.

295 4714 381 4780 De
407 4717 597 4781 tertio
622 4718 645 4752 ⁹
674 4739 689 4781 ε
725 4740 756 4779 α
784 4717 938 4796 Quis
982 4718 1236 4801 sapiens
1250 4765 1271 4799 ,
1300 4721 1365 4784 et
1389 4717 1756 4803 disciplina-

215 4824 321 4887 tus
359 4823 532 4888 inter
565 4826 726 4889 vos?
770 4826 1060 4890 ostendat
1100 4844 1183 4891 ex
1221 4828 1387 4891 bona
1427 4845 1760 4892 couversa-

217 4929 387 4996 tione
439 4933 878 5015 operationem
926 4953 1112 4998 suam
1156 4935 1224 4998 in
1273 4937 1758 5003 mansuetudine

218 5038 572 5120 sapientias.
601 5060 632 5100 ιι
660 5038 926 5123 Semper
950 5041 1136 5107 debet
1154 5042 1350 5107 homo
1363 5043 1602 5127 aliquid
1628 5044 1758 5108 vir-

281 5201 291 5227 ·
324 5198 526 5263 Ezectae„
563 5211 707 5263 ηιν,
734 5203 815 5251 23.
849 5227 910 5238 -
936 5202 958 5236 ³
989 5202 1157 5267 Apoc„
1194 5216 1336 5268 xvn,
1366 5207 1412 5255 1.
1442 5232 1496 5241 -
1538 5205 1562 5241 ⁸
1591 5206 1759 5271 Dent„

220 5279 265 5331 1,
291 5271 373 5319 25.
399 5297 465 5309 -
491 5270 514 5305 ὅ
541 5271 679 5332 Luc„
709 5282 856 5336 xva,
897 5275 974 5323 14.
1005 5299 1062 5310 -
1099 5274 1122 5309 ⁸
1151 5276 1319 5340 prov„
1353 5289 1552 5341 xxvm,
1591 5281 1667 5330 13.
1696 5303 1760 5317 —

219 5338 240 5372 ⁸
260 5337 402 5406 isid„
429 5340 503 5391 De
527 5347 658 5393 cont.
685 5341 877 5407 mundi,
905 5357 1022 5409 pag.
1052 5357 1123 5395 m.
1153 5348 1266 5408 328,
1295 5347 1395 5399 col.
1425 5350 1470 5398 1.
1489 5376 1550 5387 -
1572 5350 1589 5380 ⁷
1617 5349 1757 5402 Psal.

218 5418 444 5475 umv,
475 5415 526 5463 8.
555 5440 616 5452 —
657 5414 677 5445 ⁸
718 5413 874 5479 Nola,
913 5425 1006 5478 111,
1044 5417 1093 5466 5.
1121 5443 1183 5455 —
1219 5417 1242 5453 ⁹
1275 5419 1407 5481 sac„
1445 5432 1540 5483 ιιι,
1584 5424 1665 5472 13.
1695 5449 1760 5461 -

220 5478 263 5517 ¹·
284 5480 301 5533 Ι
326 5482 509 5549 uach„
535 5494 606 5549 νι,
636 5487 715 5539 34.
737 5514 795 5525 -
825 5485 864 5523 ¹¹
892 5486 999 5539 lmo
1028 5489 1206 5541 auctor
1231 5488 1315 5543 lib.
1343 5489 1405 5541 de
1427 5505 1525 5545 ver.
1557 5494 1608 5542 et
1632 5492 1758 5561 sats.

3298 509 3417 572 ⁴75

1874 630 2029 696 tutis
2059 631 2418 713 ostendere,
2456 638 2522 698 et
2579 634 2732 700 boni
2783 635 3083 717 exempli.
3133 636 3210 704 Et
3247 646 3419 709 certe

1873 738 1989 803 ubi
2013 739 2289 821 castitas,
2317 741 2431 806 ubi
2455 742 2749 821 fidelitas,
2776 744 2889 809 ubi
2913 744 3136 827 pietas,
3163 748 3277 812 ubi
3298 769 3418 833 pa-

1874 846 2130 924 tientia,
2164 847 2276 911 ubi
2316 848 2629 928 charitas,
2663 851 2777 915 ubi
2817 850 3034 935 aliqua
3062 855 3270 919 virtus
3294 862 3412 939 est,

1872 958 2161 1036 tempore
2187 954 2485 1021 debitose
2510 958 2803 1038 ostendit,
2827 959 3042 1038 etiam,
3074 961 3130 1024 si
3158 979 3413 1030 necesse

1872 1059 2085 1140 fuerit,
2110 1079 2222 1145 per
2238 1064 2631 1145 sanguinem
2647 1067 3003 1147 proprium,
3030 1067 3191 1132 sicut
3208 1069 3415 1135 Chris-

1872 1171 1977 1232 tus
2003 1170 2068 1232 et
2091 1170 2293 1233 sancti
2322 1174 2635 1254 martyres
2660 1172 3097 1240 ostenderunt.
3124 1177 3171 1216 ¹⁰
3203 1199 3234 1238 α
3264 1177 3413 1244 Ele-

1873 1272 2131 1357 phantis
2169 1275 2586 1341 ostenderunt
2634 1278 3049 1360 sanguinem,
3091 1303 3125 1341 n
3175 1287 3296 1349 etc.
3342 1284 3411 1350 Si

1871 1381 2083 1447 adhuc
2110 1401 2240 1447 non
2285 1388 2461 1466 potes
2503 1404 2619 1469 per
2653 1389 3039 1471 sanguinem
3080 1393 3413 1460 ostendere

1871 1488 2090 1569 fldem,
2121 1507 2235 1572 per
2259 1491 2660 1557 dilectionem
2679 1541 2700 1572 ,
2728 1496 3019 1560 ostendas
3046 1498 3271 1564 saltem
3298 1519 3414 1583 per

1870 1595 2304 1680 lacrymarum
2344 1600 2810 1666 contritionem.
2858 1601 3260 1685 Augustinus
3305 1608 3347 1644 ¹¹
3390 1627 3408 1675 t

1880 1727 1911 1766 α
1951 1704 2123 1770 Sciat
2175 1724 2242 1771 se
2295 1706 2695 1790 culpabiliter
2738 1709 2978 1776 durum
2998 1757 3020 1789 ,
3064 1713 3179 1795 qui
3226 1714 3414 1781 deflet

1870 1814 2107 1880 damna
2134 1816 2456 1899 temporis,
2487 1817 2591 1881 vel
2619 1823 2891 1883 mortem
2905 1820 3116 1901 amici,
3145 1825 3210 1887 et
3241 1823 3415 1889 dolo-

1871 1941 2010 1988 rem
2049 1924 2291 2006 peccati
2334 1942 2467 1989 non
2505 1925 2778 1991 ostendit
2812 1926 3134 2010 lacrymis.
3177 1953 3209 1991 ιι
3249 1929 3407 2010 Sed,

1868 2031 2038 2095 heu!
2093 2031 2356 2114 quidam
2400 2032 2582 2097 'bona
2625 2033 2941 2098 virtutum
2990 2052 3122 2101 non
3171 2037 3252 2102 ad
3304 2037 3412 2104 Dei

1870 2139 2397 2221 glorificationem
2416 2187 2435 2218 ,
2483 2140 2593 2204 sed
2634 2140 2715 2205 ad
2760 2140 2861 2204 sui
2910 2144 3408 2209 commendatio-

1868 2264 2017 2311 nem
2049 2247 2422 2325 ostendnnt,
2452 2248 2616 2313 sicut
2649 2248 2972 2330 signatum
3010 2255 3105 2316 est
3142 2251 3211 2316 in
3256 2252 3413 2319 Eze-

1869 2352 2014 2417 chia
2043 2356 2088 2395 ’¹
2117 2376 2134 2417 ε
2179 2376 2210 2415 α
2237 2353 2521 2420 Ostendit
2545 2355 2640 2418 eis
2668 2355 2892 2420 cellam
2921 2362 3318 2439 aromatum,
3348 2363 3413 2427 et

1869 2462 2126 2542 argenti
2171 2464 2236 2526 et
2274 2462 2413 2527 auri
2440 2510 2459 2540 ,
2489 2466 2552 2526 et
2577 2463 3139 2531 odoramentorum
3157 2514 3178 2544 ‚
3208 2472 3273 2533 et
3296 2487 3412 2533 un·

1872 2567 2100 2649 guenti
2125 2568 2372 2651 optimi,
2403 2574 2467 2632 et
2494 2585 2716 2634 omnes
2742 2569 3080 2652 apothecas
3105 2573 3411 2657 supellec·

1868 2672 1996 2737 tilis
2023 2691 2184 2751 suae,
2215 2677 2277 2738 et
2306 2673 2638 2754 universa,
2684 2693 2833 2759 quae
2875 2677 3140 2743 inventa
3160 2683 3407 2748 suntin

1868 2780 2187 2845 thesauris
2228 2781 2389 2859 suis,
2424 2804 2456 2842 ιι
2504 2786 2624 2847 etc.
2658 2782 2758 2862 Et,
2787 2782 2954 2850 heu!
2985 2786 3140 2869 quia
3178 2788 3410 2855 melius

1866 2889 2077 2953 sciunt
2102 2889 2433 2955 ostendere
2451 2890 2787 2974 nequitias,
2809 2910 3010 2975 quam
3030 2894 3301 2961 virtutes
3319 2897 3402 2963 ¹⁸:

1874 3018 1908 3057 α
1937 2995 2072 3062 Rex
2114 3001 2328 3063 mente
2368 2997 2735 3062 effraenatus
2769 2999 3107 3080 veniebat,
3138 3003 3404 3087 nequio-

1866 3120 2003 3168 rem
2033 3122 2103 3169 se
2128 3109 2307 3187 patre
2332 3123 2451 3169 suo
2476 3104 2715 3171 Judaeis
2743 3110 3137 3174 ostensurus.
3162 3131 3195 3169 ι
3223 3108 3408 3177 Tales

1866 3215 2083 3275 autem
2138 3211 2208 3275 in
2260 3210 2511 3277 inferno
2561 3221 3044 3297 conqueruntur
3089 3216 3248 3283 illud
3299 3221 3342 3256 ¹⁴
3385 3243 3402 3285 z

1874 3342 1906 3381 α
1927 3318 2197 3387 Virtutis
2226 3320 2490 3403 quidem
2516 3321 2771 3389 nullum
2794 3323 3060 3405 signum
3082 3325 3408 3393 valuimus

1863 3427 2215 3493 ostendere.
2245 3450 2277 3488 s

1944 3534 2031 3598 De
2059 3539 2290 3618 quarto
2318 3534 2551 3600 dieitur
2575 3537 2683 3602 hic
2709 3561 2723 3604 ε
2745 3539 3073 3608 ostendite
3097 3541 3267 3609 mihi
3288 3557 3407 3609 nu·

1864 3645 2101 3709 misma
2142 3658 2401 3724 censu-3,
2432 3648 2552 3708 etc.
2603 3643 3031 3712 Interlinearis
3083 3671 3099 3713 ι
3147 3671 3178 3710 e
3204 3648 3404 3715 Num-

1865 3768 2044 3813 mum
2067 3798 2085 3827 ,
2122 3749 2235 3832 qui
2264 3768 2380 3832 pro
2423 3768 2618 3816 censu
2661 3752 2955 3833 solvitur,
2986 3754 3101 3837 qui
3134 3756 3409 3822 babebat

1867 3856 2222 3939 imaginem
2251 3856 2533 3922 Caesaris.
2565 3857 2884 3924 Nummus
2918 3861 3035 3925 iste
3071 3866 3165 3926 est
3190 3863 3407 3929 anima

1866 3965 1948 4029 ad
1993 3966 2348 4047 imaginem
2396 3966 2504 4030 Dei
2545 3969 2785 4031 facta.»
2835 3969 3240 4050 Augustinus
3286 3973 3331 4012 ¹⁸
3382 3995 3401 4036 ε

1872 4095 1903 4134 α
1935 4073 2165 4138 Fecisti
2188 4090 2330 4151 nos,
2360 4073 2651 4154 Domine,
2679 4095 2711 4137 ιι
2749 4080 2869 4141 etc.
2911 4075 3188 4161 nequire
3212 4098 3408 4163 supra

1870 4181 1939 4244 in
1982 4198 2276 4245 sermone
2307 4202 2322 4243 z
2358 4182 2592 4247 Inveni
2633 4182 3010 4249 drachmam
3033 4185 3101 4248 ¹⁰.
3134 4184 3259 4252 Pro
3284 4188 3405 4253 isto

1865 4304 2137 4351 nummo
2161 4284 2445 4352 Christus
2471 4287 2737 4355 servivit
2760 4290 2901 4373 plus
2918 4309 3113 4374 quam
3135 4293 3407 4376 triginta

1865 4396 2052 4459 annis
2078 4394 2228 4460 Deo.
2259 4394 2332 4461 ln
2354 4401 2557 4463 morte
2573 4396 2915 4480 diligenter
2931 4398 3214 4465 hominis
3231 4402 3407 4467 hunc

1867 4521 2215 4567 nummum
2240 4504 2599 4582 examinat,
2630 4509 2851 4570 utrum
2879 4504 2991 4571 Dei
3031 4526 3115 4572 an
3149 4508 3406 4593 diaboli,

1866 4615 2087 4676 utrum
2112 4610 2350 4676 claram
2376 4630 2459 4676 an
2484 4612 2889 4678 tenebrosam
2911 4614 3265 4698 imaginem
3294 4618 3407 4685 ha-

1865 4718 2034 4783 beat.
2067 4716 2115 4782 Ο
2141 4718 2317 4796 felix,
2347 4719 2461 4801 qui
2488 4718 2555 4782 in
2575 4723 2779 4784 morte
2803 4720 3046 4787 bonum
3064 4742 3409 4792 nummum

1865 4825 2187 4889 ostendet!
2246 4824 2555 4891 Dominus
2606 4828 2783 4892 enim
2836 4832 3123 4897 ostendet
3165 4835 3408 4903 bonum

1865 4932 2238 5015 praemium,
2272 4933 2514 4997 bonum
2542 4952 2818 5016 regnum
2848 4938 2893 4979 ¹⁷
2930 4960 2991 5003 :a
3009 4938 3291 5006 Ostendit
3315 4942 3409 5007 illi

1864 5059 2144 5123 regnum
2165 5041 2298 5105 Dei.
2319 5063 2350 5102 ιι
2377 5040 2682 5123 Oinfelix,
2702 5042 2812 5126 qui
2837 5044 2927 5108 sic
2956 5045 3198 5111 malum
3213 5065 3406 5114 num-

1866 5187 2065 5247 Poem‘t..
2099 5200 2145 5237 c.
2177 5197 2251 5249 ιιι,
2276 5200 2332 5237 ιι.
2357 5189 2435 5237 24.
2454 5213 2516 5223 —
2534 5187 2577 5223 ¹²
2598 5188 2717 5240 Ira..
2741 5199 2924 5252 xxxrx,
2949 5190 3409 5258 2.—¹⁸1tuac}1.,

1867 5270 1995 5322 xm,
2031 5263 2080 5311 9.
2111 5286 2171 5297 -
2199 5259 2245 5293 ¹⁸
2269 5259 2412 5319 Sap„
2445 5269 2498 5318 ν,
2535 5262 2610 5309 13.
2648 5285 2710 5296 -
2737 5258 2780 5294 ¹⁸
2806 5261 2936 5324 Aug.
2960 5288 3021 5299 -
3052 5262 3094 5298 ¹⁸
3126 5262 3241 5314 vid.
3270 5278 3408 5330 sup,

1868 5331 2036 5465 gog-gi,
2066 5343 2154 5451 ιιι,
2188 5334 2312 5451 ἴδιαι
2341 5330 2510 5391 Ροιιι.,
2543 5342 2696 5380 serm.
2742 5341 2809 5395 11,
2846 5344 2966 5397 pag.
2995 5334 3111 5401 338,
3143 5335 3244 5388 col.
3272 5338 3324 5391 2.
3348 5363 3410 5380 -.

1934 5491 2000 5557 (α)
2034 5435 2157 5540 σ’ωιῖ
2186 5487 2310 5545 edit.
2342 5488 2626 5544 ostendam.
