<?xml version="1.0" encoding="UTF-8"?>
<!DOCTYPE html PUBLIC "-//W3C//DTD XHTML 1.0 Transitional//EN"
    "http://www.w3.org/TR/xhtml1/DTD/xhtml1-transitional.dtd">
<html xmlns="http://www.w3.org/1999/xhtml" xml:lang="en" lang="en">
 <head>
  <title>
</title>
<meta http-equiv="Content-Type" content="text/html;charset=utf-8" />
  <meta name='ocr-system' content='tesseract 3.04.00' />
  <meta name='ocr-capabilities' content='ocr_page ocr_carea ocr_par ocr_line ocrx_word'/>
</head>
<body>
  <div class='ocr_page' id='page_1' title='image "./srecardinalissb02peltgoog_0659.png"; bbox 0 0 4059 6317; ppageno 0'>
   <div class='ocr_carea' id='block_1_1' title="bbox 934 485 2623 556">
    <p class='ocr_par' dir='ltr' id='par_1_1' title="bbox 934 485 2623 556">
     <span class='ocr_line' id='line_1_1' title="bbox 934 485 2623 556; baseline -0.001 0"><span class='ocrx_word' id='word_1_1' title='bbox 934 490 1033 556; x_wconf 87' lang='lat' dir='ltr'><strong>DE</strong></span> <span class='ocrx_word' id='word_1_2' title='bbox 1072 486 1322 556; x_wconf 87' lang='lat' dir='ltr'><strong>FESTO</strong></span> <span class='ocrx_word' id='word_1_3' title='bbox 1365 485 1682 555; x_wconf 83' lang='lat' dir='ltr'>OMNIUM</span> <span class='ocrx_word' id='word_1_4' title='bbox 1722 486 2221 554; x_wconf 79' lang='lat' dir='ltr'><strong>SANCTORUM.</strong></span> <span class='ocrx_word' id='word_1_5' title='bbox 2267 487 2532 556; x_wconf 80' lang='lat' dir='ltr'>SERMO</span> <span class='ocrx_word' id='word_1_6' title='bbox 2574 488 2623 555; x_wconf 92' lang='lat' dir='ltr'><strong>I.</strong></span> 
     </span>
    </p>
   </div>
   <div class='ocr_carea' id='block_1_2' title="bbox 175 624 1728 2578">
    <p class='ocr_par' dir='ltr' id='par_1_2' title="bbox 175 624 1728 2578">
     <span class='ocr_line' id='line_1_2' title="bbox 183 624 1727 701; baseline -0.002 -18"><span class='ocrx_word' id='word_1_7' title='bbox 183 628 247 684; x_wconf 93' lang='lat' dir='ltr'><strong>ut</strong></span> <span class='ocrx_word' id='word_1_8' title='bbox 261 624 458 701; x_wconf 83' lang='lat' dir='ltr'><strong>pauci.</strong></span> <span class='ocrx_word' id='word_1_9' title='bbox 485 627 552 685; x_wconf 88' lang='lat' dir='ltr'><strong>In</strong></span> <span class='ocrx_word' id='word_1_10' title='bbox 576 624 690 685; x_wconf 88' lang='lat' dir='ltr'><strong>hac</strong></span> <span class='ocrx_word' id='word_1_11' title='bbox 712 640 858 700; x_wconf 89' lang='lat' dir='ltr'><strong>ergo</strong></span> <span class='ocrx_word' id='word_1_12' title='bbox 887 625 1073 685; x_wconf 90' lang='lat' dir='ltr'><strong>domo</strong></span> <span class='ocrx_word' id='word_1_13' title='bbox 1108 626 1333 687; x_wconf 86' lang='lat' dir='ltr'><strong>secreta</strong></span> <span class='ocrx_word' id='word_1_14' title='bbox 1373 626 1512 682; x_wconf 88' lang='lat' dir='ltr'><strong>sunt</strong></span> <span class='ocrx_word' id='word_1_15' title='bbox 1537 628 1727 698; x_wconf 78' lang='lat' dir='ltr'><strong>Apos-</strong></span> 
     </span>
     <span class='ocr_line' id='line_1_3' title="bbox 182 716 1727 793; baseline -0.001 -16"><span class='ocrx_word' id='word_1_16' title='bbox 182 719 308 789; x_wconf 89' lang='lat' dir='ltr'><strong>toli,</strong></span> <span class='ocrx_word' id='word_1_17' title='bbox 338 718 558 793; x_wconf 86' lang='lat' dir='ltr'><strong>quibus</strong></span> <span class='ocrx_word' id='word_1_18' title='bbox 585 719 868 778; x_wconf 84' lang='lat' dir='ltr'><strong>Dominus</strong></span> <span class='ocrx_word' id='word_1_19' title='bbox 902 717 1191 778; x_wconf 82' lang='lat' dir='ltr'><strong>revelavit</strong></span> <span class='ocrx_word' id='word_1_20' title='bbox 1219 721 1440 777; x_wconf 88' lang='lat' dir='ltr'><strong>secreta</strong></span> <span class='ocrx_word' id='word_1_21' title='bbox 1480 716 1727 777; x_wconf 88' lang='lat' dir='ltr'><strong>consilia</strong></span> 
     </span>
     <span class='ocr_line' id='line_1_4' title="bbox 181 811 1723 886; baseline -0.002 -16"><span class='ocrx_word' id='word_1_22' title='bbox 181 829 309 885; x_wconf 87' lang='lat' dir='ltr'><strong>sua,</strong></span> <span class='ocrx_word' id='word_1_23' title='bbox 340 812 492 872; x_wconf 89' lang='lat' dir='ltr'><strong>sicut</strong></span> <span class='ocrx_word' id='word_1_24' title='bbox 542 813 771 872; x_wconf 87' lang='lat' dir='ltr'><strong>amicis.</strong></span> <span class='ocrx_word' id='word_1_25' title='bbox 802 813 821 847; x_wconf 89' lang='lat'>¹</span> <span class='ocrx_word' id='word_1_26' title='bbox 855 835 884 868; x_wconf 79' lang='grc' dir='ltr'><strong>οι</strong></span> <span class='ocrx_word' id='word_1_27' title='bbox 910 817 1039 873; x_wconf 85' lang='lat' dir='ltr'><strong>Non</strong></span> <span class='ocrx_word' id='word_1_28' title='bbox 1067 811 1317 873; x_wconf 88' lang='lat' dir='ltr'><strong>deerunt</strong></span> <span class='ocrx_word' id='word_1_29' title='bbox 1344 826 1637 886; x_wconf 89' lang='lat' dir='ltr'><strong>pauperes</strong></span> <span class='ocrx_word' id='word_1_30' title='bbox 1661 811 1723 867; x_wconf 92' lang='lat' dir='ltr'><strong>in</strong></span> 
     </span>
     <span class='ocr_line' id='line_1_5' title="bbox 180 905 1727 981; baseline -0.001 -18"><span class='ocrx_word' id='word_1_31' title='bbox 180 909 333 964; x_wconf 88' lang='lat' dir='ltr'><strong>terra</strong></span> <span class='ocrx_word' id='word_1_32' title='bbox 363 905 746 965; x_wconf 78' lang='lat' dir='ltr'><strong>habitationis</strong></span> <span class='ocrx_word' id='word_1_33' title='bbox 773 910 906 965; x_wconf 76' lang='lat' dir='ltr'><strong>tuse.</strong></span> <span class='ocrx_word' id='word_1_34' title='bbox 936 928 967 964; x_wconf 88' lang='grc' dir='ltr'><strong>ιο</strong></span> <span class='ocrx_word' id='word_1_35' title='bbox 984 909 1276 981; x_wconf 77' lang='lat' dir='ltr'>pauperes</span> <span class='ocrx_word' id='word_1_36' title='bbox 1294 905 1532 981; x_wconf 71' lang='lat' dir='ltr'><strong>fuerunt</strong></span> <span class='ocrx_word' id='word_1_37' title='bbox 1545 909 1727 979; x_wconf 82' lang='lat' dir='ltr'><strong>Apos-</strong></span> 
     </span>
     <span class='ocr_line' id='line_1_6' title="bbox 179 998 1727 1075; baseline -0.003 -17"><span class='ocrx_word' id='word_1_38' title='bbox 179 998 308 1069; x_wconf 82' lang='lat' dir='ltr'><strong>toli,</strong></span> <span class='ocrx_word' id='word_1_39' title='bbox 336 1001 443 1074; x_wconf 87' lang='lat' dir='ltr'><strong>qui</strong></span> <span class='ocrx_word' id='word_1_40' title='bbox 469 1000 671 1059; x_wconf 89' lang='lat' dir='ltr'><strong>omnia</strong></span> <span class='ocrx_word' id='word_1_41' title='bbox 698 1016 811 1075; x_wconf 88' lang='lat' dir='ltr'><strong>pro</strong></span> <span class='ocrx_word' id='word_1_42' title='bbox 838 1000 1064 1059; x_wconf 85' lang='lat' dir='ltr'><strong>Christo</strong></span> <span class='ocrx_word' id='word_1_43' title='bbox 1082 998 1465 1074; x_wconf 90' lang='lat' dir='ltr'><strong>reliquerunt,</strong></span> <span class='ocrx_word' id='word_1_44' title='bbox 1501 1001 1568 1055; x_wconf 91' lang='lat' dir='ltr'><strong>ut</strong></span> <span class='ocrx_word' id='word_1_45' title='bbox 1580 1013 1727 1073; x_wconf 64' lang='lat' dir='ltr'><strong>pras-</strong></span> 
     </span>
     <span class='ocr_line' id='line_1_7' title="bbox 179 1093 1724 1172; baseline -0.003 -17"><span class='ocrx_word' id='word_1_46' title='bbox 179 1096 391 1155; x_wconf 89' lang='lat' dir='ltr'><strong>berent</strong></span> <span class='ocrx_word' id='word_1_47' title='bbox 410 1099 434 1153; x_wconf 85' lang='grc'><strong>1</strong></span> <span class='ocrx_word' id='word_1_48' title='bbox 450 1135 466 1153; x_wconf 92' lang='grc'><strong>.</strong></span> <span class='ocrx_word' id='word_1_49' title='bbox 483 1097 824 1172; x_wconf 84' lang='lat' dir='ltr'><strong>exemplum</strong></span> <span class='ocrx_word' id='word_1_50' title='bbox 861 1095 1169 1167; x_wconf 78' lang='lat' dir='ltr'><strong>imitabile,</strong></span> <span class='ocrx_word' id='word_1_51' title='bbox 1198 1095 1341 1169; x_wconf 86' lang='lat' dir='ltr'><strong>quia</strong></span> <span class='ocrx_word' id='word_1_52' title='bbox 1361 1094 1562 1153; x_wconf 87' lang='lat' dir='ltr'><strong>omnia</strong></span> <span class='ocrx_word' id='word_1_53' title='bbox 1588 1093 1724 1152; x_wconf 90' lang='lat' dir='ltr'><strong>reli-</strong></span> 
     </span>
     <span class='ocr_line' id='line_1_8' title="bbox 181 1188 1727 1265; baseline -0.003 -15"><span class='ocrx_word' id='word_1_54' title='bbox 181 1194 478 1265; x_wconf 87' lang='lat' dir='ltr'><strong>querunt;</strong></span> <span class='ocrx_word' id='word_1_55' title='bbox 504 1193 564 1250; x_wconf 80' lang='lat'><strong>2.</strong></span> <span class='ocrx_word' id='word_1_56' title='bbox 611 1190 924 1250; x_wconf 90' lang='lat' dir='ltr'><strong>consilium</strong></span> <span class='ocrx_word' id='word_1_57' title='bbox 962 1188 1370 1263; x_wconf 75' lang='lat' dir='ltr'><strong>irrefragabile</strong></span> <span class='ocrx_word' id='word_1_58' title='bbox 1395 1191 1419 1225; x_wconf 80' lang='lat'>²</span> <span class='ocrx_word' id='word_1_59' title='bbox 1450 1207 1465 1245; x_wconf 77' lang='lat' dir='ltr'><em>z</em></span> <span class='ocrx_word' id='word_1_60' title='bbox 1498 1206 1527 1241; x_wconf 76' lang='grc' dir='ltr'><strong>α</strong></span> <span class='ocrx_word' id='word_1_61' title='bbox 1553 1189 1611 1248; x_wconf 90' lang='lat' dir='ltr'><strong>Si</strong></span> <span class='ocrx_word' id='word_1_62' title='bbox 1635 1190 1727 1245; x_wconf 81' lang='lat' dir='ltr'><strong>vis</strong></span> 
     </span>
     <span class='ocr_line' id='line_1_9' title="bbox 181 1280 1724 1360; baseline -0.002 -17"><span class='ocrx_word' id='word_1_63' title='bbox 181 1300 309 1343; x_wconf 86' lang='lat' dir='ltr'><strong>esse</strong></span> <span class='ocrx_word' id='word_1_64' title='bbox 335 1284 627 1360; x_wconf 85' lang='lat' dir='ltr'><strong>perfectus</strong></span> <span class='ocrx_word' id='word_1_65' title='bbox 642 1327 662 1356; x_wconf 93' lang='lat'><strong>,</strong></span> <span class='ocrx_word' id='word_1_66' title='bbox 689 1306 717 1340; x_wconf 99' lang='grc' dir='ltr'><strong>ιο</strong></span> <span class='ocrx_word' id='word_1_67' title='bbox 751 1288 864 1345; x_wconf 87' lang='lat' dir='ltr'><strong>etc.</strong></span> <span class='ocrx_word' id='word_1_68' title='bbox 894 1290 949 1344; x_wconf 82' lang='lat'><strong>3.</strong></span> <span class='ocrx_word' id='word_1_69' title='bbox 976 1283 1273 1343; x_wconf 80' lang='lat' dir='ltr'><strong>Auxilium</strong></span> <span class='ocrx_word' id='word_1_70' title='bbox 1300 1280 1724 1356; x_wconf 78' lang='lat' dir='ltr'><strong>insuperabile,</strong></span> 
     </span>
     <span class='ocr_line' id='line_1_10' title="bbox 182 1377 1727 1454; baseline -0.004 -15"><span class='ocrx_word' id='word_1_71' title='bbox 182 1380 471 1439; x_wconf 88' lang='lat' dir='ltr'><strong>Christum</strong></span> <span class='ocrx_word' id='word_1_72' title='bbox 513 1380 735 1438; x_wconf 89' lang='lat' dir='ltr'><strong>scilicet</strong></span> <span class='ocrx_word' id='word_1_73' title='bbox 753 1422 772 1451; x_wconf 90' lang='lat'><strong>,</strong></span> <span class='ocrx_word' id='word_1_74' title='bbox 803 1378 909 1454; x_wconf 84' lang='lat' dir='ltr'><strong>qui</strong></span> <span class='ocrx_word' id='word_1_75' title='bbox 939 1378 1081 1437; x_wconf 90' lang='lat' dir='ltr'><strong>dicit</strong></span> <span class='ocrx_word' id='word_1_76' title='bbox 1116 1377 1192 1436; x_wconf 88' lang='lat' dir='ltr'><strong>de</strong></span> <span class='ocrx_word' id='word_1_77' title='bbox 1219 1393 1283 1435; x_wconf 89' lang='lat' dir='ltr'><strong>se</strong></span> <span class='ocrx_word' id='word_1_78' title='bbox 1309 1378 1331 1414; x_wconf 84' lang='lat'>⁸</span> <span class='ocrx_word' id='word_1_79' title='bbox 1361 1395 1376 1434; x_wconf 90' lang='lat'>:</span> <span class='ocrx_word' id='word_1_80' title='bbox 1415 1396 1444 1432; x_wconf 77' lang='grc' dir='ltr'><strong>α</strong></span> <span class='ocrx_word' id='word_1_81' title='bbox 1467 1380 1589 1449; x_wconf 86' lang='lat' dir='ltr'><strong>Ego</strong></span> <span class='ocrx_word' id='word_1_82' title='bbox 1622 1392 1727 1434; x_wconf 90' lang='lat' dir='ltr'><strong>au-</strong></span> 
     </span>
     <span class='ocr_line' id='line_1_11' title="bbox 180 1470 1726 1547; baseline -0.003 -16"><span class='ocrx_word' id='word_1_83' title='bbox 180 1475 302 1531; x_wconf 85' lang='lat' dir='ltr'><strong>tem</strong></span> <span class='ocrx_word' id='word_1_84' title='bbox 339 1473 647 1532; x_wconf 86' lang='lat' dir='ltr'><strong>mendicus</strong></span> <span class='ocrx_word' id='word_1_85' title='bbox 681 1489 813 1531; x_wconf 82' lang='lat' dir='ltr'><strong>sum</strong></span> <span class='ocrx_word' id='word_1_86' title='bbox 831 1515 853 1543; x_wconf 89' lang='lat'><strong>,</strong></span> <span class='ocrx_word' id='word_1_87' title='bbox 898 1475 957 1531; x_wconf 90' lang='lat' dir='ltr'><strong>et</strong></span> <span class='ocrx_word' id='word_1_88' title='bbox 987 1487 1235 1547; x_wconf 79' lang='lat' dir='ltr'><strong>pauper.</strong></span> <span class='ocrx_word' id='word_1_89' title='bbox 1264 1491 1293 1527; x_wconf 86' lang='grc' dir='ltr'><strong>ιο</strong></span> <span class='ocrx_word' id='word_1_90' title='bbox 1332 1476 1387 1529; x_wconf 75' lang='grc'><strong>4.</strong></span> <span class='ocrx_word' id='word_1_91' title='bbox 1414 1470 1726 1528; x_wconf 79' lang='lat' dir='ltr'><strong>Praemium</strong></span> 
     </span>
     <span class='ocr_line' id='line_1_12' title="bbox 180 1563 1727 1643; baseline -0.003 -16"><span class='ocrx_word' id='word_1_92' title='bbox 180 1566 671 1643; x_wconf 78' lang='lat' dir='ltr'><strong>incomparabile,</strong></span> <span class='ocrx_word' id='word_1_93' title='bbox 713 1567 857 1642; x_wconf 86' lang='lat' dir='ltr'><strong>quia</strong></span> <span class='ocrx_word' id='word_1_94' title='bbox 901 1582 1151 1639; x_wconf 88' lang='lat' dir='ltr'><strong>regnum</strong></span> <span class='ocrx_word' id='word_1_95' title='bbox 1200 1564 1509 1624; x_wconf 88' lang='lat' dir='ltr'><strong>coelorum.</strong></span> <span class='ocrx_word' id='word_1_96' title='bbox 1557 1563 1727 1622; x_wconf 88' lang='lat' dir='ltr'><strong>Falsa</strong></span> 
     </span>
     <span class='ocr_line' id='line_1_13' title="bbox 182 1658 1727 1736; baseline -0.003 -16"><span class='ocrx_word' id='word_1_97' title='bbox 182 1661 343 1720; x_wconf 88' lang='lat' dir='ltr'><strong>enim</strong></span> <span class='ocrx_word' id='word_1_98' title='bbox 385 1661 673 1736; x_wconf 90' lang='lat' dir='ltr'><strong>sapientia</strong></span> <span class='ocrx_word' id='word_1_99' title='bbox 715 1660 911 1720; x_wconf 64' lang='lat' dir='ltr'><strong>mculi</strong></span> <span class='ocrx_word' id='word_1_100' title='bbox 931 1704 951 1733; x_wconf 95' lang='lat'><strong>,</strong></span> <span class='ocrx_word' id='word_1_101' title='bbox 998 1660 1123 1718; x_wconf 90' lang='lat' dir='ltr'><strong>imo</strong></span> <span class='ocrx_word' id='word_1_102' title='bbox 1163 1676 1309 1718; x_wconf 81' lang='lat' dir='ltr'><strong>vera</strong></span> <span class='ocrx_word' id='word_1_103' title='bbox 1350 1658 1588 1717; x_wconf 87' lang='lat' dir='ltr'><strong>stultitia</strong></span> <span class='ocrx_word' id='word_1_104' title='bbox 1622 1673 1727 1733; x_wconf 91' lang='lat' dir='ltr'><strong>po-</strong></span> 
     </span>
     <span class='ocr_line' id='line_1_14' title="bbox 178 1750 1722 1829; baseline -0.003 -15"><span class='ocrx_word' id='word_1_105' title='bbox 178 1755 308 1829; x_wconf 91' lang='lat' dir='ltr'><strong>puli</strong></span> <span class='ocrx_word' id='word_1_106' title='bbox 334 1755 514 1828; x_wconf 87' lang='lat' dir='ltr'><strong>illius,</strong></span> <span class='ocrx_word' id='word_1_107' title='bbox 540 1755 709 1829; x_wconf 85' lang='lat' dir='ltr'><strong>cujus</strong></span> <span class='ocrx_word' id='word_1_108' title='bbox 738 1755 981 1813; x_wconf 84' lang='lat' dir='ltr'><strong>dextera</strong></span> <span class='ocrx_word' id='word_1_109' title='bbox 1016 1754 1199 1829; x_wconf 90' lang='lat' dir='ltr'><strong>plena</strong></span> <span class='ocrx_word' id='word_1_110' title='bbox 1243 1752 1547 1827; x_wconf 83' lang='lat' dir='ltr'><strong>iniquitate</strong></span> <span class='ocrx_word' id='word_1_111' title='bbox 1566 1793 1587 1823; x_wconf 93' lang='lat'><strong>,</strong></span> <span class='ocrx_word' id='word_1_112' title='bbox 1616 1754 1674 1810; x_wconf 90' lang='lat' dir='ltr'><strong>et</strong></span> <span class='ocrx_word' id='word_1_113' title='bbox 1698 1750 1722 1784; x_wconf 76' lang='lat'><strong>⁴</strong></span> 
     </span>
     <span class='ocr_line' id='line_1_15' title="bbox 184 1845 1724 1924; baseline 0 -21"><span class='ocrx_word' id='word_1_114' title='bbox 184 1868 213 1903; x_wconf 73' lang='grc' dir='ltr'>ι</span> <span class='ocrx_word' id='word_1_115' title='bbox 236 1848 648 1924; x_wconf 89' lang='lat' dir='ltr'><strong>promptuaria</strong></span> <span class='ocrx_word' id='word_1_116' title='bbox 683 1864 893 1906; x_wconf 91' lang='lat' dir='ltr'><strong>eorum</strong></span> <span class='ocrx_word' id='word_1_117' title='bbox 919 1848 1129 1923; x_wconf 90' lang='lat' dir='ltr'><strong>plena,</strong></span> <span class='ocrx_word' id='word_1_118' title='bbox 1160 1846 1483 1906; x_wconf 81' lang='lat' dir='ltr'><strong>eructantia</strong></span> <span class='ocrx_word' id='word_1_119' title='bbox 1507 1862 1580 1904; x_wconf 84' lang='lat' dir='ltr'><strong>ex</strong></span> <span class='ocrx_word' id='word_1_120' title='bbox 1608 1845 1724 1904; x_wconf 91' lang='lat' dir='ltr'><strong>hoc</strong></span> 
     </span>
     <span class='ocr_line' id='line_1_16' title="bbox 179 1940 1726 2017; baseline -0.001 -17"><span class='ocrx_word' id='word_1_121' title='bbox 179 1943 242 2001; x_wconf 92' lang='lat' dir='ltr'><strong>in</strong></span> <span class='ocrx_word' id='word_1_122' title='bbox 266 1942 451 2013; x_wconf 90' lang='lat' dir='ltr'><strong>illud,</strong></span> <span class='ocrx_word' id='word_1_123' title='bbox 476 1943 721 2001; x_wconf 88' lang='lat' dir='ltr'><strong>beatum</strong></span> <span class='ocrx_word' id='word_1_124' title='bbox 762 1942 1038 2000; x_wconf 86' lang='lat' dir='ltr'><strong>dixerunt</strong></span> <span class='ocrx_word' id='word_1_125' title='bbox 1079 1940 1377 2017; x_wconf 87' lang='lat' dir='ltr'><strong>populum</strong></span> <span class='ocrx_word' id='word_1_126' title='bbox 1397 1983 1417 2013; x_wconf 96' lang='lat'><strong>,</strong></span> <span class='ocrx_word' id='word_1_127' title='bbox 1459 1940 1556 1998; x_wconf 90' lang='lat' dir='ltr'><strong>cui</strong></span> <span class='ocrx_word' id='word_1_128' title='bbox 1599 1940 1726 1999; x_wconf 77' lang='lat' dir='ltr'><strong>haec</strong></span> 
     </span>
     <span class='ocr_line' id='line_1_17' title="bbox 177 2034 1728 2110; baseline 0 -17"><span class='ocrx_word' id='word_1_129' title='bbox 177 2041 352 2110; x_wconf 90' lang='lat' dir='ltr'><strong>sunt,</strong></span> <span class='ocrx_word' id='word_1_130' title='bbox 398 2056 429 2092; x_wconf 88' lang='grc' dir='ltr'><strong>ιο</strong></span> <span class='ocrx_word' id='word_1_131' title='bbox 461 2040 519 2094; x_wconf 91' lang='lat' dir='ltr'><strong>et</strong></span> <span class='ocrx_word' id='word_1_132' title='bbox 559 2052 683 2094; x_wconf 91' lang='lat' dir='ltr'><strong>non</strong></span> <span class='ocrx_word' id='word_1_133' title='bbox 719 2054 751 2091; x_wconf 78' lang='grc' dir='ltr'><strong>α</strong></span> <span class='ocrx_word' id='word_1_134' title='bbox 786 2035 1059 2107; x_wconf 87' lang='lat' dir='ltr'><strong>beatum,</strong></span> <span class='ocrx_word' id='word_1_135' title='bbox 1105 2037 1276 2108; x_wconf 83' lang='lat' dir='ltr'><strong>cujus</strong></span> <span class='ocrx_word' id='word_1_136' title='bbox 1315 2040 1401 2093; x_wconf 90' lang='lat' dir='ltr'><strong>est</strong></span> <span class='ocrx_word' id='word_1_137' title='bbox 1443 2034 1728 2093; x_wconf 83' lang='lat' dir='ltr'><strong>Dominus</strong></span> 
     </span>
     <span class='ocr_line' id='line_1_18' title="bbox 179 2127 1723 2205; baseline -0.001 -17"><span class='ocrx_word' id='word_1_138' title='bbox 179 2132 331 2188; x_wconf 90' lang='lat' dir='ltr'><strong>Deus</strong></span> <span class='ocrx_word' id='word_1_139' title='bbox 356 2131 505 2204; x_wconf 74' lang='lat' dir='ltr'><strong>eJus.</strong></span> <span class='ocrx_word' id='word_1_140' title='bbox 535 2149 564 2184; x_wconf 93' lang='grc' dir='ltr'><strong>ιο</strong></span> <span class='ocrx_word' id='word_1_141' title='bbox 593 2130 758 2188; x_wconf 88' lang='lat' dir='ltr'><strong>Unde</strong></span> <span class='ocrx_word' id='word_1_142' title='bbox 788 2130 1132 2205; x_wconf 85' lang='lat' dir='ltr'><strong>philosophi</strong></span> <span class='ocrx_word' id='word_1_143' title='bbox 1161 2127 1591 2188; x_wconf 89' lang='lat' dir='ltr'><strong>beatitudinem</strong></span> <span class='ocrx_word' id='word_1_144' title='bbox 1613 2128 1723 2187; x_wconf 79' lang='lat' dir='ltr'><strong>ial-</strong></span> 
     </span>
     <span class='ocr_line' id='line_1_19' title="bbox 177 2222 1726 2298; baseline -0.002 -16"><span class='ocrx_word' id='word_1_145' title='bbox 177 2224 372 2282; x_wconf 91' lang='lat' dir='ltr'><strong>lacem</strong></span> <span class='ocrx_word' id='word_1_146' title='bbox 407 2223 715 2291; x_wconf 87' lang='lat' dir='ltr'><strong>dicebant,</strong></span> <span class='ocrx_word' id='word_1_147' title='bbox 759 2224 883 2282; x_wconf 88' lang='lat' dir='ltr'><strong>sive</strong></span> <span class='ocrx_word' id='word_1_148' title='bbox 920 2223 1228 2298; x_wconf 87' lang='lat' dir='ltr'><strong>ponebant</strong></span> <span class='ocrx_word' id='word_1_149' title='bbox 1253 2223 1317 2280; x_wconf 90' lang='lat' dir='ltr'><strong>in</strong></span> <span class='ocrx_word' id='word_1_150' title='bbox 1345 2222 1583 2280; x_wconf 85' lang='lat' dir='ltr'><strong>divitiis.</strong></span> <span class='ocrx_word' id='word_1_151' title='bbox 1610 2223 1726 2281; x_wconf 90' lang='lat' dir='ltr'><strong>Sed</strong></span> 
     </span>
     <span class='ocr_line' id='line_1_20' title="bbox 176 2316 1727 2391; baseline -0.001 -16"><span class='ocrx_word' id='word_1_152' title='bbox 176 2332 303 2375; x_wconf 92' lang='lat' dir='ltr'><strong>non</strong></span> <span class='ocrx_word' id='word_1_153' title='bbox 331 2317 416 2375; x_wconf 89' lang='lat' dir='ltr'><strong>sic</strong></span> <span class='ocrx_word' id='word_1_154' title='bbox 442 2318 607 2375; x_wconf 90' lang='lat' dir='ltr'><strong>solus</strong></span> <span class='ocrx_word' id='word_1_155' title='bbox 643 2321 700 2375; x_wconf 94' lang='lat' dir='ltr'><strong>et</strong></span> <span class='ocrx_word' id='word_1_156' title='bbox 735 2317 982 2390; x_wconf 84' lang='lat' dir='ltr'><strong>beatus3</strong></span> <span class='ocrx_word' id='word_1_157' title='bbox 1019 2317 1127 2375; x_wconf 88' lang='lat' dir='ltr'><strong>sed</strong></span> <span class='ocrx_word' id='word_1_158' title='bbox 1168 2316 1273 2391; x_wconf 84' lang='lat' dir='ltr'><strong>qui</strong></span> <span class='ocrx_word' id='word_1_159' title='bbox 1300 2316 1727 2375; x_wconf 88' lang='lat' dir='ltr'><strong>beatitudinem</strong></span> 
     </span>
     <span class='ocr_line' id='line_1_21' title="bbox 175 2410 1726 2486; baseline -0.001 -18"><span class='ocrx_word' id='word_1_160' title='bbox 175 2410 241 2468; x_wconf 90' lang='lat' dir='ltr'><strong>in</strong></span> <span class='ocrx_word' id='word_1_161' title='bbox 275 2415 622 2486; x_wconf 89' lang='lat' dir='ltr'><strong>paupertate</strong></span> <span class='ocrx_word' id='word_1_162' title='bbox 665 2412 904 2486; x_wconf 91' lang='lat' dir='ltr'><strong>posuit,</strong></span> <span class='ocrx_word' id='word_1_163' title='bbox 950 2412 1057 2485; x_wconf 91' lang='lat' dir='ltr'><strong>qui</strong></span> <span class='ocrx_word' id='word_1_164' title='bbox 1109 2427 1338 2486; x_wconf 87' lang='lat' dir='ltr'><strong>pauper</strong></span> <span class='ocrx_word' id='word_1_165' title='bbox 1386 2413 1559 2469; x_wconf 88' lang='lat' dir='ltr'><strong>natus</strong></span> <span class='ocrx_word' id='word_1_166' title='bbox 1605 2413 1726 2481; x_wconf 91' lang='lat' dir='ltr'><strong>est,</strong></span> 
     </span>
     <span class='ocr_line' id='line_1_22' title="bbox 176 2503 1721 2578; baseline 0 -17"><span class='ocrx_word' id='word_1_167' title='bbox 176 2504 345 2576; x_wconf 78' lang='lat' dir='ltr'><strong>vixit,</strong></span> <span class='ocrx_word' id='word_1_168' title='bbox 378 2504 526 2563; x_wconf 88' lang='lat' dir='ltr'><strong>obiit</strong></span> <span class='ocrx_word' id='word_1_169' title='bbox 553 2523 568 2562; x_wconf 88' lang='lat'>:</span> <span class='ocrx_word' id='word_1_170' title='bbox 599 2505 712 2562; x_wconf 92' lang='lat' dir='ltr'><strong>nisi</strong></span> <span class='ocrx_word' id='word_1_171' title='bbox 739 2509 890 2564; x_wconf 87' lang='lat' dir='ltr'><strong>esset</strong></span> <span class='ocrx_word' id='word_1_172' title='bbox 916 2505 1067 2562; x_wconf 91' lang='lat' dir='ltr'><strong>sicut</strong></span> <span class='ocrx_word' id='word_1_173' title='bbox 1079 2505 1184 2564; x_wconf 89' lang='lat' dir='ltr'><strong>iste</strong></span> <span class='ocrx_word' id='word_1_174' title='bbox 1214 2504 1401 2576; x_wconf 86' lang='lat' dir='ltr'><strong>dives,</strong></span> <span class='ocrx_word' id='word_1_175' title='bbox 1425 2503 1637 2578; x_wconf 86' lang='lat' dir='ltr'><strong>dequo</strong></span> <span class='ocrx_word' id='word_1_176' title='bbox 1662 2504 1721 2561; x_wconf 80' lang='lat'><strong>⁸:</strong></span> 
     </span>
    </p>
   </div>
   <div class='ocr_carea' id='block_1_3' title="bbox 77 2598 1722 2673">
    <p class='ocr_par' dir='ltr' id='par_1_3' title="bbox 77 2598 1722 2673">
     <span class='ocr_line' id='line_1_23' title="bbox 77 2598 1722 2673; baseline 0.002 -20"><span class='ocrx_word' id='word_1_177' title='bbox 77 2614 87 2623; x_wconf 86' lang='lat'>·</span> <span class='ocrx_word' id='word_1_178' title='bbox 181 2617 212 2651; x_wconf 82' lang='grc' dir='ltr'><strong>οι</strong></span> <span class='ocrx_word' id='word_1_179' title='bbox 235 2601 446 2656; x_wconf 87' lang='lat' dir='ltr'><strong>Beatus</strong></span> <span class='ocrx_word' id='word_1_180' title='bbox 473 2599 660 2671; x_wconf 84' lang='lat' dir='ltr'><strong>dives,</strong></span> <span class='ocrx_word' id='word_1_181' title='bbox 691 2599 795 2673; x_wconf 86' lang='lat' dir='ltr'><strong>qui</strong></span> <span class='ocrx_word' id='word_1_182' title='bbox 824 2602 960 2673; x_wconf 89' lang='lat' dir='ltr'><strong>post</strong></span> <span class='ocrx_word' id='word_1_183' title='bbox 987 2614 1201 2657; x_wconf 84' lang='lat' dir='ltr'><strong>aurum</strong></span> <span class='ocrx_word' id='word_1_184' title='bbox 1229 2614 1353 2656; x_wconf 91' lang='lat' dir='ltr'><strong>non</strong></span> <span class='ocrx_word' id='word_1_185' title='bbox 1367 2598 1532 2669; x_wconf 86' lang='lat' dir='ltr'><strong>abiit,</strong></span> <span class='ocrx_word' id='word_1_186' title='bbox 1552 2618 1579 2650; x_wconf 85' lang='grc' dir='ltr'><strong>ιι</strong></span> <span class='ocrx_word' id='word_1_187' title='bbox 1613 2601 1722 2657; x_wconf 85' lang='lat' dir='ltr'><strong>etc.</strong></span> 
     </span>
    </p>
   </div>
   <div class='ocr_carea' id='block_1_4' title="bbox 170 2691 1732 5113">
    <p class='ocr_par' dir='ltr' id='par_1_4' title="bbox 173 2691 1729 3687">
     <span class='ocr_line' id='line_1_24' title="bbox 183 2691 1728 2765; baseline 0.001 -17"><span class='ocrx_word' id='word_1_188' title='bbox 183 2711 213 2748; x_wconf 84' lang='grc' dir='ltr'><strong>οι</strong></span> <span class='ocrx_word' id='word_1_189' title='bbox 239 2691 382 2761; x_wconf 86' lang='lat' dir='ltr'><strong>Quis</strong></span> <span class='ocrx_word' id='word_1_190' title='bbox 409 2696 496 2750; x_wconf 89' lang='lat' dir='ltr'><strong>est</strong></span> <span class='ocrx_word' id='word_1_191' title='bbox 520 2691 617 2749; x_wconf 90' lang='lat' dir='ltr'><strong>hic</strong></span> <span class='ocrx_word' id='word_1_192' title='bbox 634 2693 664 2748; x_wconf 74' lang='lat'><strong>⁶?</strong></span> <span class='ocrx_word' id='word_1_193' title='bbox 689 2712 719 2747; x_wconf 90' lang='grc' dir='ltr'><strong>ιο</strong></span> <span class='ocrx_word' id='word_1_194' title='bbox 749 2696 862 2750; x_wconf 89' lang='lat' dir='ltr'><strong>etc.</strong></span> <span class='ocrx_word' id='word_1_195' title='bbox 892 2693 1031 2764; x_wconf 62' lang='lat' dir='ltr'><strong>Quas</strong></span> <span class='ocrx_word' id='word_1_196' title='bbox 1076 2691 1235 2750; x_wconf 85' lang='lat' dir='ltr'><strong>enim</strong></span> <span class='ocrx_word' id='word_1_197' title='bbox 1283 2692 1514 2765; x_wconf 88' lang='lat' dir='ltr'><strong>maj0ra</strong></span> <span class='ocrx_word' id='word_1_198' title='bbox 1554 2691 1728 2750; x_wconf 90' lang='lat' dir='ltr'><strong>mira-</strong></span> 
     </span>
     <span class='ocr_line' id='line_1_25' title="bbox 176 2784 1728 2860; baseline -0.001 -17"><span class='ocrx_word' id='word_1_199' title='bbox 176 2784 345 2856; x_wconf 85' lang='lat' dir='ltr'><strong>bilia,</strong></span> <span class='ocrx_word' id='word_1_200' title='bbox 375 2801 559 2859; x_wconf 88' lang='lat' dir='ltr'><strong>quam</strong></span> <span class='ocrx_word' id='word_1_201' title='bbox 585 2785 821 2845; x_wconf 84' lang='lat' dir='ltr'><strong>divitias</strong></span> <span class='ocrx_word' id='word_1_202' title='bbox 865 2801 1142 2859; x_wconf 84' lang='lat' dir='ltr'><strong>respuere</strong></span> <span class='ocrx_word' id='word_1_203' title='bbox 1159 2826 1179 2856; x_wconf 96' lang='lat'><strong>,</strong></span> <span class='ocrx_word' id='word_1_204' title='bbox 1215 2801 1366 2860; x_wconf 89' lang='lat' dir='ltr'><strong>quas</strong></span> <span class='ocrx_word' id='word_1_205' title='bbox 1401 2785 1728 2859; x_wconf 88' lang='lat' dir='ltr'><strong>plurimum</strong></span> 
     </span>
     <span class='ocr_line' id='line_1_26' title="bbox 176 2879 1725 2953; baseline -0.001 -16"><span class='ocrx_word' id='word_1_206' title='bbox 176 2883 461 2953; x_wconf 74' lang='lat' dir='ltr'><strong>procurat</strong></span> <span class='ocrx_word' id='word_1_207' title='bbox 486 2879 785 2950; x_wconf 86' lang='lat' dir='ltr'><strong>diabolus,</strong></span> <span class='ocrx_word' id='word_1_208' title='bbox 816 2879 1007 2938; x_wconf 80' lang='lat' dir='ltr'><strong>aufert</strong></span> <span class='ocrx_word' id='word_1_209' title='bbox 1031 2879 1325 2949; x_wconf 91' lang='lat' dir='ltr'><strong>mundus,</strong></span> <span class='ocrx_word' id='word_1_210' title='bbox 1354 2879 1471 2937; x_wconf 90' lang='lat' dir='ltr'><strong>sitit</strong></span> <span class='ocrx_word' id='word_1_211' title='bbox 1496 2879 1725 2953; x_wconf 90' lang='lat' dir='ltr'><strong>appeti-</strong></span> 
     </span>
     <span class='ocr_line' id='line_1_27' title="bbox 177 2972 1724 3048; baseline 0 -17"><span class='ocrx_word' id='word_1_212' title='bbox 177 2975 272 3031; x_wconf 86' lang='lat' dir='ltr'><strong>tus</strong></span> <span class='ocrx_word' id='word_1_213' title='bbox 283 2976 316 3030; x_wconf 63' lang='grc' dir='ltr'>ἲ</span> <span class='ocrx_word' id='word_1_214' title='bbox 341 2974 406 3031; x_wconf 86' lang='lat' dir='ltr'><strong>ln</strong></span> <span class='ocrx_word' id='word_1_215' title='bbox 417 2972 533 3031; x_wconf 87' lang='lat' dir='ltr'><strong>hac</strong></span> <span class='ocrx_word' id='word_1_216' title='bbox 552 2973 736 3033; x_wconf 90' lang='lat' dir='ltr'><strong>domo</strong></span> <span class='ocrx_word' id='word_1_217' title='bbox 753 2989 878 3032; x_wconf 89' lang='lat' dir='ltr'><strong>non</strong></span> <span class='ocrx_word' id='word_1_218' title='bbox 893 2973 1166 3031; x_wconf 87' lang='lat' dir='ltr'><strong>habitant</strong></span> <span class='ocrx_word' id='word_1_219' title='bbox 1180 2973 1421 3048; x_wconf 90' lang='lat' dir='ltr'><strong>superbi</strong></span> <span class='ocrx_word' id='word_1_220' title='bbox 1439 2972 1650 3031; x_wconf 87' lang='lat' dir='ltr'><strong>divites</strong></span> <span class='ocrx_word' id='word_1_221' title='bbox 1667 2975 1690 3011; x_wconf 78' lang='lat'>⁸</span> <span class='ocrx_word' id='word_1_222' title='bbox 1709 2990 1724 3031; x_wconf 72' lang='grc' dir='ltr'><em>τ</em></span> 
     </span>
     <span class='ocr_line' id='line_1_28' title="bbox 184 3065 1728 3141; baseline 0.001 -16"><span class='ocrx_word' id='word_1_223' title='bbox 184 3087 214 3118; x_wconf 82' lang='grc' dir='ltr'><strong>α</strong></span> <span class='ocrx_word' id='word_1_224' title='bbox 240 3070 373 3125; x_wconf 86' lang='lat' dir='ltr'><strong>Non</strong></span> <span class='ocrx_word' id='word_1_225' title='bbox 399 3066 688 3124; x_wconf 83' lang='lat' dir='ltr'><strong>habitavit</strong></span> <span class='ocrx_word' id='word_1_226' title='bbox 712 3066 777 3126; x_wconf 90' lang='lat' dir='ltr'><strong>in</strong></span> <span class='ocrx_word' id='word_1_227' title='bbox 822 3066 1023 3126; x_wconf 89' lang='lat' dir='ltr'><strong>medio</strong></span> <span class='ocrx_word' id='word_1_228' title='bbox 1070 3067 1286 3125; x_wconf 90' lang='lat' dir='ltr'><strong>domus</strong></span> <span class='ocrx_word' id='word_1_229' title='bbox 1325 3082 1474 3125; x_wconf 81' lang='lat' dir='ltr'><strong>mese</strong></span> <span class='ocrx_word' id='word_1_230' title='bbox 1512 3066 1616 3141; x_wconf 90' lang='lat' dir='ltr'><strong>qui</strong></span> <span class='ocrx_word' id='word_1_231' title='bbox 1640 3065 1728 3126; x_wconf 79' lang='lat' dir='ltr'><strong>fa-</strong></span> 
     </span>
     <span class='ocr_line' id='line_1_29' title="bbox 176 3159 1724 3235; baseline 0 -18"><span class='ocrx_word' id='word_1_232' title='bbox 176 3160 259 3218; x_wconf 92' lang='lat' dir='ltr'><strong>cit</strong></span> <span class='ocrx_word' id='word_1_233' title='bbox 286 3160 630 3235; x_wconf 80' lang='lat' dir='ltr'><strong>superbiam</strong></span> <span class='ocrx_word' id='word_1_234' title='bbox 647 3180 675 3214; x_wconf 88' lang='grc' dir='ltr'><strong>ιο</strong></span> <span class='ocrx_word' id='word_1_235' title='bbox 710 3181 728 3218; x_wconf 72' lang='grc' dir='ltr'><strong><em>ε</em></strong></span> <span class='ocrx_word' id='word_1_236' title='bbox 758 3159 863 3218; x_wconf 89' lang='lat' dir='ltr'><strong>sed</strong></span> <span class='ocrx_word' id='word_1_237' title='bbox 882 3160 1150 3218; x_wconf 89' lang='lat' dir='ltr'><strong>habitant</strong></span> <span class='ocrx_word' id='word_1_238' title='bbox 1166 3176 1304 3218; x_wconf 89' lang='lat' dir='ltr'><strong>cum</strong></span> <span class='ocrx_word' id='word_1_239' title='bbox 1328 3160 1724 3231; x_wconf 79' lang='lat' dir='ltr'><strong>daemonibus,</strong></span> 
     </span>
     <span class='ocr_line' id='line_1_30' title="bbox 174 3253 1723 3328; baseline -0.001 -15"><span class='ocrx_word' id='word_1_240' title='bbox 174 3255 256 3313; x_wconf 90' lang='lat' dir='ltr'><strong>ab</strong></span> <span class='ocrx_word' id='word_1_241' title='bbox 281 3254 393 3312; x_wconf 85' lang='lat' dir='ltr'><strong>illa</strong></span> <span class='ocrx_word' id='word_1_242' title='bbox 419 3253 614 3327; x_wconf 73' lang='lat' dir='ltr'><strong>eiectis</strong></span> <span class='ocrx_word' id='word_1_243' title='bbox 639 3253 1001 3313; x_wconf 82' lang='lat' dir='ltr'><strong>habitatione</strong></span> <span class='ocrx_word' id='word_1_244' title='bbox 1027 3270 1137 3328; x_wconf 93' lang='lat' dir='ltr'><strong>pro</strong></span> <span class='ocrx_word' id='word_1_245' title='bbox 1166 3270 1376 3312; x_wconf 90' lang='lat' dir='ltr'><strong>eorum</strong></span> <span class='ocrx_word' id='word_1_246' title='bbox 1404 3253 1658 3312; x_wconf 86' lang='lat' dir='ltr'><strong>elatione</strong></span> <span class='ocrx_word' id='word_1_247' title='bbox 1674 3256 1723 3311; x_wconf 79' lang='lat'><strong>⁷:</strong></span> 
     </span>
     <span class='ocr_line' id='line_1_31' title="bbox 179 3347 1724 3422; baseline 0.003 -21"><span class='ocrx_word' id='word_1_248' title='bbox 179 3367 211 3401; x_wconf 67' lang='grc' dir='ltr'><strong><em>κ</em></strong></span> <span class='ocrx_word' id='word_1_249' title='bbox 244 3347 525 3421; x_wconf 86' lang='lat' dir='ltr'><strong>Gigantes</strong></span> <span class='ocrx_word' id='word_1_250' title='bbox 552 3351 799 3420; x_wconf 90' lang='lat' dir='ltr'><strong>gemunt</strong></span> <span class='ocrx_word' id='word_1_251' title='bbox 823 3347 935 3406; x_wconf 89' lang='lat' dir='ltr'><strong>sub</strong></span> <span class='ocrx_word' id='word_1_252' title='bbox 956 3347 1149 3422; x_wconf 88' lang='lat' dir='ltr'><strong>aquis,</strong></span> <span class='ocrx_word' id='word_1_253' title='bbox 1166 3347 1341 3422; x_wconf 85' lang='lat' dir='ltr'><strong>etqui</strong></span> <span class='ocrx_word' id='word_1_254' title='bbox 1359 3347 1629 3405; x_wconf 89' lang='lat' dir='ltr'><strong>habitant</strong></span> <span class='ocrx_word' id='word_1_255' title='bbox 1649 3347 1724 3422; x_wconf 85' lang='lat' dir='ltr'><strong>(a)</strong></span> 
     </span>
     <span class='ocr_line' id='line_1_32' title="bbox 175 3439 1728 3513; baseline 0.001 -14"><span class='ocrx_word' id='word_1_256' title='bbox 175 3458 322 3499; x_wconf 89' lang='lat' dir='ltr'><strong>cum</strong></span> <span class='ocrx_word' id='word_1_257' title='bbox 354 3440 458 3499; x_wconf 91' lang='lat' dir='ltr'><strong>eis.</strong></span> <span class='ocrx_word' id='word_1_258' title='bbox 495 3464 523 3492; x_wconf 71' lang='lat' dir='ltr'><strong>a·</strong></span> <span class='ocrx_word' id='word_1_259' title='bbox 554 3442 576 3477; x_wconf 82' lang='lat'><strong>⁸</strong></span> <span class='ocrx_word' id='word_1_260' title='bbox 607 3462 636 3494; x_wconf 90' lang='lat'>«</span> <span class='ocrx_word' id='word_1_261' title='bbox 661 3439 823 3513; x_wconf 82' lang='lat' dir='ltr'><strong>Elegi</strong></span> <span class='ocrx_word' id='word_1_262' title='bbox 849 3441 1112 3513; x_wconf 78' lang='lat' dir='ltr'><strong>abJectus</strong></span> <span class='ocrx_word' id='word_1_263' title='bbox 1156 3456 1282 3499; x_wconf 91' lang='lat' dir='ltr'><strong>esse</strong></span> <span class='ocrx_word' id='word_1_264' title='bbox 1316 3442 1376 3498; x_wconf 90' lang='lat' dir='ltr'><strong>in</strong></span> <span class='ocrx_word' id='word_1_265' title='bbox 1413 3441 1597 3499; x_wconf 90' lang='lat' dir='ltr'><strong>domo</strong></span> <span class='ocrx_word' id='word_1_266' title='bbox 1627 3442 1728 3500; x_wconf 89' lang='lat' dir='ltr'><strong>Dei</strong></span> 
     </span>
     <span class='ocr_line' id='line_1_33' title="bbox 173 3534 1729 3611; baseline 0.001 -18"><span class='ocrx_word' id='word_1_267' title='bbox 173 3534 323 3606; x_wconf 90' lang='lat' dir='ltr'><strong>mei,</strong></span> <span class='ocrx_word' id='word_1_268' title='bbox 355 3534 546 3608; x_wconf 88' lang='lat' dir='ltr'><strong>magis</strong></span> <span class='ocrx_word' id='word_1_269' title='bbox 572 3550 758 3609; x_wconf 89' lang='lat' dir='ltr'><strong>quam</strong></span> <span class='ocrx_word' id='word_1_270' title='bbox 771 3534 1046 3593; x_wconf 86' lang='lat' dir='ltr'><strong>habitare</strong></span> <span class='ocrx_word' id='word_1_271' title='bbox 1080 3534 1143 3592; x_wconf 88' lang='lat' dir='ltr'><strong>in</strong></span> <span class='ocrx_word' id='word_1_272' title='bbox 1169 3535 1565 3593; x_wconf 83' lang='lat' dir='ltr'><strong>tabernaculis</strong></span> <span class='ocrx_word' id='word_1_273' title='bbox 1593 3553 1729 3611; x_wconf 90' lang='lat' dir='ltr'><strong>pec-</strong></span> 
     </span>
     <span class='ocr_line' id='line_1_34' title="bbox 174 3633 536 3687; baseline -0.011 0"><span class='ocrx_word' id='word_1_274' title='bbox 174 3633 471 3687; x_wconf 90' lang='lat' dir='ltr'><strong>catorum.</strong></span> <span class='ocrx_word' id='word_1_275' title='bbox 507 3650 536 3683; x_wconf 88' lang='grc' dir='ltr'><strong>ιο</strong></span> 
     </span>
    </p>

    <p class='ocr_par' dir='ltr' id='par_1_5' title="bbox 170 3720 1732 5113">
     <span class='ocr_line' id='line_1_35' title="bbox 248 3720 1728 3796; baseline 0.001 -16"><span class='ocrx_word' id='word_1_276' title='bbox 248 3724 510 3793; x_wconf 84' lang='lat' dir='ltr'><strong>Quarto,</strong></span> <span class='ocrx_word' id='word_1_277' title='bbox 556 3720 773 3781; x_wconf 87' lang='lat' dir='ltr'><strong>domus</strong></span> <span class='ocrx_word' id='word_1_278' title='bbox 823 3722 949 3781; x_wconf 81' lang='lat' dir='ltr'><strong>hoec</strong></span> <span class='ocrx_word' id='word_1_279' title='bbox 987 3723 1077 3781; x_wconf 89' lang='lat' dir='ltr'><strong>est</strong></span> <span class='ocrx_word' id='word_1_280' title='bbox 1115 3721 1289 3781; x_wconf 85' lang='lat' dir='ltr'><strong>firma</strong></span> <span class='ocrx_word' id='word_1_281' title='bbox 1336 3727 1394 3780; x_wconf 92' lang='lat' dir='ltr'><strong>et</strong></span> <span class='ocrx_word' id='word_1_282' title='bbox 1440 3724 1687 3782; x_wconf 88' lang='lat' dir='ltr'><strong>robusta</strong></span> <span class='ocrx_word' id='word_1_283' title='bbox 1706 3766 1728 3796; x_wconf 92' lang='lat'><strong>,</strong></span> 
     </span>
     <span class='ocr_line' id='line_1_36' title="bbox 175 3812 1730 3892; baseline 0.002 -19"><span class='ocrx_word' id='word_1_284' title='bbox 175 3816 324 3890; x_wconf 88' lang='lat' dir='ltr'><strong>quia</strong></span> <span class='ocrx_word' id='word_1_285' title='bbox 351 3816 375 3851; x_wconf 77' lang='lat'><strong>⁹</strong></span> <span class='ocrx_word' id='word_1_286' title='bbox 407 3832 437 3869; x_wconf 83' lang='grc' dir='ltr'><strong>οι</strong></span> <span class='ocrx_word' id='word_1_287' title='bbox 464 3812 711 3873; x_wconf 82' lang='lat' dir='ltr'><strong>fundata</strong></span> <span class='ocrx_word' id='word_1_288' title='bbox 747 3820 833 3873; x_wconf 91' lang='lat' dir='ltr'><strong>est</strong></span> <span class='ocrx_word' id='word_1_289' title='bbox 868 3838 898 3870; x_wconf 87' lang='grc' dir='ltr'><strong>ιο</strong></span> <span class='ocrx_word' id='word_1_290' title='bbox 947 3815 1161 3876; x_wconf 91' lang='lat' dir='ltr'><strong>domus</strong></span> <span class='ocrx_word' id='word_1_291' title='bbox 1197 3815 1429 3876; x_wconf 88' lang='lat' dir='ltr'><strong>Domini</strong></span> <span class='ocrx_word' id='word_1_292' title='bbox 1475 3835 1505 3870; x_wconf 77' lang='grc' dir='ltr'><strong>α</strong></span> <span class='ocrx_word' id='word_1_293' title='bbox 1549 3832 1730 3892; x_wconf 87' lang='lat' dir='ltr'><strong>supra</strong></span> 
     </span>
     <span class='ocr_line' id='line_1_37' title="bbox 172 3908 1728 3984; baseline 0.001 -17"><span class='ocrx_word' id='word_1_294' title='bbox 172 3908 419 3968; x_wconf 89' lang='lat' dir='ltr'><strong>firmam</strong></span> <span class='ocrx_word' id='word_1_295' title='bbox 472 3911 724 3984; x_wconf 91' lang='lat' dir='ltr'><strong>petram.</strong></span> <span class='ocrx_word' id='word_1_296' title='bbox 771 3929 803 3965; x_wconf 88' lang='grc' dir='ltr'><strong>ιο</strong></span> <span class='ocrx_word' id='word_1_297' title='bbox 854 3910 950 3967; x_wconf 83' lang='lat' dir='ltr'><strong>Vir</strong></span> <span class='ocrx_word' id='word_1_298' title='bbox 977 3910 1212 3984; x_wconf 87' lang='lat' dir='ltr'><strong>sapiens</strong></span> <span class='ocrx_word' id='word_1_299' title='bbox 1262 3910 1575 3969; x_wconf 64' lang='lat' dir='ltr'><strong>nidificavit</strong></span> <span class='ocrx_word' id='word_1_300' title='bbox 1618 3911 1728 3968; x_wconf 91' lang='lat' dir='ltr'><strong>do-</strong></span> 
     </span>
     <span class='ocr_line' id='line_1_38' title="bbox 174 4003 1731 4078; baseline 0.001 -17"><span class='ocrx_word' id='word_1_301' title='bbox 174 4020 351 4062; x_wconf 91' lang='lat' dir='ltr'><strong>mum</strong></span> <span class='ocrx_word' id='word_1_302' title='bbox 406 4018 581 4062; x_wconf 90' lang='lat' dir='ltr'><strong>suam</strong></span> <span class='ocrx_word' id='word_1_303' title='bbox 633 4018 817 4076; x_wconf 87' lang='lat' dir='ltr'><strong>supra</strong></span> <span class='ocrx_word' id='word_1_304' title='bbox 876 4003 1115 4061; x_wconf 83' lang='lat' dir='ltr'><strong>firmam</strong></span> <span class='ocrx_word' id='word_1_305' title='bbox 1176 4008 1407 4078; x_wconf 87' lang='lat' dir='ltr'><strong>petram</strong></span> <span class='ocrx_word' id='word_1_306' title='bbox 1428 4046 1450 4075; x_wconf 95' lang='lat'><strong>,</strong></span> <span class='ocrx_word' id='word_1_307' title='bbox 1508 4004 1731 4063; x_wconf 90' lang='lat' dir='ltr'><strong>scilicet</strong></span> 
     </span>
     <span class='ocr_line' id='line_1_39' title="bbox 173 4096 1732 4171; baseline 0.001 -16"><span class='ocrx_word' id='word_1_308' title='bbox 173 4096 643 4171; x_wconf 80' lang='lat' dir='ltr'><strong>triumphantem</strong></span> <span class='ocrx_word' id='word_1_309' title='bbox 672 4096 1009 4164; x_wconf 76' lang='lat' dir='ltr'><strong>Ecclesiam,</strong></span> <span class='ocrx_word' id='word_1_310' title='bbox 1034 4112 1212 4171; x_wconf 90' lang='lat' dir='ltr'><strong>super</strong></span> <span class='ocrx_word' id='word_1_311' title='bbox 1229 4097 1542 4155; x_wconf 88' lang='lat' dir='ltr'><strong>Christum.</strong></span> <span class='ocrx_word' id='word_1_312' title='bbox 1571 4097 1732 4156; x_wconf 90' lang='lat' dir='ltr'><strong>Licet</strong></span> 
     </span>
     <span class='ocr_line' id='line_1_40' title="bbox 177 4189 1731 4265; baseline 0.001 -17"><span class='ocrx_word' id='word_1_313' title='bbox 177 4190 342 4248; x_wconf 89' lang='lat' dir='ltr'><strong>enim</strong></span> <span class='ocrx_word' id='word_1_314' title='bbox 373 4189 562 4265; x_wconf 86' lang='lat' dir='ltr'><strong>aliqui</strong></span> <span class='ocrx_word' id='word_1_315' title='bbox 609 4190 874 4265; x_wconf 87' lang='lat' dir='ltr'><strong>lapides,</strong></span> <span class='ocrx_word' id='word_1_316' title='bbox 900 4189 998 4248; x_wconf 83' lang='lat' dir='ltr'><strong>vel</strong></span> <span class='ocrx_word' id='word_1_317' title='bbox 1026 4189 1219 4263; x_wconf 85' lang='lat' dir='ltr'><strong>paries</strong></span> <span class='ocrx_word' id='word_1_318' title='bbox 1260 4206 1414 4247; x_wconf 90' lang='lat' dir='ltr'><strong>unus</strong></span> <span class='ocrx_word' id='word_1_319' title='bbox 1453 4191 1731 4250; x_wconf 85' lang='lat' dir='ltr'><strong>ceciderit</strong></span> 
     </span>
     <span class='ocr_line' id='line_1_41' title="bbox 177 4282 1731 4360; baseline 0.001 -19"><span class='ocrx_word' id='word_1_320' title='bbox 177 4283 258 4342; x_wconf 91' lang='lat' dir='ltr'><strong>de</strong></span> <span class='ocrx_word' id='word_1_321' title='bbox 286 4282 397 4341; x_wconf 84' lang='lat' dir='ltr'><strong>illa</strong></span> <span class='ocrx_word' id='word_1_322' title='bbox 428 4283 634 4356; x_wconf 92' lang='lat' dir='ltr'><strong>domo,</strong></span> <span class='ocrx_word' id='word_1_323' title='bbox 662 4288 861 4342; x_wconf 87' lang='lat' dir='ltr'><strong>tamen</strong></span> <span class='ocrx_word' id='word_1_324' title='bbox 885 4283 991 4341; x_wconf 89' lang='lat' dir='ltr'><strong>illa</strong></span> <span class='ocrx_word' id='word_1_325' title='bbox 1020 4283 1236 4341; x_wconf 91' lang='lat' dir='ltr'><strong>domus</strong></span> <span class='ocrx_word' id='word_1_326' title='bbox 1266 4282 1530 4357; x_wconf 90' lang='lat' dir='ltr'><strong>quotidie</strong></span> <span class='ocrx_word' id='word_1_327' title='bbox 1561 4300 1731 4360; x_wconf 89' lang='lat' dir='ltr'><strong>repa·</strong></span> 
     </span>
     <span class='ocr_line' id='line_1_42' title="bbox 173 4376 1725 4452; baseline 0.001 -18"><span class='ocrx_word' id='word_1_328' title='bbox 173 4382 370 4448; x_wconf 87' lang='lat' dir='ltr'><strong>ratur,</strong></span> <span class='ocrx_word' id='word_1_329' title='bbox 389 4380 446 4435; x_wconf 90' lang='lat' dir='ltr'><strong>et</strong></span> <span class='ocrx_word' id='word_1_330' title='bbox 462 4376 549 4435; x_wconf 92' lang='lat' dir='ltr'><strong>illi</strong></span> <span class='ocrx_word' id='word_1_331' title='bbox 568 4376 824 4452; x_wconf 88' lang='lat' dir='ltr'><strong>parietes</strong></span> <span class='ocrx_word' id='word_1_332' title='bbox 842 4376 1204 4436; x_wconf 88' lang='lat' dir='ltr'><strong>reficiuntur.</strong></span> <span class='ocrx_word' id='word_1_333' title='bbox 1220 4377 1265 4416; x_wconf 89' lang='lat'><strong>¹⁰</strong></span> <span class='ocrx_word' id='word_1_334' title='bbox 1286 4382 1535 4438; x_wconf 71' lang='lat' dir='ltr'><strong>«Domus</strong></span> <span class='ocrx_word' id='word_1_335' title='bbox 1552 4380 1675 4452; x_wconf 90' lang='lat' dir='ltr'><strong>Dei,</strong></span> <span class='ocrx_word' id='word_1_336' title='bbox 1693 4400 1725 4435; x_wconf 92' lang='grc' dir='ltr'><strong>ιο</strong></span> 
     </span>
     <span class='ocr_line' id='line_1_43' title="bbox 174 4471 1729 4548; baseline 0.003 -18"><span class='ocrx_word' id='word_1_337' title='bbox 174 4488 317 4548; x_wconf 80' lang='lat' dir='ltr'><strong>quae</strong></span> <span class='ocrx_word' id='word_1_338' title='bbox 346 4474 435 4529; x_wconf 88' lang='lat' dir='ltr'><strong>est</strong></span> <span class='ocrx_word' id='word_1_339' title='bbox 452 4471 516 4529; x_wconf 92' lang='lat' dir='ltr'><strong>in</strong></span> <span class='ocrx_word' id='word_1_340' title='bbox 542 4475 699 4531; x_wconf 86' lang='lat' dir='ltr'><strong>terra</strong></span> <span class='ocrx_word' id='word_1_341' title='bbox 728 4473 923 4546; x_wconf 87' lang='lat' dir='ltr'><strong>lsrael,</strong></span> <span class='ocrx_word' id='word_1_342' title='bbox 958 4492 988 4529; x_wconf 84' lang='grc' dir='ltr'><strong>οι</strong></span> <span class='ocrx_word' id='word_1_343' title='bbox 1015 4488 1150 4547; x_wconf 83' lang='lat' dir='ltr'><strong>quae</strong></span> <span class='ocrx_word' id='word_1_344' title='bbox 1179 4474 1419 4533; x_wconf 87' lang='lat' dir='ltr'><strong>incensa</strong></span> <span class='ocrx_word' id='word_1_345' title='bbox 1444 4479 1550 4548; x_wconf 89' lang='lat' dir='ltr'><strong>est,</strong></span> <span class='ocrx_word' id='word_1_346' title='bbox 1582 4492 1729 4534; x_wconf 71' lang='lat' dir='ltr'><strong>rete·</strong></span> 
     </span>
     <span class='ocr_line' id='line_1_44' title="bbox 174 4564 1731 4641; baseline 0.002 -17"><span class='ocrx_word' id='word_1_347' title='bbox 174 4564 523 4624; x_wconf 84' lang='lat' dir='ltr'><strong>dificabitur</strong></span> <span class='ocrx_word' id='word_1_348' title='bbox 535 4607 556 4637; x_wconf 92' lang='lat'><strong>,</strong></span> <span class='ocrx_word' id='word_1_349' title='bbox 583 4566 786 4641; x_wconf 85' lang='lat' dir='ltr'><strong>ibique</strong></span> <span class='ocrx_word' id='word_1_350' title='bbox 824 4570 1192 4625; x_wconf 82' lang='lat' dir='ltr'><strong>revertentur</strong></span> <span class='ocrx_word' id='word_1_351' title='bbox 1222 4583 1429 4626; x_wconf 88' lang='lat' dir='ltr'><strong>omnes</strong></span> <span class='ocrx_word' id='word_1_352' title='bbox 1462 4568 1731 4627; x_wconf 87' lang='lat' dir='ltr'><strong>timentes</strong></span> 
     </span>
     <span class='ocr_line' id='line_1_45' title="bbox 173 4659 1731 4736; baseline 0.001 -18"><span class='ocrx_word' id='word_1_353' title='bbox 173 4662 389 4718; x_wconf 89' lang='lat' dir='ltr'><strong>Deum.</strong></span> <span class='ocrx_word' id='word_1_354' title='bbox 423 4680 450 4710; x_wconf 81' lang='grc'>»</span> <span class='ocrx_word' id='word_1_355' title='bbox 484 4659 688 4718; x_wconf 87' lang='lat' dir='ltr'><strong>ln-hac</strong></span> <span class='ocrx_word' id='word_1_356' title='bbox 717 4659 899 4718; x_wconf 93' lang='lat' dir='ltr'><strong>domo</strong></span> <span class='ocrx_word' id='word_1_357' title='bbox 922 4660 1116 4718; x_wconf 88' lang='lat' dir='ltr'><strong>securi</strong></span> <span class='ocrx_word' id='word_1_358' title='bbox 1131 4660 1401 4719; x_wconf 85' lang='lat' dir='ltr'><strong>habitant</strong></span> <span class='ocrx_word' id='word_1_359' title='bbox 1417 4664 1731 4736; x_wconf 87' lang='lat' dir='ltr'><strong>martyres,</strong></span> 
     </span>
     <span class='ocr_line' id='line_1_46' title="bbox 175 4749 1731 4828; baseline 0.004 -20"><span class='ocrx_word' id='word_1_360' title='bbox 175 4752 256 4808; x_wconf 90' lang='lat' dir='ltr'><strong>de</strong></span> <span class='ocrx_word' id='word_1_361' title='bbox 284 4749 510 4826; x_wconf 84' lang='lat' dir='ltr'><strong>quibus</strong></span> <span class='ocrx_word' id='word_1_362' title='bbox 536 4751 753 4825; x_wconf 80' lang='lat' dir='ltr'><strong>legitur</strong></span> <span class='ocrx_word' id='word_1_363' title='bbox 781 4757 826 4791; x_wconf 86' lang='lat'><strong>¹¹</strong></span> <span class='ocrx_word' id='word_1_364' title='bbox 858 4771 874 4811; x_wconf 72' lang='grc' dir='ltr'><strong>ι</strong></span> <span class='ocrx_word' id='word_1_365' title='bbox 909 4772 939 4809; x_wconf 84' lang='grc' dir='ltr'><strong>οι</strong></span> <span class='ocrx_word' id='word_1_366' title='bbox 966 4753 1164 4813; x_wconf 86' lang='lat' dir='ltr'><strong>Occidi</strong></span> <span class='ocrx_word' id='word_1_367' title='bbox 1200 4757 1466 4828; x_wconf 85' lang='lat' dir='ltr'><strong>possunt,</strong></span> <span class='ocrx_word' id='word_1_368' title='bbox 1497 4757 1554 4814; x_wconf 89' lang='lat' dir='ltr'><strong>et</strong></span> <span class='ocrx_word' id='word_1_369' title='bbox 1577 4754 1731 4814; x_wconf 87' lang='lat' dir='ltr'><strong>flecti</strong></span> 
     </span>
     <span class='ocr_line' id='line_1_47' title="bbox 170 4838 1728 4921; baseline 0.002 -17"><span class='ocrx_word' id='word_1_370' title='bbox 170 4838 506 4921; x_wconf 72' lang='lat' dir='ltr'><strong>nequeunt.</strong></span> <span class='ocrx_word' id='word_1_371' title='bbox 538 4865 566 4899; x_wconf 86' lang='grc' dir='ltr'><strong>ιο</strong></span> <span class='ocrx_word' id='word_1_372' title='bbox 599 4849 804 4905; x_wconf 88' lang='lat' dir='ltr'><strong>Totam</strong></span> <span class='ocrx_word' id='word_1_373' title='bbox 831 4848 991 4905; x_wconf 87' lang='lat' dir='ltr'><strong>enim</strong></span> <span class='ocrx_word' id='word_1_374' title='bbox 1015 4846 1300 4907; x_wconf 89' lang='lat' dir='ltr'><strong>fiduciam</strong></span> <span class='ocrx_word' id='word_1_375' title='bbox 1327 4864 1497 4906; x_wconf 91' lang='lat' dir='ltr'><strong>suam</strong></span> <span class='ocrx_word' id='word_1_376' title='bbox 1526 4848 1588 4906; x_wconf 91' lang='lat' dir='ltr'><strong>in</strong></span> <span class='ocrx_word' id='word_1_377' title='bbox 1618 4852 1728 4908; x_wconf 91' lang='lat' dir='ltr'><strong>Do·</strong></span> 
     </span>
     <span class='ocr_line' id='line_1_48' title="bbox 173 4932 1725 5017; baseline 0.001 -15"><span class='ocrx_word' id='word_1_378' title='bbox 173 4944 350 5002; x_wconf 90' lang='lat' dir='ltr'><strong>mino</strong></span> <span class='ocrx_word' id='word_1_379' title='bbox 375 4947 736 5017; x_wconf 88' lang='lat' dir='ltr'><strong>posuerunt,</strong></span> <span class='ocrx_word' id='word_1_380' title='bbox 763 4947 821 5001; x_wconf 89' lang='lat' dir='ltr'><strong>et</strong></span> <span class='ocrx_word' id='word_1_381' title='bbox 845 4942 985 5002; x_wconf 89' lang='lat' dir='ltr'><strong>ideo</strong></span> <span class='ocrx_word' id='word_1_382' title='bbox 1013 4942 1162 5000; x_wconf 90' lang='lat' dir='ltr'><strong>sicut</strong></span> <span class='ocrx_word' id='word_1_383' title='bbox 1187 4932 1361 5000; x_wconf 77' lang='lat' dir='ltr'><strong>mons</strong></span> <span class='ocrx_word' id='word_1_384' title='bbox 1383 4943 1446 4999; x_wconf 92' lang='lat' dir='ltr'><strong>in</strong></span> <span class='ocrx_word' id='word_1_385' title='bbox 1475 4944 1725 5004; x_wconf 89' lang='lat' dir='ltr'><strong>Domino</strong></span> 
     </span>
     <span class='ocr_line' id='line_1_49' title="bbox 171 5034 1731 5113; baseline 0 -17"><span class='ocrx_word' id='word_1_386' title='bbox 171 5037 559 5113; x_wconf 86' lang='lat' dir='ltr'><strong>perstiterunt</strong></span> <span class='ocrx_word' id='word_1_387' title='bbox 576 5034 656 5094; x_wconf 83' lang='lat'><strong>¹¹:</strong></span> <span class='ocrx_word' id='word_1_388' title='bbox 685 5056 714 5091; x_wconf 73' lang='grc' dir='ltr'>ι</span> <span class='ocrx_word' id='word_1_389' title='bbox 739 5036 849 5107; x_wconf 84' lang='lat' dir='ltr'><strong>Qui</strong></span> <span class='ocrx_word' id='word_1_390' title='bbox 875 5035 1183 5097; x_wconf 85' lang='lat' dir='ltr'><strong>confidunt</strong></span> <span class='ocrx_word' id='word_1_391' title='bbox 1199 5036 1263 5094; x_wconf 91' lang='lat' dir='ltr'><strong>in</strong></span> <span class='ocrx_word' id='word_1_392' title='bbox 1283 5036 1554 5109; x_wconf 86' lang='lat' dir='ltr'><strong>Domino,</strong></span> <span class='ocrx_word' id='word_1_393' title='bbox 1580 5036 1731 5096; x_wconf 91' lang='lat' dir='ltr'><strong>sicut</strong></span> 
     </span>
    </p>
   </div>
   <div class='ocr_carea' id='block_1_5' title="bbox 176 5206 1731 5489">
    <p class='ocr_par' dir='ltr' id='par_1_6' title="bbox 176 5206 1731 5489">
     <span class='ocr_line' id='line_1_50' title="bbox 243 5206 1727 5273; baseline 0.001 -15"><span class='ocrx_word' id='word_1_394' title='bbox 243 5208 260 5243; x_wconf 87' lang='lat'>¹</span> <span class='ocrx_word' id='word_1_395' title='bbox 291 5208 442 5258; x_wconf 75' lang='lat' dir='ltr'><strong>Dent.</strong></span> <span class='ocrx_word' id='word_1_396' title='bbox 467 5219 556 5267; x_wconf 72' lang='lat' dir='ltr'><strong>xv,</strong></span> <span class='ocrx_word' id='word_1_397' title='bbox 581 5208 658 5257; x_wconf 82' lang='lat'><strong>1¹.</strong></span> <span class='ocrx_word' id='word_1_398' title='bbox 677 5234 740 5245; x_wconf 98' lang='lat'><strong>—</strong></span> <span class='ocrx_word' id='word_1_399' title='bbox 762 5209 781 5239; x_wconf 82' lang='lat'>²</span> <span class='ocrx_word' id='word_1_400' title='bbox 801 5206 1005 5267; x_wconf 59' lang='lat' dir='ltr'><strong>Hatita„</strong></span> <span class='ocrx_word' id='word_1_401' title='bbox 1029 5220 1139 5272; x_wconf 78' lang='lat' dir='ltr'><strong>xix,</strong></span> <span class='ocrx_word' id='word_1_402' title='bbox 1159 5211 1238 5260; x_wconf 81' lang='lat'><strong>21.</strong></span> <span class='ocrx_word' id='word_1_403' title='bbox 1258 5233 1321 5247; x_wconf 90' lang='lat'>-</span> <span class='ocrx_word' id='word_1_404' title='bbox 1344 5208 1368 5245; x_wconf 79' lang='lat'>⁸</span> <span class='ocrx_word' id='word_1_405' title='bbox 1386 5207 1518 5259; x_wconf 77' lang='lat' dir='ltr'><strong>Psal.</strong></span> <span class='ocrx_word' id='word_1_406' title='bbox 1542 5220 1727 5273; x_wconf 76' lang='lat' dir='ltr'><strong>xxxix,</strong></span> 
     </span>
     <span class='ocr_line' id='line_1_51' title="bbox 179 5277 1731 5344; baseline 0.001 -14"><span class='ocrx_word' id='word_1_407' title='bbox 179 5282 259 5330; x_wconf 87' lang='grc'><strong>18.</strong></span> <span class='ocrx_word' id='word_1_408' title='bbox 293 5304 358 5316; x_wconf 90' lang='grc'><strong>-</strong></span> <span class='ocrx_word' id='word_1_409' title='bbox 389 5278 408 5309; x_wconf 85' lang='lat'>⁴</span> <span class='ocrx_word' id='word_1_410' title='bbox 433 5277 572 5328; x_wconf 71' lang='lat' dir='ltr'><strong>Psal.</strong></span> <span class='ocrx_word' id='word_1_411' title='bbox 612 5289 804 5340; x_wconf 74' lang='lat' dir='ltr'><strong>exuri,</strong></span> <span class='ocrx_word' id='word_1_412' title='bbox 833 5282 928 5342; x_wconf 85' lang='grc'><strong>13,</strong></span> <span class='ocrx_word' id='word_1_413' title='bbox 954 5282 1034 5331; x_wconf 80' lang='grc'><strong>15.</strong></span> <span class='ocrx_word' id='word_1_414' title='bbox 1061 5281 1167 5318; x_wconf 84' lang='lat'><strong>—·⁸</strong></span> <span class='ocrx_word' id='word_1_415' title='bbox 1193 5279 1373 5344; x_wconf 64' lang='lat' dir='ltr'><strong>Exti„</strong></span> <span class='ocrx_word' id='word_1_416' title='bbox 1399 5291 1556 5343; x_wconf 78' lang='lat' dir='ltr'><strong>xxxi,</strong></span> <span class='ocrx_word' id='word_1_417' title='bbox 1591 5282 1636 5332; x_wconf 89' lang='lat'><strong>8.</strong></span> <span class='ocrx_word' id='word_1_418' title='bbox 1667 5307 1731 5319; x_wconf 98' lang='lat'>—</span> 
     </span>
     <span class='ocr_line' id='line_1_52' title="bbox 178 5347 1725 5413; baseline 0.002 -14"><span class='ocrx_word' id='word_1_419' title='bbox 178 5352 200 5381; x_wconf 76' lang='lat'>⁸</span> <span class='ocrx_word' id='word_1_420' title='bbox 232 5349 372 5399; x_wconf 70' lang='lat' dir='ltr'><strong>Peos.</strong></span> <span class='ocrx_word' id='word_1_421' title='bbox 404 5361 454 5411; x_wconf 87' lang='lat' dir='ltr'><strong>c,</strong></span> <span class='ocrx_word' id='word_1_422' title='bbox 479 5353 525 5399; x_wconf 78' lang='lat'><strong>2.</strong></span> <span class='ocrx_word' id='word_1_423' title='bbox 550 5375 611 5385; x_wconf 89' lang='lat'>—</span> <span class='ocrx_word' id='word_1_424' title='bbox 641 5347 789 5409; x_wconf 56' lang='lat' dir='ltr'><strong>urob,</strong></span> <span class='ocrx_word' id='word_1_425' title='bbox 821 5361 962 5413; x_wconf 77' lang='lat' dir='ltr'><strong>xxvi,</strong></span> <span class='ocrx_word' id='word_1_426' title='bbox 993 5353 1041 5401; x_wconf 84' lang='lat'><strong>5.</strong></span> <span class='ocrx_word' id='word_1_427' title='bbox 1073 5375 1137 5388; x_wconf 95' lang='lat'>—</span> <span class='ocrx_word' id='word_1_428' title='bbox 1171 5349 1194 5385; x_wconf 79' lang='lat'>⁸</span> <span class='ocrx_word' id='word_1_429' title='bbox 1216 5351 1350 5401; x_wconf 79' lang='lat' dir='ltr'><strong>Psal.</strong></span> <span class='ocrx_word' id='word_1_430' title='bbox 1378 5363 1617 5411; x_wconf 73' lang='lat' dir='ltr'><strong>mxxiii,</strong></span> <span class='ocrx_word' id='word_1_431' title='bbox 1651 5356 1725 5402; x_wconf 86' lang='grc'><strong>11.</strong></span> 
     </span>
     <span class='ocr_line' id='line_1_53' title="bbox 176 5418 1727 5489; baseline -0.001 -16"><span class='ocrx_word' id='word_1_432' title='bbox 176 5447 241 5462; x_wconf 90' lang='lat'>-</span> <span class='ocrx_word' id='word_1_433' title='bbox 274 5420 300 5455; x_wconf 77' lang='lat'><strong>⁹</strong></span> <span class='ocrx_word' id='word_1_434' title='bbox 326 5421 534 5480; x_wconf 59' lang='lat' dir='ltr'><strong>naum,</strong></span> <span class='ocrx_word' id='word_1_435' title='bbox 560 5431 655 5486; x_wconf 81' lang='lat' dir='ltr'><strong>vn,</strong></span> <span class='ocrx_word' id='word_1_436' title='bbox 684 5424 763 5473; x_wconf 78' lang='lat'><strong>25.</strong></span> <span class='ocrx_word' id='word_1_437' title='bbox 788 5446 848 5457; x_wconf 92' lang='lat'><em>-</em></span> <span class='ocrx_word' id='word_1_438' title='bbox 877 5420 917 5456; x_wconf 81' lang='lat'><strong>¹⁰</strong></span> <span class='ocrx_word' id='word_1_439' title='bbox 948 5418 1081 5484; x_wconf 66' lang='lat' dir='ltr'><strong>Tob„</strong></span> <span class='ocrx_word' id='word_1_440' title='bbox 1111 5433 1222 5485; x_wconf 80' lang='lat' dir='ltr'><strong>xiv,</strong></span> <span class='ocrx_word' id='word_1_441' title='bbox 1248 5424 1297 5474; x_wconf 82' lang='lat'><strong>7.</strong></span> <span class='ocrx_word' id='word_1_442' title='bbox 1320 5448 1380 5460; x_wconf 88' lang='lat'>—</span> <span class='ocrx_word' id='word_1_443' title='bbox 1420 5424 1456 5457; x_wconf 81' lang='lat'><strong>¹¹</strong></span> <span class='ocrx_word' id='word_1_444' title='bbox 1486 5422 1727 5489; x_wconf 76' lang='lat' dir='ltr'><strong>cyprian.</strong></span> 
     </span>
    </p>
   </div>
   <div class='ocr_carea' id='block_1_6' title="bbox 3265 498 3384 561">
    <p class='ocr_par' dir='ltr' id='par_1_7' title="bbox 3265 498 3384 561">
     <span class='ocr_line' id='line_1_54' title="bbox 3265 498 3384 561; baseline -0.008 -1"><span class='ocrx_word' id='word_1_445' title='bbox 3265 498 3384 561; x_wconf 76' lang='lat'><strong>6¹7</strong></span> 
     </span>
    </p>
   </div>
   <div class='ocr_carea' id='block_1_7' title="bbox 1830 623 3389 4454">
    <p class='ocr_par' dir='ltr' id='par_1_8' title="bbox 1830 623 3384 1998">
     <span class='ocr_line' id='line_1_55' title="bbox 1834 623 3383 704; baseline 0.005 -24"><span class='ocrx_word' id='word_1_446' title='bbox 1834 638 2008 681; x_wconf 89' lang='lat' dir='ltr'><strong>mons</strong></span> <span class='ocrx_word' id='word_1_447' title='bbox 2049 623 2213 694; x_wconf 91' lang='lat' dir='ltr'><strong>Sion,</strong></span> <span class='ocrx_word' id='word_1_448' title='bbox 2237 642 2268 678; x_wconf 88' lang='grc' dir='ltr'><strong>ιο</strong></span> <span class='ocrx_word' id='word_1_449' title='bbox 2301 624 2410 682; x_wconf 91' lang='lat' dir='ltr'><strong>etc.</strong></span> <span class='ocrx_word' id='word_1_450' title='bbox 2442 627 2685 700; x_wconf 82' lang='lat' dir='ltr'><strong>Propter</strong></span> <span class='ocrx_word' id='word_1_451' title='bbox 2718 625 2836 684; x_wconf 87' lang='lat' dir='ltr'><strong>hoc</strong></span> <span class='ocrx_word' id='word_1_452' title='bbox 2879 626 3089 686; x_wconf 88' lang='lat' dir='ltr'><strong>beatus</strong></span> <span class='ocrx_word' id='word_1_453' title='bbox 3136 628 3383 704; x_wconf 87' lang='lat' dir='ltr'><strong>Stepha-</strong></span> 
     </span>
     <span class='ocr_line' id='line_1_56' title="bbox 1830 720 3384 793; baseline 0.005 -18"><span class='ocrx_word' id='word_1_454' title='bbox 1830 733 1944 775; x_wconf 88' lang='lat' dir='ltr'><strong>nus</strong></span> <span class='ocrx_word' id='word_1_455' title='bbox 1954 734 2198 778; x_wconf 88' lang='lat' dir='ltr'><strong>securus</strong></span> <span class='ocrx_word' id='word_1_456' title='bbox 2212 723 2334 777; x_wconf 90' lang='lat' dir='ltr'><strong>erat</strong></span> <span class='ocrx_word' id='word_1_457' title='bbox 2346 724 2552 779; x_wconf 86' lang='lat' dir='ltr'><strong>contra</strong></span> <span class='ocrx_word' id='word_1_458' title='bbox 2560 720 2812 793; x_wconf 90' lang='lat' dir='ltr'><strong>lapides,</strong></span> <span class='ocrx_word' id='word_1_459' title='bbox 2826 721 3166 780; x_wconf 82' lang='lat' dir='ltr'><strong>Laurentius</strong></span> <span class='ocrx_word' id='word_1_460' title='bbox 3176 728 3384 783; x_wconf 87' lang='lat' dir='ltr'><strong>contra</strong></span> 
     </span>
     <span class='ocr_line' id='line_1_57' title="bbox 1830 810 3379 887; baseline 0.005 -19"><span class='ocrx_word' id='word_1_461' title='bbox 1830 810 2069 884; x_wconf 81' lang='lat' dir='ltr'><strong>ignem,</strong></span> <span class='ocrx_word' id='word_1_462' title='bbox 2102 813 2317 870; x_wconf 83' lang='lat' dir='ltr'><strong>Paulus</strong></span> <span class='ocrx_word' id='word_1_463' title='bbox 2344 817 2550 873; x_wconf 86' lang='lat' dir='ltr'><strong>contra</strong></span> <span class='ocrx_word' id='word_1_464' title='bbox 2579 814 2887 887; x_wconf 88' lang='lat' dir='ltr'><strong>gladium,</strong></span> <span class='ocrx_word' id='word_1_465' title='bbox 2924 817 3124 873; x_wconf 85' lang='lat' dir='ltr'><strong>Petrus</strong></span> <span class='ocrx_word' id='word_1_466' title='bbox 3164 819 3224 875; x_wconf 91' lang='lat' dir='ltr'><strong>et</strong></span> <span class='ocrx_word' id='word_1_467' title='bbox 3260 821 3379 874; x_wconf 77' lang='lat' dir='ltr'><strong>An-</strong></span> 
     </span>
     <span class='ocr_line' id='line_1_58' title="bbox 1832 904 3382 983; baseline 0.005 -20"><span class='ocrx_word' id='word_1_468' title='bbox 1832 904 2007 963; x_wconf 87' lang='lat' dir='ltr'><strong>dreas</strong></span> <span class='ocrx_word' id='word_1_469' title='bbox 2065 908 2272 965; x_wconf 88' lang='lat' dir='ltr'><strong>contra</strong></span> <span class='ocrx_word' id='word_1_470' title='bbox 2324 908 2511 966; x_wconf 88' lang='lat' dir='ltr'><strong>crucis</strong></span> <span class='ocrx_word' id='word_1_471' title='bbox 2575 909 2911 983; x_wconf 89' lang='lat' dir='ltr'><strong>patibulum</strong></span> <span class='ocrx_word' id='word_1_472' title='bbox 2933 951 2952 980; x_wconf 92' lang='lat'><strong>,</strong></span> <span class='ocrx_word' id='word_1_473' title='bbox 3002 911 3382 970; x_wconf 81' lang='lat' dir='ltr'><strong>Sebastianus</strong></span> 
     </span>
     <span class='ocr_line' id='line_1_59' title="bbox 1832 1000 3379 1086; baseline 0.005 -30"><span class='ocrx_word' id='word_1_474' title='bbox 1832 1002 2040 1086; x_wconf 84' lang='lat' dir='ltr'><strong>contra</strong></span> <span class='ocrx_word' id='word_1_475' title='bbox 2086 1000 2324 1073; x_wconf 83' lang='lat' dir='ltr'><strong>sagittas</strong></span> <span class='ocrx_word' id='word_1_476' title='bbox 2379 1018 2394 1058; x_wconf 76' lang='grc' dir='ltr'><strong><em>ε</em></strong></span> <span class='ocrx_word' id='word_1_477' title='bbox 2457 1001 2595 1061; x_wconf 86' lang='lat' dir='ltr'><strong>ideo</strong></span> <span class='ocrx_word' id='word_1_478' title='bbox 2647 1001 2923 1062; x_wconf 80' lang='lat' dir='ltr'><strong>fruuntur</strong></span> <span class='ocrx_word' id='word_1_479' title='bbox 2974 1002 3081 1062; x_wconf 92' lang='lat' dir='ltr'><strong>illa</strong></span> <span class='ocrx_word' id='word_1_480' title='bbox 3132 1003 3379 1066; x_wconf 84' lang='lat' dir='ltr'><strong>beatitu-</strong></span> 
     </span>
     <span class='ocr_line' id='line_1_60' title="bbox 1833 1092 3383 1172; baseline 0.005 -23"><span class='ocrx_word' id='word_1_481' title='bbox 1833 1092 1971 1151; x_wconf 87' lang='lat' dir='ltr'><strong>dine</strong></span> <span class='ocrx_word' id='word_1_482' title='bbox 2001 1092 2088 1151; x_wconf 77' lang='lat'><strong>¹⁸:</strong></span> <span class='ocrx_word' id='word_1_483' title='bbox 2140 1114 2168 1146; x_wconf 90' lang='lat'>«</span> <span class='ocrx_word' id='word_1_484' title='bbox 2214 1095 2394 1167; x_wconf 88' lang='lat' dir='ltr'><strong>Beati,</strong></span> <span class='ocrx_word' id='word_1_485' title='bbox 2424 1095 2526 1169; x_wconf 89' lang='lat' dir='ltr'><strong>qui</strong></span> <span class='ocrx_word' id='word_1_486' title='bbox 2568 1098 3039 1169; x_wconf 85' lang='lat' dir='ltr'><strong>persecutionem</strong></span> <span class='ocrx_word' id='word_1_487' title='bbox 3082 1100 3383 1172; x_wconf 89' lang='lat' dir='ltr'><strong>patiuntur</strong></span> 
     </span>
     <span class='ocr_line' id='line_1_61' title="bbox 1831 1186 3381 1264; baseline 0.005 -21"><span class='ocrx_word' id='word_1_488' title='bbox 1831 1188 2073 1261; x_wconf 90' lang='lat' dir='ltr'><strong>propter</strong></span> <span class='ocrx_word' id='word_1_489' title='bbox 2091 1186 2403 1259; x_wconf 86' lang='lat' dir='ltr'><strong>justitiam,</strong></span> <span class='ocrx_word' id='word_1_490' title='bbox 2432 1209 2460 1242; x_wconf 87' lang='grc' dir='ltr'><strong>ιο</strong></span> <span class='ocrx_word' id='word_1_491' title='bbox 2496 1192 2606 1247; x_wconf 89' lang='lat' dir='ltr'><strong>etc.</strong></span> <span class='ocrx_word' id='word_1_492' title='bbox 2634 1192 2813 1262; x_wconf 80' lang='lat' dir='ltr'><strong>Beati,</strong></span> <span class='ocrx_word' id='word_1_493' title='bbox 2841 1190 2998 1260; x_wconf 90' lang='lat' dir='ltr'><strong>dico,</strong></span> <span class='ocrx_word' id='word_1_494' title='bbox 3014 1196 3237 1264; x_wconf 72' lang='lat' dir='ltr'><strong>propter</strong></span> <span class='ocrx_word' id='word_1_495' title='bbox 3253 1192 3381 1263; x_wconf 75' lang='lat' dir='ltr'><strong>,ius-</strong></span> 
     </span>
     <span class='ocr_line' id='line_1_62' title="bbox 1835 1280 3378 1357; baseline 0.005 -22"><span class='ocrx_word' id='word_1_496' title='bbox 1835 1283 2056 1346; x_wconf 76' lang='lat' dir='ltr'><strong>titiam;</strong></span> <span class='ocrx_word' id='word_1_497' title='bbox 2086 1280 2135 1337; x_wconf 91' lang='lat' dir='ltr'><strong>si</strong></span> <span class='ocrx_word' id='word_1_498' title='bbox 2163 1281 2322 1339; x_wconf 90' lang='lat' dir='ltr'><strong>enim</strong></span> <span class='ocrx_word' id='word_1_499' title='bbox 2348 1297 2459 1355; x_wconf 90' lang='lat' dir='ltr'><strong>pro</strong></span> <span class='ocrx_word' id='word_1_500' title='bbox 2488 1285 2545 1340; x_wconf 90' lang='lat' dir='ltr'><strong>te</strong></span> <span class='ocrx_word' id='word_1_501' title='bbox 2577 1283 2859 1341; x_wconf 89' lang='lat' dir='ltr'><strong>Dominus</strong></span> <span class='ocrx_word' id='word_1_502' title='bbox 2893 1283 3243 1357; x_wconf 87' lang='lat' dir='ltr'><strong>sanguinem</strong></span> <span class='ocrx_word' id='word_1_503' title='bbox 3286 1284 3378 1343; x_wconf 83' lang='lat' dir='ltr'><strong>fu-</strong></span> 
     </span>
     <span class='ocr_line' id='line_1_63' title="bbox 1833 1373 3381 1452; baseline 0.004 -20"><span class='ocrx_word' id='word_1_504' title='bbox 1833 1373 1940 1447; x_wconf 92' lang='lat' dir='ltr'><strong>dit,</strong></span> <span class='ocrx_word' id='word_1_505' title='bbox 1969 1378 2320 1449; x_wconf 87' lang='lat' dir='ltr'><strong>sanguinem</strong></span> <span class='ocrx_word' id='word_1_506' title='bbox 2346 1376 2521 1435; x_wconf 88' lang='lat' dir='ltr'><strong>etiam</strong></span> <span class='ocrx_word' id='word_1_507' title='bbox 2546 1380 2717 1436; x_wconf 88' lang='lat' dir='ltr'><strong>tuum</strong></span> <span class='ocrx_word' id='word_1_508' title='bbox 2744 1394 2854 1452; x_wconf 90' lang='lat' dir='ltr'><strong>pro</strong></span> <span class='ocrx_word' id='word_1_509' title='bbox 2884 1394 2957 1436; x_wconf 93' lang='lat' dir='ltr'><strong>eo</strong></span> <span class='ocrx_word' id='word_1_510' title='bbox 2993 1378 3242 1445; x_wconf 80' lang='lat' dir='ltr'><strong>fundere</strong></span> <span class='ocrx_word' id='word_1_511' title='bbox 3278 1379 3381 1438; x_wconf 89' lang='lat' dir='ltr'><strong>de-</strong></span> 
     </span>
     <span class='ocr_line' id='line_1_64' title="bbox 1833 1468 3381 1546; baseline 0.004 -20"><span class='ocrx_word' id='word_1_512' title='bbox 1833 1468 1960 1527; x_wconf 87' lang='lat' dir='ltr'><strong>bes.</strong></span> <span class='ocrx_word' id='word_1_513' title='bbox 2009 1472 2106 1527; x_wconf 81' lang='lat' dir='ltr'><strong>Vae</strong></span> <span class='ocrx_word' id='word_1_514' title='bbox 2132 1469 2309 1543; x_wconf 89' lang='lat' dir='ltr'><strong>igitur</strong></span> <span class='ocrx_word' id='word_1_515' title='bbox 2337 1471 2674 1529; x_wconf 87' lang='lat' dir='ltr'><strong>carnalibus</strong></span> <span class='ocrx_word' id='word_1_516' title='bbox 2683 1514 2704 1544; x_wconf 91' lang='lat'><strong>,</strong></span> <span class='ocrx_word' id='word_1_517' title='bbox 2747 1488 2900 1546; x_wconf 89' lang='lat' dir='ltr'><strong>quos</strong></span> <span class='ocrx_word' id='word_1_518' title='bbox 2929 1472 3210 1531; x_wconf 89' lang='lat' dir='ltr'><strong>Dominus</strong></span> <span class='ocrx_word' id='word_1_519' title='bbox 3237 1473 3381 1532; x_wconf 78' lang='lat' dir='ltr'><strong>soli-</strong></span> 
     </span>
     <span class='ocr_line' id='line_1_65' title="bbox 1833 1562 3380 1640; baseline 0.003 -21"><span class='ocrx_word' id='word_1_520' title='bbox 1833 1562 2014 1620; x_wconf 85' lang='lat' dir='ltr'><strong>tarios</strong></span> <span class='ocrx_word' id='word_1_521' title='bbox 2038 1562 2276 1637; x_wconf 86' lang='lat' dir='ltr'><strong>reliquit</strong></span> <span class='ocrx_word' id='word_1_522' title='bbox 2302 1564 2427 1622; x_wconf 89' lang='lat' dir='ltr'><strong>sine</strong></span> <span class='ocrx_word' id='word_1_523' title='bbox 2441 1565 2650 1638; x_wconf 88' lang='lat' dir='ltr'><strong>gratia,</strong></span> <span class='ocrx_word' id='word_1_524' title='bbox 2671 1565 2776 1639; x_wconf 90' lang='lat' dir='ltr'><strong>qui</strong></span> <span class='ocrx_word' id='word_1_525' title='bbox 2804 1580 2928 1623; x_wconf 91' lang='lat' dir='ltr'><strong>non</strong></span> <span class='ocrx_word' id='word_1_526' title='bbox 2954 1571 3204 1640; x_wconf 87' lang='lat' dir='ltr'><strong>possunt</strong></span> <span class='ocrx_word' id='word_1_527' title='bbox 3224 1567 3380 1626; x_wconf 87' lang='lat' dir='ltr'><strong>hanc</strong></span> 
     </span>
     <span class='ocr_line' id='line_1_66' title="bbox 1834 1655 3380 1734; baseline 0.003 -19"><span class='ocrx_word' id='word_1_528' title='bbox 1834 1655 2087 1715; x_wconf 88' lang='lat' dir='ltr'><strong>domum</strong></span> <span class='ocrx_word' id='word_1_529' title='bbox 2114 1657 2399 1730; x_wconf 80' lang='lat' dir='ltr'><strong>invenire,</strong></span> <span class='ocrx_word' id='word_1_530' title='bbox 2428 1674 2536 1732; x_wconf 90' lang='lat' dir='ltr'><strong>per</strong></span> <span class='ocrx_word' id='word_1_531' title='bbox 2571 1675 2755 1733; x_wconf 87' lang='lat' dir='ltr'><strong>quam</strong></span> <span class='ocrx_word' id='word_1_532' title='bbox 2795 1662 3043 1734; x_wconf 89' lang='lat' dir='ltr'><strong>possunt</strong></span> <span class='ocrx_word' id='word_1_533' title='bbox 3067 1659 3146 1718; x_wconf 90' lang='lat' dir='ltr'><strong>ad</strong></span> <span class='ocrx_word' id='word_1_534' title='bbox 3174 1660 3380 1720; x_wconf 83' lang='lat' dir='ltr'><strong>civita-</strong></span> 
     </span>
     <span class='ocr_line' id='line_1_67' title="bbox 1831 1749 3384 1822; baseline 0.005 -16"><span class='ocrx_word' id='word_1_535' title='bbox 1831 1752 1950 1807; x_wconf 90' lang='lat' dir='ltr'><strong>tem</strong></span> <span class='ocrx_word' id='word_1_536' title='bbox 1978 1749 2273 1808; x_wconf 87' lang='lat' dir='ltr'><strong>coelestem</strong></span> <span class='ocrx_word' id='word_1_537' title='bbox 2298 1751 2535 1822; x_wconf 88' lang='lat' dir='ltr'><strong>intrare,</strong></span> <span class='ocrx_word' id='word_1_538' title='bbox 2568 1751 2665 1810; x_wconf 82' lang='lat' dir='ltr'><strong>vel</strong></span> <span class='ocrx_word' id='word_1_539' title='bbox 2690 1752 3022 1811; x_wconf 86' lang='lat' dir='ltr'><strong>inhabitare</strong></span> <span class='ocrx_word' id='word_1_540' title='bbox 3050 1754 3137 1810; x_wconf 72' lang='lat'><strong>¹⁸:</strong></span> <span class='ocrx_word' id='word_1_541' title='bbox 3169 1775 3197 1807; x_wconf 89' lang='lat'>«</span> <span class='ocrx_word' id='word_1_542' title='bbox 3219 1758 3384 1814; x_wconf 84' lang='lat' dir='ltr'><strong>Erra-</strong></span> 
     </span>
     <span class='ocr_line' id='line_1_68' title="bbox 1830 1844 3383 1920; baseline 0.005 -20"><span class='ocrx_word' id='word_1_543' title='bbox 1830 1848 2043 1902; x_wconf 82' lang='lat' dir='ltr'><strong>verunt</strong></span> <span class='ocrx_word' id='word_1_544' title='bbox 2067 1844 2131 1901; x_wconf 91' lang='lat' dir='ltr'><strong>in</strong></span> <span class='ocrx_word' id='word_1_545' title='bbox 2157 1844 2498 1917; x_wconf 89' lang='lat' dir='ltr'><strong>solitudine,</strong></span> <span class='ocrx_word' id='word_1_546' title='bbox 2527 1845 2590 1902; x_wconf 90' lang='lat' dir='ltr'><strong>in</strong></span> <span class='ocrx_word' id='word_1_547' title='bbox 2618 1845 2949 1920; x_wconf 87' lang='lat' dir='ltr'><strong>inaquos03</strong></span> <span class='ocrx_word' id='word_1_548' title='bbox 2978 1845 3140 1905; x_wconf 83' lang='lat' dir='ltr'><strong>viam</strong></span> <span class='ocrx_word' id='word_1_549' title='bbox 3165 1847 3383 1907; x_wconf 78' lang='lat' dir='ltr'><strong>civita·</strong></span> 
     </span>
     <span class='ocr_line' id='line_1_69' title="bbox 1831 1936 2853 1998; baseline 0.002 -4"><span class='ocrx_word' id='word_1_550' title='bbox 1831 1936 1904 1994; x_wconf 90' lang='lat' dir='ltr'><strong>tis</strong></span> <span class='ocrx_word' id='word_1_551' title='bbox 1927 1937 2252 1996; x_wconf 84' lang='lat' dir='ltr'><strong>habitaculi</strong></span> <span class='ocrx_word' id='word_1_552' title='bbox 2279 1953 2403 1996; x_wconf 91' lang='lat' dir='ltr'><strong>non</strong></span> <span class='ocrx_word' id='word_1_553' title='bbox 2426 1939 2793 1998; x_wconf 75' lang='lat' dir='ltr'><strong>invenerunt.</strong></span> <span class='ocrx_word' id='word_1_554' title='bbox 2821 1960 2853 1996; x_wconf 90' lang='grc' dir='ltr'><strong>ιο</strong></span> 
     </span>
    </p>

    <p class='ocr_par' dir='ltr' id='par_1_9' title="bbox 1830 2030 3389 4454">
     <span class='ocr_line' id='line_1_70' title="bbox 1900 2030 3384 2103; baseline 0.005 -16"><span class='ocrx_word' id='word_1_555' title='bbox 1900 2030 2135 2103; x_wconf 83' lang='lat' dir='ltr'><strong>Quinto,</strong></span> <span class='ocrx_word' id='word_1_556' title='bbox 2164 2031 2383 2089; x_wconf 89' lang='lat' dir='ltr'><strong>domus</strong></span> <span class='ocrx_word' id='word_1_557' title='bbox 2416 2031 2543 2090; x_wconf 77' lang='lat' dir='ltr'><strong>haec</strong></span> <span class='ocrx_word' id='word_1_558' title='bbox 2570 2034 2780 2091; x_wconf 89' lang='lat' dir='ltr'><strong>ornata</strong></span> <span class='ocrx_word' id='word_1_559' title='bbox 2803 2037 2887 2091; x_wconf 89' lang='lat' dir='ltr'><strong>est</strong></span> <span class='ocrx_word' id='word_1_560' title='bbox 2920 2034 2967 2072; x_wconf 77' lang='lat'><strong>¹⁸</strong></span> <span class='ocrx_word' id='word_1_561' title='bbox 3011 2051 3026 2093; x_wconf 76' lang='grc' dir='ltr'><strong><em>ε</em></strong></span> <span class='ocrx_word' id='word_1_562' title='bbox 3063 2054 3092 2089; x_wconf 73' lang='grc' dir='ltr'>ι</span> <span class='ocrx_word' id='word_1_563' title='bbox 3110 2035 3269 2094; x_wconf 88' lang='lat' dir='ltr'><strong>Sicut</strong></span> <span class='ocrx_word' id='word_1_564' title='bbox 3293 2036 3384 2096; x_wconf 86' lang='lat' dir='ltr'><strong>sol</strong></span> 
     </span>
     <span class='ocr_line' id='line_1_71' title="bbox 1833 2124 3385 2198; baseline 0.005 -16"><span class='ocrx_word' id='word_1_565' title='bbox 1833 2124 2029 2182; x_wconf 89' lang='lat' dir='ltr'><strong>oriens</strong></span> <span class='ocrx_word' id='word_1_566' title='bbox 2078 2125 2307 2184; x_wconf 90' lang='lat' dir='ltr'><strong>mundo</strong></span> <span class='ocrx_word' id='word_1_567' title='bbox 2365 2124 2427 2182; x_wconf 92' lang='lat' dir='ltr'><strong>in</strong></span> <span class='ocrx_word' id='word_1_568' title='bbox 2482 2126 2780 2184; x_wconf 85' lang='lat' dir='ltr'><strong>altissimis</strong></span> <span class='ocrx_word' id='word_1_569' title='bbox 2820 2125 2956 2198; x_wconf 92' lang='lat' dir='ltr'><strong>Dei,</strong></span> <span class='ocrx_word' id='word_1_570' title='bbox 2995 2128 3080 2186; x_wconf 91' lang='lat' dir='ltr'><strong>sic</strong></span> <span class='ocrx_word' id='word_1_571' title='bbox 3118 2128 3385 2188; x_wconf 87' lang='lat' dir='ltr'><strong>mulieris</strong></span> 
     </span>
     <span class='ocr_line' id='line_1_72' title="bbox 1831 2218 3384 2295; baseline 0.004 -19"><span class='ocrx_word' id='word_1_572' title='bbox 1831 2218 2007 2276; x_wconf 80' lang='lat' dir='ltr'><strong>bonoe</strong></span> <span class='ocrx_word' id='word_1_573' title='bbox 2035 2219 2263 2295; x_wconf 87' lang='lat' dir='ltr'><strong>species</strong></span> <span class='ocrx_word' id='word_1_574' title='bbox 2288 2219 2348 2277; x_wconf 89' lang='lat' dir='ltr'><strong>in</strong></span> <span class='ocrx_word' id='word_1_575' title='bbox 2389 2224 2805 2280; x_wconf 88' lang='lat' dir='ltr'><strong>ornamentum</strong></span> <span class='ocrx_word' id='word_1_576' title='bbox 2833 2220 3048 2280; x_wconf 87' lang='lat' dir='ltr'><strong>domus</strong></span> <span class='ocrx_word' id='word_1_577' title='bbox 3073 2223 3220 2295; x_wconf 89' lang='lat' dir='ltr'><strong>ejus.</strong></span> <span class='ocrx_word' id='word_1_578' title='bbox 3248 2242 3278 2277; x_wconf 90' lang='grc' dir='ltr'><strong>ιο</strong></span> <span class='ocrx_word' id='word_1_579' title='bbox 3301 2223 3384 2282; x_wconf 91' lang='lat' dir='ltr'><strong>Si·</strong></span> 
     </span>
     <span class='ocr_line' id='line_1_73' title="bbox 1832 2311 3383 2376; baseline 0.005 -7"><span class='ocrx_word' id='word_1_580' title='bbox 1832 2316 1932 2369; x_wconf 91' lang='lat' dir='ltr'><strong>cut</strong></span> <span class='ocrx_word' id='word_1_581' title='bbox 1985 2311 2147 2370; x_wconf 91' lang='lat' dir='ltr'><strong>enim</strong></span> <span class='ocrx_word' id='word_1_582' title='bbox 2195 2318 2280 2371; x_wconf 87' lang='lat' dir='ltr'><strong>est</strong></span> <span class='ocrx_word' id='word_1_583' title='bbox 2323 2312 2415 2371; x_wconf 91' lang='lat' dir='ltr'><strong>sol</strong></span> <span class='ocrx_word' id='word_1_584' title='bbox 2463 2318 2881 2372; x_wconf 89' lang='lat' dir='ltr'><strong>ornamentum</strong></span> <span class='ocrx_word' id='word_1_585' title='bbox 2925 2315 3060 2373; x_wconf 87' lang='lat' dir='ltr'><strong>coeli</strong></span> <span class='ocrx_word' id='word_1_586' title='bbox 3100 2320 3158 2375; x_wconf 89' lang='lat' dir='ltr'><strong>et</strong></span> <span class='ocrx_word' id='word_1_587' title='bbox 3189 2317 3383 2376; x_wconf 87' lang='lat' dir='ltr'><strong>stella-</strong></span> 
     </span>
     <span class='ocr_line' id='line_1_74' title="bbox 1831 2406 3376 2481; baseline 0.004 -18"><span class='ocrx_word' id='word_1_588' title='bbox 1831 2421 1987 2476; x_wconf 87' lang='lat' dir='ltr'><strong>rum,</strong></span> <span class='ocrx_word' id='word_1_589' title='bbox 2016 2406 2101 2463; x_wconf 91' lang='lat' dir='ltr'><strong>sic</strong></span> <span class='ocrx_word' id='word_1_590' title='bbox 2132 2407 2228 2464; x_wconf 91' lang='lat' dir='ltr'><strong>Dei</strong></span> <span class='ocrx_word' id='word_1_591' title='bbox 2271 2406 2560 2481; x_wconf 88' lang='lat' dir='ltr'><strong>sapientia</strong></span> <span class='ocrx_word' id='word_1_592' title='bbox 2603 2413 3018 2468; x_wconf 89' lang='lat' dir='ltr'><strong>ornamentum</strong></span> <span class='ocrx_word' id='word_1_593' title='bbox 3044 2414 3132 2470; x_wconf 89' lang='lat' dir='ltr'><strong>est</strong></span> <span class='ocrx_word' id='word_1_594' title='bbox 3159 2410 3376 2469; x_wconf 88' lang='lat' dir='ltr'><strong>domus</strong></span> 
     </span>
     <span class='ocr_line' id='line_1_75' title="bbox 1833 2498 3386 2579; baseline 0.005 -24"><span class='ocrx_word' id='word_1_595' title='bbox 1833 2498 2105 2570; x_wconf 87' lang='lat' dir='ltr'><strong>coelestis,</strong></span> <span class='ocrx_word' id='word_1_596' title='bbox 2134 2504 2192 2557; x_wconf 89' lang='lat' dir='ltr'><strong>et</strong></span> <span class='ocrx_word' id='word_1_597' title='bbox 2216 2500 2420 2574; x_wconf 74' lang='lat' dir='ltr'><strong>gloriae</strong></span> <span class='ocrx_word' id='word_1_598' title='bbox 2443 2503 2807 2560; x_wconf 86' lang='lat' dir='ltr'><strong>sauctorum.</strong></span> <span class='ocrx_word' id='word_1_599' title='bbox 2835 2504 3009 2562; x_wconf 84' lang='lat' dir='ltr'><strong>Varia</strong></span> <span class='ocrx_word' id='word_1_600' title='bbox 3031 2507 3230 2562; x_wconf 91' lang='lat' dir='ltr'><strong>autem</strong></span> <span class='ocrx_word' id='word_1_601' title='bbox 3248 2521 3386 2579; x_wconf 88' lang='lat' dir='ltr'><strong>gra-</strong></span> 
     </span>
     <span class='ocr_line' id='line_1_76' title="bbox 1833 2592 3385 2657; baseline 0.005 -7"><span class='ocrx_word' id='word_1_602' title='bbox 1833 2592 2049 2651; x_wconf 86' lang='lat' dir='ltr'><strong>tiarum</strong></span> <span class='ocrx_word' id='word_1_603' title='bbox 2100 2593 2264 2652; x_wconf 87' lang='lat' dir='ltr'><strong>dona</strong></span> <span class='ocrx_word' id='word_1_604' title='bbox 2307 2597 2446 2652; x_wconf 88' lang='lat' dir='ltr'><strong>sunt</strong></span> <span class='ocrx_word' id='word_1_605' title='bbox 2498 2596 2666 2653; x_wconf 82' lang='lat' dir='ltr'><strong>varia</strong></span> <span class='ocrx_word' id='word_1_606' title='bbox 2712 2601 3061 2655; x_wconf 88' lang='lat' dir='ltr'><strong>ornamenta</strong></span> <span class='ocrx_word' id='word_1_607' title='bbox 3105 2598 3195 2655; x_wconf 82' lang='lat'><strong>:¹⁸</strong></span> <span class='ocrx_word' id='word_1_608' title='bbox 3227 2616 3257 2653; x_wconf 69' lang='grc' dir='ltr'><strong>α</strong></span> <span class='ocrx_word' id='word_1_609' title='bbox 3282 2600 3385 2657; x_wconf 89' lang='lat' dir='ltr'><strong>Sa-</strong></span> 
     </span>
     <span class='ocr_line' id='line_1_77' title="bbox 1832 2685 3386 2760; baseline 0.005 -18"><span class='ocrx_word' id='word_1_610' title='bbox 1832 2685 2056 2760; x_wconf 88' lang='lat' dir='ltr'><strong>pientia</strong></span> <span class='ocrx_word' id='word_1_611' title='bbox 2080 2686 2394 2746; x_wconf 79' lang='lat' dir='ltr'><strong>oedificavit</strong></span> <span class='ocrx_word' id='word_1_612' title='bbox 2431 2687 2548 2747; x_wconf 90' lang='lat' dir='ltr'><strong>sibi</strong></span> <span class='ocrx_word' id='word_1_613' title='bbox 2587 2688 2870 2760; x_wconf 88' lang='lat' dir='ltr'><strong>domum,</strong></span> <span class='ocrx_word' id='word_1_614' title='bbox 2909 2688 3129 2749; x_wconf 84' lang='lat' dir='ltr'><strong>excidit</strong></span> <span class='ocrx_word' id='word_1_615' title='bbox 3157 2690 3386 2749; x_wconf 88' lang='lat' dir='ltr'><strong>colum-</strong></span> 
     </span>
     <span class='ocr_line' id='line_1_78' title="bbox 1833 2781 3385 2857; baseline 0.004 -21"><span class='ocrx_word' id='word_1_616' title='bbox 1833 2794 1942 2837; x_wconf 88' lang='lat' dir='ltr'><strong>nas</strong></span> <span class='ocrx_word' id='word_1_617' title='bbox 1984 2783 2229 2855; x_wconf 88' lang='lat' dir='ltr'><strong>septem.</strong></span> <span class='ocrx_word' id='word_1_618' title='bbox 2278 2801 2307 2837; x_wconf 89' lang='grc' dir='ltr'><strong>ιο</strong></span> <span class='ocrx_word' id='word_1_619' title='bbox 2355 2782 2457 2840; x_wconf 84' lang='lat' dir='ltr'><strong>Hic</strong></span> <span class='ocrx_word' id='word_1_620' title='bbox 2493 2798 2638 2855; x_wconf 88' lang='lat' dir='ltr'><strong>ergo</strong></span> <span class='ocrx_word' id='word_1_621' title='bbox 2685 2781 2960 2841; x_wconf 90' lang='lat' dir='ltr'><strong>habitant</strong></span> <span class='ocrx_word' id='word_1_622' title='bbox 2998 2782 3385 2857; x_wconf 84' lang='lat' dir='ltr'><strong>confessores,</strong></span> 
     </span>
     <span class='ocr_line' id='line_1_79' title="bbox 1834 2873 3386 2947; baseline 0.005 -16"><span class='ocrx_word' id='word_1_623' title='bbox 1834 2873 1940 2947; x_wconf 88' lang='lat' dir='ltr'><strong>qui</strong></span> <span class='ocrx_word' id='word_1_624' title='bbox 1982 2874 2176 2932; x_wconf 77' lang='lat' dir='ltr'><strong>varias</strong></span> <span class='ocrx_word' id='word_1_625' title='bbox 2216 2874 2485 2943; x_wconf 51' lang='lat' dir='ltr'><strong>habuere,</strong></span> <span class='ocrx_word' id='word_1_626' title='bbox 2517 2875 2783 2934; x_wconf 81' lang='lat' dir='ltr'><strong>virtutes.</strong></span> <span class='ocrx_word' id='word_1_627' title='bbox 2827 2878 2870 2915; x_wconf 81' lang='lat'><strong>¹⁷</strong></span> <span class='ocrx_word' id='word_1_628' title='bbox 2899 2895 2931 2932; x_wconf 73' lang='grc' dir='ltr'><strong>α</strong></span> <span class='ocrx_word' id='word_1_629' title='bbox 2955 2877 3100 2935; x_wconf 75' lang='lat' dir='ltr'><strong>lusti</strong></span> <span class='ocrx_word' id='word_1_630' title='bbox 3142 2878 3386 2938; x_wconf 88' lang='lat' dir='ltr'><strong>confite-</strong></span> 
     </span>
     <span class='ocr_line' id='line_1_80' title="bbox 1832 2966 3384 3055; baseline 0.004 -31"><span class='ocrx_word' id='word_1_631' title='bbox 1832 2966 2058 3025; x_wconf 86' lang='lat' dir='ltr'><strong>buntur</strong></span> <span class='ocrx_word' id='word_1_632' title='bbox 2101 2968 2330 3026; x_wconf 92' lang='lat' dir='ltr'><strong>nomini</strong></span> <span class='ocrx_word' id='word_1_633' title='bbox 2378 2973 2479 3027; x_wconf 84' lang='lat' dir='ltr'><strong>tuo</strong></span> <span class='ocrx_word' id='word_1_634' title='bbox 2490 3010 2525 3055; x_wconf 45' lang='grc' dir='ltr'><em>ὃ</em></span> <span class='ocrx_word' id='word_1_635' title='bbox 2563 2973 2621 3028; x_wconf 93' lang='lat' dir='ltr'><strong>et</strong></span> <span class='ocrx_word' id='word_1_636' title='bbox 2662 2969 3018 3029; x_wconf 89' lang='lat' dir='ltr'><strong>habitabunt</strong></span> <span class='ocrx_word' id='word_1_637' title='bbox 3061 2972 3204 3030; x_wconf 83' lang='lat' dir='ltr'><strong>recti</strong></span> <span class='ocrx_word' id='word_1_638' title='bbox 3246 2988 3384 3030; x_wconf 90' lang='lat' dir='ltr'><strong>cum</strong></span> 
     </span>
     <span class='ocr_line' id='line_1_81' title="bbox 1835 3063 3386 3144; baseline 0.005 -25"><span class='ocrx_word' id='word_1_639' title='bbox 1835 3065 2010 3137; x_wconf 75' lang='lat' dir='ltr'><strong>vultu</strong></span> <span class='ocrx_word' id='word_1_640' title='bbox 2033 3067 2135 3121; x_wconf 91' lang='lat' dir='ltr'><strong>tuo</strong></span> <span class='ocrx_word' id='word_1_641' title='bbox 2166 3082 2196 3120; x_wconf 91' lang='grc' dir='ltr'><strong>ιο</strong></span> <span class='ocrx_word' id='word_1_642' title='bbox 2232 3081 2247 3120; x_wconf 88' lang='lat'><strong>:</strong></span> <span class='ocrx_word' id='word_1_643' title='bbox 2273 3063 2413 3137; x_wconf 89' lang='lat' dir='ltr'><strong>quia</strong></span> <span class='ocrx_word' id='word_1_644' title='bbox 2435 3065 2721 3137; x_wconf 86' lang='lat' dir='ltr'><strong>justitiam</strong></span> <span class='ocrx_word' id='word_1_645' title='bbox 2751 3065 3060 3125; x_wconf 89' lang='lat' dir='ltr'><strong>coluerunt</strong></span> <span class='ocrx_word' id='word_1_646' title='bbox 3084 3066 3149 3124; x_wconf 88' lang='lat' dir='ltr'><strong>in</strong></span> <span class='ocrx_word' id='word_1_647' title='bbox 3177 3085 3386 3144; x_wconf 91' lang='lat' dir='ltr'><strong>opere,</strong></span> 
     </span>
     <span class='ocr_line' id='line_1_82' title="bbox 1834 3156 3388 3232; baseline 0.005 -19"><span class='ocrx_word' id='word_1_648' title='bbox 1834 3156 2248 3215; x_wconf 87' lang='lat' dir='ltr'><strong>rectitudinem</strong></span> <span class='ocrx_word' id='word_1_649' title='bbox 2274 3157 2612 3217; x_wconf 90' lang='lat' dir='ltr'><strong>habuerunt</strong></span> <span class='ocrx_word' id='word_1_650' title='bbox 2637 3160 2700 3217; x_wconf 91' lang='lat' dir='ltr'><strong>in</strong></span> <span class='ocrx_word' id='word_1_651' title='bbox 2723 3159 3050 3232; x_wconf 87' lang='lat' dir='ltr'><strong>voluntate,</strong></span> <span class='ocrx_word' id='word_1_652' title='bbox 3081 3164 3139 3220; x_wconf 81' lang='lat' dir='ltr'><strong>et</strong></span> <span class='ocrx_word' id='word_1_653' title='bbox 3162 3177 3388 3221; x_wconf 90' lang='lat' dir='ltr'><strong>nomen</strong></span> 
     </span>
     <span class='ocr_line' id='line_1_83' title="bbox 1838 3248 3385 3328; baseline 0.006 -22"><span class='ocrx_word' id='word_1_654' title='bbox 1838 3248 2044 3308; x_wconf 86' lang='lat' dir='ltr'><strong>Christi</strong></span> <span class='ocrx_word' id='word_1_655' title='bbox 2094 3251 2347 3310; x_wconf 86' lang='lat' dir='ltr'><strong>confessi</strong></span> <span class='ocrx_word' id='word_1_656' title='bbox 2398 3258 2536 3311; x_wconf 90' lang='lat' dir='ltr'><strong>sunt</strong></span> <span class='ocrx_word' id='word_1_657' title='bbox 2572 3269 2696 3311; x_wconf 91' lang='lat' dir='ltr'><strong>ore.</strong></span> <span class='ocrx_word' id='word_1_658' title='bbox 2727 3257 2792 3311; x_wconf 87' lang='lat' dir='ltr'><strong>Et</strong></span> <span class='ocrx_word' id='word_1_659' title='bbox 2817 3254 2972 3313; x_wconf 88' lang='lat' dir='ltr'><strong>bene</strong></span> <span class='ocrx_word' id='word_1_660' title='bbox 2999 3254 3164 3328; x_wconf 88' lang='lat' dir='ltr'><strong>dicit,</strong></span> <span class='ocrx_word' id='word_1_661' title='bbox 3197 3259 3343 3316; x_wconf 72' lang='lat' dir='ltr'><strong>susti</strong></span> <span class='ocrx_word' id='word_1_662' title='bbox 3367 3279 3385 3316; x_wconf 72' lang='grc' dir='ltr'><strong><em>ε</em></strong></span> 
     </span>
     <span class='ocr_line' id='line_1_84' title="bbox 1830 3343 3385 3425; baseline 0.006 -26"><span class='ocrx_word' id='word_1_663' title='bbox 1830 3343 2118 3416; x_wconf 87' lang='lat' dir='ltr'><strong>justitiam</strong></span> <span class='ocrx_word' id='word_1_664' title='bbox 2146 3345 2306 3403; x_wconf 90' lang='lat' dir='ltr'><strong>enim</strong></span> <span class='ocrx_word' id='word_1_665' title='bbox 2333 3346 2428 3404; x_wconf 86' lang='lat' dir='ltr'><strong>lex</strong></span> <span class='ocrx_word' id='word_1_666' title='bbox 2440 3349 2664 3405; x_wconf 80' lang='lat' dir='ltr'><strong>naturoe</strong></span> <span class='ocrx_word' id='word_1_667' title='bbox 2679 3346 2874 3420; x_wconf 83' lang='lat' dir='ltr'><strong>docet,</strong></span> <span class='ocrx_word' id='word_1_668' title='bbox 2903 3347 2999 3405; x_wconf 86' lang='lat' dir='ltr'><strong>lex</strong></span> <span class='ocrx_word' id='word_1_669' title='bbox 3024 3350 3208 3425; x_wconf 75' lang='lat' dir='ltr'><strong>Moysi</strong></span> <span class='ocrx_word' id='word_1_670' title='bbox 3233 3366 3385 3425; x_wconf 85' lang='lat' dir='ltr'><strong>prae·</strong></span> 
     </span>
     <span class='ocr_line' id='line_1_85' title="bbox 1838 3437 3387 3515; baseline 0.006 -21"><span class='ocrx_word' id='word_1_671' title='bbox 1838 3437 2001 3512; x_wconf 85' lang='lat' dir='ltr'><strong>cipit,</strong></span> <span class='ocrx_word' id='word_1_672' title='bbox 2028 3438 2128 3496; x_wconf 90' lang='lat' dir='ltr'><strong>lex</strong></span> <span class='ocrx_word' id='word_1_673' title='bbox 2168 3439 2512 3513; x_wconf 85' lang='lat' dir='ltr'><strong>evangelica</strong></span> <span class='ocrx_word' id='word_1_674' title='bbox 2556 3445 2948 3499; x_wconf 87' lang='lat' dir='ltr'><strong>consummat.</strong></span> <span class='ocrx_word' id='word_1_675' title='bbox 2980 3442 3115 3515; x_wconf 73' lang='lat' dir='ltr'><strong>EJus</strong></span> <span class='ocrx_word' id='word_1_676' title='bbox 3140 3444 3387 3504; x_wconf 87' lang='lat' dir='ltr'><strong>inchoa-</strong></span> 
     </span>
     <span class='ocr_line' id='line_1_86' title="bbox 1838 3531 3388 3614; baseline 0.005 -25"><span class='ocrx_word' id='word_1_677' title='bbox 1838 3531 1919 3589; x_wconf 90' lang='lat' dir='ltr'><strong>tio</strong></span> <span class='ocrx_word' id='word_1_678' title='bbox 1950 3535 2057 3602; x_wconf 89' lang='lat' dir='ltr'><strong>est,</strong></span> <span class='ocrx_word' id='word_1_679' title='bbox 2085 3532 2311 3591; x_wconf 89' lang='lat' dir='ltr'><strong>nemini</strong></span> <span class='ocrx_word' id='word_1_680' title='bbox 2337 3533 2618 3607; x_wconf 88' lang='lat' dir='ltr'><strong>injuriam</strong></span> <span class='ocrx_word' id='word_1_681' title='bbox 2655 3533 2849 3593; x_wconf 84' lang='lat' dir='ltr'><strong>facere</strong></span> <span class='ocrx_word' id='word_1_682' title='bbox 2857 3554 2877 3608; x_wconf 82' lang='lat'>3</span> <span class='ocrx_word' id='word_1_683' title='bbox 2907 3535 3225 3614; x_wconf 83' lang='lat' dir='ltr'><strong>profectus,</strong></span> <span class='ocrx_word' id='word_1_684' title='bbox 3258 3553 3388 3597; x_wconf 91' lang='lat' dir='ltr'><strong>om-</strong></span> 
     </span>
     <span class='ocr_line' id='line_1_87' title="bbox 1836 3625 3388 3700; baseline 0.006 -19"><span class='ocrx_word' id='word_1_685' title='bbox 1836 3640 1941 3682; x_wconf 89' lang='lat' dir='ltr'><strong>nes</strong></span> <span class='ocrx_word' id='word_1_686' title='bbox 1965 3625 2239 3700; x_wconf 87' lang='lat' dir='ltr'><strong>diligere;</strong></span> <span class='ocrx_word' id='word_1_687' title='bbox 2282 3627 2716 3688; x_wconf 80' lang='lat' dir='ltr'><strong>consummatio</strong></span> <span class='ocrx_word' id='word_1_688' title='bbox 2751 3631 2838 3687; x_wconf 89' lang='lat' dir='ltr'><strong>est</strong></span> <span class='ocrx_word' id='word_1_689' title='bbox 2879 3630 3161 3689; x_wconf 88' lang='lat' dir='ltr'><strong>omnibus</strong></span> <span class='ocrx_word' id='word_1_690' title='bbox 3201 3631 3388 3692; x_wconf 88' lang='lat' dir='ltr'><strong>bene-</strong></span> 
     </span>
     <span class='ocr_line' id='line_1_88' title="bbox 1835 3719 3388 3800; baseline 0.006 -24"><span class='ocrx_word' id='word_1_691' title='bbox 1835 3719 2067 3791; x_wconf 80' lang='lat' dir='ltr'><strong>facere,</strong></span> <span class='ocrx_word' id='word_1_692' title='bbox 2093 3720 2143 3777; x_wconf 90' lang='lat' dir='ltr'><strong>si</strong></span> <span class='ocrx_word' id='word_1_693' title='bbox 2181 3724 2374 3794; x_wconf 82' lang='lat' dir='ltr'><strong>potes3</strong></span> <span class='ocrx_word' id='word_1_694' title='bbox 2419 3721 2469 3778; x_wconf 89' lang='lat' dir='ltr'><strong>si</strong></span> <span class='ocrx_word' id='word_1_695' title='bbox 2509 3737 2634 3780; x_wconf 92' lang='lat' dir='ltr'><strong>non</strong></span> <span class='ocrx_word' id='word_1_696' title='bbox 2671 3725 2881 3796; x_wconf 88' lang='lat' dir='ltr'><strong>potes,</strong></span> <span class='ocrx_word' id='word_1_697' title='bbox 2916 3724 3071 3782; x_wconf 82' lang='lat' dir='ltr'><strong>velle</strong></span> <span class='ocrx_word' id='word_1_698' title='bbox 3101 3743 3118 3783; x_wconf 73' lang='grc' dir='ltr'><strong><em>ε</em></strong></span> <span class='ocrx_word' id='word_1_699' title='bbox 3162 3728 3222 3784; x_wconf 91' lang='lat' dir='ltr'><strong>et</strong></span> <span class='ocrx_word' id='word_1_700' title='bbox 3245 3726 3388 3800; x_wconf 82' lang='lat' dir='ltr'><strong>quia</strong></span> 
     </span>
     <span class='ocr_line' id='line_1_89' title="bbox 1837 3812 3386 3891; baseline 0.006 -23"><span class='ocrx_word' id='word_1_701' title='bbox 1837 3812 2064 3886; x_wconf 89' lang='lat' dir='ltr'><strong>seipsos</strong></span> <span class='ocrx_word' id='word_1_702' title='bbox 2091 3813 2522 3873; x_wconf 88' lang='lat' dir='ltr'><strong>mortificarunt</strong></span> <span class='ocrx_word' id='word_1_703' title='bbox 2545 3813 2608 3872; x_wconf 91' lang='lat' dir='ltr'><strong>in</strong></span> <span class='ocrx_word' id='word_1_704' title='bbox 2635 3815 2993 3890; x_wconf 88' lang='lat' dir='ltr'><strong>poenitentiis</strong></span> <span class='ocrx_word' id='word_1_705' title='bbox 3013 3823 3071 3876; x_wconf 88' lang='lat' dir='ltr'><strong>et</strong></span> <span class='ocrx_word' id='word_1_706' title='bbox 3089 3818 3386 3891; x_wconf 88' lang='lat' dir='ltr'><strong>lamentis,</strong></span> 
     </span>
     <span class='ocr_line' id='line_1_90' title="bbox 1837 3904 3388 3987; baseline 0.005 -25"><span class='ocrx_word' id='word_1_707' title='bbox 1837 3904 1976 3963; x_wconf 90' lang='lat' dir='ltr'><strong>ideo</strong></span> <span class='ocrx_word' id='word_1_708' title='bbox 2014 3904 2290 3969; x_wconf 85' lang='lat' dir='ltr'><strong>fruuntur</strong></span> <span class='ocrx_word' id='word_1_709' title='bbox 2324 3908 2691 3967; x_wconf 84' lang='lat' dir='ltr'><strong>beatitudine</strong></span> <span class='ocrx_word' id='word_1_710' title='bbox 2718 3910 2762 3947; x_wconf 82' lang='lat'><strong>¹⁸</strong></span> <span class='ocrx_word' id='word_1_711' title='bbox 2809 3927 2825 3967; x_wconf 74' lang='grc' dir='ltr'><strong>ε</strong></span> <span class='ocrx_word' id='word_1_712' title='bbox 2872 3928 2903 3965; x_wconf 79' lang='grc' dir='ltr'><strong>οι</strong></span> <span class='ocrx_word' id='word_1_713' title='bbox 2947 3911 3134 3983; x_wconf 87' lang='lat' dir='ltr'><strong>Beati,</strong></span> <span class='ocrx_word' id='word_1_714' title='bbox 3165 3911 3271 3987; x_wconf 89' lang='lat' dir='ltr'><strong>qui</strong></span> <span class='ocrx_word' id='word_1_715' title='bbox 3296 3911 3388 3971; x_wconf 91' lang='lat' dir='ltr'><strong>lu-</strong></span> 
     </span>
     <span class='ocr_line' id='line_1_91' title="bbox 1838 4001 3389 4075; baseline 0.005 -18"><span class='ocrx_word' id='word_1_716' title='bbox 1838 4003 1998 4075; x_wconf 89' lang='lat' dir='ltr'><strong>gent,</strong></span> <span class='ocrx_word' id='word_1_717' title='bbox 2029 4002 2316 4074; x_wconf 89' lang='lat' dir='ltr'><strong>quoniam</strong></span> <span class='ocrx_word' id='word_1_718' title='bbox 2343 4003 2459 4075; x_wconf 90' lang='lat' dir='ltr'><strong>ipsi</strong></span> <span class='ocrx_word' id='word_1_719' title='bbox 2499 4001 2984 4062; x_wconf 88' lang='lat' dir='ltr'><strong>consolabuntur.</strong></span> <span class='ocrx_word' id='word_1_720' title='bbox 3025 4026 3054 4060; x_wconf 88' lang='grc' dir='ltr'><strong>ιο</strong></span> <span class='ocrx_word' id='word_1_721' title='bbox 3085 4006 3256 4063; x_wconf 84' lang='lat' dir='ltr'><strong>Luxit</strong></span> <span class='ocrx_word' id='word_1_722' title='bbox 3283 4022 3389 4065; x_wconf 90' lang='lat' dir='ltr'><strong>au-</strong></span> 
     </span>
     <span class='ocr_line' id='line_1_92' title="bbox 1839 4096 3388 4174; baseline 0.001 -18"><span class='ocrx_word' id='word_1_723' title='bbox 1839 4102 1958 4156; x_wconf 88' lang='lat' dir='ltr'><strong>tem</strong></span> <span class='ocrx_word' id='word_1_724' title='bbox 1981 4098 2082 4174; x_wconf 80' lang='lat' dir='ltr'><strong>(b),</strong></span> <span class='ocrx_word' id='word_1_725' title='bbox 2110 4097 2253 4172; x_wconf 89' lang='lat' dir='ltr'><strong>quia</strong></span> <span class='ocrx_word' id='word_1_726' title='bbox 2278 4096 2495 4169; x_wconf 89' lang='lat' dir='ltr'><strong>lugens</strong></span> <span class='ocrx_word' id='word_1_727' title='bbox 2523 4111 2633 4154; x_wconf 89' lang='lat' dir='ltr'><strong>nos</strong></span> <span class='ocrx_word' id='word_1_728' title='bbox 2674 4101 2917 4168; x_wconf 89' lang='lat' dir='ltr'><strong>monet,</strong></span> <span class='ocrx_word' id='word_1_729' title='bbox 2944 4113 3056 4155; x_wconf 89' lang='lat' dir='ltr'><strong>nec</strong></span> <span class='ocrx_word' id='word_1_730' title='bbox 3080 4097 3276 4157; x_wconf 86' lang='lat' dir='ltr'><strong>risisse</strong></span> <span class='ocrx_word' id='word_1_731' title='bbox 3305 4098 3388 4158; x_wconf 92' lang='lat' dir='ltr'><strong>le-</strong></span> 
     </span>
     <span class='ocr_line' id='line_1_93' title="bbox 1839 4187 3386 4267; baseline 0 -18"><span class='ocrx_word' id='word_1_732' title='bbox 1839 4191 2013 4264; x_wconf 89' lang='lat' dir='ltr'><strong>gitur.</strong></span> <span class='ocrx_word' id='word_1_733' title='bbox 2047 4191 2187 4250; x_wconf 85' lang='lat' dir='ltr'><strong>ideo</strong></span> <span class='ocrx_word' id='word_1_734' title='bbox 2217 4191 2263 4227; x_wconf 74' lang='lat'><strong>¹’</strong></span> <span class='ocrx_word' id='word_1_735' title='bbox 2291 4207 2306 4247; x_wconf 90' lang='lat'>:</span> <span class='ocrx_word' id='word_1_736' title='bbox 2334 4187 2559 4260; x_wconf 90' lang='lat' dir='ltr'><strong>«Beati,</strong></span> <span class='ocrx_word' id='word_1_737' title='bbox 2588 4189 2691 4264; x_wconf 89' lang='lat' dir='ltr'><strong>qui</strong></span> <span class='ocrx_word' id='word_1_738' title='bbox 2717 4205 2879 4248; x_wconf 90' lang='lat' dir='ltr'><strong>nunc</strong></span> <span class='ocrx_word' id='word_1_739' title='bbox 2903 4189 3079 4263; x_wconf 85' lang='lat' dir='ltr'><strong>fletis,</strong></span> <span class='ocrx_word' id='word_1_740' title='bbox 3099 4191 3386 4267; x_wconf 89' lang='lat' dir='ltr'><strong>quoniam</strong></span> 
     </span>
     <span class='ocr_line' id='line_1_94' title="bbox 1837 4283 3385 4357; baseline 0 -14"><span class='ocrx_word' id='word_1_741' title='bbox 1837 4285 2124 4343; x_wconf 89' lang='lat' dir='ltr'><strong>ridebitis.</strong></span> <span class='ocrx_word' id='word_1_742' title='bbox 2154 4304 2182 4339; x_wconf 89' lang='grc' dir='ltr'><strong>ιο</strong></span> <span class='ocrx_word' id='word_1_743' title='bbox 2225 4286 2521 4357; x_wconf 80' lang='lat' dir='ltr'><strong>Lacrymoe</strong></span> <span class='ocrx_word' id='word_1_744' title='bbox 2557 4283 2718 4341; x_wconf 91' lang='lat' dir='ltr'><strong>enim</strong></span> <span class='ocrx_word' id='word_1_745' title='bbox 2759 4287 2897 4342; x_wconf 90' lang='lat' dir='ltr'><strong>sunt</strong></span> <span class='ocrx_word' id='word_1_746' title='bbox 2935 4284 3294 4343; x_wconf 87' lang='lat' dir='ltr'><strong>lavatorium</strong></span> <span class='ocrx_word' id='word_1_747' title='bbox 3321 4286 3385 4344; x_wconf 91' lang='lat' dir='ltr'><strong>in</strong></span> 
     </span>
     <span class='ocr_line' id='line_1_95' title="bbox 1840 4376 3387 4454; baseline 0.001 -17"><span class='ocrx_word' id='word_1_748' title='bbox 1840 4379 2095 4438; x_wconf 84' lang='lat' dir='ltr'><strong>claustro</strong></span> <span class='ocrx_word' id='word_1_749' title='bbox 2124 4378 2338 4437; x_wconf 76' lang='lat' dir='ltr'><strong>animus</strong></span> <span class='ocrx_word' id='word_1_750' title='bbox 2351 4420 2370 4449; x_wconf 92' lang='lat'><strong>,</strong></span> <span class='ocrx_word' id='word_1_751' title='bbox 2402 4376 2622 4452; x_wconf 82' lang='lat' dir='ltr'><strong>quibus</strong></span> <span class='ocrx_word' id='word_1_752' title='bbox 2668 4377 2943 4436; x_wconf 89' lang='lat' dir='ltr'><strong>delemus</strong></span> <span class='ocrx_word' id='word_1_753' title='bbox 2985 4377 3207 4437; x_wconf 86' lang='lat' dir='ltr'><strong>litteras</strong></span> <span class='ocrx_word' id='word_1_754' title='bbox 3234 4393 3387 4454; x_wconf 86' lang='lat' dir='ltr'><strong>quas</strong></span> 
     </span>
    </p>
   </div>
   <div class='ocr_carea' id='block_1_8' title="bbox 1813 4469 3385 4555">
    <p class='ocr_par' dir='ltr' id='par_1_10' title="bbox 1813 4469 3385 4555">
     <span class='ocr_line' id='line_1_96' title="bbox 1813 4469 3385 4555; baseline 0 -24"><span class='ocrx_word' id='word_1_755' title='bbox 1813 4552 1814 4555; x_wconf 8' lang='grc' dir='ltr'><strong>Ἴ</strong></span> <span class='ocrx_word' id='word_1_756' title='bbox 1841 4472 2087 4531; x_wconf 89' lang='lat' dir='ltr'><strong>diabolo</strong></span> <span class='ocrx_word' id='word_1_757' title='bbox 2119 4471 2414 4543; x_wconf 90' lang='lat' dir='ltr'><strong>dedimus,</strong></span> <span class='ocrx_word' id='word_1_758' title='bbox 2442 4471 2613 4546; x_wconf 89' lang='lat' dir='ltr'><strong>quasi</strong></span> <span class='ocrx_word' id='word_1_759' title='bbox 2635 4469 3122 4546; x_wconf 79' lang='lat' dir='ltr'><strong>chirographum,</strong></span> <span class='ocrx_word' id='word_1_760' title='bbox 3139 4473 3385 4545; x_wconf 85' lang='lat' dir='ltr'><strong>quando</strong></span> 
     </span>
    </p>
   </div>
   <div class='ocr_carea' id='block_1_9' title="bbox 1838 4563 3391 5015">
    <p class='ocr_par' dir='ltr' id='par_1_11' title="bbox 1838 4563 3391 4731">
     <span class='ocr_line' id='line_1_97' title="bbox 1838 4563 3391 4642; baseline 0.001 -18"><span class='ocrx_word' id='word_1_761' title='bbox 1838 4566 2242 4642; x_wconf 78' lang='lat' dir='ltr'><strong>peccavimus,</strong></span> <span class='ocrx_word' id='word_1_762' title='bbox 2276 4567 2334 4622; x_wconf 91' lang='lat' dir='ltr'><strong>et</strong></span> <span class='ocrx_word' id='word_1_763' title='bbox 2364 4564 2500 4622; x_wconf 90' lang='lat' dir='ltr'><strong>ideo</strong></span> <span class='ocrx_word' id='word_1_764' title='bbox 2526 4580 2762 4639; x_wconf 89' lang='lat' dir='ltr'><strong>semper</strong></span> <span class='ocrx_word' id='word_1_765' title='bbox 2801 4563 2945 4622; x_wconf 90' lang='lat' dir='ltr'><strong>flere</strong></span> <span class='ocrx_word' id='word_1_766' title='bbox 2995 4564 3315 4639; x_wconf 81' lang='lat' dir='ltr'><strong>debemus3</strong></span> <span class='ocrx_word' id='word_1_767' title='bbox 3333 4569 3391 4625; x_wconf 87' lang='lat' dir='ltr'><strong>et</strong></span> 
     </span>
     <span class='ocr_line' id='line_1_98' title="bbox 1838 4655 3361 4731; baseline 0 -13"><span class='ocrx_word' id='word_1_768' title='bbox 1838 4660 2270 4718; x_wconf 68' lang='lat' dir='ltr'><strong>tamen‘timere</strong></span> <span class='ocrx_word' id='word_1_769' title='bbox 2300 4657 2618 4727; x_wconf 83' lang='lat' dir='ltr'><strong>debemus,</strong></span> <span class='ocrx_word' id='word_1_770' title='bbox 2639 4656 2783 4731; x_wconf 87' lang='lat' dir='ltr'><strong>quia</strong></span> <span class='ocrx_word' id='word_1_771' title='bbox 2807 4655 2853 4693; x_wconf 83' lang='lat'><strong>¹⁰</strong></span> <span class='ocrx_word' id='word_1_772' title='bbox 2884 4676 2916 4713; x_wconf 78' lang='grc' dir='ltr'><strong>α</strong></span> <span class='ocrx_word' id='word_1_773' title='bbox 2940 4658 3149 4717; x_wconf 85' lang='lat' dir='ltr'><strong>beatus</strong></span> <span class='ocrx_word' id='word_1_774' title='bbox 3175 4658 3361 4718; x_wconf 90' lang='lat' dir='ltr'><strong>homo</strong></span> 
     </span>
    </p>

    <p class='ocr_par' dir='ltr' id='par_1_12' title="bbox 1838 4750 3388 5015">
     <span class='ocr_line' id='line_1_99' title="bbox 1840 4750 3388 4829; baseline 0.001 -18"><span class='ocrx_word' id='word_1_775' title='bbox 1840 4755 1945 4829; x_wconf 86' lang='lat' dir='ltr'><strong>qui</strong></span> <span class='ocrx_word' id='word_1_776' title='bbox 1975 4768 2207 4827; x_wconf 88' lang='lat' dir='ltr'><strong>semper</strong></span> <span class='ocrx_word' id='word_1_777' title='bbox 2236 4756 2322 4811; x_wconf 86' lang='lat' dir='ltr'><strong>est</strong></span> <span class='ocrx_word' id='word_1_778' title='bbox 2341 4750 2615 4827; x_wconf 84' lang='lat' dir='ltr'><strong>pavidus.</strong></span> <span class='ocrx_word' id='word_1_779' title='bbox 2643 4771 2672 4807; x_wconf 92' lang='grc' dir='ltr'><strong>ιο</strong></span> <span class='ocrx_word' id='word_1_780' title='bbox 2707 4751 2764 4810; x_wconf 93' lang='lat' dir='ltr'><strong>Si</strong></span> <span class='ocrx_word' id='word_1_781' title='bbox 2792 4750 2951 4810; x_wconf 86' lang='lat' dir='ltr'><strong>enim</strong></span> <span class='ocrx_word' id='word_1_782' title='bbox 2976 4750 3163 4827; x_wconf 88' lang='lat' dir='ltr'><strong>aliqui</strong></span> <span class='ocrx_word' id='word_1_783' title='bbox 3194 4753 3258 4811; x_wconf 90' lang='lat' dir='ltr'><strong>in</strong></span> <span class='ocrx_word' id='word_1_784' title='bbox 3284 4753 3388 4813; x_wconf 82' lang='lat' dir='ltr'><strong>via</strong></span> 
     </span>
     <span class='ocr_line' id='line_1_100' title="bbox 1838 4844 3387 4921; baseline -0.001 -15"><span class='ocrx_word' id='word_1_785' title='bbox 1838 4863 2042 4906; x_wconf 91' lang='lat' dir='ltr'><strong>coram</strong></span> <span class='ocrx_word' id='word_1_786' title='bbox 2070 4846 2400 4905; x_wconf 87' lang='lat' dir='ltr'><strong>latronibus</strong></span> <span class='ocrx_word' id='word_1_787' title='bbox 2425 4845 2611 4904; x_wconf 78' lang='lat' dir='ltr'><strong>securi</strong></span> <span class='ocrx_word' id='word_1_788' title='bbox 2629 4848 2785 4917; x_wconf 91' lang='lat' dir='ltr'><strong>sunt,</strong></span> <span class='ocrx_word' id='word_1_789' title='bbox 2804 4844 2930 4903; x_wconf 80' lang='lat' dir='ltr'><strong>haec</strong></span> <span class='ocrx_word' id='word_1_790' title='bbox 2950 4845 3231 4904; x_wconf 88' lang='lat' dir='ltr'><strong>securitas</strong></span> <span class='ocrx_word' id='word_1_791' title='bbox 3247 4861 3387 4921; x_wconf 87' lang='lat' dir='ltr'><strong>pro-</strong></span> 
     </span>
     <span class='ocr_line' id='line_1_101' title="bbox 1838 4939 3384 5015; baseline 0 -16"><span class='ocrx_word' id='word_1_792' title='bbox 1838 4939 2002 4999; x_wconf 77' lang='lat' dir='ltr'><strong>venit</strong></span> <span class='ocrx_word' id='word_1_793' title='bbox 2023 4940 2123 4999; x_wconf 77' lang='lat' dir='ltr'><strong>vel</strong></span> <span class='ocrx_word' id='word_1_794' title='bbox 2150 4956 2224 4998; x_wconf 83' lang='lat' dir='ltr'><strong>ex</strong></span> <span class='ocrx_word' id='word_1_795' title='bbox 2250 4940 2586 5014; x_wconf 88' lang='lat' dir='ltr'><strong>ignorantia</strong></span> <span class='ocrx_word' id='word_1_796' title='bbox 2601 4981 2623 5011; x_wconf 93' lang='lat'><strong>,</strong></span> <span class='ocrx_word' id='word_1_797' title='bbox 2647 4939 2743 4998; x_wconf 83' lang='lat' dir='ltr'><strong>vel</strong></span> <span class='ocrx_word' id='word_1_798' title='bbox 2772 4956 2846 4999; x_wconf 83' lang='lat' dir='ltr'><strong>ex</strong></span> <span class='ocrx_word' id='word_1_799' title='bbox 2871 4939 3079 5015; x_wconf 88' lang='lat' dir='ltr'><strong>inopia</strong></span> <span class='ocrx_word' id='word_1_800' title='bbox 3093 4981 3116 5011; x_wconf 91' lang='lat'><strong>,</strong></span> <span class='ocrx_word' id='word_1_801' title='bbox 3164 4946 3265 4999; x_wconf 88' lang='lat' dir='ltr'><strong>aut</strong></span> <span class='ocrx_word' id='word_1_802' title='bbox 3288 4941 3384 4999; x_wconf 89' lang='lat' dir='ltr'><strong>cui</strong></span> 
     </span>
    </p>
   </div>
   <div class='ocr_carea' id='block_1_10' title="bbox 1838 5114 3387 5390">
    <p class='ocr_par' dir='ltr' id='par_1_13' title="bbox 1838 5114 3387 5390">
     <span class='ocr_line' id='line_1_102' title="bbox 1838 5114 3381 5178; baseline -0.006 -8"><span class='ocrx_word' id='word_1_803' title='bbox 1838 5144 1902 5157; x_wconf 95' lang='lat'>—</span> <span class='ocrx_word' id='word_1_804' title='bbox 1932 5118 1974 5153; x_wconf 76' lang='lat'><strong>¹⁸</strong></span> <span class='ocrx_word' id='word_1_805' title='bbox 2007 5116 2145 5167; x_wconf 79' lang='lat' dir='ltr'><strong>Psal.</strong></span> <span class='ocrx_word' id='word_1_806' title='bbox 2182 5127 2360 5175; x_wconf 83' lang='lat' dir='ltr'><strong>cxx1v,</strong></span> <span class='ocrx_word' id='word_1_807' title='bbox 2401 5118 2447 5166; x_wconf 82' lang='grc'><strong>1.</strong></span> <span class='ocrx_word' id='word_1_808' title='bbox 2477 5140 2540 5153; x_wconf 90' lang='lat'>-</span> <span class='ocrx_word' id='word_1_809' title='bbox 2579 5115 2617 5150; x_wconf 85' lang='lat'><strong>¹⁸</strong></span> <span class='ocrx_word' id='word_1_810' title='bbox 2644 5114 2847 5175; x_wconf 68' lang='lat' dir='ltr'><strong>March„</strong></span> <span class='ocrx_word' id='word_1_811' title='bbox 2882 5125 2933 5178; x_wconf 85' lang='lat' dir='ltr'><strong>v,</strong></span> <span class='ocrx_word' id='word_1_812' title='bbox 2967 5118 3043 5165; x_wconf 85' lang='grc' dir='ltr'><strong>1ο.</strong></span> <span class='ocrx_word' id='word_1_813' title='bbox 3074 5140 3135 5151; x_wconf 93' lang='grc'>-</span> <span class='ocrx_word' id='word_1_814' title='bbox 3170 5114 3211 5150; x_wconf 72' lang='lat'><strong>¹⁸</strong></span> <span class='ocrx_word' id='word_1_815' title='bbox 3244 5115 3381 5167; x_wconf 76' lang='grc' dir='ltr'><em>Ρεαι,</em></span> 
     </span>
     <span class='ocr_line' id='line_1_103' title="bbox 1840 5185 3387 5251; baseline -0.005 -9"><span class='ocrx_word' id='word_1_816' title='bbox 1840 5201 1956 5251; x_wconf 86' lang='lat' dir='ltr'><strong>cv1,</strong></span> <span class='ocrx_word' id='word_1_817' title='bbox 2000 5192 2050 5240; x_wconf 76' lang='lat'><strong>4.</strong></span> <span class='ocrx_word' id='word_1_818' title='bbox 2089 5213 2153 5225; x_wconf 98' lang='lat'>—</span> <span class='ocrx_word' id='word_1_819' title='bbox 2188 5188 2230 5223; x_wconf 85' lang='lat'><strong>¹⁸</strong></span> <span class='ocrx_word' id='word_1_820' title='bbox 2257 5185 2434 5247; x_wconf 68' lang='lat' dir='ltr'><strong>Eccli„</strong></span> <span class='ocrx_word' id='word_1_821' title='bbox 2466 5197 2616 5250; x_wconf 75' lang='lat' dir='ltr'><strong>xxvi,</strong></span> <span class='ocrx_word' id='word_1_822' title='bbox 2644 5188 2722 5235; x_wconf 78' lang='lat'><strong>21.</strong></span> <span class='ocrx_word' id='word_1_823' title='bbox 2756 5211 2811 5223; x_wconf 91' lang='lat'>-</span> <span class='ocrx_word' id='word_1_824' title='bbox 2849 5185 2891 5220; x_wconf 81' lang='lat'><strong>¹⁸</strong></span> <span class='ocrx_word' id='word_1_825' title='bbox 2923 5185 3091 5248; x_wconf 65' lang='lat' dir='ltr'><em>Pron„</em></span> <span class='ocrx_word' id='word_1_826' title='bbox 3131 5197 3213 5249; x_wconf 76' lang='lat' dir='ltr'><strong>ux,</strong></span> <span class='ocrx_word' id='word_1_827' title='bbox 3245 5192 3294 5237; x_wconf 80' lang='lat'><strong>1.</strong></span> <span class='ocrx_word' id='word_1_828' title='bbox 3324 5213 3387 5224; x_wconf 97' lang='lat'><strong>—</strong></span> 
     </span>
     <span class='ocr_line' id='line_1_104' title="bbox 1839 5255 3384 5322; baseline -0.006 -11"><span class='ocrx_word' id='word_1_829' title='bbox 1839 5261 1883 5298; x_wconf 83' lang='lat'><strong>¹²</strong></span> <span class='ocrx_word' id='word_1_830' title='bbox 1914 5259 2052 5311; x_wconf 72' lang='lat' dir='ltr'><strong>Psal.</strong></span> <span class='ocrx_word' id='word_1_831' title='bbox 2082 5269 2300 5321; x_wconf 81' lang='lat' dir='ltr'><strong>cxxxix,</strong></span> <span class='ocrx_word' id='word_1_832' title='bbox 2335 5260 2414 5309; x_wconf 73' lang='lat'><strong>14.</strong></span> <span class='ocrx_word' id='word_1_833' title='bbox 2442 5283 2505 5294; x_wconf 97' lang='lat'>—</span> <span class='ocrx_word' id='word_1_834' title='bbox 2535 5255 2573 5292; x_wconf 82' lang='lat'><strong>¹⁸</strong></span> <span class='ocrx_word' id='word_1_835' title='bbox 2599 5255 2806 5310; x_wconf 72' lang='lat' dir='ltr'><strong>Metili..</strong></span> <span class='ocrx_word' id='word_1_836' title='bbox 2831 5267 2882 5319; x_wconf 83' lang='lat' dir='ltr'><strong>v,</strong></span> <span class='ocrx_word' id='word_1_837' title='bbox 2909 5257 2961 5305; x_wconf 79' lang='lat'><strong>5.</strong></span> <span class='ocrx_word' id='word_1_838' title='bbox 2983 5281 3046 5292; x_wconf 98' lang='lat'><strong>—</strong></span> <span class='ocrx_word' id='word_1_839' title='bbox 3073 5258 3114 5292; x_wconf 81' lang='lat'><strong>¹·</strong></span> <span class='ocrx_word' id='word_1_840' title='bbox 3146 5255 3282 5320; x_wconf 67' lang='lat' dir='ltr'><strong>Luc„</strong></span> <span class='ocrx_word' id='word_1_841' title='bbox 3311 5268 3384 5322; x_wconf 69' lang='lat' dir='ltr'><strong>vi,</strong></span> 
     </span>
     <span class='ocr_line' id='line_1_105' title="bbox 1840 5331 2597 5390; baseline -0.005 -7"><span class='ocrx_word' id='word_1_842' title='bbox 1840 5336 1920 5383; x_wconf 75' lang='lat'><strong>521.</strong></span> <span class='ocrx_word' id='word_1_843' title='bbox 1952 5358 2009 5368; x_wconf 93' lang='lat'><strong>—-</strong></span> <span class='ocrx_word' id='word_1_844' title='bbox 2039 5332 2078 5362; x_wconf 73' lang='lat'><strong>²·</strong></span> <span class='ocrx_word' id='word_1_845' title='bbox 2111 5331 2272 5390; x_wconf 73' lang='lat' dir='ltr'><strong>Pron..</strong></span> <span class='ocrx_word' id='word_1_846' title='bbox 2305 5341 2490 5385; x_wconf 75' lang='lat' dir='ltr'><strong>xxviii.</strong></span> <span class='ocrx_word' id='word_1_847' title='bbox 2523 5331 2597 5379; x_wconf 75' lang='grc'><strong>14.</strong></span> 
     </span>
    </p>
   </div>
   <div class='ocr_carea' id='block_1_11' title="bbox 1902 5413 3196 5486">
    <p class='ocr_par' dir='ltr' id='par_1_14' title="bbox 1902 5413 3196 5486">
     <span class='ocr_line' id='line_1_106' title="bbox 1902 5413 3196 5486; baseline 0.002 -19"><span class='ocrx_word' id='word_1_848' title='bbox 1902 5419 1970 5486; x_wconf 83' lang='grc' dir='ltr'><strong>(α)</strong></span> <span class='ocrx_word' id='word_1_849' title='bbox 2001 5420 2126 5473; x_wconf 81' lang='lat' dir='ltr'><strong>Coet.</strong></span> <span class='ocrx_word' id='word_1_850' title='bbox 2157 5417 2280 5471; x_wconf 75' lang='lat' dir='ltr'><strong>edit.</strong></span> <span class='ocrx_word' id='word_1_851' title='bbox 2311 5416 2527 5469; x_wconf 81' lang='lat' dir='ltr'><strong>habitat.</strong></span> <span class='ocrx_word' id='word_1_852' title='bbox 2549 5441 2611 5455; x_wconf 90' lang='lat'>—</span> <span class='ocrx_word' id='word_1_853' title='bbox 2640 5413 2713 5481; x_wconf 84' lang='lat' dir='ltr'><strong>(b)</strong></span> <span class='ocrx_word' id='word_1_854' title='bbox 2743 5414 2921 5483; x_wconf 64' lang='lat' dir='ltr'><strong>Stqppl.</strong></span> <span class='ocrx_word' id='word_1_855' title='bbox 2946 5416 3196 5483; x_wconf 72' lang='lat' dir='ltr'><strong>Christus·</strong></span> 
     </span>
    </p>
   </div>
  </div>
 </body>
</html>
