4059 6317
692 457 817 519 3⁹⁰

690 589 1151 672 Augustusne*
1193 587 2227 672 :chanami-eij,

690 694 1581 780 dejudicioinlignumwj,
1606 695 2230 778 delignoinpara·

690 801 1923 869 duumvenihnltsmfamiliaritae':
1958 801 2230 880 «Pater,

688 909 1321 992 quoededistimihi,
1348 911 1639 986 volout,
1668 910 2139 993 ubiegosum,
2167 914 2236 974 et

688 1015 2224 1097 illisintmecummtvideantdaritatemmeam.»

690 1121 2232 1202 Itemhouorabiliter¹thuivieerit,dahoei

688 1231 1322 1298 sederemeeumin
1370 1232 2052 1312 thronomeo,»etc.
2102 1230 2232 1296 Sed

688 1338 2228 1422 curteumccumnominoinomnibmpraedic-

688 1446 2232 1532 tisnonerit‚quimodoasordibusvitiorum

686 1553 1321 1621 lotusnontuerit⁵2
1358 1555 1643 1621 «Sinon
1686 1553 1905 1621 lavero
1942 1556 2232 1633 te,non

688 1661 1588 1746 habebispartemmecum.»

872 1895 951 1970 IN
994 1895 1123 1970 DIE
1168 1893 1460 1970 SANCTO
1499 1891 2046 1970 mmmmm.

1114 2063 1403 2135 SERMO
1445 2062 1798 2135 PRIMUS.

764 2200 978 2268 Nolae
1002 2203 1384 2270 contristare
1426 2200 1747 2283 Spiritum
1776 2181 2109 2274 sanctum',
2151 2196 2229 2261 in

686 2322 813 2390 quo
836 2310 1087 2391 storiati
1108 2309 1326 2376 miv.
1346 2307 1508 2373 Vere
1534 2307 1859 2372 nobilibus
1881 2304 2090 2388 signis
2115 2320 2228 2368 no-

686 2414 833 2479 bilis
872 2415 978 2481 ille
1026 2415 1303 2499 Spiritus
1348 2420 1605 2480 sanctus
1629 2413 1928 2480 nobiliter
1970 2430 2090 2477 nos
2135 2411 2228 2475 si-

688 2522 936 2604 gnavit.
952 2528 1026 2588 Et
1050 2524 1193 2590 ideo
1214 2528 1509 2590 nostrum
1527 2523 1922 2604 signatorem
1940 2520 2226 2586 nolimus

684 2628 1098 2709 contristare,
1127 2630 1194 2696 id
1230 2635 1357 2711 est,
1400 2648 1440 2695 a
1466 2629 1656 2695 nobis
1680 2647 1796 2712 per
1832 2628 2002 2692 mala
2028 2645 2228 2710 opera

686 2734 940 2818 fugare,
967 2737 1132 2802 sicut
1155 2737 1308 2802 dicit
1332 2737 1572 2802 Glossa.
1597 2735 1826 2818 Signat
1843 2739 2057 2800 autem
2085 2734 2226 2817 Spi-

686 2841 850 2908 ritus
877 2848 1139 2910 sanctus
1162 2843 1394 2909 electos
1416 2845 1607 2926 signo
1640 2842 1927 2908 veritatis
1956 2841 2224 2906 creden-

683 2947 939 3026 dorum,
967 2946 1161 3029 signo
1173 2946 1521 3012 honestatis
1548 2964 1828 3026 morum,
1853 2946 2047 3026 signo
2071 2962 2225 3027 pan·

682 3054 946 3136 portatis
969 3059 1371 3120 terrenorum
1388 3101 1408 3133 ‚
1438 3052 1627 3135 signo
1669 3051 1994 3117 maritatis
2019 3050 2134 3116 Dei
2159 3055 2224 3117 et

682 3161 1156 3242 proximorum.

763 3267 852 3334 De
877 3268 1085 3353 primo
1112 3268 1305 3349 signo
1325 3315 1343 3347 ‚
1374 3265 1546 3350 quod
1572 3268 1670 3330 est
1692 3264 1874 3345 fidei,
1907 3265 2139 3331 dicitur
2157 3265 2216 3329 ⁸:

691 3397 723 3436 ι
748 3373 1084 3444 Credentes
1117 3372 1359 3454 signati
1382 3372 1537 3438 estis
1563 3370 1804 3455 Spiritu
1850 3373 2219 3457 promissio-

681 3481 785 3548 nis
805 3485 1043 3547 sancto.
1072 3501 1105 3542 n
1142 3478 1275 3547 Hoc
1301 3480 1493 3563 signo
1526 3478 1975 3544 discernuntur
1999 3479 2220 3544 fideles

682 3588 765 3654 ab
790 3588 1152 3655 infidelibus
1177 3591 1321 3672 post
1347 3587 1741 3670 baptismum
1760 3632 1781 3663 ,
1824 3586 1989 3651 sicut
2013 3587 2216 3669 signi·

680 3697 941 3762 ficetum
985 3699 1082 3762 est
1126 3700 1183 3777 ⁷,
1211 3695 1326 3760 ubi
1369 3694 1788 3777 transgressis
1833 3693 1981 3758 filiis
2026 3693 2221 3760 lsrael

680 3801 714 3868 J
716 3801 1042 3881 ordanem,
1067 3800 1367 3885 praecepit
1388 3800 1724 3867 duodecim
1740 3800 1899 3866 viris
1916 3818 2079 3884 quos
2095 3801 2220 3866 ele·

680 3912 867 3992 gerat
903 3909 984 3975 de
1008 3908 1157 3973 filiis
1205 3907 1427 3988 lsrael,
1472 3907 1766 3990 singulos
1813 3907 1893 3972 de
1935 3907 2214 3989 singulis

682 4015 976 4082 tribubus
999 4020 1251 4100 portare
1276 4015 1355 4081 de
1380 4013 1414 4080 J
1416 4014 1654 4080 ordene
1688 4015 1861 4079 sicco
1882 4013 2218 4079 duodecim

677 4121 922 4207 lapides
947 4124 1018 4188 in
1061 4120 1349 4188 humeris
1373 4119 1542 4201 suis,
1599 4143 1632 4181 α
1658 4124 1733 4186 ιιι
1755 4120 1926 4200 sint,
1982 4120 2216 4206 inquit,

680 4230 949 4313 signum
972 4230 1141 4294 inter
1175 4245 1313 4294 vos.
1328 4249 1361 4289 n
1405 4226 1753 4293 Duodecim
1779 4226 2020 4310 lapides
2065 4227 2220 4294 duo·

677 4336 884 4402 decim
933 4335 1232 4404 articulos
1290 4335 1441 4401 fidei
1501 4333 1914 4416 significant,
1980 4335 2093 4418 qui
2145 4335 2217 4400 in

676 4443 982 4528 Symbolo
1012 4443 1419 4508 continentur
1435 4489 1455 4522 ,
1485 4441 1598 4525 qui
1626 4439 1960 4507 duodecim
1998 4441 2217 4508 dicun-

672 4554 782 4618 tur
808 4550 1161 4616 secundum
1184 4549 1589 4615 traditionem
1606 4546 1942 4614 duodecim
1968 4554 2213 4636 aposto-

670 4655 908 4724 lorum.
940 4656 1118 4738 Unde
1155 4657 1487 4723 duodecim
1512 4654 1637 4722 viri
1679 4653 2014 4720 duodecim
2050 4673 2212 4740 apo-

668 4764 863 4830 stolos
904 4764 1272 4847 significant
1296 4811 1320 4844 ,
1367 4762 1483 4847 qui
1528 4760 1831 4826 articulos
1895 4761 2042 4828 fidei
2095 4781 2211 4848 per

666 4871 990 4941 mundum
1041 4871 1450 4957 praedicando
1499 4869 1858 4953 portabant.
1916 4869 2208 4938 Jordauis

665 4985 886 5046 autem
908 5028 927 5061 ,
958 4980 1026 5045 in
1052 4997 1181 5063 quo
1208 4979 1341 5063 ipse
1367 4976 1657 5043 Salvator
1680 4977 2037 5061 baptizatus
2071 4985 2203 5061 est,

665 5087 1056 5172 baptismum
1084 5086 1402 5170 significat
1419 5133 1442 5166 ‚
1471 5084 1539 5150 in
1563 5086 1750 5169 cujus
1777 5086 2053 5152 transitu
2076 5087 2206 5153 hu-

727 5214 746 5250 1
778 5215 931 5280 Aug„
965 5214 1143 5265 Enarr.
1171 5213 1228 5262 in
1254 5209 1394 5264 Ptol.
1422 5221 1507 5275 tv,
1535 5223 1591 5262 n.
1625 5212 1706 5261 12.
1736 5235 1792 5248 -—
1822 5209 1847 5246 ¹
1876 5210 2046 5272 loon„
2073 5222 2204 5279 xm,

665 5287 746 5338 24.
770 5311 832 5325 —
859 5291 882 5322 ⁸
905 5287 1075 5352 Apoe„
1102 5296 1183 5351 ιιι,
1209 5288 1289 5336 21.
1313 5309 1376 5322 -
1403 5283 1426 5319 ὀ
1448 5283 1617 5344 Ιοαπ.,
1640 5293 1764 5346 1111,
1790 5283 1840 5333 8.
1866 5307 1928 5320 —-
1952 5283 1975 5319 ⁸
1996 5283 2203 5349 ephes„

665 5367 737 5419 ιν,
765 5359 845 5408 30.
870 5382 935 5395 -
962 5357 985 5392 ⁸
1010 5355 1217 5422 Ephes„
1242 5366 1282 5420 1,
1307 5358 1389 5407 13.
1415 5377 1479 5393 -
1511 5355 1529 5387 ²
1558 5354 1684 5417 los„
1711 5365 1788 5418 ιν,
1815 5354 1864 5403 6.
1892 5379 1957 5391 -
1991 5352 2014 5388 ⁸
2045 5355 2203 5410 Bern.

663 5451 731 5467 —
749 5428 770 5460 ⁸
791 5427 979 5492 laod„
1002 5439 1190 5492 xxvm,
1208 5429 1288 5480 ³⁰.
1304 5451 1368 5467 —
1390 5425 1432 5463 ’θ
1448 5424 1628 5489 nectua,
1646 5435 1730 5490 vt,
1751 5426 1832 5477 26.
1846 5449 1913 5464 —
1933 5426 1973 5461 ¹¹
1993 5424 2202 5490 naeth..

1782 451 2202 518 Sssmflsss
2241 450 2344 517 ΒΕ
2387 451 2786 520 ms.

2329 588 2618 670 jnmdi
2639 590 2909 670 simum
2946 595 3012 655 et
3047 591 3500 657 afflone-
3519 589 3740 656 flddoe
3765 607 3892 655 ιο-

2337 693 2604 776 cipiunt.
2633 694 2842 779 Super
2863 697 2984 763 hos
2999 698 3338 764 duedecim
3355 698 3638 764 Ecclesia
3653 697 3898 763 emda-

2335 807 2467 882 tur,
2497 805 2610 885 qui
2635 805 2802 871 bene
2833 807 2906 871 in
2939 807 3232 872 humeris
3259 808 3504 890 portari
3531 807 3889 889 jubat-nr.

2338 909 2416 974 ln
2439 910 2732 978 humeris
2752 915 2928 978 enim
2947 933 3148 979 onera
3173 915 3404 996 gravia
3429 932 3706 997 quaeque
3731 931 3898 995 por·

2333 1023 2570 1083 tamus.
2606 1020 3008 1104 Quicumque
3035 1039 3201 1103 ergo
3225 1040 3426 1088 onera
3449 1021 3750 1086 laborum
3777 1019 3896 1084 vel

2337 1127 2724 1205 gravamina
2751 1127 3170 1193 adversorum
3201 1148 3318 1212 per
3343 1130 3538 1193 fldem
3561 1177 3582 1206 ‚
3623 1147 3738 1193 seu
3765 1143 3898 1210 per

2335 1232 2486 1297 fidei
2509 1233 2814 1299 articulos
2829 1235 3135 1314 tola-ant,
3153 1236 3274 1319 ipsi
3291 1236 3484 1319 quasi
3501 1236 3574 1300 in
3591 1233 3898 1300 humeris

2334 1336 2578 1421 lapides
2601 1339 2713 1405 Dei
2741 1345 3019 1424 portant.
3052 1342 3134 1408 Et
3155 1344 3326 1407 sicut
3363 1344 3436 1407 in
3459 1341 3760 1408 humeris
3791 1340 3894 1406 le-

2335 1446 2484 1510 vius
2505 1447 2800 1513 teruntur
2822 1451 3086 1531 gravia,
3113 1450 3208 1514 sic
3227 1451 3452 1533 utique
3479 1450 3700 1515 omnia
3724 1466 3897 1530 gra-

2335 1552 2598 1618 vamina
2619 1554 2904 1622 [eremus
2927 1556 3176 1638 levite,
3209 1558 3268 1622 si
3289 1557 3488 1622 fldem
3513 1557 3738 1621 vivam
3763 1556 3898 1619 ha-

2335 1658 2584 1725 bemffi.
2628 1659 2992 1728 Bet-nardus
3017 1664 3042 1699 ⁸
3071 1685 3090 1727 z
3129 1687 3164 1724 ι
3193 1664 3356 1742 Quid
3397 1670 3499 1728 est
3531 1663 3708 1747 quod
3751 1680 3900 1727 non

2333 1783 2681 1848 operamur
2701 1770 2902 1836 etiam
2935 1789 3052 1854 per
3078 1772 3322 1837 medios
3353 1789 3575 1848 eines,
3605 1772 3662 1836 si
3687 1789 3898 1855 opor-

2333 1875 2467 1938 teat
2489 1874 2804 1942 declinare
2827 1883 3074 1943 tantam
3098 1879 3424 1944 miseriam
3443 1884 3510 1944 et
3527 1879 3610 1945 ad
3633 1882 3898 1944 tantam

2333 1981 2684 2047 accelerare
2700 1984 3256 2066 gloriantium-ou
3273 2004 3571 2052 summus
3590 1986 3900 2051 sacerdos

2333 2086 2977 2175 duodecimlapides‚
3023 2094 3260 2159 scilicet
3299 2111 3598 2176 gemmas
3631 2094 3896 2177 inpec-

2331 2198 2472 2259 tore
2497 2198 2821 2280 portabat,
2851 2200 3020 2266 sicut
3052 2200 3296 2282 legitur
3319 2201 3368 2264 ¹.
3401 2200 3688 2284 Apparet
3719 2218 3898 2283 ergo

2331 2302 2502 2384 quod
2529 2303 2866 2371 duodecim
2913 2306 3194 2391 lapides,
3245 2308 3371 2374 hoc
3396 2312 3494 2373 est
3543 2307 3891 2373 duodecim

2330 2409 2839 2495 fldeiarticulos,
2872 2415 3413 2498 inpectoreetin
3449 2414 3788 2495 humeriS,
3824 2416 3894 2479 id

2331 2517 2531 2583 estin
2567 2520 3888 2604 cordeetopere‚portaredebemus:in

2329 2629 2584 2706 pectore
2608 2627 2868 2709 quidem
2887 2677 2907 2708 ‚
2944 2631 3021 2693 ut
3052 2629 3244 2694 eorde
3268 2633 3439 2695 recte
3479 2630 3884 2708 sentiamus;

2332 2730 2405 2796 in
2443 2730 2736 2798 humeris
2760 2739 2979 2801 autem
3001 2784 3022 2816 ,
3053 2739 3130 2801 ut
3158 2737 3228 2802 in
3267 2736 3596 2802 laboribus
3620 2741 3690 2802 et
3716 2756 3890 2820 gra-

2330 2838 2698 2904 vaminihus
2713 2840 2909 2906 fldem
2919 2843 3351 2908 ostendamus.
3377 2842 3554 2909 Unde
3571 2845 3618 2886 ¹·
3639 2845 3890 2911 :asub-

2324 2944 2454 3025 jiee
2477 2946 3078 3030 humerumtuum,
3107 2953 3172 3013 et
3193 2950 3606 3034 pennulam,
3632 2973 3666 3012 n
3701 2953 3884 3018 scili-

2331 3059 2432 3118 eet
2468 3056 2845 3139 sapientiam
2885 3076 3036 3142 quae
3093 3062 3190 3124 est
3230 3077 3346 3143 per
3388 3059 3580 3125 fldem
3623 3079 3882 3127 veram.

2331 3159 2491 3242 Sed,
2525 3161 2689 3227 heu!
2741 3163 3051 3230 humeros
3078 3167 3370 3249 proprios
3395 3168 3584 3234 multi
3616 3169 3882 3236 subtra-

2330 3265 2517 3346 hunt,
2539 3274 2604 3333 et
2626 3268 2915 3335 humeris
2940 3270 3165 3336 alienis
3191 3272 3395 3338 multa
3419 3275 3766 3358 imponunt
3787 3278 3834 3317 ¹¹
3859 3296 3876 3341 ε

2338 3397 2372 3436 ι
2393 3376 2686 3459 Alligaut
2708 3396 2907 3444 onera
2931 3380 3163 3462 grevia
3176 3427 3198 3461 ,
3225 3404 3259 3440 n
3288 3385 3412 3447 etc.

2410 3484 2770 3568 signantur
2786 3489 2980 3555 etiam
3002 3491 3184 3556 electi
3205 3491 3258 3554 si
3264 3508 3400 3572 gno
3417 3491 3872 3574 religiositatis,

2330 3591 2436 3658 vel
2460 3592 2813 3660 honestatis
2837 3614 3118 3664 morum.
3150 3595 3284 3662 Hoc
3312 3597 3504 3681 signo
3525 3599 3682 3666 mali
3699 3618 3742 3665 a
3767 3600 3882 3665 bo-

2328 3698 2432 3764 nis
2456 3701 3007 3788 designanturper
3031 3723 3226 3789 opera
3249 3708 3292 3748 ¹¹
3315 3727 3375 3770 z«
3398 3706 3474 3772 In
3499 3685 3700 3773 mauu
3723 3726 3878 3774 om-

2329 3806 2514 3874 nium
2539 3808 2881 3877 hominum
2908 3812 3128 3895 signat
3143 3862 3164 3893 ,
3202 3817 3278 3879 ut
3301 3814 3602 3880 noverint
3626 3815 3872 3898 singuli

2325 3930 2521 3997 opera
2545 3934 2687 3983 sua.
2710 3939 2741 3978 s
2773 3918 2848 3983 In
2874 3938 3074 3985 manu
3101 3920 3349 4004 utique,
3378 3920 3447 3986 id
3466 3920 3654 3988 estin
3675 3939 3872 4007 opere

2326 4020 2525 4104 hono,
2556 4029 2815 4107 apparet
2840 4026 2963 4106 hoc
2995 4027 3296 4109 signum,
3344 4031 3416 4093 ut
3440 4028 3684 4110 singuli
3713 4048 3870 4114 ope-

2327 4133 2576 4211 rantes,
2601 4136 2667 4196 et
2690 4149 2888 4216 opera
2906 4132 3195 4206 videntes
3211 4182 3230 4216 ‚
3255 4139 3648 4218 cognoscant
3673 4153 3872 4219 opera

2324 4252 2476 4315 sua,
2528 4242 2753 4304 utrum
2795 4240 3108 4308 sciliceta
3146 4241 3306 4324 Deo,
3355 4261 3444 4309 an
3486 4261 3527 4308 a
3570 4243 3865 4324 diabolo,

2324 4346 2547 4408 utrum
2572 4346 2886 4426 carnalia,
2910 4366 2994 4412 an
3021 4347 3377 4433 spiritualia
3411 4350 3560 4417 sint.
3591 4350 3812 4418 Glossa
3845 4368 3866 4415 ε

2330 4472 2364 4511 ι
2390 4449 2568 4517 Fidei
2592 4457 2830 4520 nostrae
2844 4456 3180 4522 veritatem
3195 4456 3267 4522 in
3283 4458 3437 4524 vitas
3454 4462 3691 4525 nostrae
3717 4477 3868 4525 con·

2321 4556 2698 4627 sideratione
2758 4565 3007 4644 oportet
3066 4581 3553 4646 cognoscere.»
3591 4565 3669 4633 Ει
3713 4567 3869 4652 quia

2330 4688 2363 4727 α
2381 4667 2539 4733 fldes
2553 4669 2694 4734 sine
2716 4671 3019 4755 operibus
3041 4678 3299 4741 mortua
3318 4679 3416 4744 est
3441 4677 3488 4717 ²⁸
3489 4699 3560 4755 ,n
3580 4676 3721 4744 ideo
3743 4678 3868 4744 hoc

2319 4774 2586 4858 signum
2625 4795 2878 4862 semper
2913 4780 3098 4845 dehet
3131 4800 3267 4848 esse
3302 4801 3632 4850 annexum
3675 4785 3865 4879 signo

2318 4882 2552 4949 fidei.¹
2586 4884 2834 4969 «Signa
2860 4905 2995 4967 eos,
3027 4889 3140 4973 qui
3167 4892 3434 4960 credunt
3463 4893 3565 4976 (b),
3593 4892 3739 4960 haec
3763 4911 3863 4962 se·

2317 4994 2644 5070 quentur·
2681 4992 2752 5057 in
2788 4995 3052 5062 nomine
3092 5016 3275 5081 mee,
3307 5020 3340 5061 n
3369 5004 3490 5066 etc.
3534 5000 3862 5070 Daemonia

2316 5102 2469 5162 sunt
2493 5104 2770 5183 peccata,
2788 5120 2936 5185 quae
2958 5103 3037 5169 de
3057 5106 3246 5171 eorde
3267 5107 3349 5189 e]
3332 5126 3503 5174 icere
3524 5108 3857 5177 debemus.

2312 5269 2658 5336 xxm‚4.-
2717 5271 3662 5348 ⁸10⁶,xxxvn,·1.—⁸Jac.,‚11
3689 5283 3773 5336 2¹.

2316 5305 2549 5392 “Mau-c.
2552 5353 2713 5409 ,xv1,
2739 5346 2816 5398 ιτ.

2378 5436 2429 5503 (α
2431 5439 2451 5502 )
2481 5437 2604 5494 Coet.
2627 5441 2711 5495 edi
2709 5448 2751 5496 t.
2774 5442 3026 5510 ligno.-
2961 5447 3128 5515 ···(⁶)
3159 5450 3277 5516 Leo.
3308 5451 3633 5506 crediderint.
