4059 6317
717 446 836 515 594

713 586 892 642 tatem
921 578 1229 657 apostolici
1256 577 1470 654 offlci13
1501 578 1763 638 secundo
1781 623 1802 653 ,
1843 579 1923 638 ad
1959 577 2251 637 excellen-

713 677 859 735 tiam
886 675 1198 749 singularis
1224 674 1519 749 martyrii,
1553 674 1727 732 tertio
1764 689 1937 747 vero,
1968 673 2048 731 ad
2071 670 2255 730 subli-

713 772 976 829 mitatem
1022 768 1493 828 excellentissimi
1534 768 1782 843 praemii.
1821 767 1984 825 Unde
2022 768 2254 842 poterat

589 902 596 908 -
713 863 909 922 dicere
935 862 1088 921 illud
1116 865 1134 901 ¹
1168 881 1183 920 ε
1222 882 1250 917 s
1275 861 1602 920 Ascendam
1639 862 1702 919 in
1735 861 2030 936 palmam,
2062 863 2121 917 et
2146 875 2252 934 ap-

711 957 1079 1033 prehendam
1106 956 1328 1015 fructus
1354 957 1498 1030 ejus.
1521 976 1549 1010 ι
1582 955 1783 1014 Palma
1807 960 1893 1013 est
1915 954 2096 1013 arbor
2109 953 2248 1024 alta,

712 1051 894 1110 arbor
934 1050 1366 1126 pulcherrima,
1402 1049 1566 1108 omni
1601 1053 1867 1123 tempore
1890 1047 2049 1106 foliis
2074 1046 2252 1105 ador-

711 1144 882 1218 nata,⁸
909 1145 1093 1203 arbor
1133 1144 1392 1202 victorias
1439 1144 1760 1217 signativa,
1803 1145 1862 1200 et
1896 1140 2077 1199 arbor
2126 1139 2254 1197 diu-

709 1242 905 1312 turna,
935 1236 1117 1297 arbor
1157 1237 1350 1295 {ructu
1391 1236 1751 1295 dulcissima.
1791 1235 1883 1295 Sic
1923 1238 1981 1291 et
2005 1236 2123 1290 vita
2148 1230 2253 1289 illa

709 1331 907 1405 beata,
932 1331 1012 1390 ad
1038 1348 1222 1407 quam
1247 1330 1428 1390 hodie
1456 1329 1721 1389 ascendit
1756 1327 2073 1404 Apostolus
2099 1325 2253 1383 obti-

709 1425 994 1497 nendam,
1009 1428 1096 1483 est
1115 1425 1398 1483 altissima
1422 1428 1713 1499 quantum
1731 1422 1809 1480 ad
1838 1422 2058 1489 locum,
2074 1435 2253 1495 prop-

711 1524 798 1578 ter
836 1518 1055 1577 coelum
1110 1532 1495 1593 empyreum3
1539 1520 1627 1576 est
1676 1514 2077 1590 pulcherrima
2130 1513 2252 1570 vita

707 1614 990 1672 continua
1007 1655 1026 1682 ‚
1059 1610 1337 1669 decorata
1372 1615 1614 1686 propter
1646 1613 1947 1683 aspectum
1967 1651 1987 1680 ,
2016 1606 2141 1665 sive
2169 1605 2254 1663 vi-

711 1723 881 1778 sum3
912 1708 1001 1764 est
1030 1704 1545 1776 victoriosissima,
1593 1703 1738 1778 quia
1785 1717 2095 1775 nunquam
2126 1698 2252 1757 ulla

710 1815 913 1876 pugna
940 1814 1247 1869 concussa,
1285 1801 1528 1873 propter
1566 1797 1858 1856 continuae
1882 1794 2046 1870 pacis
2072 1792 2249 1851 effec-

709 1900 869 1968 tum;
901 1892 1471 1964 estimmensissima,
1492 1891 1662 1949 nullo
1681 1894 1945 1964 tempore
1965 1884 2250 1958 finienda,

708 1991 955 2064 propter
980 1986 1312 2046 aiternitatis
1328 1986 1594 2058 bonum;
1622 1988 1681 2043 et
1706 1988 1792 2042 est
1816 1983 2008 2040 fructu
2037 1981 2253 2040 dulcis-

710 2081 861 2141 sima
885 2085 1127 2157 propter
1148 2083 1404 2154 gustum.
1437 2078 1589 2149 Quid
1612 2094 1755 2152 ergo
1782 2082 1895 2150 est,
1926 2074 2093 2152 quod
2116 2079 2250 2132 tan-

707 2181 836 2234 tum
862 2174 1092 2234 bonum
1127 2190 1251 2232 non
1290 2173 1609 2249 cupimus?
1635 2171 1787 2243 Quid
1815 2176 1918 2244 est,
1950 2169 2116 2245 quod
2139 2185 2251 2227 nos

708 2269 873 2343 ipsos
916 2270 980 2327 in
1019 2271 1274 2327 mortem
1311 2283 1426 2341 pro
1469 2267 1586 2325 hoc
1633 2281 1868 2323 summo
1917 2265 2083 2323 bono
2126 2277 2251 2321 non

709 2361 1046 2421 tradimus?
1093 2360 1242 2436 quid
1264 2363 1378 2433 est,
1411 2358 1579 2435 quod
1606 2359 1810 2417 omnia
1848 2356 2060 2415 mundi
2087 2357 2253 2416 bona

708 2470 821 2530 pro
848 2471 921 2514 eo
949 2455 1276 2514 obtinendo
1302 2470 1427 2513 non
1456 2453 1707 2512 damus?
1732 2451 2065 2511 stultissimi
2101 2466 2252 2508 mer-

709 2554 933 2607 catores
959 2565 1185 2620 sumus,
1222 2548 1329 2623 qui
1365 2547 1579 2606 damus
1618 2562 1731 2622 pro
1755 2545 2009 2620 plumbo
2039 2558 2251 2616 argen-

708 2646 836 2699 tum
859 2686 878 2716 ,
923 2658 1035 2717 pro
1081 2640 1417 2701 aurichalco
1454 2656 1697 2712 aurum,
1734 2638 1888 2711 imo,
1925 2653 2039 2712 pro
2085 2637 2250 2695 hono

707 2735 1044 2794 transitorio
1065 2778 1084 2808 ,
1134 2735 1364 2794 bonum
1412 2750 1734 2791 summum.
1792 2735 1919 2791 Non
1973 2731 2107 2789 talis
2142 2730 2252 2788 fuit

708 2834 1000 2888 mercator
1033 2829 1377 2904 Apostolus,
1431 2828 1537 2903 qui
1586 2842 1697 2902 pro
1742 2825 1859 2884 hoc
1903 2823 2247 2895 mercandO,

707 2940 832 2983 non
863 2923 1059 2983 solum
1083 2922 1247 2981 hona
1273 2920 1624 2997 temporalia
1649 2918 1836 2991 dedit,
1862 2918 1967 2976 sed
1989 2917 2249 2991 seipsum

710 3017 1038 3093 impendit:
1067 3020 1124 3075 et
1149 3016 1289 3076 ideo
1309 3016 1393 3074 sic
1420 3013 1737 3074 ascendere
1766 3012 1985 3085 dignus
2010 3010 2139 3069 fuit.

1267 3174 1523 3237 SERMO
1565 3174 1618 3235 11
1646 3172 1691 3233 ².

784 3303 1044 3372 Posuisti,
1072 3301 1313 3370 Domine,
1340 3312 1503 3371 super
1525 3296 2067 3369 eaputaejmooronoen
2077 3295 2247 3366 ⁸,etc.

511 3423 685 3468 0020„
706 3396 938 3471 Triplex
982 3407 1205 3452 corona
1240 3392 1455 3464 legitur
1488 3390 1552 3449 in
1594 3389 1892 3464 Scriptura
1928 3405 1942 3445 t
1986 3403 2109 3445 una
2144 3403 2248 3445 au-

471 3488 646 3543 triplex.

708 3504 810 3549 rea
820 3508 838 3563 ;
872 3489 1054 3547 altera
1079 3486 1314 3559 stellea3
1353 3483 1524 3543 tertia
1561 3499 1709 3541 vero
1749 3482 2010 3557 lapidea.
2056 3472 2252 3539 Ptima

710 3599 934 3643 corona
961 3582 1135 3641 datur
1161 3579 1519 3653 virginibus,
1505 3597 1520 3612 ·
1545 3576 1807 3647 secunda
1833 3576 2007 3633 datur
2035 3574 2249 3649 proedi-

516 3704 685 3744 aarum
713 3676 1015 3749 cantibus3
1037 3674 1206 3733 tertia
1245 3673 1418 3730 datur
1458 3670 1840 3744 martyribus.
1887 3670 2050 3737 Dico,
2080 3666 2249 3742 quod

472 3762 578 3818 ΨΜ
620 3763 683 3807 ⁸¹·
708 3770 905 3845 prima
931 3783 1193 3840 corona,
1227 3783 1363 3842 quse
1408 3764 1580 3823 datur
1614 3761 1984 3836 virginibus,
2035 3760 2249 3819 dicitur

471 3826 666 3880 gnlfloet.

506 4368 641 4414 stella

509 4432 632 4485 quid.

711 3878 936 3922 aurea.
960 3879 1170 3922 aurum
1197 3860 1392 3933 enim,
1420 3862 1663 3934 propter
1706 3872 1877 3914 suam
1907 3854 2244 3929 puritatem,

709 3964 768 4018 et
803 3959 1262 4034 speciositatem,
1294 3959 1353 4014 et
1384 3950 2038 4027 incorruptibilitatem,
2067 3948 2246 4022 signi-

707 4053 846 4111 ficat
870 4051 1403 4127 incorruptionem,
1427 4047 1821 4120 virginitatem
1844 4087 1864 4117 ,
1895 4045 2018 4103 sive
2054 4044 2248 4102 carnis

707 4146 1116 4220 integritatem.
1146 4148 1213 4202 Et
1238 4145 1314 4202 de
1353 4143 1468 4200 hac
1500 4155 1721 4199 corona
1748 4139 1961 4197 dicitur
1988 4140 2012 4175 ⁸
2044 4156 2059 4196 ε
2089 4157 2120 4193 ι
2144 4139 2247 4197 Co-

705 4256 858 4301 rona
883 4256 1065 4300 aurea
1076 4256 1253 4316 super
1280 4240 1458 4314 capnt
1476 4238 1621 4310 ejus.
1651 4256 1681 4292 ι»
1709 4234 1980 4294 Secunda
1996 4248 2241 4303 corona,

705 4350 842 4411 quae
867 4336 1082 4393 dicitur
1108 4333 1329 4401 stelles,
1347 4332 1522 4391 datur
1537 4328 2055 4405 praedicatoribus:
2077 4327 2247 4387 stella

707 4429 866 4488 enim
880 4473 898 4502 ,
927 4432 1171 4504 propter
1210 4442 1380 4485 suam
1425 4423 1885 4483 luminositatem
1903 4465 1922 4494 ,
1963 4421 2245 4496 prasdica·

705 4527 826 4581 tam
851 4521 1144 4595 significat
1167 4520 1473 4578 veritatem
1487 4537 1507 4591 3
1552 4520 1610 4575 et
1648 4518 1797 4575 sicut
1823 4515 1992 4574 stella
2019 4520 2107 4574 est
2133 4515 2240 4573 de·-

703 4618 992 4676 viantium
1032 4614 1316 4673 directiva
1334 4656 1355 4685 ,
1400 4613 1484 4669 sic
1530 4611 1747 4670 veritas
1788 4609 2105 4684 praedicata
2158 4613 2245 4667 est

701 4711 1024 4770 errantium
1069 4706 1484 4766 illuminativa.
1528 4708 1593 4763 Et
1619 4705 1696 4762 de
1721 4704 1834 4764 hac
1857 4717 2082 4762 corona
2100 4701 2244 4760 dici-

700 4811 796 4865 tur
813 4808 835 4843 ⁸
868 4824 884 4863 x
921 4826 950 4858 α
971 4806 1037 4863 ln
1066 4801 1256 4875 capite
1283 4801 1411 4873 cJ’us
1438 4814 1662 4858 corona
1686 4798 1989 4856 stellarum
2015 4795 2243 4854 duode-

699 4901 839 4958 cim.
867 4920 896 4952 ι)
926 4895 1248 4956 Duodecim
1275 4892 1474 4964 stellae,
1502 4892 1720 4967 quibus
1747 4907 1970 4950 corona
1989 4906 2240 4964 compo-

699 4994 878 5064 nitur,
916 4994 1055 5049 sunt
1102 4988 1424 5048 duodecim
1467 4986 1853 5061 proprietates
1901 4984 2236 5051 stellarum,

697 5098 831 5160 quae
867 5085 931 5144 in
974 5081 1347 5143 sermonibus
1393 5080 1462 5137 de
1506 5081 1772 5138 communi
1809 5079 2195 5151 Apostolorum
2215 5078 2239 5113 ⁶

693 5183 1016 5257 ponuntur.
1048 5178 1250 5249 Quoere
1285 5173 1373 5232 ibi
1387 5216 1410 5247 ,
1437 5175 1494 5231 et
1518 5170 1649 5246 lege
1700 5186 2024 5231 sermones.
2054 5170 2238 5229 Tertia

761 5307 780 5341 ¹
811 5305 976 5367 Cant„
1011 5313 1115 5365 vu,
1151 5304 1201 5351 8.
1229 5324 1293 5339 --
1335 5298 1356 5330 ²
1383 5298 1532 5349 Hunc
1566 5310 1675 5348 non
1700 5295 1858 5347 habet
1881 5295 2010 5346 edit«
2040 5297 2233 5359 Hagen.

699 5390 783 5428 au.
821 5379 960 5427 ¹496.
995 5401 1059 5413 -
1095 5375 1112 5405 ⁸
1149 5372 1285 5425 Psal.
1323 5384 1421 5434 xx,
1460 5372 1507 5421 4.
1541 5395 1604 5408 —
1641 5370 1659 5400 ⁴
1696 5368 1876 5431 Booti„
1911 5380 2034 5431 ην,
2068 5372 2145 5420 ¹4.
2174 5392 2238 5406 -·-

1720 438 2140 512 SERMONES
2181 440 2282 508 DE
2316 436 2666 509 SANCTIS.
2708 436 2893 506 XLII.

2356 591 2601 648 corona,
2626 591 2759 650 quai
2787 572 2999 631 dicitur
3022 570 3284 646 lapidea,
3312 570 3492 630 datur
3511 569 3884 647 martyribus,

2358 673 2416 727 et
2440 685 2552 746 pro
2581 669 2803 727 Christo
2841 665 3222 740 patientibus.
3253 667 3399 723 Nam
3436 665 3590 739 lapis
3603 708 3625 738 ,
3651 670 3887 740 propter
3939 681 4040 736 14·

2357 780 2530 821 suam
2567 760 2955 832 soliditatem,
2992 759 3287 833 significat
3318 758 3619 833 patientias
3655 759 3887 819 firmin-
3942 746 4039 799 Ψ*

2356 860 2496 915 tem.
2529 855 2810 915 Diabolus
2835 854 3030 923 enim,
3071 853 3216 927 quia
3257 853 3571 928 impugnat
3611 870 3721 928 per
3746 870 3884 913 con-

2357 950 2797 1024 cupiscentiam‚
2825 952 3134 1022 superatur
3159 963 3196 1006 a
3226 947 3558 1021 virginibus
3580 964 3688 1022 per
3714 949 3887 1023 virgi·

2356 1044 2554 1102 nalem
2582 1044 2957 1113 munditiam,
2987 1040 3206 1116 quibus
3232 1041 3504 1100 redditur
3539 1058 3767 1100 corona
3795 1060 3889 1100 au-

2354 1153 2478 1197 rea.
2510 1141 2683 1208 Item,
2724 1136 2828 1212 qui
2856 1138 3163 1210 impugnat
3196 1152 3304 1209 per
3339 1134 3641 1194 fallaciam
3660 1179 3679 1209 ,
3711 1137 3885 1195 vinci-

2355 1233 2451 1288 tur
2496 1247 2533 1289 a
2572 1228 3057 1304 praedicatoribus
3106 1244 3214 1303 per
3257 1245 3459 1287 veram
3519 1230 3827 1288 scientiam
3872 1249 3888 1288 :

2354 1328 2600 1400 propter
2637 1322 2803 1398 quod
2848 1323 3023 1380 datur
3047 1322 3132 1379 eis
3157 1338 3379 1380 corona
3404 1322 3693 1381 luminea.
3736 1328 3891 1395 Item,

2358 1418 2501 1493 quia
2522 1418 2835 1492 impugnat
2860 1433 2968 1491 per
2993 1416 3358 1488 violentiam,
3396 1416 3659 1475 vincitur
3685 1432 3725 1474 a
3749 1433 3896 1475 mar-

2356 1510 2585 1585 tyribus
2609 1527 2717 1585 per
2742 1512 3174 1569 tormentorum
3198 1509 3640 1568 sustinentiam:
3660 1516 3897 1586 propter

2356 1604 2525 1680 quod
2553 1603 2728 1662 datur
2756 1604 2840 1662 eis
2875 1620 3098 1663 corona
3139 1602 3395 1677 lapidea.
3444 1606 3511 1661 ln
3556 1605 3758 1678 prima
3798 1621 3893 1662 co-

2354 1714 2507 1756 rona
2550 1701 2910 1756 coronantur
2958 1701 3121 1756 actus
3169 1697 3651 1772 concupiscibilis
3673 1741 3693 1769 ‚
3738 1699 3897 1771 cujm

2356 1794 2443 1848 est
2470 1791 2661 1849 carnis
2682 1790 2978 1849 desideria
2998 1790 3262 1849 sroenare.
3293 1794 3357 1850 ln
3383 1793 3657 1850 secunda
3683 1807 3897 1850 corona

2356 1890 2713 1945 coronantur
2738 1890 2900 1945 actus
2936 1885 3241 1945 rationalis
3258 1930 3277 1959 ‚
3317 1887 3488 1960 cujus
3516 1893 3609 1944 est
3646 1890 3897 1945 errantes

2354 1981 2660 2040 instruere.
2718 1984 2783 2041 ln
2836 1980 3005 2039 tertia
3054 1995 3275 2039 corona
3322 1985 3697 2039 coronantur
3742 1984 3897 2038 actus

2352 2074 2699 2148 irascibilis,
2754 2076 2924 2148 cuius
2974 2080 3061 2132 est
3102 2073 3293 2132 ardua
3326 2074 3578 2132 viriliter
3628 2073 3894 2133 tolerare.

2355 2172 2473 2228 Hac
2498 2168 2712 2243 triplici
2737 2183 2960 2228 corona
2983 2168 3192 2226 beatus
3218 2168 3689 2226 Barssiolomaeus
3710 2174 3791 2226 est
3808 2185 3897 2228 co-

2353 2265 2595 2321 ronatus
2622 2262 2685 2319 in
2710 2263 2902 2337 patria
2930 2279 2944 2318 z
2977 2263 3120 2336 quia
3147 2277 3371 2320 corona
3394 2277 3604 2335 aurea,
3621 2278 3698 2320 eo
3715 2263 3892 2337 quod,

2355 2360 2421 2414 ut
2451 2355 2727 2428 creditur,
2755 2356 2927 2429 virgo
2953 2355 3100 2425 fnit3
3150 2359 3209 2412 et
3247 2370 3475 2414 corona
3499 2355 3736 2428 stelles,
3764 2357 3896 2431 quia

2353 2451 2705 2525 praedicator
2763 2451 3023 2524 optimus
3070 2448 3216 2522 fuit3
3265 2454 3321 2507 et
3356 2464 3587 2508 corona
3626 2450 3895 2525 lapidea,

2356 2544 2499 2618 quia
2525 2543 2873 2619 martyrium
2894 2544 3119 2602 fortiter
3145 2542 3436 2601 toleravit.
3470 2546 3629 2601 Bene
3657 2560 3800 2617 ergo
3826 2544 3895 2603 ds

2304 2643 2316 2655 ”
2355 2653 2428 2696 eo
2456 2636 2670 2697 dicitur
2701 2656 2716 2695 t
2746 2640 3010 2710 Posuisti,
3042 2641 3296 2710 Domine,
3325 2643 3437 2696 etc.
3468 2641 3538 2696 Et
3563 2639 3897 2697 notabiliter

2356 2732 2497 2789 dicit
2532 2749 2547 2789 :
2582 2733 2843 2790 Coronam
2869 2732 2935 2789 de
2963 2730 3151 2805 lapide
3164 2736 3418 2804 pretioso,
3450 2748 3578 2806 quo
3592 2734 3724 2806 jam
3749 2734 3897 2792 dicta

2353 2826 2565 2899 triplex
2590 2839 2814 2884 corona
2837 2828 3105 2899 patenter
3131 2828 3219 2882 est
3245 2824 3559 2898 designata
3590 2844 3607 2883 :
3638 2842 3779 2884 nam
3808 2827 3894 2885 la-

2352 2919 2446 2994 pis
2474 2921 2764 2994 pretiosus
2788 2919 2968 2977 habet
2995 2918 3075 2977 ad
3107 2918 3356 2977 modum
3385 2920 3519 2977 auri
3548 2919 3895 2995 incorrupti-

2353 3012 2672 3083 bilitatem,
2716 3011 2867 3070 sicut
2900 3015 3061 3086 patet
3105 3012 3168 3068 in
3213 3011 3571 3085 adamante,
3600 3028 3713 3088 per
3736 3012 3893 3088 quod

2354 3106 2698 3180 intelligitur
2714 3105 3062 3179 virginitatis
3080 3105 3401 3178 integritas.
3426 3109 3573 3165 Item
3591 3106 3748 3181 lapis
3764 3122 3895 3181 pre-

2352 3201 2537 3258 tiosus
2562 3199 2743 3258 babet
2782 3198 3244 3258 luminositatem
3256 3241 3277 3271 ,
3320 3198 3471 3257 sicut
3503 3202 3671 3273 patet
3694 3201 3756 3257 in
3782 3216 3899 3258 car-

2353 3293 2617 3352 bunculo
2642 3298 2842 3369 aperte
2861 3337 2881 3367 ,
2909 3294 2972 3351 in
3015 3309 3138 3368 quo
3166 3292 3515 3365 intelligitur
3538 3294 3897 3369 praedicatio·

2353 3389 2446 3448 nis
2463 3390 2697 3448 veritas.
2729 3389 2974 3447 Ulterius
3000 3393 3192 3463 patet,
3229 3389 3399 3463 quod
3425 3389 3586 3463 lapis
3612 3391 3894 3465 pretiosus

2351 3481 2534 3541 habet
2558 3482 2913 3541 soliditatem
2931 3525 2951 3555 ,
2979 3483 3042 3541 in
3070 3499 3191 3558 quo
3230 3483 3583 3555 designatur
3606 3484 3892 3557 patientias

2351 3574 2617 3634 firmitas.
2660 3578 2812 3648 Ergo
2849 3592 2990 3634 vere
3038 3580 3097 3634 et
3141 3575 3553 3651 propriissime
3582 3576 3801 3635 dicitur
3823 3577 3892 3634 de

2351 3667 2469 3726 hoc
2507 3672 2710 3728 sancto
2758 3670 3043 3744 Apostolo
3083 3690 3098 3728 ε
3147 3673 3424 3742 Posuisti,
3461 3674 3715 3742 Domine,
3742 3688 3891 3746 supa·

2351 3770 2539 3836 capnt,
2569 3769 2676 3822 etc.
2708 3768 2772 3824 ln
2797 3780 2922 3838 quo
2941 3765 3128 3823 verbo
3159 3764 3419 3823 maxime
3438 3765 3554 3823 tria
3574 3772 3885 3825 notantur:

2350 3858 2613 3930 primum
2640 3863 2728 3916 est
2758 3858 3088 3917 sublimitas
3122 3874 3197 3917 ex
3236 3863 3404 3935 parte
3447 3858 3769 3933 donantis3
3801 3876 3889 3918 se-

2352 3950 2615 4009 cundum
2642 3954 2729 4008 est
2769 3951 3063 4011 idoneitas
3095 3968 3168 4010 ex
3192 3955 3361 4027 parte
3386 3953 3761 4028 recipientis3
3788 3960 3891 4011 ter-

2349 4044 2501 4102 tium
2547 4050 2633 4103 est
2684 4045 3020 4119 pretiositas
3070 4061 3145 4103 ex
3197 4050 3363 4120 parte
3408 4047 3701 4105 muneris.
3754 4050 3889 4105 Nam

2349 4138 2548 4211 primo
2572 4144 2809 4197 notatur
2830 4140 2890 4197 in
2922 4138 3257 4197 conferente
3284 4139 3645 4212 sublimitas,
3674 4142 3795 4199 sive
3818 4140 3885 4197 li·

2349 4231 2648 4304 beralitas,
2677 4248 2814 4290 cum
2839 4232 3051 4291 dicitur
3076 4252 3091 4287 ε
3126 4235 3398 4303 Posuisti,
3444 4236 3694 4293 Domus.
3726 4237 3887 4294 Nota-

2348 4329 2444 4383 tur
2469 4325 2733 4384 secundo
2754 4327 2820 4383 in
2846 4326 3168 4401 accipiente
3195 4326 3522 4399 idoneitas,
3551 4328 3681 4386 sive
3705 4328 3885 4401 digni-

2349 4424 2459 4491 tas,
2488 4434 2625 4477 cum
2650 4418 2896 4476 infertur
2926 4437 2942 4475 :
2973 4423 3035 4475 in
3066 4425 3243 4493 capite
3276 4421 3413 4492 ejus.
3452 4423 3703 4479 Notatur
3726 4421 3882 4479 tertio

2348 4512 2412 4570 in
2454 4528 2696 4570 munere
2738 4511 3071 4587 pretiositas
3090 4554 3111 4586 ‚
3141 4528 3278 4570 cum
3321 4514 3672 4587 adjungitur
3701 4532 3718 4571 ε
3746 4529 3881 4572 coro-

2347 4621 2477 4663 nam
2493 4607 2560 4664 de
2584 4607 2769 4678 lapide
2789 4610 3051 4680 pretioso.
3092 4608 3306 4664 Verum
3324 4648 3344 4678 ,
3376 4606 3523 4681 quia
3547 4609 3740 4667 multa
3769 4608 3881 4665 dixi

2349 4699 2425 4757 de
2451 4714 2702 4770 corona,
2730 4716 2864 4775 quae
2902 4699 3107 4758 omnia
3154 4700 3437 4773 Apostolo
3482 4705 3627 4759 suut
3674 4716 3878 4761 conve-

2347 4792 2597 4864 nientia,
2639 4798 3051 4852 convertamus
3077 4808 3415 4852 sermonem
3444 4794 3528 4852 ad
3552 4795 3877 4854 instructio·

2347 4903 2484 4947 nem
2510 4894 2793 4948 nostram.
2828 4893 2943 4947 Nos
2969 4890 3131 4948 enim
3154 4889 3332 4964 pauci
3367 4904 3611 4961 sumus,
3651 4890 3758 4964 qm
3779 4889 3876 4946 has

2346 4998 2599 5041 coronas
2619 4982 2940 5056 accipimus
2969 5001 2984 5041 z
3017 4983 3160 5057 quia
3180 4982 3359 5057 pauci
3394 4986 3533 5041 sunt
3562 4982 3748 5042 hodie
3773 4983 3877 5038 vir-

2344 5077 2532 5149 gines,
2558 5076 2735 5150 pauci
2751 5076 2900 5134 boni
2931 5077 3346 5150 praedicatores
3360 5118 3381 5150 ‚
3422 5080 3479 5134 et
3525 5077 3682 5135 nulli
3718 5075 3875 5151 quad

2344 5175 2651 5245 martyres,
2679 5169 2844 5230 Unde
2870 5170 3168 5245 plorantes
3211 5188 3349 5230 cum
3385 5170 3642 5233 Ieremia
3682 5185 3875 5247 possu-

2342 5297 2364 5332 ⁸
2394 5296 2543 5360 apoc,
2580 5308 2686 5361 ιιι,
2719 5302 2764 5349 ι.
2798 5322 2863 5335 -
2890 5297 2913 5328 ·
2942 5295 3059 5347 vid.
3087 5296 3251 5361 int'ra,
3284 5298 3356 5349 De
3388 5300 3580 5349 sanetis
3614 5298 3873 5365 Apostolus,

2342 5380 2501 5419 serm.
2530 5379 2614 5431 ιιι,
2636 5382 2821 5420 versus
2842 5368 3018 5420 finem.
