4059 6317
859 470 1243 537 DOMINICA
1283 470 1420 538 xlv
1461 469 1662 539 POST
1701 468 2288 539 PENTECOSTEN.
2331 469 2595 538 SERMO
2636 471 2739 538 lv.

206 608 465 686 dentice,
488 624 605 691 per
622 606 910 689 rigorem
926 604 1300 690 disciplinae.
1326 607 1401 675 Si
1416 607 1749 689 quaesieris

207 739 346 790 eam
379 722 576 805 quasi
611 721 953 803 pecuniam
993 738 1143 784 cum
1177 720 1476 784 aviditate
1516 737 1750 784 concu-

207 829 553 913 piscentiae,
584 834 644 895 et
668 828 863 910 quasi
888 827 1218 896 thesauros
1249 827 1545 911 effoderis
1569 826 1752 893 illam

206 956 324 1021 per
351 935 843 1001 sollicitudinem
869 933 1245 1015 diligentiae.
1271 933 1432 999 Nam
1452 934 1615 999 sicut
1640 936 1753 1017 qui

207 1046 541 1112 thesauros
566 1042 743 1121 rodit,
780 1045 1020 1106 terram
1047 1041 1265 1121 trahit,
1306 1045 1371 1105 et
1410 1043 1655 1107 foveam
1686 1042 1754 1105 in

205 1153 410 1219 altum
434 1153 603 1229 tacit,
630 1150 890 1215 sedulus
913 1150 1213 1228 existam,
1245 1149 1445 1214 donec
1470 1150 1756 1214 inveniat

207 1260 380 1344 quod
417 1258 685 1343 quaerit3
742 1257 832 1321 sic
874 1257 990 1341 qui
1025 1256 1340 1322 desiderat
1380 1257 1754 1321 thesaurum

207 1368 558 1452 sapientias,
586 1385 779 1433 omne
806 1366 1057 1449 pondus
1078 1371 1404 1431 terrenum
1422 1384 1463 1429 a
1479 1382 1547 1429 se
1563 1368 1756 1428 retra-

206 1476 327 1553 hit,
359 1479 424 1540 et
443 1476 697 1539 foveam
722 1472 1101 1537 humilitatis
1126 1472 1198 1537 in
1233 1490 1302 1537 se
1331 1472 1502 1552 facit,
1546 1490 1756 1556 neque

206 1582 480 1667 quiescit
517 1581 718 1646 donec
756 1579 1041 1645 inveniat
1071 1601 1088 1644 z
1132 1580 1287 1663 quia
1322 1585 1472 1647 tunc
1511 1580 1754 1647 intelli-

206 1693 310 1774 962
336 1689 416 1771 (a)
449 1690 741 1756 timorem
767 1688 1038 1754 Domini
1064 1686 1322 1750 initium
1350 1686 1559 1751 omnis
1577 1686 1751 1764 honi,

206 1814 323 1880 per
349 1813 544 1880 quem
576 1793 846 1860 declinat
884 1794 1094 1857 omnis
1128 1812 1168 1856 a
1204 1792 1398 1870 malo,
1445 1799 1506 1860 et
1543 1794 1756 1860 scien-

209 1905 369 1971 tiam
385 1905 503 1971 Dei
520 1904 808 1971 inveniet
836 1902 938 1986 (b),
960 1904 1143 1984 quus
1161 1901 1501 1966 dictamine
1519 1901 1755 1982 dirigi-

206 2013 314 2075 tur
343 2010 554 2075 omnis
575 2009 791 2075 homo.
816 2009 1221 2091 Augustinus
1240 2010 1284 2088 ¹,
1307 2009 1471 2073 libro
1499 2009 1756 2089 Contes-

207 2120 463 2186 siomtm
490 2117 569 2200 (c)
599 2139 616 2182 ε
651 2140 683 2178 α
710 2116 976 2181 Pereant
1003 2117 1243 2196 omnia,
1272 2118 1336 2179 et
1360 2115 1759 2181 dimittamus

206 2226 352 2316 baec
375 2243 544 2290 vana
570 2228 634 2289 et
659 2224 898 2304 inania,
939 2223 1339 2288 conferamus
1373 2241 1490 2287 nos
1530 2222 1610 2287 ad
1648 2242 1757 2288 so-

203 2333 335 2397 lam
364 2331 845 2414 inquisitionem
868 2331 1175 2396 veritatis.
1193 2351 1224 2391 υ
1244 2330 1515 2396 Ibidem:
1547 2354 1578 2393 α
1596 2330 1762 2409 Quid

205 2444 585 2506 cunctamur
599 2442 632 2504 Ἰ
683 2457 866 2521 ergo,
907 2439 1124 2504 relicta
1163 2457 1277 2522 spe
1313 2438 1554 2516 saeculi,
1612 2457 1761 2503 con-

205 2549 375 2613 ferre
391 2564 511 2611 nos
532 2549 698 2612 totos
711 2549 961 2629 oportet
982 2546 1062 2612 ad
1082 2546 1503 2628 quaerendum
1529 2545 1754 2627 Deum,

205 2659 273 2722 et
293 2655 500 2721 vitam
525 2654 800 2719 beatam.
832 2675 865 2714 ι»

289 2763 585 2829 Secundo
598 2762 666 2826 in
682 2763 882 2828 verbo
899 2761 1219 2845 proposito
1238 2761 1545 2844 exprimit
1560 2762 1761 2826 excel-

205 2872 476 2938 lentiam
527 2888 821 2953 supernae
874 2869 1384 2950 inhabitationis,
1425 2888 1575 2934 cum
1614 2871 1761 2934 sub-

207 2980 304 3045 dit
344 3000 361 3044 :
411 2994 681 3061 reanum
724 2978 866 3043 Dei.
915 2975 1095 3040 Hanc
1149 2980 1368 3040 autem
1417 2975 1761 3058 inexplica-

205 3084 404 3148 bilem
443 3084 882 3148 exeellentiam
910 3101 1208 3166 supernae
1247 3083 1753 3165 inhabitationis,

206 3192 448 3257 scilicet
496 3191 689 3274 regni
736 3193 885 3269 Dei,
939 3192 1065 3256 tria
1113 3195 1299 3270 sunt,
1357 3211 1507 3275 quae
1542 3193 1757 3275 aliquo

208 3300 401 3366 modo
455 3300 535 3364 de
590 3299 950 3381 longinquo
1005 3298 1431 3363 manifestant.
1490 3299 1570 3363 Et
1620 3302 1759 3382 pri-

208 3425 392 3472 mum
445 3411 542 3472 est
589 3406 979 3488 refulgentia
1024 3406 1262 3470 divinae
1311 3406 1633 3481 claritatis,
1672 3424 1756 3471 ex

208 3533 341 3596 qua
379 3513 666 3580 redditur
702 3514 1062 3596 speciosum
1106 3514 1190 3578 ad
1230 3513 1626 3594 vivendum;
1667 3533 1760 3580 se-

208 3622 495 3687 cundum
523 3625 620 3687 est
635 3621 1053 3686 redundantia
1078 3621 1413 3685 immensae
1429 3622 1753 3702 bonitatis,

209 3748 294 3795 ex
310 3748 440 3813 qua
457 3729 746 3794 redditur
761 3728 1135 3793 deliciosum
1159 3728 1238 3792 ad
1258 3727 1715 3810 perfruendum
1733 3751 1750 3808 ;

207 3839 476 3904 tertium
502 3843 601 3905 est
624 3839 906 3904 carentia
934 3837 1282 3902 mundanae
1310 3838 1754 3920 corruptionis,

212 3965 294 4012 ex
321 3965 450 4030 qua
473 3945 760 4011 redditur
786 3946 1255 4028 sempiternum
1276 3945 1357 4010 ad
1383 3964 1759 4028 permanen-

213 4055 393 4120 dum.
424 4057 502 4118 Et
525 4055 616 4118 sic
641 4054 1028 4136 refulgentia
1051 4053 1262 4118 lucida
1288 4053 1613 4136 sapientiae
1640 4073 1754 4122 su-

222 4161 727 4247 persplendentis
787 4159 1200 4225 circumdabit
1262 4160 1635 4225 rationalem
1689 4163 1756 4226 in

207 4274 432 4353 aperta
475 4269 760 4349 visione3
806 4267 1143 4332 influentia
1196 4266 1438 4350 placida
1488 4287 1757 4352 supera-

206 4374 556 4441 bundantis
580 4374 1040 4441 benevolentiae
1071 4375 1320 4439 sanabit
1357 4375 1753 4459 concupisci-

205 4483 408 4549 bilem
444 4481 516 4546 in
556 4481 775 4565 quieta
809 4481 1150 4561 fruitione3
1196 4485 1261 4546 et
1299 4482 1576 4547 efficacia
1618 4485 1753 4550 vir-

206 4598 414 4658 tuosae
427 4589 729 4673 potentiae
748 4588 1186 4673 perpetuitatis
1202 4592 1588 4657 assecurabit
1600 4593 1758 4657 iras-

205 4700 468 4767 cibilem
495 4699 564 4762 in
589 4698 778 4763 firma
801 4698 1110 4764 tentione.

294 4809 514 4875 Primo
539 4825 823 4891 regnum
866 4806 977 4872 Dei
1018 4811 1114 4873 est
1155 4809 1512 4892 speciosum
1548 4811 1627 4875 ad
1652 4812 1755 4877 in·

206 4916 532 4986 tuendum
560 4920 823 5000 propter
865 4915 1321 4997 refulgentiam
1366 4919 1602 4985 divinae
1629 4923 1754 4986 cla-

206 5026 443 5093 ritatis.
474 5022 655 5088 Unde
683 5030 708 5065 ¹
740 5044 756 5087 τ
797 5045 828 5084 α
862 5021 1191 5106 Accipient
1229 5027 1430 5090 sancti
1474 5047 1755 5110 regnum

207 5135 492 5214 decoriS,
551 5138 615 5197 et
663 5132 958 5196 diadema
984 5133 1208 5215 speciei
1250 5134 1328 5198 de
1382 5153 1576 5201 manu
1633 5136 1751 5202 Do·

275 5333 294 5370 1
323 5335 478 5396 Aug„
516 5331 718 5393 confess
741 5368 759 5392 ,
793 5329 883 5380 lib.
920 5330 1016 5393 vl,
1047 5341 1131 5394 11,
1165 5333 1239 5381 19.
1279 5357 1340 5369 -
1378 5332 1397 5363 ²
1429 5333 1569 5399 Sap„
1601 5347 1652 5397 V,
1678 5337 1756 5387 17.

208 5428 274 5442 -
295 5405 318 5440 ⁸
340 5405 495 5467 Aug„
522 5401 581 5451 de
611 5401 813 5462 Trina„
835 5399 924 5451 lib.
951 5402 1060 5463 XV,
1085 5413 1132 5451 c.
1158 5412 1281 5465 xxv,
1304 5415 1358 5452 n.
1385 5406 1460 5454 45.
1490 5432 1545 5443 —
1572 5407 1595 5442 ὅ
1621 5407 1759 5471 Luc„

210 5486 323 5541 xur,
360 5477 440 5528 15.
473 5499 527 5511 -
558 5473 581 5511 ⁸
607 5473 747 5538 Sap„
777 5484 884 5538 xw,
916 5474 996 5524 2⁰.
1024 5498 1087 5512 -
1109 5474 1129 5506 ⁸
1153 5473 1298 5539 Sap„
1329 5486 1401 5539 vl,
1427 5480 1504 5530 21.

3278 477 3391 540 421

1860 605 2042 671 mini.
2072 627 2104 666 n
2138 605 2314 671 Sicut
2355 606 2592 672 coelum
2636 609 2904 673 ornatur
2938 607 3398 686 luminaribus,

1858 715 1950 780 sic
1975 733 2258 796 regnum
2294 715 2407 781 Dei
2451 716 2848 799 refulgentiis
2893 717 3395 800 sapientialibuS‚

1860 840 1942 887 ex
1965 822 2302 905 praesentia
2326 823 2489 887 lucis
2528 827 2784 888 aeternae
2819 823 3181 888 irradiantis
3201 840 3273 887 su
3280 840 3395 905 per

1860 931 2000 1011 hoS,
2033 948 2180 1012 quae
2204 933 2302 994 est
2321 929 2666 1012 speciosior
2705 929 2836 994 sole
2869 953 2885 995 :
2918 931 3008 994 sic
3039 931 3402 1012 glorificant

1861 1037 1995 1101 dies
2039 1037 2278 1102 laetitiae
2305 1041 2369 1101 et
2403 1036 2844 1117 exultationis,
2893 1038 2972 1102 ad
3002 1039 3105 1121 cuj
3115 1057 3191 1102 us
3230 1056 3399 1122 pras-

1862 1144 2133 1209 sentiam
2172 1144 2414 1208 micant
2455 1143 2621 1209 radii
2663 1144 2869 1209 divini
2909 1144 3282 1228 splendoris,
3311 1146 3402 1210 fa-

1861 1252 2098 1317 cientes
2153 1252 2330 1316 illam
2383 1270 2726 1334 supernam
2779 1252 3242 1318 habitationem
3295 1270 3403 1320 re-

1860 1376 2061 1443 anum
2086 1359 2354 1427 decoris.
2387 1358 2510 1424 Sed
2536 1364 2694 1424 tunc
2730 1361 3051 1444 accipient
3093 1360 3402 1428 diadema

1862 1468 2111 1536 decoris
2142 1467 2230 1550 (d)
2260 1467 2338 1532 de
2368 1485 2567 1532 manu
2595 1467 2880 1548 Domini,
2910 1468 3168 1551 quando
3200 1488 3404 1534 manu

1860 1578 2101 1643 divinae
2127 1576 2425 1661 potentiae
2450 1577 2706 1642 adducti
2727 1622 2744 1656 ‚
2773 1595 2889 1659 per
2914 1576 3128 1641 dotem
3160 1581 3398 1661 apertae

1861 1688 2127 1753 visionis
2153 1686 2753 1769 contemplabuntur
2796 1685 2904 1750 Dei
2930 1686 3125 1751 unius
3156 1692 3220 1752 et
3247 1687 3404 1753 trini

1862 1795 2429 1879 pulchritudinem,
2449 1795 2636 1875 cujus
2654 1793 2816 1858 visio
2833 1812 3091 1858 omnem
3119 1795 3404 1860 animam

1864 1902 1966 1967 sui
1993 1902 2303 1967 desiderio
2322 1903 2394 1966 in
2422 1904 2565 1983 ejus
2592 1900 3163 1983 concupiscentiam
3180 1902 3402 1981 trahit,

1865 2012 2038 2094 quod
2072 2011 2330 2075 estsine
2371 2011 2586 2075 labore
2624 2014 2686 2074 et
2722 2012 2962 2074 terrore
2984 2059 3001 2090 ‚
3037 2013 3273 2074 etcum
3302 2010 3411 2074 de-

1863 2119 2216 2183 lectatione.
2252 2117 2432 2183 Unde
2462 2117 2884 2200 Augustinus,
2911 2116 2988 2183 de
3008 2116 3403 2185 Trinitate⁸t

1874 2248 1906 2287 a
1931 2225 2276 2291 Veritatem
2305 2226 2443 2290 sine
2469 2225 2602 2290 ulla
2630 2224 2998 2310 difficultate
3013 2224 3400 2304 videbimus,

1866 2351 2068 2415 eaque
2126 2333 2193 2415 (e)
2233 2332 2585 2396 clarissima
2626 2336 2691 2396 et
2731 2331 3084 2397 certissima
3110 2331 3406 2413 perfrue-

1868 2459 2038 2521 mur,
2070 2459 2188 2506 nec
2214 2439 2452 2523 aliquid
2493 2457 2858 2523 quaeremus
2898 2442 3113 2504 mente
3159 2439 3410 2504 ratioci-

1863 2552 2055 2614 nante
2072 2597 2089 2629 ,
2122 2549 2233 2614 sed
2260 2567 2595 2613 cernemus
2628 2546 3112 2630 contemplante.
3142 2569 3176 2607 a

1945 2657 2239 2722 Secundo
2288 2643 2570 2738 regnum
2610 2656 2720 2722 Dei
2764 2660 2859 2719 est
2897 2655 3267 2720 deliciosum
3325 2655 3408 2719 ad

1868 2765 2357 2849 perfruendum,
2414 2769 2673 2847 propter
2720 2763 3122 2856 influentiam
3164 2762 3407 2827 deificae

1865 2872 2233 2956 voluptatis.
2266 2872 2441 2937 Unde
2467 2872 2489 2907 ⁸
2519 2891 2537 2937 ε
2579 2894 2610 2933 α
2637 2870 2868 2936 Beatus
2906 2871 3019 2955 qui
3057 2870 3408 2936 manduca·

1867 2971 1961 3046 bit
1989 2998 2221 3063 panem
2247 2982 2316 3044 in
2337 2998 2546 3062 regno
2588 2980 2717 3044 Dei.
2741 3000 2773 3039 n
2835 2979 2957 3044 iste
2994 2979 3186 3045 vivus
3228 2977 3413 3060 panis

1865 3088 1943 3153 de
1967 3088 2129 3154 coelo
2157 3087 2561 3168 descendenS,
2590 3086 2705 3170 qui
2734 3085 2929 3152 habet
2956 3091 2979 3126 ⁸
3014 3107 3045 3146 α
3076 3103 3267 3150 omne
3291 3084 3413 3150 de-

1865 3195 2316 3261 lectamentum
2340 3243 2357 3272 ‚
2391 3196 2602 3260 omnis
2640 3194 2885 3277 saporis
2928 3193 3335 3270 suavitatem,
3368 3213 3400 3251 n

1868 3309 1963 3370 est
1985 3304 2168 3369 Jesus
2195 3303 2501 3382 Christus,
2543 3302 2680 3386 qui,
2710 3301 2848 3366 sine
2872 3300 3105 3365 fastidii
3132 3317 3407 3382 genera-

1867 3412 2037 3478 tione
2051 3461 2068 3492 ,
2099 3410 2396 3476 desiderii
2433 3408 2907 3475 continuatione
2948 3409 3054 3491 (q),
3099 3407 3283 3472 satiat
3308 3406 3408 3470 in-

1865 3519 2165 3584 teriorem
2192 3521 2456 3599 gustum
2504 3516 2930 3580 immensitate
2978 3515 3224 3580 deitatis
3242 3563 3261 3596 ,
3289 3533 3410 3579 ex-

1866 3630 2168 3693 teriorem
2216 3625 2629 3690 delectatione
2663 3617 3099 3689 humanitatis,
3149 3622 3315 3688 Nam
3344 3624 3412 3686 in

1866 3736 2006 3819 ipso
2035 3736 2365 3801 invenitur
2401 3732 2765 3799 redundans
2804 3730 3131 3815 plenitudo
3172 3730 3407 3793 sanita-

1869 3845 1973 3908 tis.
2005 3843 2055 3909 Ο
2088 3861 2283 3926 quam
2301 3841 2477 3921 felix,
2495 3859 2692 3924 quam
2713 3838 3000 3916 illustris,
3020 3856 3213 3920 quam
3234 3854 3412 3900 sanc-

1867 3953 2000 4028 tus,
2030 3954 2271 4034 quanta
2295 3948 2594 4014 aviditate
2636 3950 2731 4011 est
2767 3945 3157 4029 appetendus
3183 3944 3292 4008 ille
3318 3944 3408 4007 ci-

1867 4059 1991 4124 bus
2020 4059 2262 4122 deiflcae
2288 4055 2666 4139 voluptatiS,
2697 4053 2879 4118 cibus
2917 4058 3215 4118 verarum
3256 4050 3409 4115 deli-

1866 4166 2158 4231 ciarum!
2195 4164 2344 4230 Solo
2371 4167 2515 4248 ejus
2553 4164 2745 4228 odore
2784 4162 2982 4226 sancti
3020 4161 3089 4228 in
3133 4159 3243 4224 via
3284 4160 3414 4223 uti-

1867 4293 1996 4358 que
2025 4276 2488 4349 sustentantur,
2521 4288 2671 4335 cum
2695 4270 2763 4333 in
2781 4269 3246 4353 spiramentum
3273 4268 3415 4349 ejus

1869 4382 2206 4449 suavitatis
2233 4382 2313 4446 de
2354 4380 2709 4462 longinquo
2752 4378 2933 4443 venit
2970 4377 3046 4441 ad
3081 4366 3209 4455 eOS,
3240 4376 3415 4460 quod

1866 4493 1960 4554 est
1978 4504 2175 4569 super
2188 4485 2449 4550 odorem
2464 4482 2754 4562 balsami,
2773 4480 3186 4563 fragrantiam
3202 4479 3414 4543 thuris

1866 4615 1940 4661 ac
1980 4593 2264 4678 myrrhae
2285 4641 2304 4674 ,
2333 4592 2669 4675 omnisque
2694 4589 2949 4672 generis
2991 4587 3216 4652 suavia
3257 4586 3413 4651 odo·

1868 4706 2192 4781 ramenta,
2224 4699 2482 4784 quando
2517 4716 2635 4781 per
2673 4695 3065 4781 sapientialia
3106 4693 3415 4759 desideria

1869 4811 1936 4875 in
1955 4791 2297 4876 'excelsum
2325 4804 2873 4889 contemplationis
2887 4797 3315 4867 introducitur
3340 4800 3412 4863 in

1867 4936 2148 5000 regnum
2196 4915 2326 4980 Dei.
2371 4912 2550 4978 Unde
2575 4912 2599 4948 ⁸
2631 4933 2648 4979 z
2690 4934 2723 4972 (ι
2758 4907 3279 4993 Concupiscentia
3302 4925 3410 4972 sa-

1864 5025 2122 5111 pientiae
2174 5023 2441 5090 deducet
2484 5020 2563 5086 ad
2604 5037 2884 5102 regnum
2928 5021 3333 5100 perpetuum.
3368 5036 3400 5074 n

1949 5133 2162 5200 Tertio
2207 5147 2487 5213 regnum
2537 5128 2646 5193 Dei
2691 5131 2786 5191 est
2828 5124 3286 5208 sempiternum
3327 5123 3409 5189 ad

1941 5333 2007 5397 (ιι)
2037 5332 2169 5384 Edit.
2209 5331 2325 5381 Vat.
2362 5325 2634 5391 intelliges.
2665 5350 2728 5363 —
2770 5322 2843 5389 (ὁ)
2874 5324 3115 5375 Invenies.
3148 5349 3202 5361 —
3243 5323 3305 5388 (ο)
3334 5323 3410 5375 De

1872 5405 2207 5468 confessione.
2241 5428 2292 5439 -
2326 5399 2407 5465 (d)
2444 5400 2567 5463 Leg.
2596 5396 2792 5461 speciei-
2825 5421 2888 5433 —
2922 5395 2982 5460 (e)
3016 5395 3139 5447 Goet.
3169 5394 3290 5447 edit.
3325 5408 3407 5449 ea.

1873 5502 1927 5514 —
1964 5475 2033 5543 (s)
2065 5473 2234 5528 Aliud.
2258 5499 2322 5513 —
2353 5471 2418 5539 (q)
2448 5472 2564 5538 Leq.
2593 5464 3072 5524 discontinuatione.
