<?xml version="1.0" encoding="UTF-8"?>
<!DOCTYPE html PUBLIC "-//W3C//DTD XHTML 1.0 Transitional//EN"
    "http://www.w3.org/TR/xhtml1/DTD/xhtml1-transitional.dtd">
<html xmlns="http://www.w3.org/1999/xhtml" xml:lang="en" lang="en">
 <head>
  <title>
</title>
<meta http-equiv="Content-Type" content="text/html;charset=utf-8" />
  <meta name='ocr-system' content='tesseract 3.04.00' />
  <meta name='ocr-capabilities' content='ocr_page ocr_carea ocr_par ocr_line ocrx_word'/>
</head>
<body>
  <div class='ocr_page' id='page_1' title='image "./srecardinalissb02peltgoog_0099.png"; bbox 0 0 4059 6317; ppageno 0'>
   <div class='ocr_carea' id='block_1_1' title="bbox 840 482 3327 561">
    <p class='ocr_par' dir='ltr' id='par_1_1' title="bbox 840 482 3327 561">
     <span class='ocr_line' id='line_1_1' title="bbox 840 482 3327 561; baseline 0.003 -7"><span class='ocrx_word' id='word_1_1' title='bbox 840 487 1212 556; x_wconf 80' lang='lat' dir='ltr'><strong>DOMINIGA</strong></span> <span class='ocrx_word' id='word_1_2' title='bbox 1249 486 1405 554; x_wconf 64' lang='lat' dir='ltr'>mlv.</span> <span class='ocrx_word' id='word_1_3' title='bbox 1449 485 1732 553; x_wconf 76' lang='lat' dir='ltr'>oc&#39;l&#39;Av.</span> <span class='ocrx_word' id='word_1_4' title='bbox 1777 487 2258 558; x_wconf 75' lang='lat' dir='ltr'><strong>EPIPRARIAE.</strong></span> <span class='ocrx_word' id='word_1_5' title='bbox 2302 490 2562 558; x_wconf 84' lang='lat' dir='ltr'>SERMO</span> <span class='ocrx_word' id='word_1_6' title='bbox 2607 482 2656 557; x_wconf 87' lang='grc' dir='ltr'>Ι.</span> <span class='ocrx_word' id='word_1_7' title='bbox 3252 495 3327 561; x_wconf 79' lang='grc' dir='ltr'>’Π</span> 
     </span>
    </p>
   </div>
   <div class='ocr_carea' id='block_1_2' title="bbox 165 621 1693 5318">
    <p class='ocr_par' dir='ltr' id='par_1_2' title="bbox 165 621 1693 4673">
     <span class='ocr_line' id='line_1_2' title="bbox 198 621 1693 707; baseline -0.003 -17"><span class='ocrx_word' id='word_1_8' title='bbox 198 623 468 707; x_wconf 80' lang='lat' dir='ltr'>gaudium</span> <span class='ocrx_word' id='word_1_9' title='bbox 509 628 576 690; x_wconf 90' lang='lat' dir='ltr'>et</span> <span class='ocrx_word' id='word_1_10' title='bbox 607 624 835 692; x_wconf 65' lang='lat' dir='ltr'>latitia</span> <span class='ocrx_word' id='word_1_11' title='bbox 875 624 1098 690; x_wconf 86' lang='lat' dir='ltr'>matris</span> <span class='ocrx_word' id='word_1_12' title='bbox 1144 641 1304 689; x_wconf 81' lang='lat' dir='ltr'>suae.</span> <span class='ocrx_word' id='word_1_13' title='bbox 1357 621 1575 688; x_wconf 89' lang='lat' dir='ltr'>Primo</span> <span class='ocrx_word' id='word_1_14' title='bbox 1623 622 1693 686; x_wconf 90' lang='lat' dir='ltr'>in</span> 
     </span>
     <span class='ocr_line' id='line_1_3' title="bbox 199 728 1688 814; baseline -0.003 -17"><span class='ocrx_word' id='word_1_15' title='bbox 199 730 327 797; x_wconf 79' lang='lat' dir='ltr'>Filio</span> <span class='ocrx_word' id='word_1_16' title='bbox 349 728 630 814; x_wconf 75' lang='lat' dir='ltr'>Virginis</span> <span class='ocrx_word' id='word_1_17' title='bbox 655 732 958 813; x_wconf 81' lang='lat' dir='ltr'>gloriosae</span> <span class='ocrx_word' id='word_1_18' title='bbox 984 734 1122 797; x_wconf 87' lang='lat' dir='ltr'>erat</span> <span class='ocrx_word' id='word_1_19' title='bbox 1144 728 1552 813; x_wconf 76' lang='lat' dir='ltr'>pulchritudo</span> <span class='ocrx_word' id='word_1_20' title='bbox 1577 746 1688 793; x_wconf 91' lang='lat' dir='ltr'>ve-</span> 
     </span>
     <span class='ocr_line' id='line_1_4' title="bbox 197 838 1686 922; baseline -0.002 -20"><span class='ocrx_word' id='word_1_21' title='bbox 197 838 431 903; x_wconf 82' lang='lat' dir='ltr'>nustatis</span> <span class='ocrx_word' id='word_1_22' title='bbox 468 843 532 903; x_wconf 91' lang='lat' dir='ltr'>et</span> <span class='ocrx_word' id='word_1_23' title='bbox 565 839 886 922; x_wconf 69' lang='lat' dir='ltr'>pudicitiae</span> <span class='ocrx_word' id='word_1_24' title='bbox 922 839 993 903; x_wconf 92' lang='lat' dir='ltr'>in</span> <span class='ocrx_word' id='word_1_25' title='bbox 1032 840 1244 904; x_wconf 87' lang='lat' dir='ltr'>mente</span> <span class='ocrx_word' id='word_1_26' title='bbox 1285 841 1350 901; x_wconf 88' lang='lat' dir='ltr'>et</span> <span class='ocrx_word' id='word_1_27' title='bbox 1388 853 1686 919; x_wconf 86' lang='lat' dir='ltr'>eorpore;</span> 
     </span>
     <span class='ocr_line' id='line_1_5' title="bbox 198 944 1691 1028; baseline -0.003 -18"><span class='ocrx_word' id='word_1_28' title='bbox 198 946 338 1011; x_wconf 86' lang='lat' dir='ltr'>unde</span> <span class='ocrx_word' id='word_1_29' title='bbox 370 945 695 1012; x_wconf 81' lang='lat' dir='ltr'>Psalmista</span> <span class='ocrx_word' id='word_1_30' title='bbox 728 948 749 982; x_wconf 88' lang='lat'><strong>¹</strong></span> <span class='ocrx_word' id='word_1_31' title='bbox 798 964 817 1010; x_wconf 76' lang='lat' dir='ltr'><strong><em>z</em></strong></span> <span class='ocrx_word' id='word_1_32' title='bbox 865 969 897 1006; x_wconf 74' lang='grc' dir='ltr'><strong>α</strong></span> <span class='ocrx_word' id='word_1_33' title='bbox 941 944 1274 1028; x_wconf 88' lang='lat' dir='ltr'>Speciosus</span> <span class='ocrx_word' id='word_1_34' title='bbox 1311 944 1517 1008; x_wconf 88' lang='lat' dir='ltr'>forma</span> <span class='ocrx_word' id='word_1_35' title='bbox 1556 959 1691 1026; x_wconf 79' lang='lat' dir='ltr'>prae</span> 
     </span>
     <span class='ocr_line' id='line_1_6' title="bbox 193 1049 1692 1133; baseline -0.003 -14"><span class='ocrx_word' id='word_1_36' title='bbox 193 1052 319 1120; x_wconf 81' lang='lat' dir='ltr'>liliis</span> <span class='ocrx_word' id='word_1_37' title='bbox 340 1053 668 1118; x_wconf 88' lang='lat' dir='ltr'>bominum</span> <span class='ocrx_word' id='word_1_38' title='bbox 689 1071 710 1118; x_wconf 67' lang='grc' dir='ltr'><strong><em>ε</em></strong></span> <span class='ocrx_word' id='word_1_39' title='bbox 735 1073 770 1113; x_wconf 70' lang='lat' dir='ltr'>s</span> <span class='ocrx_word' id='word_1_40' title='bbox 793 1070 913 1120; x_wconf 87' lang='lat' dir='ltr'>nec</span> <span class='ocrx_word' id='word_1_41' title='bbox 937 1051 1285 1130; x_wconf 88' lang='lat' dir='ltr'>immerito,</span> <span class='ocrx_word' id='word_1_42' title='bbox 1305 1049 1459 1133; x_wconf 90' lang='lat' dir='ltr'>quia</span> <span class='ocrx_word' id='word_1_43' title='bbox 1474 1049 1692 1114; x_wconf 85' lang='lat' dir='ltr'>nullus</span> 
     </span>
     <span class='ocr_line' id='line_1_7' title="bbox 197 1157 1690 1243; baseline -0.001 -19"><span class='ocrx_word' id='word_1_44' title='bbox 197 1160 296 1225; x_wconf 80' lang='lat' dir='ltr'>fuit</span> <span class='ocrx_word' id='word_1_45' title='bbox 321 1161 452 1226; x_wconf 87' lang='lat' dir='ltr'>sine</span> <span class='ocrx_word' id='word_1_46' title='bbox 488 1163 739 1243; x_wconf 86' lang='lat' dir='ltr'>peccato</span> <span class='ocrx_word' id='word_1_47' title='bbox 782 1159 1017 1224; x_wconf 86' lang='lat' dir='ltr'>actuali</span> <span class='ocrx_word' id='word_1_48' title='bbox 1058 1158 1161 1223; x_wconf 88' lang='lat' dir='ltr'>vel</span> <span class='ocrx_word' id='word_1_49' title='bbox 1197 1157 1523 1239; x_wconf 79' lang='lat' dir='ltr'>originali,</span> <span class='ocrx_word' id='word_1_50' title='bbox 1565 1157 1690 1222; x_wconf 87' lang='lat' dir='ltr'>nisi</span> 
     </span>
     <span class='ocr_line' id='line_1_8' title="bbox 196 1264 1689 1350; baseline -0.001 -17"><span class='ocrx_word' id='word_1_51' title='bbox 196 1268 341 1333; x_wconf 74' lang='lat' dir='ltr'>solus</span> <span class='ocrx_word' id='word_1_52' title='bbox 363 1285 514 1350; x_wconf 87' lang='lat' dir='ltr'>puer</span> <span class='ocrx_word' id='word_1_53' title='bbox 535 1266 742 1347; x_wconf 61' lang='lat' dir='ltr'>Iesus,</span> <span class='ocrx_word' id='word_1_54' title='bbox 770 1266 881 1349; x_wconf 92' lang='lat' dir='ltr'>qui</span> <span class='ocrx_word' id='word_1_55' title='bbox 903 1269 1002 1330; x_wconf 83' lang='lat' dir='ltr'>est</span> <span class='ocrx_word' id='word_1_56' title='bbox 1023 1266 1048 1300; x_wconf 83' lang='lat'><strong>¹</strong></span> <span class='ocrx_word' id='word_1_57' title='bbox 1068 1264 1310 1332; x_wconf 79' lang='lat' dir='ltr'>candor</span> <span class='ocrx_word' id='word_1_58' title='bbox 1334 1266 1497 1332; x_wconf 77' lang='lat' dir='ltr'>lucis</span> <span class='ocrx_word' id='word_1_59' title='bbox 1512 1270 1689 1332; x_wconf 83' lang='lat' dir='ltr'>oeter-</span> 
     </span>
     <span class='ocr_line' id='line_1_9' title="bbox 196 1373 1684 1458; baseline -0.001 -17"><span class='ocrx_word' id='word_1_60' title='bbox 196 1391 299 1454; x_wconf 74' lang='lat' dir='ltr'>noe,</span> <span class='ocrx_word' id='word_1_61' title='bbox 324 1381 381 1442; x_wconf 76' lang='lat' dir='ltr'>et</span> <span class='ocrx_word' id='word_1_62' title='bbox 401 1375 718 1458; x_wconf 67' lang='lat' dir='ltr'>spamam:</span> <span class='ocrx_word' id='word_1_63' title='bbox 742 1377 884 1441; x_wconf 77' lang='lat' dir='ltr'>sinc</span> <span class='ocrx_word' id='word_1_64' title='bbox 915 1373 1172 1440; x_wconf 80' lang='lat' dir='ltr'>macula</span> <span class='ocrx_word' id='word_1_65' title='bbox 1196 1375 1311 1440; x_wconf 77' lang='lat' dir='ltr'>Dei</span> <span class='ocrx_word' id='word_1_66' title='bbox 1346 1375 1432 1457; x_wconf 84' lang='lat' dir='ltr'>(a)</span> <span class='ocrx_word' id='word_1_67' title='bbox 1459 1375 1684 1458; x_wconf 72' lang='lat' dir='ltr'>majes-</span> 
     </span>
     <span class='ocr_line' id='line_1_10' title="bbox 197 1479 1684 1565; baseline -0.003 -14"><span class='ocrx_word' id='word_1_68' title='bbox 197 1485 352 1551; x_wconf 72' lang='lat' dir='ltr'>tatis.</span> <span class='ocrx_word' id='word_1_69' title='bbox 378 1482 487 1549; x_wconf 87' lang='lat' dir='ltr'>Hic</span> <span class='ocrx_word' id='word_1_70' title='bbox 512 1486 608 1547; x_wconf 66' lang='lat' dir='ltr'>est</span> <span class='ocrx_word' id='word_1_71' title='bbox 638 1481 745 1547; x_wconf 92' lang='lat' dir='ltr'>ille</span> <span class='ocrx_word' id='word_1_72' title='bbox 785 1500 947 1565; x_wconf 89' lang='lat' dir='ltr'>puer</span> <span class='ocrx_word' id='word_1_73' title='bbox 987 1479 1307 1562; x_wconf 83' lang='lat' dir='ltr'>gloriosus</span> <span class='ocrx_word' id='word_1_74' title='bbox 1348 1479 1648 1546; x_wconf 81' lang='lat' dir='ltr'>Salomon</span> <span class='ocrx_word' id='word_1_75' title='bbox 1664 1530 1684 1562; x_wconf 89' lang='lat'>,</span> 
     </span>
     <span class='ocr_line' id='line_1_11' title="bbox 193 1588 1689 1673; baseline -0.001 -18"><span class='ocrx_word' id='word_1_76' title='bbox 193 1590 256 1655; x_wconf 86' lang='lat' dir='ltr'>de</span> <span class='ocrx_word' id='word_1_77' title='bbox 277 1608 392 1673; x_wconf 92' lang='lat' dir='ltr'>quo</span> <span class='ocrx_word' id='word_1_78' title='bbox 413 1594 436 1630; x_wconf 83' lang='lat'>⁸</span> <span class='ocrx_word' id='word_1_79' title='bbox 458 1612 473 1653; x_wconf 73' lang='grc' dir='ltr'><strong>ι</strong></span> <span class='ocrx_word' id='word_1_80' title='bbox 511 1613 543 1650; x_wconf 74' lang='grc' dir='ltr'><strong>α</strong></span> <span class='ocrx_word' id='word_1_81' title='bbox 565 1588 708 1670; x_wconf 84' lang='lat' dir='ltr'>Ego</span> <span class='ocrx_word' id='word_1_82' title='bbox 725 1589 902 1654; x_wconf 83' lang='lat' dir='ltr'>filius</span> <span class='ocrx_word' id='word_1_83' title='bbox 923 1590 1017 1654; x_wconf 86' lang='lat' dir='ltr'>fni</span> <span class='ocrx_word' id='word_1_84' title='bbox 1043 1588 1239 1672; x_wconf 86' lang='lat' dir='ltr'>patris</span> <span class='ocrx_word' id='word_1_85' title='bbox 1264 1588 1391 1653; x_wconf 89' lang='lat' dir='ltr'>mei</span> <span class='ocrx_word' id='word_1_86' title='bbox 1417 1589 1689 1654; x_wconf 86' lang='lat' dir='ltr'>tenellus</span> 
     </span>
     <span class='ocr_line' id='line_1_12' title="bbox 192 1694 1689 1780; baseline 0 -17"><span class='ocrx_word' id='word_1_87' title='bbox 192 1703 245 1762; x_wconf 83' lang='lat' dir='ltr'>et</span> <span class='ocrx_word' id='word_1_88' title='bbox 262 1697 618 1779; x_wconf 76' lang='lat' dir='ltr'>unigenitus</span> <span class='ocrx_word' id='word_1_89' title='bbox 645 1714 863 1761; x_wconf 89' lang='lat' dir='ltr'>coram</span> <span class='ocrx_word' id='word_1_90' title='bbox 889 1699 1094 1760; x_wconf 87' lang='lat' dir='ltr'>matre</span> <span class='ocrx_word' id='word_1_91' title='bbox 1107 1713 1271 1761; x_wconf 88' lang='lat' dir='ltr'>mea.</span> <span class='ocrx_word' id='word_1_92' title='bbox 1300 1717 1331 1756; x_wconf 74' lang='lat' dir='ltr'>n</span> <span class='ocrx_word' id='word_1_93' title='bbox 1352 1694 1513 1761; x_wconf 86' lang='lat' dir='ltr'>Vere</span> <span class='ocrx_word' id='word_1_94' title='bbox 1528 1715 1689 1780; x_wconf 88' lang='lat' dir='ltr'>puer</span> 
     </span>
     <span class='ocr_line' id='line_1_13' title="bbox 191 1802 1686 1890; baseline -0.003 -19"><span class='ocrx_word' id='word_1_95' title='bbox 191 1806 343 1871; x_wconf 82' lang='lat' dir='ltr'>Jesus</span> <span class='ocrx_word' id='word_1_96' title='bbox 362 1809 488 1870; x_wconf 86' lang='lat' dir='ltr'>erat</span> <span class='ocrx_word' id='word_1_97' title='bbox 512 1803 783 1870; x_wconf 86' lang='lat' dir='ltr'>tenellus</span> <span class='ocrx_word' id='word_1_98' title='bbox 808 1803 920 1868; x_wconf 89' lang='lat' dir='ltr'>Dei</span> <span class='ocrx_word' id='word_1_99' title='bbox 945 1802 1173 1890; x_wconf 84' lang='lat' dir='ltr'>Patris,</span> <span class='ocrx_word' id='word_1_100' title='bbox 1212 1820 1290 1868; x_wconf 92' lang='lat' dir='ltr'>eo</span> <span class='ocrx_word' id='word_1_101' title='bbox 1315 1803 1488 1883; x_wconf 86' lang='lat' dir='ltr'>quod</span> <span class='ocrx_word' id='word_1_102' title='bbox 1525 1803 1686 1869; x_wconf 89' lang='lat' dir='ltr'>deli-</span> 
     </span>
     <span class='ocr_line' id='line_1_14' title="bbox 193 1893 1688 1988; baseline -0.002 -10"><span class='ocrx_word' id='word_1_103' title='bbox 193 1919 304 1978; x_wconf 73' lang='lat' dir='ltr'>cate</span> <span class='ocrx_word' id='word_1_104' title='bbox 325 1911 590 1980; x_wconf 82' lang='lat' dir='ltr'>nutritus</span> <span class='ocrx_word' id='word_1_105' title='bbox 613 1912 684 1975; x_wconf 76' lang='lat' dir='ltr'>in</span> <span class='ocrx_word' id='word_1_106' title='bbox 721 1893 901 1978; x_wconf 78' lang='lat' dir='ltr'>&#39;veris</span> <span class='ocrx_word' id='word_1_107' title='bbox 935 1909 1173 1978; x_wconf 71' lang='lat' dir='ltr'>&lt;leucus</span> <span class='ocrx_word' id='word_1_108' title='bbox 1211 1909 1594 1988; x_wconf 77' lang='lat' dir='ltr'>divinitatis,</span> <span class='ocrx_word' id='word_1_109' title='bbox 1623 1915 1688 1975; x_wconf 81' lang='lat' dir='ltr'>et</span> 
     </span>
     <span class='ocr_line' id='line_1_15' title="bbox 191 2018 1686 2102; baseline -0.003 -16"><span class='ocrx_word' id='word_1_110' title='bbox 191 2021 526 2102; x_wconf 73' lang='lat' dir='ltr'>unigenitus</span> <span class='ocrx_word' id='word_1_111' title='bbox 567 2037 786 2085; x_wconf 86' lang='lat' dir='ltr'>coram</span> <span class='ocrx_word' id='word_1_112' title='bbox 820 2018 1090 2100; x_wconf 76' lang='lat' dir='ltr'>Virgine</span> <span class='ocrx_word' id='word_1_113' title='bbox 1138 2021 1344 2083; x_wconf 87' lang='lat' dir='ltr'>matre</span> <span class='ocrx_word' id='word_1_114' title='bbox 1396 2036 1515 2083; x_wconf 89' lang='lat' dir='ltr'>sua</span> <span class='ocrx_word' id='word_1_115' title='bbox 1571 2036 1686 2101; x_wconf 87' lang='lat' dir='ltr'>per</span> 
     </span>
     <span class='ocr_line' id='line_1_16' title="bbox 191 2124 1685 2210; baseline -0.002 -17"><span class='ocrx_word' id='word_1_116' title='bbox 191 2128 651 2210; x_wconf 70' lang='lat' dir='ltr'>mmptionem</span> <span class='ocrx_word' id='word_1_117' title='bbox 672 2125 1110 2204; x_wconf 89' lang='lat' dir='ltr'>humanitatis,</span> <span class='ocrx_word' id='word_1_118' title='bbox 1148 2128 1220 2190; x_wconf 89' lang='lat' dir='ltr'>ut</span> <span class='ocrx_word' id='word_1_119' title='bbox 1248 2125 1339 2189; x_wconf 87' lang='lat' dir='ltr'>sic</span> <span class='ocrx_word' id='word_1_120' title='bbox 1358 2124 1560 2191; x_wconf 86' lang='lat' dir='ltr'>oculis</span> <span class='ocrx_word' id='word_1_121' title='bbox 1579 2125 1685 2190; x_wconf 86' lang='lat' dir='ltr'>de—</span> 
     </span>
     <span class='ocr_line' id='line_1_17' title="bbox 191 2232 1686 2317; baseline 0 -17"><span class='ocrx_word' id='word_1_122' title='bbox 191 2235 398 2317; x_wconf 79' lang='lat' dir='ltr'>putatis</span> <span class='ocrx_word' id='word_1_123' title='bbox 421 2234 500 2298; x_wconf 86' lang='lat' dir='ltr'>ab</span> <span class='ocrx_word' id='word_1_124' title='bbox 526 2233 703 2300; x_wconf 89' lang='lat' dir='ltr'>omni</span> <span class='ocrx_word' id='word_1_125' title='bbox 721 2233 1068 2317; x_wconf 81' lang='lat' dir='ltr'>lippiditate</span> <span class='ocrx_word' id='word_1_126' title='bbox 1090 2232 1328 2316; x_wconf 85' lang='lat' dir='ltr'>peccati</span> <span class='ocrx_word' id='word_1_127' title='bbox 1346 2233 1431 2298; x_wconf 89' lang='lat' dir='ltr'>sit</span> <span class='ocrx_word' id='word_1_128' title='bbox 1450 2236 1686 2316; x_wconf 83' lang='lat' dir='ltr'>jucun-</span> 
     </span>
     <span class='ocr_line' id='line_1_18' title="bbox 193 2339 1686 2423; baseline -0.003 -15"><span class='ocrx_word' id='word_1_129' title='bbox 193 2340 324 2410; x_wconf 81' lang='lat' dir='ltr'>dum</span> <span class='ocrx_word' id='word_1_130' title='bbox 345 2346 403 2406; x_wconf 89' lang='lat' dir='ltr'>et</span> <span class='ocrx_word' id='word_1_131' title='bbox 424 2340 788 2406; x_wconf 80' lang='lat' dir='ltr'>delectabile</span> <span class='ocrx_word' id='word_1_132' title='bbox 807 2340 1040 2408; x_wconf 86' lang='lat' dir='ltr'>intueri</span> <span class='ocrx_word' id='word_1_133' title='bbox 1066 2339 1303 2423; x_wconf 87' lang='lat' dir='ltr'>ipsum,</span> <span class='ocrx_word' id='word_1_134' title='bbox 1334 2340 1686 2406; x_wconf 87' lang='lat' dir='ltr'>secundum</span> 
     </span>
     <span class='ocr_line' id='line_1_19' title="bbox 192 2446 1684 2530; baseline 0 -19"><span class='ocrx_word' id='word_1_135' title='bbox 192 2447 464 2530; x_wconf 73' lang='lat' dir='ltr'>duplicem</span> <span class='ocrx_word' id='word_1_136' title='bbox 481 2447 696 2514; x_wconf 85' lang='lat' dir='ltr'>visum</span> <span class='ocrx_word' id='word_1_137' title='bbox 716 2447 1017 2526; x_wconf 88' lang='lat' dir='ltr'>bominis,</span> <span class='ocrx_word' id='word_1_138' title='bbox 1043 2446 1276 2511; x_wconf 89' lang='lat' dir='ltr'>scilicet</span> <span class='ocrx_word' id='word_1_139' title='bbox 1293 2446 1684 2524; x_wconf 87' lang='lat' dir='ltr'>interiorem,</span> 
     </span>
     <span class='ocr_line' id='line_1_20' title="bbox 191 2554 1687 2638; baseline -0.001 -17"><span class='ocrx_word' id='word_1_140' title='bbox 191 2555 982 2635; x_wconf 78' lang='lat' dir='ltr'>quantumaddivinitatem,</span> <span class='ocrx_word' id='word_1_141' title='bbox 995 2557 1058 2619; x_wconf 89' lang='lat' dir='ltr'>et</span> <span class='ocrx_word' id='word_1_142' title='bbox 1071 2554 1472 2634; x_wconf 82' lang='lat' dir='ltr'>exteriorem,</span> <span class='ocrx_word' id='word_1_143' title='bbox 1485 2572 1687 2638; x_wconf 88' lang='lat' dir='ltr'>quan·</span> 
     </span>
     <span class='ocr_line' id='line_1_21' title="bbox 192 2660 1688 2728; baseline 0 -2"><span class='ocrx_word' id='word_1_144' title='bbox 192 2665 305 2726; x_wconf 86' lang='lat' dir='ltr'>tum</span> <span class='ocrx_word' id='word_1_145' title='bbox 325 2662 397 2727; x_wconf 89' lang='lat' dir='ltr'>ad</span> <span class='ocrx_word' id='word_1_146' title='bbox 421 2662 907 2728; x_wconf 78' lang='lat' dir='ltr'>humanitatem.</span> <span class='ocrx_word' id='word_1_147' title='bbox 942 2661 1229 2728; x_wconf 89' lang='lat' dir='ltr'>Secundo</span> <span class='ocrx_word' id='word_1_148' title='bbox 1258 2662 1325 2725; x_wconf 93' lang='lat' dir='ltr'>in</span> <span class='ocrx_word' id='word_1_149' title='bbox 1355 2661 1516 2728; x_wconf 91' lang='lat' dir='ltr'>Filio</span> <span class='ocrx_word' id='word_1_150' title='bbox 1543 2660 1688 2726; x_wconf 82' lang='lat' dir='ltr'>Vir·-</span> 
     </span>
     <span class='ocr_line' id='line_1_22' title="bbox 189 2767 1686 2851; baseline -0.002 -16"><span class='ocrx_word' id='word_1_151' title='bbox 189 2767 332 2848; x_wconf 79' lang='lat' dir='ltr'>ginis</span> <span class='ocrx_word' id='word_1_152' title='bbox 353 2769 642 2851; x_wconf 79' lang='lat' dir='ltr'>gloriosae</span> <span class='ocrx_word' id='word_1_153' title='bbox 686 2773 827 2838; x_wconf 88' lang='lat' dir='ltr'>erat</span> <span class='ocrx_word' id='word_1_154' title='bbox 864 2769 1128 2834; x_wconf 83' lang='lat' dir='ltr'>dulcedo</span> <span class='ocrx_word' id='word_1_155' title='bbox 1175 2769 1423 2851; x_wconf 80' lang='lat' dir='ltr'>pietatis</span> <span class='ocrx_word' id='word_1_156' title='bbox 1469 2772 1533 2832; x_wconf 90' lang='lat' dir='ltr'>et</span> <span class='ocrx_word' id='word_1_157' title='bbox 1579 2786 1686 2832; x_wconf 89' lang='lat' dir='ltr'>sa·</span> 
     </span>
     <span class='ocr_line' id='line_1_23' title="bbox 189 2874 1684 2958; baseline -0.001 -17"><span class='ocrx_word' id='word_1_158' title='bbox 189 2874 410 2957; x_wconf 70' lang='lat' dir='ltr'>pientiae</span> <span class='ocrx_word' id='word_1_159' title='bbox 446 2878 512 2941; x_wconf 91' lang='lat' dir='ltr'>in</span> <span class='ocrx_word' id='word_1_160' title='bbox 555 2895 690 2942; x_wconf 89' lang='lat' dir='ltr'>ore.</span> <span class='ocrx_word' id='word_1_161' title='bbox 749 2875 926 2942; x_wconf 87' lang='lat' dir='ltr'>Unde</span> <span class='ocrx_word' id='word_1_162' title='bbox 970 2886 993 2917; x_wconf 72' lang='lat'>⁸</span> <span class='ocrx_word' id='word_1_163' title='bbox 1038 2899 1054 2941; x_wconf 74' lang='grc' dir='ltr'>ε</span> <span class='ocrx_word' id='word_1_164' title='bbox 1112 2898 1144 2936; x_wconf 75' lang='grc' dir='ltr'><em>α</em></span> <span class='ocrx_word' id='word_1_165' title='bbox 1193 2874 1392 2942; x_wconf 89' lang='lat' dir='ltr'>Filius</span> <span class='ocrx_word' id='word_1_166' title='bbox 1432 2875 1684 2958; x_wconf 88' lang='lat' dir='ltr'>sapiens</span> 
     </span>
     <span class='ocr_line' id='line_1_24' title="bbox 186 2980 1683 3066; baseline 0.001 -20"><span class='ocrx_word' id='word_1_167' title='bbox 186 2980 426 3048; x_wconf 65' lang='lat' dir='ltr'>letificat</span> <span class='ocrx_word' id='word_1_168' title='bbox 447 2988 726 3066; x_wconf 81' lang='lat' dir='ltr'>patrem3</span> <span class='ocrx_word' id='word_1_169' title='bbox 760 2983 930 3050; x_wconf 85' lang='lat' dir='ltr'>filius</span> <span class='ocrx_word' id='word_1_170' title='bbox 964 2988 1177 3048; x_wconf 83' lang='lat' dir='ltr'>autem</span> <span class='ocrx_word' id='word_1_171' title='bbox 1216 2982 1452 3048; x_wconf 86' lang='lat' dir='ltr'>stultus</span> <span class='ocrx_word' id='word_1_172' title='bbox 1491 3000 1683 3047; x_wconf 58' lang='lat' dir='ltr'>mm-</span> 
     </span>
     <span class='ocr_line' id='line_1_25' title="bbox 187 3088 1684 3172; baseline 0.001 -20"><span class='ocrx_word' id='word_1_173' title='bbox 187 3088 300 3152; x_wconf 76' lang='lat' dir='ltr'>titia</span> <span class='ocrx_word' id='word_1_174' title='bbox 329 3094 418 3154; x_wconf 82' lang='lat' dir='ltr'>est</span> <span class='ocrx_word' id='word_1_175' title='bbox 461 3092 681 3158; x_wconf 86' lang='lat' dir='ltr'>matris</span> <span class='ocrx_word' id='word_1_176' title='bbox 727 3108 886 3156; x_wconf 79' lang='lat' dir='ltr'>suae.</span> <span class='ocrx_word' id='word_1_177' title='bbox 941 3111 973 3150; x_wconf 70' lang='grc' dir='ltr'>ι)</span> <span class='ocrx_word' id='word_1_178' title='bbox 1017 3088 1190 3158; x_wconf 79' lang='lat' dir='ltr'>Licet</span> <span class='ocrx_word' id='word_1_179' title='bbox 1229 3089 1479 3172; x_wconf 83' lang='lat' dir='ltr'>sapiens</span> <span class='ocrx_word' id='word_1_180' title='bbox 1522 3107 1684 3172; x_wconf 87' lang='lat' dir='ltr'>puer</span> 
     </span>
     <span class='ocr_line' id='line_1_26' title="bbox 182 3192 1681 3277; baseline -0.001 -15"><span class='ocrx_word' id='word_1_181' title='bbox 182 3192 337 3262; x_wconf 67' lang='lat' dir='ltr'>Joens</span> <span class='ocrx_word' id='word_1_182' title='bbox 360 3198 438 3264; x_wconf 85' lang='lat' dir='ltr'>sit</span> <span class='ocrx_word' id='word_1_183' title='bbox 470 3197 693 3262; x_wconf 82' lang='lat' dir='ltr'>laetitia</span> <span class='ocrx_word' id='word_1_184' title='bbox 736 3193 941 3262; x_wconf 83' lang='lat' dir='ltr'>Patris</span> <span class='ocrx_word' id='word_1_185' title='bbox 976 3201 1042 3262; x_wconf 88' lang='lat' dir='ltr'>et</span> <span class='ocrx_word' id='word_1_186' title='bbox 1085 3196 1295 3277; x_wconf 89' lang='lat' dir='ltr'>gloria</span> <span class='ocrx_word' id='word_1_187' title='bbox 1332 3196 1681 3261; x_wconf 89' lang='lat' dir='ltr'>secundum</span> 
     </span>
     <span class='ocr_line' id='line_1_27' title="bbox 184 3303 1679 3386; baseline 0 -18"><span class='ocrx_word' id='word_1_188' title='bbox 184 3306 450 3370; x_wconf 59' lang='grc' dir='ltr'>εἰει-ΜΠ]</span> <span class='ocrx_word' id='word_1_189' title='bbox 475 3304 979 3386; x_wconf 80' lang='lat' dir='ltr'>generationem,</span> <span class='ocrx_word' id='word_1_190' title='bbox 1007 3321 1086 3368; x_wconf 88' lang='lat' dir='ltr'>eo</span> <span class='ocrx_word' id='word_1_191' title='bbox 1109 3303 1278 3386; x_wconf 89' lang='lat' dir='ltr'>quod</span> <span class='ocrx_word' id='word_1_192' title='bbox 1309 3306 1405 3367; x_wconf 88' lang='lat' dir='ltr'>est</span> <span class='ocrx_word' id='word_1_193' title='bbox 1430 3303 1452 3339; x_wconf 84' lang='lat'>⁸</span> <span class='ocrx_word' id='word_1_194' title='bbox 1477 3303 1679 3384; x_wconf 78' lang='lat' dir='ltr'>splen-</span> 
     </span>
     <span class='ocr_line' id='line_1_28' title="bbox 181 3408 1681 3495; baseline -0.002 -19"><span class='ocrx_word' id='word_1_195' title='bbox 181 3408 280 3476; x_wconf 80' lang='lat' dir='ltr'>dor</span> <span class='ocrx_word' id='word_1_196' title='bbox 299 3410 524 3493; x_wconf 72' lang='lat' dir='ltr'>alorioe,</span> <span class='ocrx_word' id='word_1_197' title='bbox 555 3417 618 3480; x_wconf 78' lang='lat' dir='ltr'>ct</span> <span class='ocrx_word' id='word_1_198' title='bbox 643 3412 866 3495; x_wconf 70' lang='lat' dir='ltr'>flaura</span> <span class='ocrx_word' id='word_1_199' title='bbox 889 3410 1262 3478; x_wconf 70' lang='lat' dir='ltr'>substantioe</span> <span class='ocrx_word' id='word_1_200' title='bbox 1277 3409 1435 3490; x_wconf 62' lang='lat' dir='ltr'>eius,</span> <span class='ocrx_word' id='word_1_201' title='bbox 1466 3413 1681 3474; x_wconf 85' lang='lat' dir='ltr'>tamen</span> 
     </span>
     <span class='ocr_line' id='line_1_29' title="bbox 179 3516 1682 3595; baseline -0.001 -14"><span class='ocrx_word' id='word_1_202' title='bbox 179 3522 260 3581; x_wconf 84' lang='lat' dir='ltr'>est</span> <span class='ocrx_word' id='word_1_203' title='bbox 279 3536 403 3583; x_wconf 91' lang='lat' dir='ltr'>non</span> <span class='ocrx_word' id='word_1_204' title='bbox 425 3523 670 3585; x_wconf 85' lang='lat' dir='ltr'>tantum</span> <span class='ocrx_word' id='word_1_205' title='bbox 694 3518 916 3583; x_wconf 84' lang='lat' dir='ltr'>laetitia</span> <span class='ocrx_word' id='word_1_206' title='bbox 939 3516 1166 3595; x_wconf 73' lang='lat' dir='ltr'>Patria,</span> <span class='ocrx_word' id='word_1_207' title='bbox 1197 3517 1305 3583; x_wconf 89' lang='lat' dir='ltr'>sed</span> <span class='ocrx_word' id='word_1_208' title='bbox 1331 3516 1522 3583; x_wconf 89' lang='lat' dir='ltr'>etiam</span> <span class='ocrx_word' id='word_1_209' title='bbox 1552 3516 1682 3581; x_wconf 82' lang='lat' dir='ltr'>Ma-</span> 
     </span>
     <span class='ocr_line' id='line_1_30' title="bbox 179 3623 1680 3708; baseline 0.001 -22"><span class='ocrx_word' id='word_1_210' title='bbox 179 3623 278 3686; x_wconf 86' lang='lat' dir='ltr'>tris</span> <span class='ocrx_word' id='word_1_211' title='bbox 309 3625 376 3690; x_wconf 90' lang='lat' dir='ltr'>in</span> <span class='ocrx_word' id='word_1_212' title='bbox 411 3631 637 3692; x_wconf 86' lang='lat' dir='ltr'>natura</span> <span class='ocrx_word' id='word_1_213' title='bbox 679 3629 1006 3707; x_wconf 82' lang='lat' dir='ltr'>assumpta</span> <span class='ocrx_word' id='word_1_214' title='bbox 1055 3643 1168 3708; x_wconf 87' lang='lat' dir='ltr'>per</span> <span class='ocrx_word' id='word_1_215' title='bbox 1215 3624 1562 3706; x_wconf 76' lang='lat' dir='ltr'>gloriosam</span> <span class='ocrx_word' id='word_1_216' title='bbox 1593 3624 1680 3704; x_wconf 37' lang='lat' dir='ltr'>,in</span> 
     </span>
     <span class='ocr_line' id='line_1_31' title="bbox 177 3733 1681 3817; baseline 0.002 -23"><span class='ocrx_word' id='word_1_217' title='bbox 177 3733 397 3798; x_wconf 88' lang='lat' dir='ltr'>mundo</span> <span class='ocrx_word' id='word_1_218' title='bbox 424 3735 965 3801; x_wconf 78' lang='lat' dir='ltr'>conversationem</span> <span class='ocrx_word' id='word_1_219' title='bbox 998 3756 1014 3800; x_wconf 74' lang='grc' dir='ltr'><strong><em>ε</em></strong></span> <span class='ocrx_word' id='word_1_220' title='bbox 1043 3752 1122 3800; x_wconf 86' lang='lat' dir='ltr'>eo</span> <span class='ocrx_word' id='word_1_221' title='bbox 1161 3734 1332 3817; x_wconf 90' lang='lat' dir='ltr'>quod</span> <span class='ocrx_word' id='word_1_222' title='bbox 1364 3733 1681 3817; x_wconf 82' lang='lat' dir='ltr'>sapienter</span> 
     </span>
     <span class='ocr_line' id='line_1_32' title="bbox 178 3834 1677 3925; baseline 0.001 -23"><span class='ocrx_word' id='word_1_223' title='bbox 178 3834 390 3917; x_wconf 82' lang='lat' dir='ltr'>docuit,</span> <span class='ocrx_word' id='word_1_224' title='bbox 415 3841 762 3925; x_wconf 87' lang='lat' dir='ltr'>sapientius</span> <span class='ocrx_word' id='word_1_225' title='bbox 787 3841 968 3920; x_wconf 81' lang='lat' dir='ltr'>vixit,</span> <span class='ocrx_word' id='word_1_226' title='bbox 1010 3840 1469 3925; x_wconf 78' lang='lat' dir='ltr'>sapientissime</span> <span class='ocrx_word' id='word_1_227' title='bbox 1508 3839 1677 3904; x_wconf 90' lang='lat' dir='ltr'>mala</span> 
     </span>
     <span class='ocr_line' id='line_1_33' title="bbox 177 3949 1682 4029; baseline 0 -15"><span class='ocrx_word' id='word_1_228' title='bbox 177 3964 360 4027; x_wconf 78' lang='lat' dir='ltr'>poenae</span> <span class='ocrx_word' id='word_1_229' title='bbox 384 3950 692 4016; x_wconf 73' lang='lat' dir='ltr'>toleravIt.</span> <span class='ocrx_word' id='word_1_230' title='bbox 719 3949 798 4015; x_wconf 84' lang='lat' dir='ltr'>Et</span> <span class='ocrx_word' id='word_1_231' title='bbox 823 3950 915 4014; x_wconf 90' lang='lat' dir='ltr'>sic</span> <span class='ocrx_word' id='word_1_232' title='bbox 939 3950 1199 4016; x_wconf 84' lang='lat' dir='ltr'>veritate</span> <span class='ocrx_word' id='word_1_233' title='bbox 1225 3950 1553 4029; x_wconf 72' lang='lat' dir='ltr'>doctrinm,</span> <span class='ocrx_word' id='word_1_234' title='bbox 1583 3967 1682 4014; x_wconf 90' lang='lat' dir='ltr'>ra-</span> 
     </span>
     <span class='ocr_line' id='line_1_34' title="bbox 176 4051 1679 4136; baseline 0.001 -18"><span class='ocrx_word' id='word_1_235' title='bbox 176 4051 447 4122; x_wconf 83' lang='lat' dir='ltr'>tionalem</span> <span class='ocrx_word' id='word_1_236' title='bbox 471 4057 829 4135; x_wconf 81' lang='lat' dir='ltr'>illuminat3</span> <span class='ocrx_word' id='word_1_237' title='bbox 861 4058 1184 4121; x_wconf 79' lang='lat' dir='ltr'>sanctitate</span> <span class='ocrx_word' id='word_1_238' title='bbox 1223 4058 1401 4136; x_wconf 76' lang='lat' dir='ltr'>vitae,</span> <span class='ocrx_word' id='word_1_239' title='bbox 1439 4074 1679 4121; x_wconf 88' lang='lat' dir='ltr'>concu-</span> 
     </span>
     <span class='ocr_line' id='line_1_35' title="bbox 175 4160 1676 4246; baseline 0.001 -20"><span class='ocrx_word' id='word_1_240' title='bbox 175 4160 497 4239; x_wconf 80' lang='lat' dir='ltr'>piscibilem</span> <span class='ocrx_word' id='word_1_241' title='bbox 561 4162 967 4240; x_wconf 79' lang='lat' dir='ltr'>informavit3</span> <span class='ocrx_word' id='word_1_242' title='bbox 1035 4162 1514 4246; x_wconf 78' lang='lat' dir='ltr'>exemplaritate</span> <span class='ocrx_word' id='word_1_243' title='bbox 1564 4181 1676 4246; x_wconf 89' lang='lat' dir='ltr'>pa-</span> 
     </span>
     <span class='ocr_line' id='line_1_36' title="bbox 175 4265 1678 4352; baseline 0.001 -19"><span class='ocrx_word' id='word_1_244' title='bbox 175 4265 384 4336; x_wconf 73' lang='lat' dir='ltr'>fimtiae</span> <span class='ocrx_word' id='word_1_245' title='bbox 399 4319 420 4350; x_wconf 93' lang='lat'>,</span> <span class='ocrx_word' id='word_1_246' title='bbox 447 4269 828 4336; x_wconf 81' lang='lat' dir='ltr'>irascibilem</span> <span class='ocrx_word' id='word_1_247' title='bbox 854 4269 1163 4351; x_wconf 79' lang='lat' dir='ltr'>quietavit</span> <span class='ocrx_word' id='word_1_248' title='bbox 1192 4270 1269 4352; x_wconf 78' lang='lat' dir='ltr'>(b)</span> <span class='ocrx_word' id='word_1_249' title='bbox 1293 4274 1358 4334; x_wconf 90' lang='lat' dir='ltr'>et</span> <span class='ocrx_word' id='word_1_250' title='bbox 1383 4269 1678 4352; x_wconf 85' lang='lat' dir='ltr'>perfecti-</span> 
     </span>
     <span class='ocr_line' id='line_1_37' title="bbox 173 4368 1677 4459; baseline 0.002 -21"><span class='ocrx_word' id='word_1_251' title='bbox 173 4368 386 4441; x_wconf 82' lang='lat' dir='ltr'>hilitate</span> <span class='ocrx_word' id='word_1_252' title='bbox 419 4376 904 4444; x_wconf 76' lang='lat' dir='ltr'>concordantiae.</span> <span class='ocrx_word' id='word_1_253' title='bbox 933 4373 1248 4459; x_wconf 85' lang='lat' dir='ltr'>Quidquid</span> <span class='ocrx_word' id='word_1_254' title='bbox 1286 4376 1450 4441; x_wconf 89' lang='lat' dir='ltr'>enim</span> <span class='ocrx_word' id='word_1_255' title='bbox 1480 4376 1677 4442; x_wconf 85' lang='lat' dir='ltr'>verbo</span> 
     </span>
     <span class='ocr_line' id='line_1_38' title="bbox 168 4476 1672 4563; baseline 0.001 -17"><span class='ocrx_word' id='word_1_256' title='bbox 168 4476 428 4563; x_wconf 83' lang='lat' dir='ltr'>docebat,</span> <span class='ocrx_word' id='word_1_257' title='bbox 481 4483 645 4550; x_wconf 87' lang='lat' dir='ltr'>facto</span> <span class='ocrx_word' id='word_1_258' title='bbox 687 4483 1103 4550; x_wconf 84' lang='lat' dir='ltr'>concordabat</span> <span class='ocrx_word' id='word_1_259' title='bbox 1132 4504 1149 4546; x_wconf 75' lang='grc' dir='ltr'>ε</span> <span class='ocrx_word' id='word_1_260' title='bbox 1177 4500 1311 4548; x_wconf 90' lang='lat' dir='ltr'>non</span> <span class='ocrx_word' id='word_1_261' title='bbox 1346 4482 1521 4550; x_wconf 90' lang='lat' dir='ltr'>enim</span> <span class='ocrx_word' id='word_1_262' title='bbox 1556 4482 1672 4547; x_wconf 88' lang='lat' dir='ltr'>ha-</span> 
     </span>
     <span class='ocr_line' id='line_1_39' title="bbox 165 4583 1669 4673; baseline 0.003 -23"><span class='ocrx_word' id='word_1_263' title='bbox 165 4583 331 4652; x_wconf 85' lang='lat' dir='ltr'>hebat</span> <span class='ocrx_word' id='word_1_264' title='bbox 356 4589 768 4673; x_wconf 87' lang='lat' dir='ltr'>multiloquas</span> <span class='ocrx_word' id='word_1_265' title='bbox 789 4589 1283 4669; x_wconf 83' lang='lat' dir='ltr'>concordantias,</span> <span class='ocrx_word' id='word_1_266' title='bbox 1311 4588 1420 4656; x_wconf 85' lang='lat' dir='ltr'>sed</span> <span class='ocrx_word' id='word_1_267' title='bbox 1449 4590 1669 4656; x_wconf 79' lang='lat' dir='ltr'>reales,</span> 
     </span>
    </p>

    <p class='ocr_par' dir='ltr' id='par_1_3' title="bbox 165 4688 1673 4886">
     <span class='ocr_line' id='line_1_40' title="bbox 167 4688 1673 4782; baseline 0.002 -24"><span class='ocrx_word' id='word_1_268' title='bbox 167 4688 308 4758; x_wconf 80' lang='lat' dir='ltr'>Nam</span> <span class='ocrx_word' id='word_1_269' title='bbox 329 4696 642 4782; x_wconf 83' lang='lat' dir='ltr'>quidquid</span> <span class='ocrx_word' id='word_1_270' title='bbox 677 4697 877 4763; x_wconf 88' lang='lat' dir='ltr'>verbo</span> <span class='ocrx_word' id='word_1_271' title='bbox 908 4697 1183 4777; x_wconf 89' lang='lat' dir='ltr'>dicebat,</span> <span class='ocrx_word' id='word_1_272' title='bbox 1214 4697 1673 4763; x_wconf 88' lang='lat' dir='ltr'>concordantiis</span> 
     </span>
     <span class='ocr_line' id='line_1_41' title="bbox 165 4800 1671 4886; baseline 0.003 -21"><span class='ocrx_word' id='word_1_273' title='bbox 165 4800 438 4885; x_wconf 81' lang='lat' dir='ltr'>realibus,</span> <span class='ocrx_word' id='word_1_274' title='bbox 469 4803 828 4874; x_wconf 85' lang='lat' dir='ltr'>actualibus</span> <span class='ocrx_word' id='word_1_275' title='bbox 863 4809 927 4870; x_wconf 90' lang='lat' dir='ltr'>et</span> <span class='ocrx_word' id='word_1_276' title='bbox 955 4805 1385 4886; x_wconf 86' lang='lat' dir='ltr'>manualibus,</span> <span class='ocrx_word' id='word_1_277' title='bbox 1413 4823 1671 4872; x_wconf 87' lang='lat' dir='ltr'>concor-</span> 
     </span>
    </p>

    <p class='ocr_par' dir='ltr' id='par_1_4' title="bbox 166 4906 1671 4996">
     <span class='ocr_line' id='line_1_42' title="bbox 166 4906 1671 4996; baseline 0.005 -24"><span class='ocrx_word' id='word_1_278' title='bbox 166 4906 349 4974; x_wconf 81' lang='lat' dir='ltr'>dabat.</span> <span class='ocrx_word' id='word_1_279' title='bbox 368 4909 535 4977; x_wconf 83' lang='lat' dir='ltr'>Nam</span> <span class='ocrx_word' id='word_1_280' title='bbox 553 4912 765 4995; x_wconf 87' lang='lat' dir='ltr'>primo</span> <span class='ocrx_word' id='word_1_281' title='bbox 787 4913 970 4995; x_wconf 76' lang='lat' dir='ltr'>coepit</span> <span class='ocrx_word' id='word_1_282' title='bbox 990 4913 1215 4992; x_wconf 75' lang='lat' dir='ltr'>tacere,</span> <span class='ocrx_word' id='word_1_283' title='bbox 1235 4918 1297 4980; x_wconf 83' lang='lat' dir='ltr'>et</span> <span class='ocrx_word' id='word_1_284' title='bbox 1323 4917 1538 4996; x_wconf 82' lang='lat' dir='ltr'>postea</span> <span class='ocrx_word' id='word_1_285' title='bbox 1557 4912 1671 4980; x_wconf 87' lang='lat' dir='ltr'>do·</span> 
     </span>
    </p>

    <p class='ocr_par' dir='ltr' id='par_1_5' title="bbox 166 5017 1677 5318">
     <span class='ocr_line' id='line_1_43' title="bbox 167 5017 1677 5102; baseline 0.001 -19"><span class='ocrx_word' id='word_1_286' title='bbox 167 5019 322 5084; x_wconf 73' lang='lat' dir='ltr'>ncro·</span> <span class='ocrx_word' id='word_1_287' title='bbox 327 5067 344 5083; x_wconf 90' lang='lat'><strong>.</strong></span> <span class='ocrx_word' id='word_1_288' title='bbox 373 5018 661 5100; x_wconf 83' lang='lat' dir='ltr'>Tertio,</span> <span class='ocrx_word' id='word_1_289' title='bbox 641 5037 714 5083; x_wconf 85' lang='lat'>111</span> <span class='ocrx_word' id='word_1_290' title='bbox 736 5018 894 5084; x_wconf 88' lang='lat' dir='ltr'>Filio</span> <span class='ocrx_word' id='word_1_291' title='bbox 917 5017 1195 5102; x_wconf 81' lang='lat' dir='ltr'>Virginis</span> <span class='ocrx_word' id='word_1_292' title='bbox 1218 5020 1513 5101; x_wconf 84' lang='lat' dir='ltr'>gloriosae</span> <span class='ocrx_word' id='word_1_293' title='bbox 1539 5026 1677 5085; x_wconf 87' lang='lat' dir='ltr'>erat</span> 
     </span>
     <span class='ocr_line' id='line_1_44' title="bbox 167 5126 1676 5210; baseline 0.003 -21"><span class='ocrx_word' id='word_1_294' title='bbox 167 5127 561 5194; x_wconf 80' lang='lat' dir='ltr'>mansuetudo</span> <span class='ocrx_word' id='word_1_295' title='bbox 609 5126 1064 5194; x_wconf 82' lang='lat' dir='ltr'>tractabilitatis</span> <span class='ocrx_word' id='word_1_296' title='bbox 1116 5132 1181 5192; x_wconf 88' lang='lat' dir='ltr'>et</span> <span class='ocrx_word' id='word_1_297' title='bbox 1231 5127 1550 5210; x_wconf 73' lang='lat' dir='ltr'>patientiae</span> <span class='ocrx_word' id='word_1_298' title='bbox 1606 5127 1676 5194; x_wconf 89' lang='lat' dir='ltr'>in</span> 
     </span>
     <span class='ocr_line' id='line_1_45' title="bbox 166 5232 1671 5318; baseline -0.001 -10"><span class='ocrx_word' id='word_1_299' title='bbox 166 5247 372 5318; x_wconf 60' lang='lat' dir='ltr'>opem</span> <span class='ocrx_word' id='word_1_300' title='bbox 394 5235 572 5304; x_wconf 82' lang='lat' dir='ltr'>unde</span> <span class='ocrx_word' id='word_1_301' title='bbox 597 5236 666 5298; x_wconf 60' lang='grc' dir='ltr'>’τ</span> <span class='ocrx_word' id='word_1_302' title='bbox 711 5256 744 5298; x_wconf 72' lang='grc' dir='ltr'><strong>α</strong></span> <span class='ocrx_word' id='word_1_303' title='bbox 769 5232 1076 5306; x_wconf 79' lang='lat' dir='ltr'>Parvulas</span> <span class='ocrx_word' id='word_1_304' title='bbox 1111 5239 1304 5306; x_wconf 67' lang='lat' dir='ltr'>natus</span> <span class='ocrx_word' id='word_1_305' title='bbox 1343 5239 1439 5310; x_wconf 68' lang='lat' dir='ltr'>Ost</span> <span class='ocrx_word' id='word_1_306' title='bbox 1465 5235 1671 5314; x_wconf 64' lang='lat' dir='ltr'>nobiti,</span> 
     </span>
    </p>
   </div>
   <div class='ocr_carea' id='block_1_3' title="bbox 167 5392 1671 5535">
    <p class='ocr_par' dir='ltr' id='par_1_6' title="bbox 167 5392 1671 5535">
     <span class='ocr_line' id='line_1_46' title="bbox 213 5392 1670 5464; baseline -0.001 -18"><span class='ocrx_word' id='word_1_307' title='bbox 213 5392 235 5425; x_wconf 84' lang='lat'>¹</span> <span class='ocrx_word' id='word_1_308' title='bbox 257 5393 387 5446; x_wconf 65' lang='lat' dir='ltr'>Pul.</span> <span class='ocrx_word' id='word_1_309' title='bbox 413 5409 563 5461; x_wconf 77' lang='lat' dir='ltr'>xm,</span> <span class='ocrx_word' id='word_1_310' title='bbox 591 5401 644 5450; x_wconf 86' lang='grc'>3.</span> <span class='ocrx_word' id='word_1_311' title='bbox 674 5423 740 5436; x_wconf 90' lang='grc'><strong>-</strong></span> <span class='ocrx_word' id='word_1_312' title='bbox 765 5397 787 5428; x_wconf 83' lang='lat'>²</span> <span class='ocrx_word' id='word_1_313' title='bbox 813 5397 945 5462; x_wconf 79' lang='lat' dir='ltr'>Sap..</span> <span class='ocrx_word' id='word_1_314' title='bbox 971 5411 1059 5464; x_wconf 80' lang='lat' dir='ltr'>vn,</span> <span class='ocrx_word' id='word_1_315' title='bbox 1095 5403 1172 5452; x_wconf 77' lang='lat'>¹6.</span> <span class='ocrx_word' id='word_1_316' title='bbox 1192 5426 1257 5440; x_wconf 91' lang='lat'>—</span> <span class='ocrx_word' id='word_1_317' title='bbox 1282 5399 1302 5429; x_wconf 86' lang='lat'>⁸</span> <span class='ocrx_word' id='word_1_318' title='bbox 1321 5400 1496 5462; x_wconf 65' lang='lat' dir='ltr'>Pron„</span> <span class='ocrx_word' id='word_1_319' title='bbox 1527 5408 1598 5459; x_wconf 76' lang='lat' dir='ltr'>lv,</span> <span class='ocrx_word' id='word_1_320' title='bbox 1623 5398 1670 5449; x_wconf 93' lang='lat'>3.</span> 
     </span>
     <span class='ocr_line' id='line_1_47' title="bbox 167 5467 1671 5535; baseline -0.001 -15"><span class='ocrx_word' id='word_1_321' title='bbox 167 5484 220 5501; x_wconf 90' lang='grc'>·-</span> <span class='ocrx_word' id='word_1_322' title='bbox 247 5467 452 5529; x_wconf 68' lang='lat' dir='ltr'>‘Pr-ov„</span> <span class='ocrx_word' id='word_1_323' title='bbox 479 5475 629 5534; x_wconf 81' lang='lat' dir='ltr'>x,1.</span> <span class='ocrx_word' id='word_1_324' title='bbox 659 5495 726 5508; x_wconf 89' lang='lat'>--</span> <span class='ocrx_word' id='word_1_325' title='bbox 767 5467 790 5503; x_wconf 82' lang='lat'>⁸</span> <span class='ocrx_word' id='word_1_326' title='bbox 814 5468 975 5533; x_wconf 67' lang='lat' dir='ltr'>Helm,</span> <span class='ocrx_word' id='word_1_327' title='bbox 1001 5485 1046 5535; x_wconf 90' lang='lat'>1,</span> <span class='ocrx_word' id='word_1_328' title='bbox 1076 5473 1125 5524; x_wconf 80' lang='lat'>3.</span> <span class='ocrx_word' id='word_1_329' title='bbox 1151 5499 1213 5512; x_wconf 92' lang='lat'>--</span> <span class='ocrx_word' id='word_1_330' title='bbox 1249 5471 1426 5533; x_wconf 74' lang='lat' dir='ltr'>‘Act.,</span> <span class='ocrx_word' id='word_1_331' title='bbox 1453 5482 1505 5534; x_wconf 84' lang='lat'>1,</span> <span class='ocrx_word' id='word_1_332' title='bbox 1537 5473 1583 5520; x_wconf 80' lang='lat' dir='ltr'>t.</span> <span class='ocrx_word' id='word_1_333' title='bbox 1610 5494 1671 5506; x_wconf 92' lang='lat'>—</span> 
     </span>
    </p>
   </div>
   <div class='ocr_carea' id='block_1_4' title="bbox 1782 625 3333 5201">
    <p class='ocr_par' dir='ltr' id='par_1_7' title="bbox 1786 625 3333 4222">
     <span class='ocr_line' id='line_1_48' title="bbox 1797 625 3328 712; baseline 0.005 -24"><span class='ocrx_word' id='word_1_334' title='bbox 1797 627 1862 688; x_wconf 89' lang='lat' dir='ltr'>et</span> <span class='ocrx_word' id='word_1_335' title='bbox 1884 625 2057 692; x_wconf 82' lang='lat' dir='ltr'>filius</span> <span class='ocrx_word' id='word_1_336' title='bbox 2082 628 2267 694; x_wconf 87' lang='lat' dir='ltr'>datus</span> <span class='ocrx_word' id='word_1_337' title='bbox 2293 632 2388 693; x_wconf 88' lang='lat' dir='ltr'>est</span> <span class='ocrx_word' id='word_1_338' title='bbox 2411 627 2622 708; x_wconf 88' lang='lat' dir='ltr'>nobis,</span> <span class='ocrx_word' id='word_1_339' title='bbox 2650 630 2715 692; x_wconf 84' lang='lat' dir='ltr'>et</span> <span class='ocrx_word' id='word_1_340' title='bbox 2740 628 2943 694; x_wconf 78' lang='lat' dir='ltr'>factus</span> <span class='ocrx_word' id='word_1_341' title='bbox 2969 631 3064 694; x_wconf 88' lang='lat' dir='ltr'>est</span> <span class='ocrx_word' id='word_1_342' title='bbox 3093 630 3328 712; x_wconf 86' lang='lat' dir='ltr'>princi-</span> 
     </span>
     <span class='ocr_line' id='line_1_49' title="bbox 1795 733 3333 817; baseline 0.005 -21"><span class='ocrx_word' id='word_1_343' title='bbox 1795 733 1986 813; x_wconf 79' lang='lat' dir='ltr'>patus</span> <span class='ocrx_word' id='word_1_344' title='bbox 2008 751 2204 815; x_wconf 86' lang='lat' dir='ltr'>super</span> <span class='ocrx_word' id='word_1_345' title='bbox 2240 735 2584 800; x_wconf 89' lang='lat' dir='ltr'>humerum</span> <span class='ocrx_word' id='word_1_346' title='bbox 2612 736 2668 817; x_wconf 83' lang='lat' dir='ltr'>ej</span> <span class='ocrx_word' id='word_1_347' title='bbox 2678 753 2771 800; x_wconf 88' lang='lat' dir='ltr'>us.</span> <span class='ocrx_word' id='word_1_348' title='bbox 2803 757 2834 794; x_wconf 73' lang='grc' dir='ltr'><strong>ι</strong></span> <span class='ocrx_word' id='word_1_349' title='bbox 2869 735 3206 816; x_wconf 76' lang='lat' dir='ltr'>Paruulus,</span> <span class='ocrx_word' id='word_1_350' title='bbox 3239 736 3333 802; x_wconf 90' lang='lat' dir='ltr'>in·</span> 
     </span>
     <span class='ocr_line' id='line_1_50' title="bbox 1795 836 3329 923; baseline 0.003 -20"><span class='ocrx_word' id='word_1_351' title='bbox 1795 838 1936 919; x_wconf 89' lang='lat' dir='ltr'>quit</span> <span class='ocrx_word' id='word_1_352' title='bbox 1963 836 2295 923; x_wconf 82' lang='lat' dir='ltr'>Propheta,</span> <span class='ocrx_word' id='word_1_353' title='bbox 2328 847 2522 909; x_wconf 73' lang='lat' dir='ltr'>natus</span> <span class='ocrx_word' id='word_1_354' title='bbox 2556 847 2649 910; x_wconf 82' lang='lat' dir='ltr'>est</span> <span class='ocrx_word' id='word_1_355' title='bbox 2674 843 2855 910; x_wconf 78' lang='lat' dir='ltr'>nobis</span> <span class='ocrx_word' id='word_1_356' title='bbox 2881 861 2905 907; x_wconf 89' lang='lat'>.·</span> <span class='ocrx_word' id='word_1_357' title='bbox 2944 861 3087 908; x_wconf 86' lang='lat' dir='ltr'>ecce</span> <span class='ocrx_word' id='word_1_358' title='bbox 3111 844 3329 908; x_wconf 89' lang='lat' dir='ltr'>humi-</span> 
     </span>
     <span class='ocr_line' id='line_1_51' title="bbox 1795 943 3330 1015; baseline 0.005 -7"><span class='ocrx_word' id='word_1_359' title='bbox 1795 943 1938 1009; x_wconf 85' lang='lat' dir='ltr'>litas</span> <span class='ocrx_word' id='word_1_360' title='bbox 1984 946 2095 1011; x_wconf 89' lang='lat' dir='ltr'>Dei</span> <span class='ocrx_word' id='word_1_361' title='bbox 2148 948 2218 1012; x_wconf 91' lang='lat' dir='ltr'>in</span> <span class='ocrx_word' id='word_1_362' title='bbox 2274 948 2611 1014; x_wconf 87' lang='lat' dir='ltr'>resiliendo</span> <span class='ocrx_word' id='word_1_363' title='bbox 2684 972 2700 1014; x_wconf 76' lang='lat' dir='ltr'>t</span> <span class='ocrx_word' id='word_1_364' title='bbox 2765 969 2914 1014; x_wconf 88' lang='lat' dir='ltr'>nam</span> <span class='ocrx_word' id='word_1_365' title='bbox 2967 969 3115 1015; x_wconf 91' lang='lat' dir='ltr'>cum</span> <span class='ocrx_word' id='word_1_366' title='bbox 3166 954 3330 1015; x_wconf 81' lang='lat' dir='ltr'>esset</span> 
     </span>
     <span class='ocr_line' id='line_1_52' title="bbox 1796 1049 3331 1133; baseline 0.005 -22"><span class='ocrx_word' id='word_1_367' title='bbox 1796 1065 2076 1130; x_wconf 89' lang='lat' dir='ltr'>magnus</span> <span class='ocrx_word' id='word_1_368' title='bbox 2098 1049 2428 1131; x_wconf 87' lang='lat' dir='ltr'>Dominus,</span> <span class='ocrx_word' id='word_1_369' title='bbox 2464 1051 2600 1116; x_wconf 86' lang='lat' dir='ltr'>Rex</span> <span class='ocrx_word' id='word_1_370' title='bbox 2625 1052 2932 1133; x_wconf 86' lang='lat' dir='ltr'>excelsus,</span> <span class='ocrx_word' id='word_1_371' title='bbox 2963 1053 3233 1119; x_wconf 86' lang='lat' dir='ltr'>resilivit</span> <span class='ocrx_word' id='word_1_372' title='bbox 3259 1053 3331 1118; x_wconf 91' lang='lat' dir='ltr'>in</span> 
     </span>
     <span class='ocr_line' id='line_1_53' title="bbox 1793 1154 3325 1241; baseline 0.003 -21"><span class='ocrx_word' id='word_1_373' title='bbox 1793 1154 2078 1236; x_wconf 84' lang='lat' dir='ltr'>figuram</span> <span class='ocrx_word' id='word_1_374' title='bbox 2103 1157 2285 1240; x_wconf 89' lang='lat' dir='ltr'>pueri</span> <span class='ocrx_word' id='word_1_375' title='bbox 2329 1158 2604 1241; x_wconf 86' lang='lat' dir='ltr'>parvuli,</span> <span class='ocrx_word' id='word_1_376' title='bbox 2634 1159 2907 1225; x_wconf 82' lang='lat' dir='ltr'>formam</span> <span class='ocrx_word' id='word_1_377' title='bbox 2948 1161 3118 1226; x_wconf 88' lang='lat' dir='ltr'>servi</span> <span class='ocrx_word' id='word_1_378' title='bbox 3161 1161 3325 1226; x_wconf 87' lang='lat' dir='ltr'>acci-</span> 
     </span>
     <span class='ocr_line' id='line_1_54' title="bbox 1793 1261 3331 1349; baseline 0.005 -24"><span class='ocrx_word' id='word_1_379' title='bbox 1793 1261 1993 1342; x_wconf 88' lang='lat' dir='ltr'>piens.</span> <span class='ocrx_word' id='word_1_380' title='bbox 2024 1261 2102 1328; x_wconf 89' lang='lat' dir='ltr'>Et</span> <span class='ocrx_word' id='word_1_381' title='bbox 2127 1264 2209 1328; x_wconf 94' lang='lat' dir='ltr'>ob</span> <span class='ocrx_word' id='word_1_382' title='bbox 2244 1264 2368 1330; x_wconf 88' lang='lat' dir='ltr'>hoc</span> <span class='ocrx_word' id='word_1_383' title='bbox 2404 1266 2575 1349; x_wconf 89' lang='lat' dir='ltr'>quod</span> <span class='ocrx_word' id='word_1_384' title='bbox 2621 1266 2692 1330; x_wconf 89' lang='lat' dir='ltr'>in</span> <span class='ocrx_word' id='word_1_385' title='bbox 2734 1265 3162 1333; x_wconf 89' lang='lat' dir='ltr'>descendendo</span> <span class='ocrx_word' id='word_1_386' title='bbox 3208 1268 3331 1333; x_wconf 87' lang='lat' dir='ltr'>fuit</span> 
     </span>
     <span class='ocr_line' id='line_1_55' title="bbox 1793 1369 3328 1458; baseline 0.005 -25"><span class='ocrx_word' id='word_1_387' title='bbox 1793 1369 2042 1434; x_wconf 63' lang='lat' dir='ltr'>caeteris</span> <span class='ocrx_word' id='word_1_388' title='bbox 2080 1370 2385 1438; x_wconf 88' lang='lat' dir='ltr'>humilior</span> <span class='ocrx_word' id='word_1_389' title='bbox 2399 1420 2419 1452; x_wconf 94' lang='lat'>‚</span> <span class='ocrx_word' id='word_1_390' title='bbox 2461 1373 2603 1440; x_wconf 87' lang='lat' dir='ltr'>ideo</span> <span class='ocrx_word' id='word_1_391' title='bbox 2639 1374 2990 1440; x_wconf 88' lang='lat' dir='ltr'>secundum</span> <span class='ocrx_word' id='word_1_392' title='bbox 3030 1375 3328 1458; x_wconf 87' lang='lat' dir='ltr'>regulam</span> 
     </span>
     <span class='ocr_line' id='line_1_56' title="bbox 1793 1475 3330 1565; baseline 0.006 -25"><span class='ocrx_word' id='word_1_393' title='bbox 1793 1475 2187 1542; x_wconf 76' lang='lat' dir='ltr'>infallibilem</span> <span class='ocrx_word' id='word_1_394' title='bbox 2212 1478 2448 1544; x_wconf 79' lang='lat' dir='ltr'>divinae</span> <span class='ocrx_word' id='word_1_395' title='bbox 2470 1481 2765 1562; x_wconf 78' lang='lat' dir='ltr'>justitiae,</span> <span class='ocrx_word' id='word_1_396' title='bbox 2795 1499 2941 1565; x_wconf 82' lang='lat' dir='ltr'>quae</span> <span class='ocrx_word' id='word_1_397' title='bbox 2968 1486 3065 1547; x_wconf 87' lang='lat' dir='ltr'>est</span> <span class='ocrx_word' id='word_1_398' title='bbox 3082 1482 3105 1518; x_wconf 83' lang='lat'>⁸</span> <span class='ocrx_word' id='word_1_399' title='bbox 3145 1504 3161 1547; x_wconf 75' lang='grc' dir='ltr'><strong><em>ε</em></strong></span> <span class='ocrx_word' id='word_1_400' title='bbox 3198 1482 3330 1564; x_wconf 79' lang='lat' dir='ltr'>Qui</span> 
     </span>
     <span class='ocr_line' id='line_1_57' title="bbox 1791 1577 3328 1667; baseline 0.007 -21"><span class='ocrx_word' id='word_1_401' title='bbox 1791 1599 1853 1649; x_wconf 76' lang='lat' dir='ltr'>se</span> <span class='ocrx_word' id='word_1_402' title='bbox 1878 1577 2204 1664; x_wconf 74' lang='lat' dir='ltr'>humiliat,</span> <span class='ocrx_word' id='word_1_403' title='bbox 2234 1587 2648 1667; x_wconf 68' lang='lat' dir='ltr'>exaltabitur,</span> <span class='ocrx_word' id='word_1_404' title='bbox 2683 1589 2803 1653; x_wconf 80' lang='lat' dir='ltr'>fuit</span> <span class='ocrx_word' id='word_1_405' title='bbox 2830 1588 2900 1652; x_wconf 92' lang='lat' dir='ltr'>in</span> <span class='ocrx_word' id='word_1_406' title='bbox 2938 1589 3328 1656; x_wconf 85' lang='lat' dir='ltr'>ascendendo</span> 
     </span>
     <span class='ocr_line' id='line_1_58' title="bbox 1791 1691 3329 1776; baseline 0.007 -23"><span class='ocrx_word' id='word_1_407' title='bbox 1791 1691 2090 1756; x_wconf 86' lang='lat' dir='ltr'>omnibus</span> <span class='ocrx_word' id='word_1_408' title='bbox 2116 1691 2255 1757; x_wconf 89' lang='lat' dir='ltr'>aliis</span> <span class='ocrx_word' id='word_1_409' title='bbox 2279 1693 2630 1758; x_wconf 80' lang='lat' dir='ltr'>sublim10r.</span> <span class='ocrx_word' id='word_1_410' title='bbox 2667 1695 2751 1762; x_wconf 86' lang='lat' dir='ltr'>Et</span> <span class='ocrx_word' id='word_1_411' title='bbox 2778 1696 2958 1776; x_wconf 74' lang='lat' dir='ltr'>fitius</span> <span class='ocrx_word' id='word_1_412' title='bbox 2997 1694 3190 1764; x_wconf 84' lang='lat' dir='ltr'>datus</span> <span class='ocrx_word' id='word_1_413' title='bbox 3235 1702 3329 1764; x_wconf 75' lang='lat' dir='ltr'>est</span> 
     </span>
     <span class='ocr_line' id='line_1_59' title="bbox 1791 1798 3326 1883; baseline 0.002 -19"><span class='ocrx_word' id='word_1_414' title='bbox 1791 1798 1972 1865; x_wconf 76' lang='lat' dir='ltr'>nobis</span> <span class='ocrx_word' id='word_1_415' title='bbox 1999 1816 2022 1863; x_wconf 91' lang='grc'>.·</span> <span class='ocrx_word' id='word_1_416' title='bbox 2068 1816 2211 1864; x_wconf 85' lang='lat' dir='ltr'>ecce</span> <span class='ocrx_word' id='word_1_417' title='bbox 2250 1799 2653 1866; x_wconf 85' lang='lat' dir='ltr'>tractabilitas</span> <span class='ocrx_word' id='word_1_418' title='bbox 2688 1802 3091 1883; x_wconf 66' lang='lat' dir='ltr'>obedientiae,</span> <span class='ocrx_word' id='word_1_419' title='bbox 3133 1803 3326 1868; x_wconf 88' lang='lat' dir='ltr'>etiam</span> 
     </span>
     <span class='ocr_line' id='line_1_60' title="bbox 1791 1905 3326 1978; baseline 0.005 -9"><span class='ocrx_word' id='word_1_420' title='bbox 1791 1923 1920 1970; x_wconf 91' lang='lat' dir='ltr'>non</span> <span class='ocrx_word' id='word_1_421' title='bbox 1946 1905 2315 1971; x_wconf 88' lang='lat' dir='ltr'>resistendo.</span> <span class='ocrx_word' id='word_1_422' title='bbox 2347 1905 2505 1972; x_wconf 90' lang='lat' dir='ltr'>Cum</span> <span class='ocrx_word' id='word_1_423' title='bbox 2544 1908 2716 1973; x_wconf 90' lang='lat' dir='ltr'>enim</span> <span class='ocrx_word' id='word_1_424' title='bbox 2762 1909 2928 1974; x_wconf 89' lang='lat' dir='ltr'>Deus</span> <span class='ocrx_word' id='word_1_425' title='bbox 2974 1908 3158 1975; x_wconf 86' lang='lat' dir='ltr'>Pater</span> <span class='ocrx_word' id='word_1_426' title='bbox 3178 1911 3201 1946; x_wconf 81' lang='lat'><strong>⁹</strong></span> <span class='ocrx_word' id='word_1_427' title='bbox 3228 1911 3326 1978; x_wconf 79' lang='lat' dir='ltr'>sic</span> 
     </span>
     <span class='ocr_line' id='line_1_61' title="bbox 1789 2010 3323 2101; baseline 0.005 -23"><span class='ocrx_word' id='word_1_428' title='bbox 1789 2010 2087 2094; x_wconf 75' lang='lat' dir='ltr'>dilioeret</span> <span class='ocrx_word' id='word_1_429' title='bbox 2121 2014 2459 2093; x_wconf 79' lang='lat' dir='ltr'>mundum,</span> <span class='ocrx_word' id='word_1_430' title='bbox 2492 2022 2563 2083; x_wconf 78' lang='lat' dir='ltr'>ut</span> <span class='ocrx_word' id='word_1_431' title='bbox 2588 2016 2829 2084; x_wconf 76' lang='lat' dir='ltr'>Filium</span> <span class='ocrx_word' id='word_1_432' title='bbox 2865 2033 3055 2085; x_wconf 80' lang='lat' dir='ltr'>suum</span> <span class='ocrx_word' id='word_1_433' title='bbox 3095 2019 3323 2101; x_wconf 72' lang='lat' dir='ltr'>uuiae-</span> 
     </span>
     <span class='ocr_line' id='line_1_62' title="bbox 1789 2119 3325 2209; baseline 0.005 -24"><span class='ocrx_word' id='word_1_434' title='bbox 1789 2120 2077 2201; x_wconf 65' lang='lat' dir='ltr'>omnum</span> <span class='ocrx_word' id='word_1_435' title='bbox 2102 2119 2306 2199; x_wconf 78' lang='lat' dir='ltr'>daret,</span> <span class='ocrx_word' id='word_1_436' title='bbox 2337 2140 2467 2187; x_wconf 91' lang='lat' dir='ltr'>non</span> <span class='ocrx_word' id='word_1_437' title='bbox 2504 2123 2624 2188; x_wconf 87' lang='lat' dir='ltr'>fuit</span> <span class='ocrx_word' id='word_1_438' title='bbox 2649 2124 2717 2188; x_wconf 89' lang='lat' dir='ltr'>in</span> <span class='ocrx_word' id='word_1_439' title='bbox 2746 2124 3085 2191; x_wconf 64' lang='lat' dir='ltr'>resistendo</span> <span class='ocrx_word' id='word_1_440' title='bbox 3129 2128 3325 2209; x_wconf 89' lang='lat' dir='ltr'>perti-</span> 
     </span>
     <span class='ocr_line' id='line_1_63' title="bbox 1789 2226 3323 2315; baseline 0.006 -25"><span class='ocrx_word' id='word_1_441' title='bbox 1789 2243 1939 2305; x_wconf 85' lang='lat' dir='ltr'>nax,</span> <span class='ocrx_word' id='word_1_442' title='bbox 1961 2226 2071 2292; x_wconf 89' lang='lat' dir='ltr'>sed</span> <span class='ocrx_word' id='word_1_443' title='bbox 2092 2228 2434 2294; x_wconf 84' lang='lat' dir='ltr'>tractabilis</span> <span class='ocrx_word' id='word_1_444' title='bbox 2456 2230 2527 2294; x_wconf 90' lang='lat' dir='ltr'>in</span> <span class='ocrx_word' id='word_1_445' title='bbox 2543 2232 2997 2315; x_wconf 86' lang='lat' dir='ltr'>acquiescendo</span> <span class='ocrx_word' id='word_1_446' title='bbox 3017 2233 3323 2300; x_wconf 86' lang='lat' dir='ltr'>voluntati</span> 
     </span>
     <span class='ocr_line' id='line_1_64' title="bbox 1792 2330 3324 2424; baseline 0.008 -28"><span class='ocrx_word' id='word_1_447' title='bbox 1792 2330 2015 2398; x_wconf 80' lang='lat' dir='ltr'>Patris.</span> <span class='ocrx_word' id='word_1_448' title='bbox 2042 2335 2129 2402; x_wconf 83' lang='lat' dir='ltr'>Ec</span> <span class='ocrx_word' id='word_1_449' title='bbox 2162 2335 2373 2416; x_wconf 76' lang='lat' dir='ltr'>roccus</span> <span class='ocrx_word' id='word_1_450' title='bbox 2411 2343 2506 2404; x_wconf 78' lang='lat' dir='ltr'>est</span> <span class='ocrx_word' id='word_1_451' title='bbox 2534 2339 2945 2422; x_wconf 77' lang='lat' dir='ltr'>principatus</span> <span class='ocrx_word' id='word_1_452' title='bbox 2984 2356 3176 2424; x_wconf 79' lang='lat' dir='ltr'>super</span> <span class='ocrx_word' id='word_1_453' title='bbox 3208 2341 3324 2409; x_wconf 72' lang='lat' dir='ltr'>hu-</span> 
     </span>
     <span class='ocr_line' id='line_1_65' title="bbox 1790 2442 3323 2530; baseline 0.005 -22"><span class='ocrx_word' id='word_1_454' title='bbox 1790 2457 2029 2508; x_wconf 82' lang='lat' dir='ltr'>merum</span> <span class='ocrx_word' id='word_1_455' title='bbox 2054 2442 2193 2523; x_wconf 63' lang='lat' dir='ltr'>ejus</span> <span class='ocrx_word' id='word_1_456' title='bbox 2217 2461 2242 2507; x_wconf 91' lang='grc'>.·</span> <span class='ocrx_word' id='word_1_457' title='bbox 2272 2461 2414 2509; x_wconf 87' lang='lat' dir='ltr'>ecce</span> <span class='ocrx_word' id='word_1_458' title='bbox 2455 2447 2877 2511; x_wconf 88' lang='lat' dir='ltr'>mansuetudo</span> <span class='ocrx_word' id='word_1_459' title='bbox 2909 2448 3227 2530; x_wconf 66' lang='lat' dir='ltr'>patientiae</span> <span class='ocrx_word' id='word_1_460' title='bbox 3253 2450 3323 2516; x_wconf 91' lang='lat' dir='ltr'>in</span> 
     </span>
     <span class='ocr_line' id='line_1_66' title="bbox 1791 2546 3319 2632; baseline 0.006 -23"><span class='ocrx_word' id='word_1_461' title='bbox 1791 2546 2163 2612; x_wconf 86' lang='lat' dir='ltr'>sustinendo</span> <span class='ocrx_word' id='word_1_462' title='bbox 2191 2568 2206 2609; x_wconf 73' lang='grc' dir='ltr'><strong><em>ε</em></strong></span> <span class='ocrx_word' id='word_1_463' title='bbox 2239 2566 2370 2613; x_wconf 89' lang='lat' dir='ltr'>uon</span> <span class='ocrx_word' id='word_1_464' title='bbox 2396 2553 2492 2614; x_wconf 89' lang='lat' dir='ltr'>est</span> <span class='ocrx_word' id='word_1_465' title='bbox 2521 2549 2640 2612; x_wconf 85' lang='lat' dir='ltr'>sibi</span> <span class='ocrx_word' id='word_1_466' title='bbox 2672 2551 2872 2632; x_wconf 88' lang='lat' dir='ltr'>gratis</span> <span class='ocrx_word' id='word_1_467' title='bbox 2897 2551 3085 2617; x_wconf 88' lang='lat' dir='ltr'>datus</span> <span class='ocrx_word' id='word_1_468' title='bbox 3108 2553 3319 2619; x_wconf 84' lang='lat' dir='ltr'>coeles·</span> 
     </span>
     <span class='ocr_line' id='line_1_67' title="bbox 1789 2652 3321 2736; baseline 0.007 -20"><span class='ocrx_word' id='word_1_469' title='bbox 1789 2652 1869 2717; x_wconf 85' lang='lat' dir='ltr'>tis</span> <span class='ocrx_word' id='word_1_470' title='bbox 1895 2653 2319 2736; x_wconf 84' lang='lat' dir='ltr'>principatus3</span> <span class='ocrx_word' id='word_1_471' title='bbox 2370 2654 2502 2720; x_wconf 90' lang='lat' dir='ltr'>imo</span> <span class='ocrx_word' id='word_1_472' title='bbox 2532 2657 2737 2722; x_wconf 91' lang='lat' dir='ltr'>multo</span> <span class='ocrx_word' id='word_1_473' title='bbox 2763 2657 2978 2724; x_wconf 87' lang='lat' dir='ltr'>labore</span> <span class='ocrx_word' id='word_1_474' title='bbox 3005 2663 3066 2724; x_wconf 88' lang='lat' dir='ltr'>et</span> <span class='ocrx_word' id='word_1_475' title='bbox 3105 2660 3321 2728; x_wconf 87' lang='lat' dir='ltr'>dolore</span> 
     </span>
     <span class='ocr_line' id='line_1_68' title="bbox 1788 2760 3319 2847; baseline 0.007 -24"><span class='ocrx_word' id='word_1_476' title='bbox 1788 2777 1940 2824; x_wconf 91' lang='lat' dir='ltr'>eum</span> <span class='ocrx_word' id='word_1_477' title='bbox 1957 2760 2314 2843; x_wconf 88' lang='lat' dir='ltr'>acquisivit,</span> <span class='ocrx_word' id='word_1_478' title='bbox 2337 2762 2751 2847; x_wconf 88' lang='lat' dir='ltr'>supponendo</span> <span class='ocrx_word' id='word_1_479' title='bbox 2765 2765 3108 2832; x_wconf 88' lang='lat' dir='ltr'>humerum</span> <span class='ocrx_word' id='word_1_480' title='bbox 3128 2786 3319 2834; x_wconf 90' lang='lat' dir='ltr'>suum</span> 
     </span>
     <span class='ocr_line' id='line_1_69' title="bbox 1789 2866 3321 2940; baseline 0.008 -11"><span class='ocrx_word' id='word_1_481' title='bbox 1789 2866 2092 2932; x_wconf 86' lang='lat' dir='ltr'>omnibus</span> <span class='ocrx_word' id='word_1_482' title='bbox 2115 2867 2440 2934; x_wconf 84' lang='lat' dir='ltr'>laboribus</span> <span class='ocrx_word' id='word_1_483' title='bbox 2477 2873 2540 2934; x_wconf 86' lang='lat' dir='ltr'>et</span> <span class='ocrx_word' id='word_1_484' title='bbox 2578 2870 2904 2938; x_wconf 87' lang='lat' dir='ltr'>doloribus</span> <span class='ocrx_word' id='word_1_485' title='bbox 2941 2874 3164 2940; x_wconf 89' lang='lat' dir='ltr'>mortis</span> <span class='ocrx_word' id='word_1_486' title='bbox 3194 2897 3210 2940; x_wconf 76' lang='lat' dir='ltr'><strong><em>z</em></strong></span> <span class='ocrx_word' id='word_1_487' title='bbox 3258 2878 3321 2940; x_wconf 86' lang='lat' dir='ltr'>et</span> 
     </span>
     <span class='ocr_line' id='line_1_70' title="bbox 1790 2976 3318 3065; baseline 0.006 -28"><span class='ocrx_word' id='word_1_488' title='bbox 1790 2978 2033 3056; x_wconf 89' lang='lat' dir='ltr'>quanto</span> <span class='ocrx_word' id='word_1_489' title='bbox 2058 2977 2200 3058; x_wconf 69' lang='lat' dir='ltr'>eJus</span> <span class='ocrx_word' id='word_1_490' title='bbox 2231 2976 2525 3059; x_wconf 88' lang='lat' dir='ltr'>apparuit</span> <span class='ocrx_word' id='word_1_491' title='bbox 2548 2995 2696 3043; x_wconf 88' lang='lat' dir='ltr'>caro</span> <span class='ocrx_word' id='word_1_492' title='bbox 2739 2979 3038 3046; x_wconf 82' lang='lat' dir='ltr'>deformis</span> <span class='ocrx_word' id='word_1_493' title='bbox 3077 2986 3141 3046; x_wconf 90' lang='lat' dir='ltr'>et</span> <span class='ocrx_word' id='word_1_494' title='bbox 3183 2982 3318 3065; x_wconf 87' lang='lat' dir='ltr'>pal·</span> 
     </span>
     <span class='ocr_line' id='line_1_71' title="bbox 1787 3079 3320 3170; baseline 0.007 -26"><span class='ocrx_word' id='word_1_495' title='bbox 1787 3079 1918 3146; x_wconf 89' lang='lat' dir='ltr'>lida</span> <span class='ocrx_word' id='word_1_496' title='bbox 1941 3081 2010 3145; x_wconf 91' lang='lat' dir='ltr'>in</span> <span class='ocrx_word' id='word_1_497' title='bbox 2054 3083 2418 3162; x_wconf 86' lang='lat' dir='ltr'>moriendo,</span> <span class='ocrx_word' id='word_1_498' title='bbox 2448 3089 2625 3150; x_wconf 87' lang='lat' dir='ltr'>tanto</span> <span class='ocrx_word' id='word_1_499' title='bbox 2673 3104 2815 3152; x_wconf 87' lang='lat' dir='ltr'>sum</span> <span class='ocrx_word' id='word_1_500' title='bbox 2825 3106 2927 3152; x_wconf 84' lang='lat' dir='ltr'>ma</span> <span class='ocrx_word' id='word_1_501' title='bbox 2964 3088 3320 3170; x_wconf 86' lang='lat' dir='ltr'>pulchritu-</span> 
     </span>
     <span class='ocr_line' id='line_1_72' title="bbox 1787 3188 3317 3262; baseline 0.006 -9"><span class='ocrx_word' id='word_1_502' title='bbox 1787 3188 1935 3254; x_wconf 88' lang='lat' dir='ltr'>dine</span> <span class='ocrx_word' id='word_1_503' title='bbox 1971 3192 2038 3253; x_wconf 86' lang='lat' dir='ltr'>et</span> <span class='ocrx_word' id='word_1_504' title='bbox 2065 3190 2348 3255; x_wconf 85' lang='lat' dir='ltr'>decentia</span> <span class='ocrx_word' id='word_1_505' title='bbox 2394 3192 2513 3258; x_wconf 81' lang='lat' dir='ltr'>ruit</span> <span class='ocrx_word' id='word_1_506' title='bbox 2554 3192 2947 3260; x_wconf 85' lang='lat' dir='ltr'>circumdata</span> <span class='ocrx_word' id='word_1_507' title='bbox 2987 3195 3056 3259; x_wconf 91' lang='lat' dir='ltr'>in</span> <span class='ocrx_word' id='word_1_508' title='bbox 3099 3214 3317 3262; x_wconf 86' lang='lat' dir='ltr'>resur·</span> 
     </span>
     <span class='ocr_line' id='line_1_73' title="bbox 1788 3296 3321 3385; baseline 0.005 -25"><span class='ocrx_word' id='word_1_509' title='bbox 1788 3296 2024 3377; x_wconf 89' lang='lat' dir='ltr'>gendo.</span> <span class='ocrx_word' id='word_1_510' title='bbox 2092 3296 2269 3363; x_wconf 87' lang='lat' dir='ltr'>Unde</span> <span class='ocrx_word' id='word_1_511' title='bbox 2321 3300 2431 3382; x_wconf 88' lang='lat' dir='ltr'>qui</span> <span class='ocrx_word' id='word_1_512' title='bbox 2486 3299 2818 3366; x_wconf 87' lang='lat' dir='ltr'>videbatur</span> <span class='ocrx_word' id='word_1_513' title='bbox 2871 3302 3091 3385; x_wconf 87' lang='lat' dir='ltr'>projici</span> <span class='ocrx_word' id='word_1_514' title='bbox 3142 3302 3321 3369; x_wconf 87' lang='lat' dir='ltr'>velut</span> 
     </span>
     <span class='ocr_line' id='line_1_74' title="bbox 1787 3403 3314 3488; baseline 0.006 -21"><span class='ocrx_word' id='word_1_515' title='bbox 1787 3420 2007 3468; x_wconf 90' lang='lat' dir='ltr'>semen</span> <span class='ocrx_word' id='word_1_516' title='bbox 2051 3403 2118 3468; x_wconf 91' lang='lat' dir='ltr'>in</span> <span class='ocrx_word' id='word_1_517' title='bbox 2163 3408 2398 3470; x_wconf 87' lang='lat' dir='ltr'>terram</span> <span class='ocrx_word' id='word_1_518' title='bbox 2450 3425 2598 3471; x_wconf 91' lang='lat' dir='ltr'>cum</span> <span class='ocrx_word' id='word_1_519' title='bbox 2646 3409 3055 3488; x_wconf 86' lang='lat' dir='ltr'>verecundia,</span> <span class='ocrx_word' id='word_1_520' title='bbox 3101 3429 3314 3476; x_wconf 62' lang='lat' dir='ltr'>resur-</span> 
     </span>
     <span class='ocr_line' id='line_1_75' title="bbox 1786 3510 3320 3598; baseline 0.005 -24"><span class='ocrx_word' id='word_1_521' title='bbox 1786 3510 1953 3574; x_wconf 79' lang='lat' dir='ltr'>rexit</span> <span class='ocrx_word' id='word_1_522' title='bbox 1982 3514 2046 3575; x_wconf 91' lang='lat' dir='ltr'>et</span> <span class='ocrx_word' id='word_1_523' title='bbox 2070 3512 2268 3576; x_wconf 86' lang='lat' dir='ltr'>crevit</span> <span class='ocrx_word' id='word_1_524' title='bbox 2303 3512 2372 3576; x_wconf 91' lang='lat' dir='ltr'>in</span> <span class='ocrx_word' id='word_1_525' title='bbox 2405 3532 2724 3580; x_wconf 88' lang='lat' dir='ltr'>summam</span> <span class='ocrx_word' id='word_1_526' title='bbox 2758 3515 3053 3598; x_wconf 88' lang='lat' dir='ltr'>gloriam.</span> <span class='ocrx_word' id='word_1_527' title='bbox 3097 3515 3320 3583; x_wconf 82' lang='lat' dir='ltr'>Nullus</span> 
     </span>
     <span class='ocr_line' id='line_1_76' title="bbox 1786 3620 3314 3707; baseline 0.006 -27"><span class='ocrx_word' id='word_1_528' title='bbox 1786 3634 1948 3700; x_wconf 90' lang='lat' dir='ltr'>ergo</span> <span class='ocrx_word' id='word_1_529' title='bbox 1973 3622 2214 3683; x_wconf 87' lang='lat' dir='ltr'>metuat</span> <span class='ocrx_word' id='word_1_530' title='bbox 2237 3620 2422 3685; x_wconf 85' lang='lat' dir='ltr'>atteri</span> <span class='ocrx_word' id='word_1_531' title='bbox 2457 3621 2781 3688; x_wconf 88' lang='lat' dir='ltr'>doloribus</span> <span class='ocrx_word' id='word_1_532' title='bbox 2806 3624 2874 3687; x_wconf 90' lang='lat' dir='ltr'>in</span> <span class='ocrx_word' id='word_1_533' title='bbox 2902 3624 3119 3703; x_wconf 89' lang='lat' dir='ltr'>corde,</span> <span class='ocrx_word' id='word_1_534' title='bbox 3142 3625 3314 3707; x_wconf 86' lang='lat' dir='ltr'>jeju·</span> 
     </span>
     <span class='ocr_line' id='line_1_77' title="bbox 1788 3724 3319 3813; baseline 0.007 -26"><span class='ocrx_word' id='word_1_535' title='bbox 1788 3724 1911 3788; x_wconf 88' lang='lat' dir='ltr'>uiis</span> <span class='ocrx_word' id='word_1_536' title='bbox 1931 3724 2136 3807; x_wconf 85' lang='lat' dir='ltr'>affligi</span> <span class='ocrx_word' id='word_1_537' title='bbox 2177 3726 2243 3790; x_wconf 88' lang='lat' dir='ltr'>in</span> <span class='ocrx_word' id='word_1_538' title='bbox 2271 3744 2556 3809; x_wconf 89' lang='lat' dir='ltr'>corpore,</span> <span class='ocrx_word' id='word_1_539' title='bbox 2588 3730 2739 3812; x_wconf 90' lang='lat' dir='ltr'>quia</span> <span class='ocrx_word' id='word_1_540' title='bbox 2771 3733 2948 3796; x_wconf 86' lang='lat' dir='ltr'>tanto</span> <span class='ocrx_word' id='word_1_541' title='bbox 2989 3731 3128 3813; x_wconf 88' lang='lat' dir='ltr'>ejus</span> <span class='ocrx_word' id='word_1_542' title='bbox 3173 3749 3319 3798; x_wconf 87' lang='lat' dir='ltr'>caro</span> 
     </span>
     <span class='ocr_line' id='line_1_78' title="bbox 1787 3833 3317 3919; baseline 0.005 -22"><span class='ocrx_word' id='word_1_543' title='bbox 1787 3836 2084 3914; x_wconf 85' lang='lat' dir='ltr'>resurget</span> <span class='ocrx_word' id='word_1_544' title='bbox 2112 3833 2472 3915; x_wconf 88' lang='lat' dir='ltr'>gloriosior,</span> <span class='ocrx_word' id='word_1_545' title='bbox 2505 3841 2742 3918; x_wconf 90' lang='lat' dir='ltr'>quanto</span> <span class='ocrx_word' id='word_1_546' title='bbox 2771 3854 2886 3919; x_wconf 90' lang='lat' dir='ltr'>pro</span> <span class='ocrx_word' id='word_1_547' title='bbox 2915 3835 3160 3903; x_wconf 84' lang='lat' dir='ltr'>Christo</span> <span class='ocrx_word' id='word_1_548' title='bbox 3180 3840 3317 3904; x_wconf 86' lang='lat' dir='ltr'>fue·</span> 
     </span>
     <span class='ocr_line' id='line_1_79' title="bbox 1787 3938 3319 4027; baseline 0.005 -24"><span class='ocrx_word' id='word_1_549' title='bbox 1787 3939 1869 4004; x_wconf 88' lang='lat' dir='ltr'>rit</span> <span class='ocrx_word' id='word_1_550' title='bbox 1891 3938 2217 4020; x_wconf 89' lang='lat' dir='ltr'>humilior,</span> <span class='ocrx_word' id='word_1_551' title='bbox 2231 3942 2276 3977; x_wconf 86' lang='lat'>¹⁰</span> <span class='ocrx_word' id='word_1_552' title='bbox 2292 3941 2402 4024; x_wconf 91' lang='lat' dir='ltr'>qui</span> <span class='ocrx_word' id='word_1_553' title='bbox 2427 3942 2789 4022; x_wconf 70' lang='lat' dir='ltr'>reformabit</span> <span class='ocrx_word' id='word_1_554' title='bbox 2811 3960 3039 4027; x_wconf 78' lang='lat' dir='ltr'>corpus</span> <span class='ocrx_word' id='word_1_555' title='bbox 3066 3945 3319 4012; x_wconf 79' lang='lat' dir='ltr'>humili-</span> 
     </span>
     <span class='ocr_line' id='line_1_80' title="bbox 1787 4049 3318 4134; baseline 0.004 -20"><span class='ocrx_word' id='word_1_556' title='bbox 1787 4049 1942 4115; x_wconf 75' lang='lat' dir='ltr'>tatis</span> <span class='ocrx_word' id='word_1_557' title='bbox 1964 4053 2197 4116; x_wconf 78' lang='lat' dir='ltr'>nostroe</span> <span class='ocrx_word' id='word_1_558' title='bbox 2221 4049 2690 4132; x_wconf 72' lang='lat' dir='ltr'>confiquratum</span> <span class='ocrx_word' id='word_1_559' title='bbox 2716 4052 2966 4134; x_wconf 81' lang='lat' dir='ltr'>corpori</span> <span class='ocrx_word' id='word_1_560' title='bbox 2999 4050 3318 4121; x_wconf 74' lang='lat' dir='ltr'>claritatis</span> 
     </span>
     <span class='ocr_line' id='line_1_81' title="bbox 1786 4169 1939 4222; baseline -0.013 0"><span class='ocrx_word' id='word_1_561' title='bbox 1786 4169 1939 4222; x_wconf 73' lang='lat' dir='ltr'>suae.</span> 
     </span>
    </p>

    <p class='ocr_par' dir='ltr' id='par_1_8' title="bbox 1782 4261 3313 5201">
     <span class='ocr_line' id='line_1_82' title="bbox 1866 4261 3311 4348; baseline 0.006 -21"><span class='ocrx_word' id='word_1_562' title='bbox 1866 4261 2168 4343; x_wconf 82' lang='lat' dir='ltr'>Sequitur</span> <span class='ocrx_word' id='word_1_563' title='bbox 2193 4263 2467 4329; x_wconf 88' lang='lat' dir='ltr'>secundo</span> <span class='ocrx_word' id='word_1_564' title='bbox 2498 4286 2514 4330; x_wconf 72' lang='grc' dir='ltr'><strong>ε</strong></span> <span class='ocrx_word' id='word_1_565' title='bbox 2545 4265 2674 4348; x_wconf 69' lang='lat' dir='ltr'>Eoo</span> <span class='ocrx_word' id='word_1_566' title='bbox 2700 4269 2760 4332; x_wconf 82' lang='lat' dir='ltr'>et</span> <span class='ocrx_word' id='word_1_567' title='bbox 2794 4270 2979 4347; x_wconf 79' lang='lat' dir='ltr'>pater</span> <span class='ocrx_word' id='word_1_568' title='bbox 3023 4270 3171 4333; x_wconf 74' lang='lat' dir='ltr'>tuus</span> <span class='ocrx_word' id='word_1_569' title='bbox 3197 4266 3311 4336; x_wconf 88' lang='lat' dir='ltr'>do·</span> 
     </span>
     <span class='ocr_line' id='line_1_83' title="bbox 1786 4368 3309 4456; baseline 0.004 -22"><span class='ocrx_word' id='word_1_570' title='bbox 1786 4368 1979 4438; x_wconf 77' lang='lat' dir='ltr'>lentes</span> <span class='ocrx_word' id='word_1_571' title='bbox 1994 4392 2019 4441; x_wconf 83' lang='lat'>‚·</span> <span class='ocrx_word' id='word_1_572' title='bbox 2048 4370 2162 4435; x_wconf 90' lang='lat' dir='ltr'>ubi</span> <span class='ocrx_word' id='word_1_573' title='bbox 2188 4373 2444 4436; x_wconf 84' lang='lat' dir='ltr'>notatur</span> <span class='ocrx_word' id='word_1_574' title='bbox 2469 4372 2827 4440; x_wconf 87' lang='lat' dir='ltr'>amaritudo</span> <span class='ocrx_word' id='word_1_575' title='bbox 2849 4374 3175 4456; x_wconf 80' lang='lat' dir='ltr'>profundae</span> <span class='ocrx_word' id='word_1_576' title='bbox 3194 4376 3309 4439; x_wconf 86' lang='lat' dir='ltr'>tri·</span> 
     </span>
     <span class='ocr_line' id='line_1_84' title="bbox 1785 4477 3313 4564; baseline 0.003 -22"><span class='ocrx_word' id='word_1_577' title='bbox 1785 4477 2129 4542; x_wconf 87' lang='lat' dir='ltr'>bulationis</span> <span class='ocrx_word' id='word_1_578' title='bbox 2155 4478 2222 4542; x_wconf 92' lang='lat' dir='ltr'>in</span> <span class='ocrx_word' id='word_1_579' title='bbox 2250 4478 2460 4543; x_wconf 89' lang='lat' dir='ltr'>corde.</span> <span class='ocrx_word' id='word_1_580' title='bbox 2499 4477 2677 4544; x_wconf 86' lang='lat' dir='ltr'>Certe</span> <span class='ocrx_word' id='word_1_581' title='bbox 2711 4498 2840 4543; x_wconf 91' lang='lat' dir='ltr'>non</span> <span class='ocrx_word' id='word_1_582' title='bbox 2867 4480 3086 4560; x_wconf 85' lang='lat' dir='ltr'>miror,</span> <span class='ocrx_word' id='word_1_583' title='bbox 3116 4479 3313 4564; x_wconf 86' lang='lat' dir='ltr'>Virgo</span> 
     </span>
     <span class='ocr_line' id='line_1_85' title="bbox 1784 4583 3309 4667; baseline 0.004 -20"><span class='ocrx_word' id='word_1_584' title='bbox 1784 4583 2084 4667; x_wconf 88' lang='lat' dir='ltr'>gloriosa,</span> <span class='ocrx_word' id='word_1_585' title='bbox 2106 4584 2159 4648; x_wconf 90' lang='lat' dir='ltr'>si</span> <span class='ocrx_word' id='word_1_586' title='bbox 2186 4584 2511 4650; x_wconf 85' lang='lat' dir='ltr'>tribularis</span> <span class='ocrx_word' id='word_1_587' title='bbox 2525 4585 2593 4649; x_wconf 88' lang='lat' dir='ltr'>in</span> <span class='ocrx_word' id='word_1_588' title='bbox 2614 4586 2821 4665; x_wconf 88' lang='lat' dir='ltr'>corde,</span> <span class='ocrx_word' id='word_1_589' title='bbox 2852 4587 2906 4651; x_wconf 88' lang='lat' dir='ltr'>si</span> <span class='ocrx_word' id='word_1_590' title='bbox 2922 4588 3118 4652; x_wconf 88' lang='lat' dir='ltr'>babes</span> <span class='ocrx_word' id='word_1_591' title='bbox 3137 4607 3309 4653; x_wconf 88' lang='lat' dir='ltr'>ama-</span> 
     </span>
     <span class='ocr_line' id='line_1_86' title="bbox 1783 4691 3313 4770; baseline 0.003 -14"><span class='ocrx_word' id='word_1_592' title='bbox 1783 4691 2148 4770; x_wconf 88' lang='lat' dir='ltr'>ritudinem,</span> <span class='ocrx_word' id='word_1_593' title='bbox 2198 4692 2250 4755; x_wconf 89' lang='lat' dir='ltr'>si</span> <span class='ocrx_word' id='word_1_594' title='bbox 2300 4691 2498 4757; x_wconf 88' lang='lat' dir='ltr'>habes</span> <span class='ocrx_word' id='word_1_595' title='bbox 2542 4691 2821 4757; x_wconf 88' lang='lat' dir='ltr'>dolorem</span> <span class='ocrx_word' id='word_1_596' title='bbox 2853 4715 2869 4758; x_wconf 75' lang='grc' dir='ltr'><strong><em>ε</em></strong></span> <span class='ocrx_word' id='word_1_597' title='bbox 2904 4694 3171 4760; x_wconf 83' lang='lat' dir='ltr'>mirarer</span> <span class='ocrx_word' id='word_1_598' title='bbox 3197 4714 3313 4760; x_wconf 90' lang='lat' dir='ltr'>au-</span> 
     </span>
     <span class='ocr_line' id='line_1_87' title="bbox 1784 4797 3309 4881; baseline 0.005 -21"><span class='ocrx_word' id='word_1_599' title='bbox 1784 4802 1935 4877; x_wconf 90' lang='lat' dir='ltr'>tem,</span> <span class='ocrx_word' id='word_1_600' title='bbox 1966 4798 2022 4861; x_wconf 92' lang='lat' dir='ltr'>si</span> <span class='ocrx_word' id='word_1_601' title='bbox 2052 4816 2186 4863; x_wconf 90' lang='lat' dir='ltr'>non</span> <span class='ocrx_word' id='word_1_602' title='bbox 2211 4797 2475 4878; x_wconf 75' lang='lat' dir='ltr'>dolereS,</span> <span class='ocrx_word' id='word_1_603' title='bbox 2503 4816 2579 4863; x_wconf 85' lang='lat' dir='ltr'>eo</span> <span class='ocrx_word' id='word_1_604' title='bbox 2604 4799 2774 4881; x_wconf 92' lang='lat' dir='ltr'>quod</span> <span class='ocrx_word' id='word_1_605' title='bbox 2810 4801 3071 4865; x_wconf 88' lang='lat' dir='ltr'>amisisti</span> <span class='ocrx_word' id='word_1_606' title='bbox 3106 4802 3309 4867; x_wconf 89' lang='lat' dir='ltr'>dilecti</span> 
     </span>
     <span class='ocr_line' id='line_1_88' title="bbox 1783 4902 3313 4990; baseline 0.003 -21"><span class='ocrx_word' id='word_1_607' title='bbox 1783 4904 1879 4969; x_wconf 91' lang='lat' dir='ltr'>tui</span> <span class='ocrx_word' id='word_1_608' title='bbox 1896 4902 2039 4968; x_wconf 88' lang='lat' dir='ltr'>Filii</span> <span class='ocrx_word' id='word_1_609' title='bbox 2058 4905 2466 4987; x_wconf 61' lang='lat' dir='ltr'>praesentiam</span> <span class='ocrx_word' id='word_1_610' title='bbox 2486 4906 2899 4989; x_wconf 86' lang='lat' dir='ltr'>corporalem,</span> <span class='ocrx_word' id='word_1_611' title='bbox 2927 4925 3073 4990; x_wconf 84' lang='lat' dir='ltr'>quae</span> <span class='ocrx_word' id='word_1_612' title='bbox 3097 4908 3313 4975; x_wconf 86' lang='lat' dir='ltr'>multis</span> 
     </span>
     <span class='ocr_line' id='line_1_89' title="bbox 1783 5010 3312 5096; baseline 0.004 -20"><span class='ocrx_word' id='word_1_613' title='bbox 1783 5010 2317 5077; x_wconf 86' lang='lat' dir='ltr'>consolationibus</span> <span class='ocrx_word' id='word_1_614' title='bbox 2341 5010 2625 5096; x_wconf 86' lang='lat' dir='ltr'>replebat</span> <span class='ocrx_word' id='word_1_615' title='bbox 2665 5012 2945 5077; x_wconf 89' lang='lat' dir='ltr'>animam</span> <span class='ocrx_word' id='word_1_616' title='bbox 2991 5019 3188 5081; x_wconf 89' lang='lat' dir='ltr'>tuam.</span> <span class='ocrx_word' id='word_1_617' title='bbox 3238 5016 3312 5081; x_wconf 86' lang='lat' dir='ltr'>Et</span> 
     </span>
     <span class='ocr_line' id='line_1_90' title="bbox 1782 5116 3313 5201; baseline 0.004 -18"><span class='ocrx_word' id='word_1_618' title='bbox 1782 5118 1927 5183; x_wconf 89' lang='lat' dir='ltr'>licet</span> <span class='ocrx_word' id='word_1_619' title='bbox 1949 5116 2150 5199; x_wconf 79' lang='lat' dir='ltr'>Virgo</span> <span class='ocrx_word' id='word_1_620' title='bbox 2182 5117 2462 5200; x_wconf 89' lang='lat' dir='ltr'>gloriosa</span> <span class='ocrx_word' id='word_1_621' title='bbox 2481 5119 2717 5184; x_wconf 88' lang='lat' dir='ltr'>multos</span> <span class='ocrx_word' id='word_1_622' title='bbox 2748 5120 2995 5187; x_wconf 87' lang='lat' dir='ltr'>dolores</span> <span class='ocrx_word' id='word_1_623' title='bbox 3015 5170 3035 5201; x_wconf 91' lang='lat'>,</span> <span class='ocrx_word' id='word_1_624' title='bbox 3082 5124 3313 5189; x_wconf 87' lang='lat' dir='ltr'>multas</span> 
     </span>
    </p>
   </div>
   <div class='ocr_carea' id='block_1_5' title="bbox 1781 5324 3312 5532">
    <p class='ocr_par' dir='ltr' id='par_1_9' title="bbox 1781 5324 3312 5532">
     <span class='ocr_line' id='line_1_91' title="bbox 1784 5324 3312 5394; baseline 0.005 -18.217"><span class='ocrx_word' id='word_1_625' title='bbox 1784 5324 3312 5394; x_wconf 50' lang='lat' dir='ltr'>mlmuss—Lucxtvss-Joanmtss—</span> 
     </span>
     <span class='ocr_line' id='line_1_92' title="bbox 1781 5394 3310 5470; baseline 0.003 -22.214"><span class='ocrx_word' id='word_1_626' title='bbox 1781 5366 3310 5470; x_wconf 48' lang='lat' dir='ltr'>mphtp„111,2¹.—‹a›Caet.edi.-t.oeus-(0)Le9.</span> 
     </span>
     <span class='ocr_line' id='line_1_93' title="bbox 1781 5466 2905 5532; baseline 0.002 -15"><span class='ocrx_word' id='word_1_627' title='bbox 1781 5466 1858 5517; x_wconf 79' lang='lat' dir='ltr'>vel</span> <span class='ocrx_word' id='word_1_628' title='bbox 1893 5466 2213 5527; x_wconf 77' lang='lat' dir='ltr'>illuminavit,</span> <span class='ocrx_word' id='word_1_629' title='bbox 2248 5467 2329 5518; x_wconf 81' lang='lat' dir='ltr'>vel</span> <span class='ocrx_word' id='word_1_630' title='bbox 2357 5466 2597 5519; x_wconf 67' lang='lat' dir='ltr'>informat</span> <span class='ocrx_word' id='word_1_631' title='bbox 2623 5470 2672 5518; x_wconf 82' lang='lat' dir='ltr'>et</span> <span class='ocrx_word' id='word_1_632' title='bbox 2696 5466 2905 5532; x_wconf 86' lang='lat' dir='ltr'>quietat.</span> 
     </span>
    </p>
   </div>
  </div>
 </body>
</html>
