<?xml version="1.0" encoding="UTF-8"?>
<!DOCTYPE html PUBLIC "-//W3C//DTD XHTML 1.0 Transitional//EN"
    "http://www.w3.org/TR/xhtml1/DTD/xhtml1-transitional.dtd">
<html xmlns="http://www.w3.org/1999/xhtml" xml:lang="en" lang="en">
 <head>
  <title>
</title>
<meta http-equiv="Content-Type" content="text/html;charset=utf-8" />
  <meta name='ocr-system' content='tesseract 3.04.00' />
  <meta name='ocr-capabilities' content='ocr_page ocr_carea ocr_par ocr_line ocrx_word'/>
</head>
<body>
  <div class='ocr_page' id='page_1' title='image "./srecardinalissb02peltgoog_0245.png"; bbox 0 0 4059 6317; ppageno 0'>
   <div class='ocr_carea' id='block_1_1' title="bbox 1016 424 2553 496">
    <p class='ocr_par' dir='ltr' id='par_1_1' title="bbox 1016 424 2553 496">
     <span class='ocr_line' id='line_1_1' title="bbox 1016 424 2553 496; baseline 0 -3"><span class='ocrx_word' id='word_1_1' title='bbox 1016 426 1099 495; x_wconf 89' lang='lat' dir='ltr'>IN</span> <span class='ocrx_word' id='word_1_2' title='bbox 1139 424 1785 493; x_wconf 83' lang='lat' dir='ltr'>RESURRECTIONE</span> <span class='ocrx_word' id='word_1_3' title='bbox 1825 428 2125 496; x_wconf 85' lang='lat' dir='ltr'>DOMINI.</span> <span class='ocrx_word' id='word_1_4' title='bbox 2171 428 2431 496; x_wconf 84' lang='lat' dir='ltr'>SERMO</span> <span class='ocrx_word' id='word_1_5' title='bbox 2473 429 2553 494; x_wconf 91' lang='lat'>11.</span> 
     </span>
    </p>
   </div>
   <div class='ocr_carea' id='block_1_2' title="bbox 209 560 1735 5347">
    <p class='ocr_par' dir='ltr' id='par_1_2' title="bbox 209 560 1730 1487">
     <span class='ocr_line' id='line_1_2' title="bbox 209 560 1728 647; baseline -0.003 -16"><span class='ocrx_word' id='word_1_6' title='bbox 209 565 372 631; x_wconf 81' lang='lat' dir='ltr'>nervi</span> <span class='ocrx_word' id='word_1_7' title='bbox 393 563 625 630; x_wconf 77' lang='lat' dir='ltr'><strong>Christi</strong></span> <span class='ocrx_word' id='word_1_8' title='bbox 650 580 847 647; x_wconf 85' lang='lat' dir='ltr'>super</span> <span class='ocrx_word' id='word_1_9' title='bbox 870 562 1123 645; x_wconf 88' lang='lat' dir='ltr'>lignum</span> <span class='ocrx_word' id='word_1_10' title='bbox 1151 560 1586 631; x_wconf 80' lang='lat' dir='ltr'>crucis.‚Unde</span> <span class='ocrx_word' id='word_1_11' title='bbox 1613 560 1728 627; x_wconf 93' lang='lat' dir='ltr'>Ec-</span> 
     </span>
     <span class='ocr_line' id='line_1_3' title="bbox 209 668 1728 755; baseline -0.001 -18"><span class='ocrx_word' id='word_1_12' title='bbox 209 672 380 737; x_wconf 85' lang='lat' dir='ltr'>clesia</span> <span class='ocrx_word' id='word_1_13' title='bbox 417 671 863 755; x_wconf 85' lang='lat' dir='ltr'>compatiendo</span> <span class='ocrx_word' id='word_1_14' title='bbox 906 673 1114 734; x_wconf 86' lang='lat' dir='ltr'>cantat</span> <span class='ocrx_word' id='word_1_15' title='bbox 1153 671 1173 708; x_wconf 93' lang='lat'>¹</span> <span class='ocrx_word' id='word_1_16' title='bbox 1237 691 1255 734; x_wconf 78' lang='lat' dir='ltr'>t</span> <span class='ocrx_word' id='word_1_17' title='bbox 1321 670 1522 737; x_wconf 62' lang='lat' dir='ltr'>Tenea</span> <span class='ocrx_word' id='word_1_18' title='bbox 1566 668 1728 736; x_wconf 67' lang='lat' dir='ltr'>las-a</span> 
     </span>
     <span class='ocr_line' id='line_1_4' title="bbox 210 776 1728 862; baseline -0.005 -15"><span class='ocrx_word' id='word_1_19' title='bbox 210 782 458 847; x_wconf 66' lang='lat' dir='ltr'>msera.</span> <span class='ocrx_word' id='word_1_20' title='bbox 484 777 533 845; x_wconf 93' lang='grc' dir='ltr'>Ο</span> <span class='ocrx_word' id='word_1_21' title='bbox 559 796 761 862; x_wconf 86' lang='lat' dir='ltr'>quam</span> <span class='ocrx_word' id='word_1_22' title='bbox 780 777 992 843; x_wconf 80' lang='lat' dir='ltr'><strong>dulces</strong></span> <span class='ocrx_word' id='word_1_23' title='bbox 1015 796 1228 856; x_wconf 89' lang='lat' dir='ltr'>sonos,</span> <span class='ocrx_word' id='word_1_24' title='bbox 1259 796 1422 862; x_wconf 87' lang='lat' dir='ltr'>quos</span> <span class='ocrx_word' id='word_1_25' title='bbox 1443 777 1521 842; x_wconf 89' lang='lat' dir='ltr'>de</span> <span class='ocrx_word' id='word_1_26' title='bbox 1542 776 1728 841; x_wconf 87' lang='lat' dir='ltr'>chor-</span> 
     </span>
     <span class='ocr_line' id='line_1_5' title="bbox 210 884 1726 964; baseline -0.003 -13"><span class='ocrx_word' id='word_1_27' title='bbox 210 887 279 951; x_wconf 91' lang='lat' dir='ltr'>da</span> <span class='ocrx_word' id='word_1_28' title='bbox 297 886 494 950; x_wconf 87' lang='lat' dir='ltr'>cordis</span> <span class='ocrx_word' id='word_1_29' title='bbox 507 885 786 950; x_wconf 79' lang='lat' dir='ltr'>reddidit</span> <span class='ocrx_word' id='word_1_30' title='bbox 810 885 951 951; x_wconf 82' lang='lat' dir='ltr'>haec</span> <span class='ocrx_word' id='word_1_31' title='bbox 970 885 1232 964; x_wconf 88' lang='lat' dir='ltr'>cithara,</span> <span class='ocrx_word' id='word_1_32' title='bbox 1261 885 1415 949; x_wconf 90' lang='lat' dir='ltr'>dum</span> <span class='ocrx_word' id='word_1_33' title='bbox 1440 884 1726 948; x_wconf 86' lang='lat' dir='ltr'>Christus</span> 
     </span>
     <span class='ocr_line' id='line_1_6' title="bbox 210 974 1729 1076; baseline -0.002 -18"><span class='ocrx_word' id='word_1_34' title='bbox 210 994 269 1059; x_wconf 87' lang='lat' dir='ltr'>in</span> <span class='ocrx_word' id='word_1_35' title='bbox 289 1011 467 1058; x_wconf 83' lang='lat' dir='ltr'>cruce</span> <span class='ocrx_word' id='word_1_36' title='bbox 490 993 876 1076; x_wconf 79' lang='lat' dir='ltr'>loquebatur</span> <span class='ocrx_word' id='word_1_37' title='bbox 900 996 1041 1057; x_wconf 86' lang='lat' dir='ltr'>octo</span> <span class='ocrx_word' id='word_1_38' title='bbox 1075 992 1306 1057; x_wconf 81' lang='lat' dir='ltr'>verba!</span> <span class='ocrx_word' id='word_1_39' title='bbox 1349 991 1518 1056; x_wconf 89' lang='lat' dir='ltr'>Duas</span> <span class='ocrx_word' id='word_1_40' title='bbox 1543 974 1729 1056; x_wconf 69' lang='lat' dir='ltr'>chor&#39;·</span> 
     </span>
     <span class='ocr_line' id='line_1_7' title="bbox 214 1098 1728 1183; baseline -0.003 -18"><span class='ocrx_word' id='word_1_41' title='bbox 214 1101 310 1165; x_wconf 80' lang='lat' dir='ltr'>das</span> <span class='ocrx_word' id='word_1_42' title='bbox 326 1117 440 1183; x_wconf 89' lang='lat' dir='ltr'>pro</span> <span class='ocrx_word' id='word_1_43' title='bbox 466 1100 672 1180; x_wconf 66' lang='grc'><strong>1113113,</strong></span> <span class='ocrx_word' id='word_1_44' title='bbox 703 1100 863 1163; x_wconf 87' lang='lat' dir='ltr'>duas</span> <span class='ocrx_word' id='word_1_45' title='bbox 893 1117 1007 1182; x_wconf 90' lang='lat' dir='ltr'>pro</span> <span class='ocrx_word' id='word_1_46' title='bbox 1034 1098 1240 1178; x_wconf 78' lang='lat' dir='ltr'>boniS,</span> <span class='ocrx_word' id='word_1_47' title='bbox 1269 1099 1429 1163; x_wconf 90' lang='lat' dir='ltr'>duas</span> <span class='ocrx_word' id='word_1_48' title='bbox 1458 1100 1728 1181; x_wconf 88' lang='lat' dir='ltr'>prototo</span> 
     </span>
     <span class='ocr_line' id='line_1_8' title="bbox 213 1205 1727 1290; baseline -0.001 -20"><span class='ocrx_word' id='word_1_49' title='bbox 213 1208 449 1287; x_wconf 88' lang='lat' dir='ltr'>mundo,</span> <span class='ocrx_word' id='word_1_50' title='bbox 497 1207 657 1273; x_wconf 87' lang='lat' dir='ltr'>duas</span> <span class='ocrx_word' id='word_1_51' title='bbox 695 1225 814 1290; x_wconf 84' lang='lat' dir='ltr'>pro</span> <span class='ocrx_word' id='word_1_52' title='bbox 857 1208 1219 1289; x_wconf 86' lang='lat' dir='ltr'>semetipso.</span> <span class='ocrx_word' id='word_1_53' title='bbox 1264 1205 1569 1288; x_wconf 89' lang='lat' dir='ltr'>Tangeus</span> <span class='ocrx_word' id='word_1_54' title='bbox 1611 1222 1727 1287; x_wconf 89' lang='lat' dir='ltr'>pro</span> 
     </span>
     <span class='ocr_line' id='line_1_9' title="bbox 215 1312 1725 1397; baseline -0.001 -19"><span class='ocrx_word' id='word_1_55' title='bbox 215 1314 372 1378; x_wconf 86' lang='lat' dir='ltr'>bonis</span> <span class='ocrx_word' id='word_1_56' title='bbox 399 1332 559 1397; x_wconf 88' lang='lat' dir='ltr'>ergo</span> <span class='ocrx_word' id='word_1_57' title='bbox 597 1314 853 1397; x_wconf 89' lang='lat' dir='ltr'>primus</span> <span class='ocrx_word' id='word_1_58' title='bbox 891 1331 1085 1379; x_wconf 88' lang='lat' dir='ltr'>sonus</span> <span class='ocrx_word' id='word_1_59' title='bbox 1128 1318 1224 1379; x_wconf 87' lang='lat' dir='ltr'>est</span> <span class='ocrx_word' id='word_1_60' title='bbox 1260 1321 1284 1356; x_wconf 83' lang='lat'><strong>¹</strong></span> <span class='ocrx_word' id='word_1_61' title='bbox 1333 1331 1350 1376; x_wconf 69' lang='grc' dir='ltr'><strong>ε</strong></span> <span class='ocrx_word' id='word_1_62' title='bbox 1399 1336 1429 1375; x_wconf 77' lang='lat' dir='ltr'>e</span> <span class='ocrx_word' id='word_1_63' title='bbox 1476 1312 1725 1390; x_wconf 85' lang='lat' dir='ltr'>Mulier,</span> 
     </span>
     <span class='ocr_line' id='line_1_10' title="bbox 216 1419 1730 1487; baseline -0.003 -1"><span class='ocrx_word' id='word_1_64' title='bbox 216 1438 339 1487; x_wconf 86' lang='lat' dir='ltr'>ecce</span> <span class='ocrx_word' id='word_1_65' title='bbox 358 1422 524 1486; x_wconf 85' lang='lat' dir='ltr'>sslius</span> <span class='ocrx_word' id='word_1_66' title='bbox 548 1425 729 1487; x_wconf 88' lang='lat' dir='ltr'>tuus.</span> <span class='ocrx_word' id='word_1_67' title='bbox 759 1440 792 1481; x_wconf 71' lang='lat' dir='ltr'>s</span> <span class='ocrx_word' id='word_1_68' title='bbox 825 1419 1154 1485; x_wconf 75' lang='lat' dir='ltr'>Secundus</span> <span class='ocrx_word' id='word_1_69' title='bbox 1178 1419 1247 1456; x_wconf 86' lang='lat'>⁸·</span> <span class='ocrx_word' id='word_1_70' title='bbox 1228 1444 1313 1483; x_wconf 74' lang='grc' dir='ltr'>,α</span> <span class='ocrx_word' id='word_1_71' title='bbox 1340 1420 1498 1486; x_wconf 88' lang='lat' dir='ltr'>Ecce</span> <span class='ocrx_word' id='word_1_72' title='bbox 1528 1422 1730 1483; x_wconf 87' lang='lat' dir='ltr'>mater</span> 
     </span>
    </p>

    <p class='ocr_par' dir='ltr' id='par_1_3' title="bbox 216 1527 1731 2792">
     <span class='ocr_line' id='line_1_11' title="bbox 315 1527 1727 1611; baseline 0.001 -22.031"><span class='ocrx_word' id='word_1_73' title='bbox 315 1550 389 1592; x_wconf 68' lang='grc' dir='ltr'>,ι</span> <span class='ocrx_word' id='word_1_74' title='bbox 419 1527 787 1595; x_wconf 72' lang='lat' dir='ltr'>ostenditur</span> <span class='ocrx_word' id='word_1_75' title='bbox 812 1528 1072 1594; x_wconf 85' lang='lat' dir='ltr'>autem</span> <span class='ocrx_word' id='word_1_76' title='bbox 1055 1547 1121 1592; x_wconf 82' lang='lat' dir='ltr'>ln</span> <span class='ocrx_word' id='word_1_77' title='bbox 1166 1528 1291 1608; x_wconf 74' lang='lat' dir='ltr'>hie,</span> <span class='ocrx_word' id='word_1_78' title='bbox 1335 1546 1532 1611; x_wconf 88' lang='lat' dir='ltr'>quam</span> <span class='ocrx_word' id='word_1_79' title='bbox 1579 1544 1727 1610; x_wconf 89' lang='lat' dir='ltr'>spe-</span> 
     </span>
     <span class='ocr_line' id='line_1_12' title="bbox 216 1634 1725 1702; baseline -0.002 -1"><span class='ocrx_word' id='word_1_80' title='bbox 216 1636 414 1701; x_wconf 84' lang='lat' dir='ltr'>cialem</span> <span class='ocrx_word' id='word_1_81' title='bbox 465 1654 687 1701; x_wconf 86' lang='lat' dir='ltr'>curam</span> <span class='ocrx_word' id='word_1_82' title='bbox 746 1638 1064 1702; x_wconf 89' lang='lat' dir='ltr'>bonorum</span> <span class='ocrx_word' id='word_1_83' title='bbox 1122 1634 1352 1699; x_wconf 85' lang='lat' dir='ltr'>habeat</span> <span class='ocrx_word' id='word_1_84' title='bbox 1415 1634 1725 1699; x_wconf 77' lang='lat' dir='ltr'>Christus.</span> 
     </span>
     <span class='ocr_line' id='line_1_13' title="bbox 219 1741 1730 1828; baseline -0.002 -20"><span class='ocrx_word' id='word_1_85' title='bbox 219 1743 355 1809; x_wconf 80' lang='lat' dir='ltr'>Item</span> <span class='ocrx_word' id='word_1_86' title='bbox 380 1763 492 1828; x_wconf 89' lang='lat' dir='ltr'>pro</span> <span class='ocrx_word' id='word_1_87' title='bbox 516 1745 732 1822; x_wconf 89' lang='lat' dir='ltr'>malis,</span> <span class='ocrx_word' id='word_1_88' title='bbox 774 1745 1021 1828; x_wconf 89' lang='lat' dir='ltr'>primus</span> <span class='ocrx_word' id='word_1_89' title='bbox 1046 1743 1068 1779; x_wconf 87' lang='grc'>4</span> <span class='ocrx_word' id='word_1_90' title='bbox 1114 1765 1130 1806; x_wconf 88' lang='lat'>:</span> <span class='ocrx_word' id='word_1_91' title='bbox 1165 1763 1197 1803; x_wconf 77' lang='grc' dir='ltr'><strong>α</strong></span> <span class='ocrx_word' id='word_1_92' title='bbox 1231 1741 1438 1819; x_wconf 87' lang='lat' dir='ltr'>Pater,</span> <span class='ocrx_word' id='word_1_93' title='bbox 1483 1741 1730 1805; x_wconf 88' lang='lat' dir='ltr'>dimitte</span> 
     </span>
     <span class='ocr_line' id='line_1_14' title="bbox 218 1849 1730 1931; baseline -0.003 -15"><span class='ocrx_word' id='word_1_94' title='bbox 218 1850 344 1931; x_wconf 86' lang='lat' dir='ltr'>illis,</span> <span class='ocrx_word' id='word_1_95' title='bbox 376 1856 489 1916; x_wconf 89' lang='lat' dir='ltr'>etc.</span> <span class='ocrx_word' id='word_1_96' title='bbox 521 1850 858 1916; x_wconf 77' lang='lat' dir='ltr'>Secundus</span> <span class='ocrx_word' id='word_1_97' title='bbox 883 1853 938 1914; x_wconf 85' lang='lat'>⁸:</span> <span class='ocrx_word' id='word_1_98' title='bbox 967 1849 1204 1915; x_wconf 75' lang='lat' dir='ltr'>«Hodie</span> <span class='ocrx_word' id='word_1_99' title='bbox 1230 1867 1484 1914; x_wconf 89' lang='lat' dir='ltr'>mecum</span> <span class='ocrx_word' id='word_1_100' title='bbox 1516 1849 1640 1913; x_wconf 91' lang='lat' dir='ltr'>eris</span> <span class='ocrx_word' id='word_1_101' title='bbox 1662 1849 1730 1913; x_wconf 88' lang='lat' dir='ltr'>in</span> 
     </span>
     <span class='ocr_line' id='line_1_15' title="bbox 219 1955 1731 2041; baseline -0.005 -15"><span class='ocrx_word' id='word_1_102' title='bbox 219 1960 504 2041; x_wconf 73' lang='lat' dir='ltr'>paradiso,</span> <span class='ocrx_word' id='word_1_103' title='bbox 531 1982 564 2020; x_wconf 75' lang='lat' dir='ltr'>n</span> <span class='ocrx_word' id='word_1_104' title='bbox 600 1958 736 2025; x_wconf 88' lang='lat' dir='ltr'>Hoc</span> <span class='ocrx_word' id='word_1_105' title='bbox 784 1959 956 2023; x_wconf 90' lang='lat' dir='ltr'>enim</span> <span class='ocrx_word' id='word_1_106' title='bbox 983 1975 1141 2023; x_wconf 91' lang='lat' dir='ltr'>sono</span> <span class='ocrx_word' id='word_1_107' title='bbox 1178 1959 1479 2023; x_wconf 89' lang='lat' dir='ltr'>omnibus</span> <span class='ocrx_word' id='word_1_108' title='bbox 1516 1955 1731 2040; x_wconf 86' lang='lat' dir='ltr'>impiis</span> 
     </span>
     <span class='ocr_line' id='line_1_16' title="bbox 222 2063 1726 2150; baseline 0.001 -21"><span class='ocrx_word' id='word_1_109' title='bbox 222 2084 375 2148; x_wconf 85' lang='lat' dir='ltr'>spem</span> <span class='ocrx_word' id='word_1_110' title='bbox 402 2067 589 2132; x_wconf 85' lang='lat' dir='ltr'>dedit.</span> <span class='ocrx_word' id='word_1_111' title='bbox 623 2066 786 2132; x_wconf 85' lang='lat' dir='ltr'><strong>Item</strong></span> <span class='ocrx_word' id='word_1_112' title='bbox 811 2085 927 2150; x_wconf 86' lang='lat' dir='ltr'>pro</span> <span class='ocrx_word' id='word_1_113' title='bbox 951 2070 1085 2131; x_wconf 87' lang='lat' dir='ltr'>toto</span> <span class='ocrx_word' id='word_1_114' title='bbox 1111 2064 1375 2144; x_wconf 90' lang='lat' dir='ltr'>mundo,</span> <span class='ocrx_word' id='word_1_115' title='bbox 1402 2063 1726 2147; x_wconf 75' lang='lat' dir='ltr'>primus⁸2</span> 
     </span>
     <span class='ocr_line' id='line_1_17' title="bbox 224 2171 1725 2255; baseline 0.001 -20"><span class='ocrx_word' id='word_1_116' title='bbox 224 2195 251 2235; x_wconf 88' lang='grc' dir='ltr'>ι</span> <span class='ocrx_word' id='word_1_117' title='bbox 275 2174 438 2255; x_wconf 86' lang='lat' dir='ltr'>Sitio,</span> <span class='ocrx_word' id='word_1_118' title='bbox 466 2197 500 2236; x_wconf 73' lang='grc' dir='ltr'>ι)</span> <span class='ocrx_word' id='word_1_119' title='bbox 532 2175 596 2240; x_wconf 89' lang='lat' dir='ltr'>id</span> <span class='ocrx_word' id='word_1_120' title='bbox 625 2178 755 2255; x_wconf 84' lang='lat' dir='ltr'>est,</span> <span class='ocrx_word' id='word_1_121' title='bbox 785 2174 1070 2239; x_wconf 88' lang='lat' dir='ltr'>desidero</span> <span class='ocrx_word' id='word_1_122' title='bbox 1104 2173 1296 2238; x_wconf 89' lang='lat' dir='ltr'>fidem</span> <span class='ocrx_word' id='word_1_123' title='bbox 1341 2175 1404 2237; x_wconf 87' lang='lat' dir='ltr'>et</span> <span class='ocrx_word' id='word_1_124' title='bbox 1431 2171 1725 2237; x_wconf 87' lang='lat' dir='ltr'>salutem.</span> 
     </span>
     <span class='ocr_line' id='line_1_18' title="bbox 219 2272 1730 2363; baseline -0.003 -16"><span class='ocrx_word' id='word_1_125' title='bbox 219 2279 554 2349; x_wconf 77' lang='lat' dir='ltr'>Secundus⁷</span> <span class='ocrx_word' id='word_1_126' title='bbox 582 2301 600 2348; x_wconf 72' lang='grc' dir='ltr'><strong><em>ε</em></strong></span> <span class='ocrx_word' id='word_1_127' title='bbox 629 2305 662 2345; x_wconf 76' lang='grc' dir='ltr'><strong>α</strong></span> <span class='ocrx_word' id='word_1_128' title='bbox 683 2282 1209 2348; x_wconf 90' lang='lat' dir='ltr'>Consummatum</span> <span class='ocrx_word' id='word_1_129' title='bbox 1224 2283 1341 2360; x_wconf 92' lang='lat' dir='ltr'>est,</span> <span class='ocrx_word' id='word_1_130' title='bbox 1368 2272 1407 2341; x_wconf 73' lang='grc' dir='ltr'>α’</span> <span class='ocrx_word' id='word_1_131' title='bbox 1418 2279 1730 2363; x_wconf 88' lang='lat' dir='ltr'>quidquid</span> 
     </span>
     <span class='ocr_line' id='line_1_19' title="bbox 217 2387 1724 2474; baseline -0.002 -20"><span class='ocrx_word' id='word_1_132' title='bbox 217 2390 421 2455; x_wconf 82' lang='lat' dir='ltr'>scilicet</span> <span class='ocrx_word' id='word_1_133' title='bbox 447 2409 564 2474; x_wconf 88' lang='lat' dir='ltr'>pro</span> <span class='ocrx_word' id='word_1_134' title='bbox 591 2389 1031 2472; x_wconf 70' lang='lat' dir='ltr'>redemptione</span> <span class='ocrx_word' id='word_1_135' title='bbox 1074 2387 1301 2452; x_wconf 90' lang='lat' dir='ltr'>mundi</span> <span class='ocrx_word' id='word_1_136' title='bbox 1342 2387 1532 2452; x_wconf 89' lang='lat' dir='ltr'>debui</span> <span class='ocrx_word' id='word_1_137' title='bbox 1569 2387 1724 2470; x_wconf 86' lang='lat' dir='ltr'>pati.</span> 
     </span>
     <span class='ocr_line' id='line_1_20' title="bbox 220 2494 1728 2581; baseline -0.001 -20"><span class='ocrx_word' id='word_1_138' title='bbox 220 2496 350 2562; x_wconf 80' lang='lat' dir='ltr'>item</span> <span class='ocrx_word' id='word_1_139' title='bbox 371 2516 484 2581; x_wconf 91' lang='lat' dir='ltr'>pro</span> <span class='ocrx_word' id='word_1_140' title='bbox 507 2517 602 2579; x_wconf 89' lang='lat' dir='ltr'>se,</span> <span class='ocrx_word' id='word_1_141' title='bbox 632 2497 882 2581; x_wconf 90' lang='lat' dir='ltr'>primus</span> <span class='ocrx_word' id='word_1_142' title='bbox 907 2497 971 2558; x_wconf 84' lang='lat'>⁸:</span> <span class='ocrx_word' id='word_1_143' title='bbox 998 2516 1029 2555; x_wconf 75' lang='grc' dir='ltr'>α</span> <span class='ocrx_word' id='word_1_144' title='bbox 1052 2494 1217 2559; x_wconf 89' lang='lat' dir='ltr'>Deus</span> <span class='ocrx_word' id='word_1_145' title='bbox 1245 2512 1451 2574; x_wconf 91' lang='lat' dir='ltr'>meus,</span> <span class='ocrx_word' id='word_1_146' title='bbox 1474 2497 1551 2558; x_wconf 89' lang='lat' dir='ltr'>ut</span> <span class='ocrx_word' id='word_1_147' title='bbox 1574 2494 1728 2578; x_wconf 88' lang='lat' dir='ltr'>quid</span> 
     </span>
     <span class='ocr_line' id='line_1_21' title="bbox 221 2599 1729 2690; baseline -0.005 -19"><span class='ocrx_word' id='word_1_148' title='bbox 221 2605 762 2690; x_wconf 81' lang='lat' dir='ltr'>medereliquisti?</span> <span class='ocrx_word' id='word_1_149' title='bbox 809 2625 841 2663; x_wconf 70' lang='lat' dir='ltr'>s</span> <span class='ocrx_word' id='word_1_150' title='bbox 876 2602 1207 2667; x_wconf 83' lang='lat' dir='ltr'>Secundus</span> <span class='ocrx_word' id='word_1_151' title='bbox 1246 2601 1271 2636; x_wconf 80' lang='grc'>4</span> <span class='ocrx_word' id='word_1_152' title='bbox 1301 2623 1317 2664; x_wconf 78' lang='lat' dir='ltr'><em>z</em></span> <span class='ocrx_word' id='word_1_153' title='bbox 1359 2623 1391 2662; x_wconf 79' lang='grc' dir='ltr'>(ι</span> <span class='ocrx_word' id='word_1_154' title='bbox 1420 2599 1624 2680; x_wconf 84' lang='lat' dir='ltr'>Pater,</span> <span class='ocrx_word' id='word_1_155' title='bbox 1659 2601 1729 2664; x_wconf 91' lang='lat' dir='ltr'>in</span> 
     </span>
     <span class='ocr_line' id='line_1_22' title="bbox 223 2716 831 2792; baseline -0.003 -14"><span class='ocrx_word' id='word_1_156' title='bbox 223 2729 424 2778; x_wconf 83' lang='lat' dir='ltr'>manus</span> <span class='ocrx_word' id='word_1_157' title='bbox 445 2718 612 2792; x_wconf 77' lang='lat' dir='ltr'>tuaS,</span> <span class='ocrx_word' id='word_1_158' title='bbox 644 2736 677 2772; x_wconf 75' lang='lat' dir='ltr'>n</span> <span class='ocrx_word' id='word_1_159' title='bbox 714 2716 831 2776; x_wconf 93' lang='lat' dir='ltr'>etc.</span> 
     </span>
    </p>

    <p class='ocr_par' dir='ltr' id='par_1_4' title="bbox 221 2816 1733 5061">
     <span class='ocr_line' id='line_1_23' title="bbox 288 2816 1728 2899; baseline -0.004 -13"><span class='ocrx_word' id='word_1_160' title='bbox 288 2819 364 2886; x_wconf 85' lang='lat' dir='ltr'>De</span> <span class='ocrx_word' id='word_1_161' title='bbox 399 2816 706 2899; x_wconf 86' lang='lat' dir='ltr'>secundo,</span> <span class='ocrx_word' id='word_1_162' title='bbox 738 2818 1028 2884; x_wconf 88' lang='lat' dir='ltr'>Psalmus</span> <span class='ocrx_word' id='word_1_163' title='bbox 1062 2819 1104 2858; x_wconf 87' lang='lat'>¹⁰</span> <span class='ocrx_word' id='word_1_164' title='bbox 1138 2838 1155 2882; x_wconf 74' lang='grc' dir='ltr'>ε</span> <span class='ocrx_word' id='word_1_165' title='bbox 1198 2838 1230 2878; x_wconf 73' lang='grc' dir='ltr'><em>α</em></span> <span class='ocrx_word' id='word_1_166' title='bbox 1262 2816 1358 2881; x_wconf 90' lang='lat' dir='ltr'>Tu</span> <span class='ocrx_word' id='word_1_167' title='bbox 1399 2834 1728 2897; x_wconf 81' lang='lat' dir='ltr'>exurgens</span> 
     </span>
     <span class='ocr_line' id='line_1_24' title="bbox 227 2923 1728 3008; baseline -0.002 -18"><span class='ocrx_word' id='word_1_168' title='bbox 227 2927 594 2992; x_wconf 76' lang='lat' dir='ltr'>misereberis</span> <span class='ocrx_word' id='word_1_169' title='bbox 641 2925 794 2991; x_wconf 85' lang='lat' dir='ltr'>Sion</span> <span class='ocrx_word' id='word_1_170' title='bbox 812 2975 829 3005; x_wconf 95' lang='lat'>,</span> <span class='ocrx_word' id='word_1_171' title='bbox 878 2924 1032 3008; x_wconf 85' lang='lat' dir='ltr'>quia</span> <span class='ocrx_word' id='word_1_172' title='bbox 1080 2927 1329 3007; x_wconf 88' lang='lat' dir='ltr'>tempus</span> <span class='ocrx_word' id='word_1_173' title='bbox 1386 2923 1728 2988; x_wconf 90' lang='lat' dir='ltr'>miserendi</span> 
     </span>
     <span class='ocr_line' id='line_1_25' title="bbox 227 3031 1725 3119; baseline -0.003 -22"><span class='ocrx_word' id='word_1_174' title='bbox 227 3037 371 3117; x_wconf 83' lang='lat' dir='ltr'>ejus,</span> <span class='ocrx_word' id='word_1_175' title='bbox 411 3037 560 3119; x_wconf 87' lang='lat' dir='ltr'>quia</span> <span class='ocrx_word' id='word_1_176' title='bbox 603 3035 782 3100; x_wconf 87' lang='lat' dir='ltr'>veuit</span> <span class='ocrx_word' id='word_1_177' title='bbox 841 3036 1096 3115; x_wconf 87' lang='lat' dir='ltr'>tempus</span> <span class='ocrx_word' id='word_1_178' title='bbox 1144 3054 1161 3096; x_wconf 74' lang='grc' dir='ltr'>ε</span> <span class='ocrx_word' id='word_1_179' title='bbox 1223 3032 1526 3114; x_wconf 82' lang='lat' dir='ltr'>quoniam</span> <span class='ocrx_word' id='word_1_180' title='bbox 1589 3031 1725 3114; x_wconf 88' lang='lat' dir='ltr'>pla-</span> 
     </span>
     <span class='ocr_line' id='line_1_26' title="bbox 223 3139 1723 3223; baseline -0.003 -17"><span class='ocrx_word' id='word_1_181' title='bbox 223 3148 462 3208; x_wconf 83' lang='lat' dir='ltr'>cuerunt</span> <span class='ocrx_word' id='word_1_182' title='bbox 519 3142 724 3207; x_wconf 84' lang='lat' dir='ltr'>servis</span> <span class='ocrx_word' id='word_1_183' title='bbox 775 3141 909 3205; x_wconf 85' lang='lat' dir='ltr'>tuis</span> <span class='ocrx_word' id='word_1_184' title='bbox 978 3139 1220 3223; x_wconf 88' lang='lat' dir='ltr'>lapides</span> <span class='ocrx_word' id='word_1_185' title='bbox 1277 3143 1419 3222; x_wconf 90' lang='lat' dir='ltr'>ejus</span> <span class='ocrx_word' id='word_1_186' title='bbox 1446 3188 1462 3218; x_wconf 96' lang='lat'>,</span> <span class='ocrx_word' id='word_1_187' title='bbox 1512 3160 1544 3199; x_wconf 71' lang='grc' dir='ltr'>ο</span> <span class='ocrx_word' id='word_1_188' title='bbox 1603 3144 1723 3204; x_wconf 88' lang='lat' dir='ltr'>etc.</span> 
     </span>
     <span class='ocr_line' id='line_1_27' title="bbox 225 3248 1729 3329; baseline -0.001 -15"><span class='ocrx_word' id='word_1_189' title='bbox 225 3248 288 3314; x_wconf 84' lang='lat' dir='ltr'>ln</span> <span class='ocrx_word' id='word_1_190' title='bbox 315 3251 427 3317; x_wconf 87' lang='lat' dir='ltr'>hoc</span> <span class='ocrx_word' id='word_1_191' title='bbox 464 3249 864 3316; x_wconf 84' lang='lat' dir='ltr'>misereberis</span> <span class='ocrx_word' id='word_1_192' title='bbox 908 3248 1179 3314; x_wconf 85' lang='lat' dir='ltr'>coelestis</span> <span class='ocrx_word' id='word_1_193' title='bbox 1209 3248 1392 3329; x_wconf 87' lang='lat' dir='ltr'>Sion,</span> <span class='ocrx_word' id='word_1_194' title='bbox 1435 3251 1511 3312; x_wconf 89' lang='lat' dir='ltr'>ut</span> <span class='ocrx_word' id='word_1_195' title='bbox 1540 3266 1729 3313; x_wconf 86' lang='lat' dir='ltr'>exur-</span> 
     </span>
     <span class='ocr_line' id='line_1_28' title="bbox 224 3357 1730 3441; baseline -0.001 -17"><span class='ocrx_word' id='word_1_196' title='bbox 224 3374 327 3437; x_wconf 80' lang='lat' dir='ltr'>gas</span> <span class='ocrx_word' id='word_1_197' title='bbox 343 3407 359 3438; x_wconf 95' lang='lat'>,</span> <span class='ocrx_word' id='word_1_198' title='bbox 401 3362 464 3424; x_wconf 89' lang='lat' dir='ltr'>et</span> <span class='ocrx_word' id='word_1_199' title='bbox 521 3358 945 3424; x_wconf 78' lang='lat' dir='ltr'>reaediflcetur</span> <span class='ocrx_word' id='word_1_200' title='bbox 995 3376 1112 3441; x_wconf 90' lang='lat' dir='ltr'>per</span> <span class='ocrx_word' id='word_1_201' title='bbox 1161 3357 1353 3422; x_wconf 86' lang='lat' dir='ltr'>fidem</span> <span class='ocrx_word' id='word_1_202' title='bbox 1416 3376 1730 3423; x_wconf 89' lang='lat' dir='ltr'>resurrec-</span> 
     </span>
     <span class='ocr_line' id='line_1_29' title="bbox 221 3465 1730 3549; baseline 0.003 -23"><span class='ocrx_word' id='word_1_203' title='bbox 221 3465 388 3529; x_wconf 82' lang='lat' dir='ltr'>tionis</span> <span class='ocrx_word' id='word_1_204' title='bbox 430 3470 586 3531; x_wconf 83' lang='lat' dir='ltr'>tuae.</span> <span class='ocrx_word' id='word_1_205' title='bbox 644 3465 732 3529; x_wconf 94' lang='lat' dir='ltr'>De</span> <span class='ocrx_word' id='word_1_206' title='bbox 775 3466 1091 3549; x_wconf 82' lang='lat' dir='ltr'>lapidibus</span> <span class='ocrx_word' id='word_1_207' title='bbox 1134 3468 1274 3549; x_wconf 89' lang='lat' dir='ltr'>ejus</span> <span class='ocrx_word' id='word_1_208' title='bbox 1293 3513 1309 3545; x_wconf 90' lang='lat'>,</span> <span class='ocrx_word' id='word_1_209' title='bbox 1367 3465 1480 3547; x_wconf 87' lang='lat' dir='ltr'>qui</span> <span class='ocrx_word' id='word_1_210' title='bbox 1528 3466 1730 3530; x_wconf 85' lang='lat' dir='ltr'>servis</span> 
     </span>
     <span class='ocr_line' id='line_1_30' title="bbox 224 3571 1728 3658; baseline 0.003 -23"><span class='ocrx_word' id='word_1_211' title='bbox 224 3571 348 3653; x_wconf 86' lang='lat' dir='ltr'>tuis,</span> <span class='ocrx_word' id='word_1_212' title='bbox 373 3573 436 3639; x_wconf 90' lang='lat' dir='ltr'>id</span> <span class='ocrx_word' id='word_1_213' title='bbox 464 3578 581 3653; x_wconf 83' lang='lat' dir='ltr'>est,</span> <span class='ocrx_word' id='word_1_214' title='bbox 625 3573 875 3654; x_wconf 85' lang='lat' dir='ltr'>augelis</span> <span class='ocrx_word' id='word_1_215' title='bbox 914 3573 1199 3655; x_wconf 86' lang='lat' dir='ltr'>placent,</span> <span class='ocrx_word' id='word_1_216' title='bbox 1238 3575 1512 3658; x_wconf 86' lang='lat' dir='ltr'>pretiose</span> <span class='ocrx_word' id='word_1_217' title='bbox 1554 3574 1728 3639; x_wconf 89' lang='lat' dir='ltr'>enim</span> 
     </span>
     <span class='ocr_line' id='line_1_31' title="bbox 221 3681 1724 3767; baseline 0.001 -21"><span class='ocrx_word' id='word_1_218' title='bbox 221 3684 392 3767; x_wconf 79' lang='lat' dir='ltr'>empti</span> <span class='ocrx_word' id='word_1_219' title='bbox 420 3687 594 3764; x_wconf 79' lang='lat' dir='ltr'>sunt,</span> <span class='ocrx_word' id='word_1_220' title='bbox 626 3682 853 3748; x_wconf 84' lang='lat' dir='ltr'>dicitur</span> <span class='ocrx_word' id='word_1_221' title='bbox 878 3684 924 3724; x_wconf 80' lang='lat'>¹¹</span> <span class='ocrx_word' id='word_1_222' title='bbox 961 3681 1133 3765; x_wconf 88' lang='lat' dir='ltr'>quod</span> <span class='ocrx_word' id='word_1_223' title='bbox 1157 3682 1236 3747; x_wconf 91' lang='lat' dir='ltr'>de</span> <span class='ocrx_word' id='word_1_224' title='bbox 1261 3683 1532 3766; x_wconf 84' lang='lat' dir='ltr'>pecunia</span> <span class='ocrx_word' id='word_1_225' title='bbox 1560 3687 1724 3747; x_wconf 90' lang='lat' dir='ltr'>tem-</span> 
     </span>
     <span class='ocr_line' id='line_1_32' title="bbox 221 3791 1729 3875; baseline 0 -20"><span class='ocrx_word' id='word_1_226' title='bbox 221 3791 296 3873; x_wconf 88' lang='lat' dir='ltr'>pli</span> <span class='ocrx_word' id='word_1_227' title='bbox 324 3794 695 3858; x_wconf 81' lang='lat' dir='ltr'>emebantur</span> <span class='ocrx_word' id='word_1_228' title='bbox 733 3791 974 3874; x_wconf 88' lang='lat' dir='ltr'>lapides</span> <span class='ocrx_word' id='word_1_229' title='bbox 1014 3791 1210 3855; x_wconf 86' lang='lat' dir='ltr'>excisi</span> <span class='ocrx_word' id='word_1_230' title='bbox 1256 3792 1335 3856; x_wconf 90' lang='lat' dir='ltr'>de</span> <span class='ocrx_word' id='word_1_231' title='bbox 1377 3791 1729 3875; x_wconf 83' lang='lat' dir='ltr'>lapidicinis</span> 
     </span>
     <span class='ocr_line' id='line_1_33' title="bbox 224 3897 1725 3982; baseline 0.001 -19"><span class='ocrx_word' id='word_1_232' title='bbox 224 3900 290 3963; x_wconf 84' lang='lat' dir='ltr'>ad</span> <span class='ocrx_word' id='word_1_233' title='bbox 327 3900 807 3966; x_wconf 86' lang='lat' dir='ltr'>instaurandum</span> <span class='ocrx_word' id='word_1_234' title='bbox 849 3897 1098 3962; x_wconf 88' lang='lat' dir='ltr'>Domini</span> <span class='ocrx_word' id='word_1_235' title='bbox 1149 3898 1484 3982; x_wconf 88' lang='lat' dir='ltr'>templum.</span> <span class='ocrx_word' id='word_1_236' title='bbox 1534 3898 1725 3964; x_wconf 91' lang='lat' dir='ltr'>Tem-</span> 
     </span>
     <span class='ocr_line' id='line_1_34' title="bbox 223 4004 1731 4090; baseline -0.001 -17"><span class='ocrx_word' id='word_1_237' title='bbox 223 4006 376 4089; x_wconf 83' lang='lat' dir='ltr'>plum</span> <span class='ocrx_word' id='word_1_238' title='bbox 412 4012 506 4073; x_wconf 64' lang='lat' dir='ltr'>est</span> <span class='ocrx_word' id='word_1_239' title='bbox 545 4025 779 4090; x_wconf 89' lang='lat' dir='ltr'>corpus</span> <span class='ocrx_word' id='word_1_240' title='bbox 822 4004 1054 4071; x_wconf 87' lang='lat' dir='ltr'>Christi</span> <span class='ocrx_word' id='word_1_241' title='bbox 1079 4006 1127 4041; x_wconf 81' lang='lat'>¹²</span> <span class='ocrx_word' id='word_1_242' title='bbox 1175 4027 1194 4069; x_wconf 70' lang='grc' dir='ltr'>ι</span> <span class='ocrx_word' id='word_1_243' title='bbox 1234 4027 1266 4067; x_wconf 72' lang='grc' dir='ltr'><em>α</em></span> <span class='ocrx_word' id='word_1_244' title='bbox 1294 4005 1532 4071; x_wconf 87' lang='lat' dir='ltr'>Solvite</span> <span class='ocrx_word' id='word_1_245' title='bbox 1573 4010 1731 4072; x_wconf 87' lang='lat' dir='ltr'>tem-</span> 
     </span>
     <span class='ocr_line' id='line_1_35' title="bbox 225 4114 1727 4199; baseline 0.001 -19"><span class='ocrx_word' id='word_1_246' title='bbox 225 4116 393 4198; x_wconf 86' lang='lat' dir='ltr'>plum,</span> <span class='ocrx_word' id='word_1_247' title='bbox 410 4138 441 4176; x_wconf 82' lang='lat'>1&gt;</span> <span class='ocrx_word' id='word_1_248' title='bbox 460 4118 580 4181; x_wconf 84' lang='lat' dir='ltr'>etc.</span> <span class='ocrx_word' id='word_1_249' title='bbox 615 4114 893 4182; x_wconf 83' lang='lat' dir='ltr'>Pecunia</span> <span class='ocrx_word' id='word_1_250' title='bbox 906 4115 1104 4197; x_wconf 83' lang='lat' dir='ltr'>hujus</span> <span class='ocrx_word' id='word_1_251' title='bbox 1119 4114 1362 4198; x_wconf 89' lang='lat' dir='ltr'>templi,</span> <span class='ocrx_word' id='word_1_252' title='bbox 1383 4134 1514 4198; x_wconf 86' lang='lat' dir='ltr'>qua</span> <span class='ocrx_word' id='word_1_253' title='bbox 1531 4116 1727 4199; x_wconf 83' lang='lat' dir='ltr'>empti</span> 
     </span>
     <span class='ocr_line' id='line_1_36' title="bbox 225 4223 1724 4309; baseline 0.001 -20"><span class='ocrx_word' id='word_1_254' title='bbox 225 4229 351 4289; x_wconf 81' lang='lat' dir='ltr'>sunt</span> <span class='ocrx_word' id='word_1_255' title='bbox 359 4225 556 4309; x_wconf 86' lang='lat' dir='ltr'>hujus</span> <span class='ocrx_word' id='word_1_256' title='bbox 569 4225 813 4308; x_wconf 73' lang='lat' dir='ltr'>lapidoe</span> <span class='ocrx_word' id='word_1_257' title='bbox 826 4223 987 4302; x_wconf 78' lang='lat' dir='ltr'>vivi,</span> <span class='ocrx_word' id='word_1_258' title='bbox 1007 4227 1103 4288; x_wconf 89' lang='lat' dir='ltr'>est</span> <span class='ocrx_word' id='word_1_259' title='bbox 1121 4223 1387 4305; x_wconf 80' lang='lat' dir='ltr'>sanguis</span> <span class='ocrx_word' id='word_1_260' title='bbox 1406 4223 1634 4290; x_wconf 87' lang='lat' dir='ltr'>Christi</span> <span class='ocrx_word' id='word_1_261' title='bbox 1650 4224 1724 4291; x_wconf 85' lang='lat'>¹⁸:</span> 
     </span>
     <span class='ocr_line' id='line_1_37' title="bbox 232 4330 1724 4417; baseline 0.004 -24"><span class='ocrx_word' id='word_1_262' title='bbox 232 4332 390 4399; x_wconf 77' lang='lat' dir='ltr'>«Non</span> <span class='ocrx_word' id='word_1_263' title='bbox 417 4332 958 4417; x_wconf 85' lang='lat' dir='ltr'>corruptibilibus,</span> <span class='ocrx_word' id='word_1_264' title='bbox 977 4353 1008 4392; x_wconf 77' lang='lat' dir='ltr'>n</span> <span class='ocrx_word' id='word_1_265' title='bbox 1043 4335 1165 4397; x_wconf 90' lang='lat' dir='ltr'>etc.</span> <span class='ocrx_word' id='word_1_266' title='bbox 1195 4330 1607 4412; x_wconf 82' lang='lat' dir='ltr'>Augustinus</span> <span class='ocrx_word' id='word_1_267' title='bbox 1631 4335 1677 4374; x_wconf 71' lang='grc'>44</span> <span class='ocrx_word' id='word_1_268' title='bbox 1709 4356 1724 4399; x_wconf 87' lang='lat'>:</span> 
     </span>
     <span class='ocr_line' id='line_1_38' title="bbox 233 4438 1729 4524; baseline 0.001 -22"><span class='ocrx_word' id='word_1_269' title='bbox 233 4464 260 4502; x_wconf 79' lang='grc' dir='ltr'>ι</span> <span class='ocrx_word' id='word_1_270' title='bbox 289 4441 605 4524; x_wconf 79' lang='lat' dir='ltr'>Sanguine</span> <span class='ocrx_word' id='word_1_271' title='bbox 650 4460 767 4506; x_wconf 90' lang='lat' dir='ltr'>suo</span> <span class='ocrx_word' id='word_1_272' title='bbox 806 4457 926 4503; x_wconf 88' lang='lat' dir='ltr'>nos</span> <span class='ocrx_word' id='word_1_273' title='bbox 963 4438 1148 4519; x_wconf 91' lang='lat' dir='ltr'>emit,</span> <span class='ocrx_word' id='word_1_274' title='bbox 1200 4438 1517 4520; x_wconf 90' lang='lat' dir='ltr'>sanguine</span> <span class='ocrx_word' id='word_1_275' title='bbox 1550 4439 1729 4521; x_wconf 89' lang='lat' dir='ltr'>Agni</span> 
     </span>
     <span class='ocr_line' id='line_1_39' title="bbox 225 4545 1730 4629; baseline -0.001 -17"><span class='ocrx_word' id='word_1_276' title='bbox 225 4549 583 4616; x_wconf 82' lang='lat' dir='ltr'>immaculati</span> <span class='ocrx_word' id='word_1_277' title='bbox 623 4549 809 4628; x_wconf 88' lang='lat' dir='ltr'>emit,</span> <span class='ocrx_word' id='word_1_278' title='bbox 858 4546 1171 4629; x_wconf 87' lang='lat' dir='ltr'>sanguine</span> <span class='ocrx_word' id='word_1_279' title='bbox 1223 4545 1540 4628; x_wconf 89' lang='lat' dir='ltr'>unigeniti</span> <span class='ocrx_word' id='word_1_280' title='bbox 1588 4546 1730 4612; x_wconf 86' lang='lat' dir='ltr'>Filii</span> 
     </span>
     <span class='ocr_line' id='line_1_40' title="bbox 227 4652 1732 4735; baseline -0.002 -13"><span class='ocrx_word' id='word_1_281' title='bbox 227 4656 317 4722; x_wconf 88' lang='lat' dir='ltr'>Dei</span> <span class='ocrx_word' id='word_1_282' title='bbox 339 4659 506 4722; x_wconf 87' lang='lat' dir='ltr'>emit.</span> <span class='ocrx_word' id='word_1_283' title='bbox 525 4679 559 4718; x_wconf 68' lang='lat' dir='ltr'>n</span> <span class='ocrx_word' id='word_1_284' title='bbox 579 4656 738 4720; x_wconf 90' lang='lat' dir='ltr'>Tres</span> <span class='ocrx_word' id='word_1_285' title='bbox 762 4653 911 4719; x_wconf 85' lang='lat' dir='ltr'>dicit</span> <span class='ocrx_word' id='word_1_286' title='bbox 935 4671 1068 4718; x_wconf 53' lang='grc' dir='ltr'>οπο</span> <span class='ocrx_word' id='word_1_287' title='bbox 1092 4652 1462 4735; x_wconf 87' lang='lat' dir='ltr'>lapidicinas</span> <span class='ocrx_word' id='word_1_288' title='bbox 1488 4671 1505 4716; x_wconf 73' lang='grc' dir='ltr'><strong><em>ε</em></strong></span> <span class='ocrx_word' id='word_1_289' title='bbox 1534 4671 1732 4719; x_wconf 91' lang='lat' dir='ltr'>mun-</span> 
     </span>
     <span class='ocr_line' id='line_1_41' title="bbox 225 4759 1733 4843; baseline 0.001 -16"><span class='ocrx_word' id='word_1_290' title='bbox 225 4762 379 4841; x_wconf 84' lang='lat' dir='ltr'>dum,</span> <span class='ocrx_word' id='word_1_291' title='bbox 403 4765 721 4829; x_wconf 79' lang='lat' dir='ltr'>infernum</span> <span class='ocrx_word' id='word_1_292' title='bbox 739 4810 758 4843; x_wconf 91' lang='lat'>,</span> <span class='ocrx_word' id='word_1_293' title='bbox 795 4759 1227 4843; x_wconf 87' lang='lat' dir='ltr'>sepulchrum.</span> <span class='ocrx_word' id='word_1_294' title='bbox 1274 4759 1362 4824; x_wconf 92' lang='lat' dir='ltr'>De</span> <span class='ocrx_word' id='word_1_295' title='bbox 1398 4760 1606 4843; x_wconf 88' lang='lat' dir='ltr'>prima</span> <span class='ocrx_word' id='word_1_296' title='bbox 1646 4763 1733 4828; x_wconf 90' lang='lat' dir='ltr'>la-</span> 
     </span>
     <span class='ocr_line' id='line_1_42' title="bbox 227 4850 1729 4953; baseline 0.001 -18"><span class='ocrx_word' id='word_1_297' title='bbox 227 4871 381 4952; x_wconf 63' lang='lat' dir='ltr'>pidoe</span> <span class='ocrx_word' id='word_1_298' title='bbox 402 4871 776 4937; x_wconf 85' lang='lat' dir='ltr'>exciduntur</span> <span class='ocrx_word' id='word_1_299' title='bbox 800 4868 871 4932; x_wconf 89' lang='lat' dir='ltr'>in</span> <span class='ocrx_word' id='word_1_300' title='bbox 898 4869 1317 4934; x_wconf 82' lang='lat' dir='ltr'>conversione</span> <span class='ocrx_word' id='word_1_301' title='bbox 1341 4850 1729 4953; x_wconf 82' lang='lat' dir='ltr'>impiorum3</span> 
     </span>
     <span class='ocr_line' id='line_1_43' title="bbox 227 4974 1729 5061; baseline 0.001 -17"><span class='ocrx_word' id='word_1_302' title='bbox 227 4977 294 5043; x_wconf 81' lang='lat' dir='ltr'>de</span> <span class='ocrx_word' id='word_1_303' title='bbox 313 4979 588 5059; x_wconf 80' lang='lat' dir='ltr'>secunda,</span> <span class='ocrx_word' id='word_1_304' title='bbox 623 4977 694 5041; x_wconf 91' lang='lat' dir='ltr'>in</span> <span class='ocrx_word' id='word_1_305' title='bbox 718 4975 1090 5041; x_wconf 79' lang='lat' dir='ltr'>liberatione</span> <span class='ocrx_word' id='word_1_306' title='bbox 1125 4976 1194 5039; x_wconf 89' lang='lat' dir='ltr'>in</span> <span class='ocrx_word' id='word_1_307' title='bbox 1220 4974 1420 5041; x_wconf 89' lang='lat' dir='ltr'>limbo</span> <span class='ocrx_word' id='word_1_308' title='bbox 1446 4979 1729 5061; x_wconf 86' lang='lat' dir='ltr'>captivo-</span> 
     </span>
    </p>

    <p class='ocr_par' dir='ltr' id='par_1_5' title="bbox 281 5138 1732 5206">
     <span class='ocr_line' id='line_1_44' title="bbox 281 5138 1732 5206; baseline -0.002 -13"><span class='ocrx_word' id='word_1_309' title='bbox 281 5142 298 5177; x_wconf 86' lang='lat'><strong>¹</strong></span> <span class='ocrx_word' id='word_1_310' title='bbox 321 5143 495 5206; x_wconf 73' lang='lat' dir='ltr'>Hymn-</span> <span class='ocrx_word' id='word_1_311' title='bbox 520 5139 777 5203; x_wconf 66' lang='lat' dir='ltr'>Pession„</span> <span class='ocrx_word' id='word_1_312' title='bbox 806 5138 871 5189; x_wconf 85' lang='lat' dir='ltr'>ad</span> <span class='ocrx_word' id='word_1_313' title='bbox 901 5139 1055 5190; x_wconf 82' lang='lat' dir='ltr'>Laud.</span> <span class='ocrx_word' id='word_1_314' title='bbox 1089 5164 1144 5174; x_wconf 95' lang='lat'>-</span> <span class='ocrx_word' id='word_1_315' title='bbox 1179 5138 1203 5173; x_wconf 82' lang='lat'><strong>¹</strong></span> <span class='ocrx_word' id='word_1_316' title='bbox 1224 5139 1389 5203; x_wconf 68' lang='lat' dir='ltr'>Joan„</span> <span class='ocrx_word' id='word_1_317' title='bbox 1417 5152 1530 5205; x_wconf 77' lang='lat' dir='ltr'>xix,</span> <span class='ocrx_word' id='word_1_318' title='bbox 1563 5145 1644 5193; x_wconf 83' lang='lat'>26.</span> <span class='ocrx_word' id='word_1_319' title='bbox 1672 5169 1732 5199; x_wconf 52' lang='grc' dir='ltr'>ψ-</span> 
     </span>
    </p>

    <p class='ocr_par' dir='ltr' id='par_1_6' title="bbox 227 5210 1735 5337">
     <span class='ocr_line' id='line_1_45' title="bbox 227 5210 1735 5277; baseline 0.001 -14.038"><span class='ocrx_word' id='word_1_320' title='bbox 227 5210 413 5277; x_wconf 51' lang='lat' dir='ltr'>uhic„</span> <span class='ocrx_word' id='word_1_321' title='bbox 442 5216 519 5264; x_wconf 71' lang='lat'>27.</span> <span class='ocrx_word' id='word_1_322' title='bbox 556 5212 852 5272; x_wconf 54' lang='lat' dir='ltr'>—5Lue.,</span> <span class='ocrx_word' id='word_1_323' title='bbox 889 5222 1055 5275; x_wconf 81' lang='lat' dir='ltr'>xxm,</span> <span class='ocrx_word' id='word_1_324' title='bbox 1090 5212 1169 5261; x_wconf 92' lang='grc'>34.</span> <span class='ocrx_word' id='word_1_325' title='bbox 1207 5210 1516 5276; x_wconf 83' lang='lat' dir='ltr'>-⁸lhid.,</span> <span class='ocrx_word' id='word_1_326' title='bbox 1563 5217 1643 5264; x_wconf 79' lang='grc'>43.</span> <span class='ocrx_word' id='word_1_327' title='bbox 1673 5240 1735 5253; x_wconf 90' lang='lat'>-</span> 
     </span>
     <span class='ocr_line' id='line_1_46' title="bbox 231 5280 1733 5347; baseline 0.003 -14"><span class='ocrx_word' id='word_1_328' title='bbox 231 5281 399 5336; x_wconf 59' lang='lat' dir='ltr'>Noun.</span> <span class='ocrx_word' id='word_1_329' title='bbox 403 5297 557 5347; x_wconf 77' lang='lat' dir='ltr'>„xix</span> <span class='ocrx_word' id='word_1_330' title='bbox 586 5285 756 5334; x_wconf 83' lang='lat'>28.—-</span> <span class='ocrx_word' id='word_1_331' title='bbox 783 5280 1210 5346; x_wconf 78' lang='lat' dir='ltr'>⁷1hid.‚so.-³</span> <span class='ocrx_word' id='word_1_332' title='bbox 1231 5282 1627 5347; x_wconf 70' lang='lat' dir='ltr'>uatth„xxv11,</span> <span class='ocrx_word' id='word_1_333' title='bbox 1651 5288 1733 5337; x_wconf 83' lang='grc'>46.</span> 
     </span>
    </p>
   </div>
   <div class='ocr_carea' id='block_1_3' title="bbox 233 5323 1734 5493">
    <p class='ocr_par' dir='ltr' id='par_1_7' title="bbox 233 5323 1734 5490">
     <span class='ocr_line' id='line_1_47' title="bbox 233 5323 1732 5456; baseline 0.002 -49"><span class='ocrx_word' id='word_1_334' title='bbox 233 5317 1043 5419; x_wconf 69' lang='lat' dir='ltr'>-2Lu&#39;c.,xxu146¹·1&gt;sat.</span> <span class='ocrx_word' id='word_1_335' title='bbox 1071 5354 1732 5456; x_wconf 58' lang='grc'><strong>0114-15-111111439</strong></span> 
     </span>
     <span class='ocr_line' id='line_1_48' title="bbox 233 5398 1734 5493; baseline -0.004 -16"><span class='ocrx_word' id='word_1_336' title='bbox 233 5428 572 5493; x_wconf 38' lang='lat' dir='ltr'>nave-¹³</span> <span class='ocrx_word' id='word_1_337' title='bbox 601 5427 776 5492; x_wconf 64' lang='lat' dir='ltr'>lom„</span> <span class='ocrx_word' id='word_1_338' title='bbox 813 5436 886 5488; x_wconf 87' lang='lat'>11,</span> <span class='ocrx_word' id='word_1_339' title='bbox 929 5424 1523 5493; x_wconf 72' lang='lat' dir='ltr'>19.—¹³r·.,lPet,1</span> <span class='ocrx_word' id='word_1_340' title='bbox 1568 5398 1734 5483; x_wconf 79' lang='lat'>18.-&#39;</span> 
     </span>
    </p>
   </div>
   <div class='ocr_carea' id='block_1_4' title="bbox 3254 436 3373 498">
    <p class='ocr_par' dir='ltr' id='par_1_8' title="bbox 3254 436 3373 498">
     <span class='ocr_line' id='line_1_49' title="bbox 3254 436 3373 498; baseline -0.008 0"><span class='ocrx_word' id='word_1_341' title='bbox 3254 436 3373 498; x_wconf 77' lang='lat'>215</span> 
     </span>
    </p>
   </div>
   <div class='ocr_carea' id='block_1_5' title="bbox 1832 564 3379 5165">
    <p class='ocr_par' dir='ltr' id='par_1_9' title="bbox 1835 564 3379 2364">
     <span class='ocr_line' id='line_1_50' title="bbox 1836 564 3369 647; baseline 0.003 -17"><span class='ocrx_word' id='word_1_342' title='bbox 1836 583 1984 631; x_wconf 90' lang='lat' dir='ltr'>rum</span> <span class='ocrx_word' id='word_1_343' title='bbox 1999 586 2016 647; x_wconf 82' lang='lat'><em>3</em></span> <span class='ocrx_word' id='word_1_344' title='bbox 2038 566 2118 631; x_wconf 90' lang='lat' dir='ltr'>de</span> <span class='ocrx_word' id='word_1_345' title='bbox 2139 567 2346 644; x_wconf 81' lang='lat' dir='ltr'>tertia,</span> <span class='ocrx_word' id='word_1_346' title='bbox 2367 564 2438 630; x_wconf 88' lang='lat' dir='ltr'>in</span> <span class='ocrx_word' id='word_1_347' title='bbox 2452 565 2919 632; x_wconf 59' lang='lat' dir='ltr'>resurrectione</span> <span class='ocrx_word' id='word_1_348' title='bbox 2937 568 3369 634; x_wconf 90' lang='lat' dir='ltr'>mortuorum.</span> 
     </span>
     <span class='ocr_line' id='line_1_51' title="bbox 1839 668 3377 754; baseline 0.002 -21"><span class='ocrx_word' id='word_1_349' title='bbox 1839 668 1912 733; x_wconf 90' lang='lat' dir='ltr'>In</span> <span class='ocrx_word' id='word_1_350' title='bbox 1940 671 2218 752; x_wconf 88' lang='lat' dir='ltr'>primam</span> <span class='ocrx_word' id='word_1_351' title='bbox 2244 668 2564 735; x_wconf 89' lang='lat' dir='ltr'>descendit</span> <span class='ocrx_word' id='word_1_352' title='bbox 2597 669 2883 737; x_wconf 85' lang='lat' dir='ltr'>Christus</span> <span class='ocrx_word' id='word_1_353' title='bbox 2920 669 2989 735; x_wconf 90' lang='lat' dir='ltr'>iu</span> <span class='ocrx_word' id='word_1_354' title='bbox 3023 688 3288 754; x_wconf 88' lang='lat' dir='ltr'>corpore</span> <span class='ocrx_word' id='word_1_355' title='bbox 3312 676 3377 737; x_wconf 86' lang='lat' dir='ltr'>et</span> 
     </span>
     <span class='ocr_line' id='line_1_52' title="bbox 1835 760 3375 857; baseline 0.003 -17"><span class='ocrx_word' id='word_1_356' title='bbox 1835 776 1906 841; x_wconf 89' lang='lat' dir='ltr'>in</span> <span class='ocrx_word' id='word_1_357' title='bbox 1924 777 2140 841; x_wconf 90' lang='lat' dir='ltr'>anima</span> <span class='ocrx_word' id='word_1_358' title='bbox 2150 798 2168 856; x_wconf 89' lang='lat'>;</span> <span class='ocrx_word' id='word_1_359' title='bbox 2200 760 2270 841; x_wconf 89' lang='lat' dir='ltr'>in</span> <span class='ocrx_word' id='word_1_360' title='bbox 2287 778 2632 843; x_wconf 87' lang='lat' dir='ltr'>secundam</span> <span class='ocrx_word' id='word_1_361' title='bbox 2645 777 2712 841; x_wconf 91' lang='lat' dir='ltr'>in</span> <span class='ocrx_word' id='word_1_362' title='bbox 2741 778 2989 857; x_wconf 83' lang='lat' dir='ltr'>anima3</span> <span class='ocrx_word' id='word_1_363' title='bbox 3023 778 3094 842; x_wconf 90' lang='lat' dir='ltr'>in</span> <span class='ocrx_word' id='word_1_364' title='bbox 3119 779 3375 844; x_wconf 86' lang='lat' dir='ltr'>tertiam</span> 
     </span>
     <span class='ocr_line' id='line_1_53' title="bbox 1836 884 3371 968; baseline 0.002 -20"><span class='ocrx_word' id='word_1_365' title='bbox 1836 884 1909 949; x_wconf 90' lang='lat' dir='ltr'>in</span> <span class='ocrx_word' id='word_1_366' title='bbox 1943 902 2226 968; x_wconf 88' lang='lat' dir='ltr'>corpore,</span> <span class='ocrx_word' id='word_1_367' title='bbox 2259 884 2337 949; x_wconf 93' lang='lat' dir='ltr'>de</span> <span class='ocrx_word' id='word_1_368' title='bbox 2374 903 2504 968; x_wconf 86' lang='lat' dir='ltr'>qua</span> <span class='ocrx_word' id='word_1_369' title='bbox 2533 885 2721 950; x_wconf 88' lang='lat' dir='ltr'>hodie</span> <span class='ocrx_word' id='word_1_370' title='bbox 2760 902 2990 968; x_wconf 85' lang='lat' dir='ltr'>corpus</span> <span class='ocrx_word' id='word_1_371' title='bbox 3028 902 3221 951; x_wconf 91' lang='lat' dir='ltr'>suum</span> <span class='ocrx_word' id='word_1_372' title='bbox 3268 904 3371 951; x_wconf 84' lang='lat' dir='ltr'>ex-</span> 
     </span>
     <span class='ocr_line' id='line_1_54' title="bbox 1837 987 3374 1076; baseline 0.002 -21"><span class='ocrx_word' id='word_1_373' title='bbox 1837 990 2011 1071; x_wconf 87' lang='lat' dir='ltr'>cidit,</span> <span class='ocrx_word' id='word_1_374' title='bbox 2043 995 2107 1056; x_wconf 88' lang='lat' dir='ltr'>et</span> <span class='ocrx_word' id='word_1_375' title='bbox 2127 987 2339 1056; x_wconf 62' lang='lat' dir='ltr'>&#39;multa</span> <span class='ocrx_word' id='word_1_376' title='bbox 2356 1010 2620 1075; x_wconf 89' lang='lat' dir='ltr'>corpora</span> <span class='ocrx_word' id='word_1_377' title='bbox 2643 995 3029 1071; x_wconf 86' lang='lat' dir='ltr'>sanctorum,</span> <span class='ocrx_word' id='word_1_378' title='bbox 3062 1010 3209 1076; x_wconf 78' lang='lat' dir='ltr'>quae</span> <span class='ocrx_word' id='word_1_379' title='bbox 3233 1011 3374 1057; x_wconf 84' lang='lat' dir='ltr'>sur-</span> 
     </span>
     <span class='ocr_line' id='line_1_55' title="bbox 1838 1097 3378 1182; baseline 0.001 -19"><span class='ocrx_word' id='word_1_380' title='bbox 1838 1102 2146 1164; x_wconf 85' lang='lat' dir='ltr'>rexerunt</span> <span class='ocrx_word' id='word_1_381' title='bbox 2172 1117 2321 1163; x_wconf 90' lang='lat' dir='ltr'>cum</span> <span class='ocrx_word' id='word_1_382' title='bbox 2349 1116 2447 1165; x_wconf 84' lang='lat' dir='ltr'>ee.</span> <span class='ocrx_word' id='word_1_383' title='bbox 2494 1097 2889 1182; x_wconf 86' lang='lat' dir='ltr'>Quicumque</span> <span class='ocrx_word' id='word_1_384' title='bbox 2931 1116 3088 1181; x_wconf 88' lang='lat' dir='ltr'>ergo</span> <span class='ocrx_word' id='word_1_385' title='bbox 3136 1099 3378 1182; x_wconf 88' lang='lat' dir='ltr'>lapides</span> 
     </span>
     <span class='ocr_line' id='line_1_56' title="bbox 1838 1208 3378 1293; baseline 0.002 -20"><span class='ocrx_word' id='word_1_386' title='bbox 1838 1208 1929 1273; x_wconf 91' lang='lat' dir='ltr'>sic</span> <span class='ocrx_word' id='word_1_387' title='bbox 1945 1226 2060 1291; x_wconf 89' lang='lat' dir='ltr'>per</span> <span class='ocrx_word' id='word_1_388' title='bbox 2081 1209 2320 1273; x_wconf 89' lang='lat' dir='ltr'>bonam</span> <span class='ocrx_word' id='word_1_389' title='bbox 2348 1209 2547 1275; x_wconf 80' lang='lat' dir='ltr'>vitam</span> <span class='ocrx_word' id='word_1_390' title='bbox 2562 1209 2759 1293; x_wconf 83' lang='lat' dir='ltr'>aptati</span> <span class='ocrx_word' id='word_1_391' title='bbox 2772 1210 3056 1291; x_wconf 85' lang='lat' dir='ltr'>fuerunt,</span> <span class='ocrx_word' id='word_1_392' title='bbox 3076 1213 3150 1274; x_wconf 88' lang='lat' dir='ltr'>ut</span> <span class='ocrx_word' id='word_1_393' title='bbox 3175 1210 3378 1276; x_wconf 84' lang='lat' dir='ltr'>servis</span> 
     </span>
     <span class='ocr_line' id='line_1_57' title="bbox 1837 1316 3374 1401; baseline 0.001 -21"><span class='ocrx_word' id='word_1_394' title='bbox 1837 1316 1966 1381; x_wconf 90' lang='lat' dir='ltr'>tuis</span> <span class='ocrx_word' id='word_1_395' title='bbox 1991 1317 2080 1399; x_wconf 85' lang='lat' dir='ltr'>(a)</span> <span class='ocrx_word' id='word_1_396' title='bbox 2106 1316 2429 1401; x_wconf 88' lang='lat' dir='ltr'>placeant,</span> <span class='ocrx_word' id='word_1_397' title='bbox 2460 1317 2528 1381; x_wconf 90' lang='lat' dir='ltr'>in</span> <span class='ocrx_word' id='word_1_398' title='bbox 2556 1317 2898 1382; x_wconf 74' lang='lat' dir='ltr'>aedificium</span> <span class='ocrx_word' id='word_1_399' title='bbox 2926 1317 3192 1382; x_wconf 84' lang='lat' dir='ltr'>coelestis</span> <span class='ocrx_word' id='word_1_400' title='bbox 3219 1317 3374 1384; x_wconf 92' lang='lat' dir='ltr'>Sion</span> 
     </span>
     <span class='ocr_line' id='line_1_58' title="bbox 1837 1423 3376 1507; baseline 0.001 -19"><span class='ocrx_word' id='word_1_401' title='bbox 1837 1428 2175 1505; x_wconf 87' lang='lat' dir='ltr'>ponentur.</span> <span class='ocrx_word' id='word_1_402' title='bbox 2209 1423 2350 1489; x_wconf 90' lang='lat' dir='ltr'>Noli</span> <span class='ocrx_word' id='word_1_403' title='bbox 2374 1442 2536 1507; x_wconf 91' lang='lat' dir='ltr'>ergo</span> <span class='ocrx_word' id='word_1_404' title='bbox 2563 1423 2897 1505; x_wconf 81' lang='lat' dir='ltr'>negligere</span> <span class='ocrx_word' id='word_1_405' title='bbox 2930 1428 3187 1507; x_wconf 89' lang='lat' dir='ltr'>tempus</span> <span class='ocrx_word' id='word_1_406' title='bbox 3219 1425 3376 1490; x_wconf 82' lang='lat' dir='ltr'>aedi-</span> 
     </span>
     <span class='ocr_line' id='line_1_59' title="bbox 1840 1530 3378 1616; baseline 0.002 -21"><span class='ocrx_word' id='word_1_407' title='bbox 1840 1532 2103 1597; x_wconf 87' lang='lat' dir='ltr'>ficandi.</span> <span class='ocrx_word' id='word_1_408' title='bbox 2133 1532 2542 1614; x_wconf 84' lang='lat' dir='ltr'>Augustinus</span> <span class='ocrx_word' id='word_1_409' title='bbox 2560 1532 2605 1571; x_wconf 80' lang='lat'>¹⁸</span> <span class='ocrx_word' id='word_1_410' title='bbox 2630 1553 2691 1597; x_wconf 67' lang='lat' dir='ltr'>:a</span> <span class='ocrx_word' id='word_1_411' title='bbox 2713 1530 2898 1597; x_wconf 90' lang='lat' dir='ltr'>Nunc</span> <span class='ocrx_word' id='word_1_412' title='bbox 2915 1536 3011 1597; x_wconf 89' lang='lat' dir='ltr'>est</span> <span class='ocrx_word' id='word_1_413' title='bbox 3028 1536 3282 1616; x_wconf 88' lang='lat' dir='ltr'>tempus</span> <span class='ocrx_word' id='word_1_414' title='bbox 3303 1537 3378 1599; x_wconf 90' lang='lat' dir='ltr'>ut</span> 
     </span>
     <span class='ocr_line' id='line_1_60' title="bbox 1839 1637 3379 1722; baseline 0.003 -21"><span class='ocrx_word' id='word_1_415' title='bbox 1839 1637 2190 1704; x_wconf 76' lang='lat' dir='ltr'>aedificetur</span> <span class='ocrx_word' id='word_1_416' title='bbox 2208 1638 2383 1720; x_wconf 85' lang='lat' dir='ltr'>Sion,</span> <span class='ocrx_word' id='word_1_417' title='bbox 2404 1657 2577 1704; x_wconf 91' lang='lat' dir='ltr'>nunc</span> <span class='ocrx_word' id='word_1_418' title='bbox 2590 1638 2831 1702; x_wconf 87' lang='lat' dir='ltr'>intrant</span> <span class='ocrx_word' id='word_1_419' title='bbox 2841 1637 3080 1722; x_wconf 87' lang='lat' dir='ltr'>lapides</span> <span class='ocrx_word' id='word_1_420' title='bbox 3095 1639 3163 1704; x_wconf 91' lang='lat' dir='ltr'>in</span> <span class='ocrx_word' id='word_1_421' title='bbox 3178 1644 3379 1706; x_wconf 89' lang='lat' dir='ltr'>struc-</span> 
     </span>
     <span class='ocr_line' id='line_1_61' title="bbox 1838 1748 3376 1824; baseline 0.003 -12"><span class='ocrx_word' id='word_1_422' title='bbox 1838 1750 2074 1812; x_wconf 84' lang='lat' dir='ltr'>turam.</span> <span class='ocrx_word' id='word_1_423' title='bbox 2104 1770 2136 1809; x_wconf 68' lang='grc' dir='ltr'>ο</span> <span class='ocrx_word' id='word_1_424' title='bbox 2173 1748 2454 1815; x_wconf 83' lang='lat' dir='ltr'>Perfecto</span> <span class='ocrx_word' id='word_1_425' title='bbox 2493 1748 2793 1824; x_wconf 75' lang='lat' dir='ltr'>aedificio,</span> <span class='ocrx_word' id='word_1_426' title='bbox 2837 1754 2901 1814; x_wconf 89' lang='lat' dir='ltr'>et</span> <span class='ocrx_word' id='word_1_427' title='bbox 2941 1748 3222 1814; x_wconf 87' lang='lat' dir='ltr'>dedicata</span> <span class='ocrx_word' id='word_1_428' title='bbox 3267 1751 3376 1816; x_wconf 90' lang='lat' dir='ltr'>do-</span> 
     </span>
     <span class='ocr_line' id='line_1_62' title="bbox 1838 1856 3377 1940; baseline 0.003 -21"><span class='ocrx_word' id='word_1_429' title='bbox 1838 1873 1968 1935; x_wconf 90' lang='lat' dir='ltr'>mo,</span> <span class='ocrx_word' id='word_1_430' title='bbox 2014 1856 2166 1939; x_wconf 87' lang='lat' dir='ltr'>quid</span> <span class='ocrx_word' id='word_1_431' title='bbox 2213 1857 2419 1921; x_wconf 89' lang='lat' dir='ltr'>curris</span> <span class='ocrx_word' id='word_1_432' title='bbox 2452 1875 2596 1923; x_wconf 90' lang='lat' dir='ltr'>sero</span> <span class='ocrx_word' id='word_1_433' title='bbox 2642 1856 3031 1940; x_wconf 63' lang='lat' dir='ltr'>quaesiturus</span> <span class='ocrx_word' id='word_1_434' title='bbox 3046 1906 3064 1938; x_wconf 91' lang='lat'>,</span> <span class='ocrx_word' id='word_1_435' title='bbox 3105 1856 3377 1924; x_wconf 81' lang='lat' dir='ltr'>inaniter</span> 
     </span>
     <span class='ocr_line' id='line_1_63' title="bbox 1842 1958 3378 2043; baseline 0.002 -20"><span class='ocrx_word' id='word_1_436' title='bbox 1842 1959 2182 2041; x_wconf 87' lang='lat' dir='ltr'>petiturus,</span> <span class='ocrx_word' id='word_1_437' title='bbox 2206 1960 2445 2024; x_wconf 79' lang='lat' dir='ltr'>frustra</span> <span class='ocrx_word' id='word_1_438' title='bbox 2469 1959 2860 2043; x_wconf 80' lang='lat' dir='ltr'>pulsaturus,</span> <span class='ocrx_word' id='word_1_439' title='bbox 2884 1958 3035 2024; x_wconf 76' lang='lat' dir='ltr'>roris</span> <span class='ocrx_word' id='word_1_440' title='bbox 3053 1977 3378 2026; x_wconf 90' lang='lat' dir='ltr'>remansu-</span> 
     </span>
     <span class='ocr_line' id='line_1_64' title="bbox 1837 2065 3378 2150; baseline 0.002 -19"><span class='ocrx_word' id='word_1_441' title='bbox 1837 2066 2042 2131; x_wconf 77' lang='lat' dir='ltr'>rus?»</span> <span class='ocrx_word' id='word_1_442' title='bbox 2075 2065 2187 2132; x_wconf 79' lang='lat' dir='ltr'>Vae</span> <span class='ocrx_word' id='word_1_443' title='bbox 2212 2065 2558 2150; x_wconf 87' lang='lat' dir='ltr'>lapidibus,</span> <span class='ocrx_word' id='word_1_444' title='bbox 2591 2066 2705 2149; x_wconf 85' lang='lat' dir='ltr'>qui</span> <span class='ocrx_word' id='word_1_445' title='bbox 2737 2083 2870 2130; x_wconf 90' lang='lat' dir='ltr'>non</span> <span class='ocrx_word' id='word_1_446' title='bbox 2906 2065 3154 2149; x_wconf 84' lang='lat' dir='ltr'>placent</span> <span class='ocrx_word' id='word_1_447' title='bbox 3179 2068 3378 2134; x_wconf 87' lang='lat' dir='ltr'>servis</span> 
     </span>
     <span class='ocr_line' id='line_1_65' title="bbox 1835 2173 3378 2259; baseline 0.003 -22"><span class='ocrx_word' id='word_1_448' title='bbox 1835 2173 2004 2238; x_wconf 80' lang='lat' dir='ltr'>istis!</span> <span class='ocrx_word' id='word_1_449' title='bbox 2038 2180 2085 2218; x_wconf 81' lang='grc'>14</span> <span class='ocrx_word' id='word_1_450' title='bbox 2119 2196 2151 2236; x_wconf 77' lang='grc' dir='ltr'><strong>α</strong></span> <span class='ocrx_word' id='word_1_451' title='bbox 2183 2173 2650 2240; x_wconf 89' lang='lat' dir='ltr'>Descenderunt</span> <span class='ocrx_word' id='word_1_452' title='bbox 2683 2174 2751 2237; x_wconf 91' lang='lat' dir='ltr'>in</span> <span class='ocrx_word' id='word_1_453' title='bbox 2780 2173 3172 2257; x_wconf 78' lang='lat' dir='ltr'>profundum</span> <span class='ocrx_word' id='word_1_454' title='bbox 3193 2176 3378 2259; x_wconf 87' lang='lat' dir='ltr'>quasi</span> 
     </span>
     <span class='ocr_line' id='line_1_66' title="bbox 1836 2279 2081 2364; baseline -0.008 -21"><span class='ocrx_word' id='word_1_455' title='bbox 1836 2279 2019 2364; x_wconf 90' lang='lat' dir='ltr'>lapis.</span> <span class='ocrx_word' id='word_1_456' title='bbox 2049 2302 2081 2341; x_wconf 69' lang='grc' dir='ltr'>ο</span> 
     </span>
    </p>

    <p class='ocr_par' dir='ltr' id='par_1_10' title="bbox 1832 2387 3376 4391">
     <span class='ocr_line' id='line_1_67' title="bbox 1918 2387 3376 2473; baseline 0.003 -20"><span class='ocrx_word' id='word_1_457' title='bbox 1918 2387 2004 2453; x_wconf 93' lang='lat' dir='ltr'>De</span> <span class='ocrx_word' id='word_1_458' title='bbox 2025 2388 2231 2469; x_wconf 85' lang='lat' dir='ltr'>tertio,</span> <span class='ocrx_word' id='word_1_459' title='bbox 2257 2387 2587 2452; x_wconf 89' lang='lat' dir='ltr'>Psalmista</span> <span class='ocrx_word' id='word_1_460' title='bbox 2609 2387 2654 2425; x_wconf 76' lang='lat' dir='ltr'>n</span> <span class='ocrx_word' id='word_1_461' title='bbox 2678 2407 2694 2450; x_wconf 73' lang='grc' dir='ltr'><strong><em>ε</em></strong></span> <span class='ocrx_word' id='word_1_462' title='bbox 2716 2411 2747 2450; x_wconf 72' lang='grc' dir='ltr'><em>α</em></span> <span class='ocrx_word' id='word_1_463' title='bbox 2768 2387 3037 2473; x_wconf 88' lang='lat' dir='ltr'>Propter</span> <span class='ocrx_word' id='word_1_464' title='bbox 3052 2390 3376 2457; x_wconf 88' lang='lat' dir='ltr'>miseriam</span> 
     </span>
     <span class='ocr_line' id='line_1_68' title="bbox 1835 2494 3372 2581; baseline 0.004 -24"><span class='ocrx_word' id='word_1_465' title='bbox 1835 2494 2124 2578; x_wconf 89' lang='lat' dir='ltr'>inopum,</span> <span class='ocrx_word' id='word_1_466' title='bbox 2153 2499 2216 2560; x_wconf 89' lang='lat' dir='ltr'>et</span> <span class='ocrx_word' id='word_1_467' title='bbox 2242 2495 2558 2577; x_wconf 89' lang='lat' dir='ltr'>gemitum</span> <span class='ocrx_word' id='word_1_468' title='bbox 2578 2543 2597 2576; x_wconf 91' lang='lat'>,</span> <span class='ocrx_word' id='word_1_469' title='bbox 2627 2517 2658 2554; x_wconf 76' lang='lat' dir='ltr'><strong>n</strong></span> <span class='ocrx_word' id='word_1_470' title='bbox 2694 2498 2811 2560; x_wconf 88' lang='lat' dir='ltr'>etc.</span> <span class='ocrx_word' id='word_1_471' title='bbox 2845 2495 2931 2561; x_wconf 93' lang='lat' dir='ltr'>De</span> <span class='ocrx_word' id='word_1_472' title='bbox 2957 2497 3205 2579; x_wconf 88' lang='lat' dir='ltr'>gemitu</span> <span class='ocrx_word' id='word_1_473' title='bbox 3232 2498 3331 2563; x_wconf 92' lang='lat' dir='ltr'>dic</span> <span class='ocrx_word' id='word_1_474' title='bbox 3352 2548 3372 2581; x_wconf 95' lang='lat'>,</span> 
     </span>
     <span class='ocr_line' id='line_1_69' title="bbox 1834 2601 3371 2687; baseline 0.003 -21"><span class='ocrx_word' id='word_1_475' title='bbox 1834 2605 1896 2666; x_wconf 89' lang='lat' dir='ltr'>et</span> <span class='ocrx_word' id='word_1_476' title='bbox 1923 2602 2001 2666; x_wconf 90' lang='lat' dir='ltr'>de</span> <span class='ocrx_word' id='word_1_477' title='bbox 2027 2603 2283 2667; x_wconf 86' lang='lat' dir='ltr'>miseria</span> <span class='ocrx_word' id='word_1_478' title='bbox 2306 2603 2509 2667; x_wconf 85' lang='lat' dir='ltr'>beatae</span> <span class='ocrx_word' id='word_1_479' title='bbox 2534 2601 2845 2685; x_wconf 84' lang='lat' dir='ltr'>Virginis,</span> <span class='ocrx_word' id='word_1_480' title='bbox 2868 2608 2932 2667; x_wconf 92' lang='lat' dir='ltr'>et</span> <span class='ocrx_word' id='word_1_481' title='bbox 2953 2603 3371 2687; x_wconf 80' lang='lat' dir='ltr'>Magdalenae,</span> 
     </span>
     <span class='ocr_line' id='line_1_70' title="bbox 1836 2708 3376 2794; baseline 0.005 -22"><span class='ocrx_word' id='word_1_482' title='bbox 1836 2714 1899 2772; x_wconf 89' lang='lat' dir='ltr'>et</span> <span class='ocrx_word' id='word_1_483' title='bbox 1922 2708 2381 2792; x_wconf 83' lang='lat' dir='ltr'>discipulorum</span> <span class='ocrx_word' id='word_1_484' title='bbox 2412 2727 2530 2793; x_wconf 91' lang='lat' dir='ltr'>pro</span> <span class='ocrx_word' id='word_1_485' title='bbox 2551 2713 2756 2774; x_wconf 88' lang='lat' dir='ltr'>morte</span> <span class='ocrx_word' id='word_1_486' title='bbox 2777 2709 3031 2791; x_wconf 84' lang='lat' dir='ltr'>Christi,</span> <span class='ocrx_word' id='word_1_487' title='bbox 3055 2713 3376 2794; x_wconf 87' lang='lat' dir='ltr'>quomodo</span> 
     </span>
     <span class='ocr_line' id='line_1_71' title="bbox 1834 2812 3373 2902; baseline 0.001 -21"><span class='ocrx_word' id='word_1_488' title='bbox 1834 2815 1869 2881; x_wconf 88' lang='lat' dir='ltr'><strong>J</strong></span> <span class='ocrx_word' id='word_1_489' title='bbox 1870 2817 2105 2882; x_wconf 88' lang='lat' dir='ltr'>acobus</span> <span class='ocrx_word' id='word_1_490' title='bbox 2113 2835 2181 2882; x_wconf 87' lang='lat' dir='ltr'>se</span> <span class='ocrx_word' id='word_1_491' title='bbox 2187 2820 2520 2901; x_wconf 82' lang='lat' dir='ltr'>juraverat</span> <span class='ocrx_word' id='word_1_492' title='bbox 2533 2835 2663 2882; x_wconf 91' lang='lat' dir='ltr'>non</span> <span class='ocrx_word' id='word_1_493' title='bbox 2673 2812 3102 2883; x_wconf 86' lang='lat' dir='ltr'>comesturum</span> <span class='ocrx_word' id='word_1_494' title='bbox 3115 2837 3373 2902; x_wconf 87' lang='lat' dir='ltr'>panem,</span> 
     </span>
     <span class='ocr_line' id='line_1_72' title="bbox 1835 2922 3375 3011; baseline 0.003 -23"><span class='ocrx_word' id='word_1_495' title='bbox 1835 2923 2035 2990; x_wconf 91' lang='lat' dir='ltr'>donec</span> <span class='ocrx_word' id='word_1_496' title='bbox 2081 2922 2367 2990; x_wconf 89' lang='lat' dir='ltr'>Christus</span> <span class='ocrx_word' id='word_1_497' title='bbox 2412 2930 2805 3005; x_wconf 88' lang='lat' dir='ltr'>resurgeret.</span> <span class='ocrx_word' id='word_1_498' title='bbox 2858 2924 2995 2990; x_wconf 91' lang='lat' dir='ltr'>Imo</span> <span class='ocrx_word' id='word_1_499' title='bbox 3041 2930 3210 2992; x_wconf 87' lang='lat' dir='ltr'>certe</span> <span class='ocrx_word' id='word_1_500' title='bbox 3257 2944 3375 3011; x_wconf 91' lang='lat' dir='ltr'>pro</span> 
     </span>
     <span class='ocr_line' id='line_1_73' title="bbox 1836 3033 3376 3100; baseline 0.003 -4"><span class='ocrx_word' id='word_1_501' title='bbox 1836 3033 2230 3099; x_wconf 85' lang='lat' dir='ltr'>sublevanda</span> <span class='ocrx_word' id='word_1_502' title='bbox 2273 3034 2466 3099; x_wconf 83' lang='lat' dir='ltr'>totius</span> <span class='ocrx_word' id='word_1_503' title='bbox 2506 3034 2733 3098; x_wconf 90' lang='lat' dir='ltr'>mundi</span> <span class='ocrx_word' id='word_1_504' title='bbox 2787 3034 3042 3099; x_wconf 89' lang='lat' dir='ltr'>miseria</span> <span class='ocrx_word' id='word_1_505' title='bbox 3088 3034 3376 3100; x_wconf 88' lang='lat' dir='ltr'>Christus</span> 
     </span>
     <span class='ocr_line' id='line_1_74' title="bbox 1832 3139 3368 3223; baseline 0.002 -18"><span class='ocrx_word' id='word_1_506' title='bbox 1832 3141 2209 3206; x_wconf 85' lang='lat' dir='ltr'>resurrexit.</span> <span class='ocrx_word' id='word_1_507' title='bbox 2240 3139 2374 3206; x_wconf 90' lang='lat' dir='ltr'>Nisi</span> <span class='ocrx_word' id='word_1_508' title='bbox 2402 3139 2574 3205; x_wconf 89' lang='lat' dir='ltr'>enim</span> <span class='ocrx_word' id='word_1_509' title='bbox 2596 3159 2636 3206; x_wconf 89' lang='lat' dir='ltr'>a</span> <span class='ocrx_word' id='word_1_510' title='bbox 2660 3146 2869 3207; x_wconf 87' lang='lat' dir='ltr'>morte</span> <span class='ocrx_word' id='word_1_511' title='bbox 2894 3142 3368 3223; x_wconf 61' lang='lat' dir='ltr'>resurrexisset,</span> 
     </span>
     <span class='ocr_line' id='line_1_75' title="bbox 1835 3248 3373 3332; baseline 0.002 -20"><span class='ocrx_word' id='word_1_512' title='bbox 1835 3248 2120 3313; x_wconf 89' lang='lat' dir='ltr'>mundus</span> <span class='ocrx_word' id='word_1_513' title='bbox 2157 3248 2226 3312; x_wconf 89' lang='lat' dir='ltr'>in</span> <span class='ocrx_word' id='word_1_514' title='bbox 2266 3266 2415 3313; x_wconf 90' lang='lat' dir='ltr'>eum</span> <span class='ocrx_word' id='word_1_515' title='bbox 2454 3266 2586 3314; x_wconf 91' lang='lat' dir='ltr'>non</span> <span class='ocrx_word' id='word_1_516' title='bbox 2628 3249 3022 3332; x_wconf 87' lang='lat' dir='ltr'>credidisset,</span> <span class='ocrx_word' id='word_1_517' title='bbox 3069 3256 3132 3316; x_wconf 90' lang='lat' dir='ltr'>et</span> <span class='ocrx_word' id='word_1_518' title='bbox 3175 3251 3267 3317; x_wconf 88' lang='lat' dir='ltr'>sic</span> <span class='ocrx_word' id='word_1_519' title='bbox 3304 3251 3373 3315; x_wconf 89' lang='lat' dir='ltr'>in</span> 
     </span>
     <span class='ocr_line' id='line_1_76' title="bbox 1833 3355 3374 3442; baseline 0.004 -23"><span class='ocrx_word' id='word_1_520' title='bbox 1833 3355 2068 3438; x_wconf 87' lang='lat' dir='ltr'>triplici</span> <span class='ocrx_word' id='word_1_521' title='bbox 2094 3355 2353 3420; x_wconf 89' lang='lat' dir='ltr'>miseria</span> <span class='ocrx_word' id='word_1_522' title='bbox 2378 3356 2851 3439; x_wconf 79' lang='lat' dir='ltr'>permansisset.</span> <span class='ocrx_word' id='word_1_523' title='bbox 2873 3356 3089 3423; x_wconf 87' lang='lat' dir='ltr'>Prima</span> <span class='ocrx_word' id='word_1_524' title='bbox 3108 3361 3204 3423; x_wconf 87' lang='lat' dir='ltr'>est</span> <span class='ocrx_word' id='word_1_525' title='bbox 3228 3376 3374 3442; x_wconf 87' lang='lat' dir='ltr'>gra-</span> 
     </span>
     <span class='ocr_line' id='line_1_77' title="bbox 1833 3462 3374 3548; baseline 0.003 -20"><span class='ocrx_word' id='word_1_526' title='bbox 1833 3462 2031 3528; x_wconf 85' lang='lat' dir='ltr'>visin</span> <span class='ocrx_word' id='word_1_527' title='bbox 2054 3463 2178 3527; x_wconf 92' lang='lat' dir='ltr'>hoc</span> <span class='ocrx_word' id='word_1_528' title='bbox 2203 3462 2448 3528; x_wconf 89' lang='lat' dir='ltr'>mundo</span> <span class='ocrx_word' id='word_1_529' title='bbox 2472 3462 2517 3498; x_wconf 80' lang='lat'>¹⁸</span> <span class='ocrx_word' id='word_1_530' title='bbox 2551 3484 2567 3528; x_wconf 73' lang='grc' dir='ltr'>ε</span> <span class='ocrx_word' id='word_1_531' title='bbox 2609 3485 2641 3525; x_wconf 72' lang='grc' dir='ltr'><em>α</em></span> <span class='ocrx_word' id='word_1_532' title='bbox 2679 3463 2749 3528; x_wconf 91' lang='lat' dir='ltr'>Si</span> <span class='ocrx_word' id='word_1_533' title='bbox 2773 3463 3011 3548; x_wconf 89' lang='lat' dir='ltr'>impius</span> <span class='ocrx_word' id='word_1_534' title='bbox 3035 3466 3242 3548; x_wconf 86' lang='lat' dir='ltr'>fuer0,</span> <span class='ocrx_word' id='word_1_535' title='bbox 3271 3484 3374 3532; x_wconf 82' lang='lat' dir='ltr'>vae</span> 
     </span>
     <span class='ocr_line' id='line_1_78' title="bbox 1835 3568 3371 3654; baseline 0.003 -21"><span class='ocrx_word' id='word_1_536' title='bbox 1835 3569 1998 3633; x_wconf 90' lang='lat' dir='ltr'>mihi</span> <span class='ocrx_word' id='word_1_537' title='bbox 2023 3573 2152 3648; x_wconf 91' lang='lat' dir='ltr'>est;</span> <span class='ocrx_word' id='word_1_538' title='bbox 2182 3571 2234 3633; x_wconf 90' lang='lat' dir='ltr'>si</span> <span class='ocrx_word' id='word_1_539' title='bbox 2251 3572 2489 3651; x_wconf 86' lang='lat' dir='ltr'>justus,</span> <span class='ocrx_word' id='word_1_540' title='bbox 2520 3586 2650 3633; x_wconf 91' lang='lat' dir='ltr'>non</span> <span class='ocrx_word' id='word_1_541' title='bbox 2680 3568 2911 3635; x_wconf 85' lang='lat' dir='ltr'>levabo</span> <span class='ocrx_word' id='word_1_542' title='bbox 2937 3575 3160 3654; x_wconf 86' lang='lat' dir='ltr'>caput,</span> <span class='ocrx_word' id='word_1_543' title='bbox 3194 3575 3371 3639; x_wconf 88' lang='lat' dir='ltr'>satu-</span> 
     </span>
     <span class='ocr_line' id='line_1_79' title="bbox 1834 3677 3375 3746; baseline 0.001 -3"><span class='ocrx_word' id='word_1_544' title='bbox 1834 3681 2012 3743; x_wconf 88' lang='lat' dir='ltr'>ratus</span> <span class='ocrx_word' id='word_1_545' title='bbox 2052 3678 2390 3743; x_wconf 86' lang='lat' dir='ltr'>afflictione</span> <span class='ocrx_word' id='word_1_546' title='bbox 2433 3680 2496 3741; x_wconf 88' lang='lat' dir='ltr'>et</span> <span class='ocrx_word' id='word_1_547' title='bbox 2534 3677 2813 3742; x_wconf 88' lang='lat' dir='ltr'>miseria.</span> <span class='ocrx_word' id='word_1_548' title='bbox 2854 3700 2885 3739; x_wconf 73' lang='grc' dir='ltr'><strong>υ</strong></span> <span class='ocrx_word' id='word_1_549' title='bbox 2940 3677 3232 3744; x_wconf 90' lang='lat' dir='ltr'>Secunda</span> <span class='ocrx_word' id='word_1_550' title='bbox 3279 3685 3375 3746; x_wconf 90' lang='lat' dir='ltr'>est</span> 
     </span>
     <span class='ocr_line' id='line_1_80' title="bbox 1839 3783 3376 3868; baseline 0.002 -18"><span class='ocrx_word' id='word_1_551' title='bbox 1839 3786 2105 3868; x_wconf 85' lang='lat' dir='ltr'>gravior</span> <span class='ocrx_word' id='word_1_552' title='bbox 2148 3785 2217 3849; x_wconf 90' lang='lat' dir='ltr'>in</span> <span class='ocrx_word' id='word_1_553' title='bbox 2251 3783 2493 3867; x_wconf 86' lang='lat' dir='ltr'>judicio</span> <span class='ocrx_word' id='word_1_554' title='bbox 2521 3785 2566 3820; x_wconf 77' lang='lat'>¹⁹</span> <span class='ocrx_word' id='word_1_555' title='bbox 2594 3805 2611 3847; x_wconf 70' lang='grc' dir='ltr'><strong>ε</strong></span> <span class='ocrx_word' id='word_1_556' title='bbox 2653 3806 2685 3846; x_wconf 73' lang='grc' dir='ltr'><em>α</em></span> <span class='ocrx_word' id='word_1_557' title='bbox 2708 3784 2852 3850; x_wconf 90' lang='lat' dir='ltr'>Dies</span> <span class='ocrx_word' id='word_1_558' title='bbox 2894 3786 3267 3853; x_wconf 83' lang='lat' dir='ltr'>calamitatis</span> <span class='ocrx_word' id='word_1_559' title='bbox 3309 3793 3376 3853; x_wconf 90' lang='lat' dir='ltr'>et</span> 
     </span>
     <span class='ocr_line' id='line_1_81' title="bbox 1837 3891 3373 3977; baseline 0.002 -19"><span class='ocrx_word' id='word_1_560' title='bbox 1837 3894 2133 3959; x_wconf 82' lang='lat' dir='ltr'>miseriae.</span> <span class='ocrx_word' id='word_1_561' title='bbox 2161 3916 2193 3955; x_wconf 70' lang='grc' dir='ltr'>ο</span> <span class='ocrx_word' id='word_1_562' title='bbox 2234 3891 2433 3957; x_wconf 88' lang='lat' dir='ltr'>Totus</span> <span class='ocrx_word' id='word_1_563' title='bbox 2469 3892 2749 3957; x_wconf 83' lang='lat' dir='ltr'>mundus</span> <span class='ocrx_word' id='word_1_564' title='bbox 2786 3911 2918 3958; x_wconf 90' lang='lat' dir='ltr'>non</span> <span class='ocrx_word' id='word_1_565' title='bbox 2962 3899 3175 3977; x_wconf 89' lang='lat' dir='ltr'>posset</span> <span class='ocrx_word' id='word_1_566' title='bbox 3220 3914 3373 3960; x_wconf 89' lang='lat' dir='ltr'>nar-</span> 
     </span>
     <span class='ocr_line' id='line_1_82' title="bbox 1836 3999 3375 4083; baseline 0.001 -16"><span class='ocrx_word' id='word_1_567' title='bbox 1836 4019 1978 4067; x_wconf 90' lang='lat' dir='ltr'>rare</span> <span class='ocrx_word' id='word_1_568' title='bbox 2004 3999 2292 4067; x_wconf 89' lang='lat' dir='ltr'>miserias</span> <span class='ocrx_word' id='word_1_569' title='bbox 2319 3999 2637 4065; x_wconf 87' lang='lat' dir='ltr'>malorum</span> <span class='ocrx_word' id='word_1_570' title='bbox 2664 4000 2732 4064; x_wconf 91' lang='lat' dir='ltr'>in</span> <span class='ocrx_word' id='word_1_571' title='bbox 2756 4000 2858 4065; x_wconf 91' lang='lat' dir='ltr'>die</span> <span class='ocrx_word' id='word_1_572' title='bbox 2877 4001 3126 4083; x_wconf 85' lang='lat' dir='ltr'>judicii.</span> <span class='ocrx_word' id='word_1_573' title='bbox 3160 4001 3375 4068; x_wconf 87' lang='lat' dir='ltr'>Tertia</span> 
     </span>
     <span class='ocr_line' id='line_1_83' title="bbox 1836 4106 3376 4193; baseline 0.002 -20"><span class='ocrx_word' id='word_1_574' title='bbox 1836 4109 2220 4193; x_wconf 82' lang='lat' dir='ltr'>gravissima</span> <span class='ocrx_word' id='word_1_575' title='bbox 2244 4109 2313 4172; x_wconf 90' lang='lat' dir='ltr'>in</span> <span class='ocrx_word' id='word_1_576' title='bbox 2350 4106 2599 4172; x_wconf 81' lang='lat' dir='ltr'>inferno</span> <span class='ocrx_word' id='word_1_577' title='bbox 2628 4108 2677 4149; x_wconf 83' lang='lat'>¹⁰</span> <span class='ocrx_word' id='word_1_578' title='bbox 2708 4128 2724 4172; x_wconf 72' lang='grc' dir='ltr'><strong>ε</strong></span> <span class='ocrx_word' id='word_1_579' title='bbox 2764 4129 2796 4170; x_wconf 73' lang='lat' dir='ltr'>c</span> <span class='ocrx_word' id='word_1_580' title='bbox 2821 4107 3078 4174; x_wconf 89' lang='lat' dir='ltr'>Dimitte</span> <span class='ocrx_word' id='word_1_581' title='bbox 3116 4127 3256 4190; x_wconf 93' lang='lat' dir='ltr'>me,</span> <span class='ocrx_word' id='word_1_582' title='bbox 3300 4115 3376 4176; x_wconf 89' lang='lat' dir='ltr'>ut</span> 
     </span>
     <span class='ocr_line' id='line_1_84' title="bbox 1836 4215 3375 4302; baseline 0.001 -20"><span class='ocrx_word' id='word_1_583' title='bbox 1836 4219 2162 4302; x_wconf 88' lang='lat' dir='ltr'>plangam,</span> <span class='ocrx_word' id='word_1_584' title='bbox 2191 4238 2222 4277; x_wconf 73' lang='grc' dir='ltr'><strong>υ</strong></span> <span class='ocrx_word' id='word_1_585' title='bbox 2258 4219 2404 4294; x_wconf 88' lang='lat' dir='ltr'>etc.,</span> <span class='ocrx_word' id='word_1_586' title='bbox 2434 4233 2639 4298; x_wconf 78' lang='lat' dir='ltr'>usque</span> <span class='ocrx_word' id='word_1_587' title='bbox 2664 4237 2681 4279; x_wconf 70' lang='grc' dir='ltr'><strong>ε</strong></span> <span class='ocrx_word' id='word_1_588' title='bbox 2711 4238 2742 4278; x_wconf 78' lang='grc' dir='ltr'>α</span> <span class='ocrx_word' id='word_1_589' title='bbox 2768 4218 3005 4281; x_wconf 89' lang='lat' dir='ltr'>terram</span> <span class='ocrx_word' id='word_1_590' title='bbox 3023 4215 3294 4284; x_wconf 70' lang='lat' dir='ltr'>miseriae</span> <span class='ocrx_word' id='word_1_591' title='bbox 3311 4223 3375 4284; x_wconf 87' lang='lat' dir='ltr'>et</span> 
     </span>
     <span class='ocr_line' id='line_1_85' title="bbox 1835 4327 2342 4391; baseline -0.016 0"><span class='ocrx_word' id='word_1_592' title='bbox 1835 4327 2274 4391; x_wconf 87' lang='lat' dir='ltr'>tenebrarum.</span> <span class='ocrx_word' id='word_1_593' title='bbox 2310 4344 2342 4383; x_wconf 72' lang='grc' dir='ltr'>ι»</span> 
     </span>
    </p>

    <p class='ocr_par' dir='ltr' id='par_1_11' title="bbox 1837 4428 3375 5165">
     <span class='ocr_line' id='line_1_86' title="bbox 1916 4428 3369 4517; baseline 0.003 -22"><span class='ocrx_word' id='word_1_594' title='bbox 1916 4434 2002 4501; x_wconf 87' lang='lat' dir='ltr'>De</span> <span class='ocrx_word' id='word_1_595' title='bbox 2029 4437 2281 4517; x_wconf 83' lang='lat' dir='ltr'>quarto,</span> <span class='ocrx_word' id='word_1_596' title='bbox 2313 4428 2649 4495; x_wconf 82' lang='lat' dir='ltr'>Psalmista</span> <span class='ocrx_word' id='word_1_597' title='bbox 2677 4429 2722 4465; x_wconf 83' lang='lat'>²¹</span> <span class='ocrx_word' id='word_1_598' title='bbox 2756 4450 2772 4494; x_wconf 73' lang='grc' dir='ltr'>ε</span> <span class='ocrx_word' id='word_1_599' title='bbox 2804 4452 2836 4490; x_wconf 76' lang='lat'>&lt;1</span> <span class='ocrx_word' id='word_1_600' title='bbox 2861 4432 3155 4514; x_wconf 83' lang='lat' dir='ltr'>Exurgat</span> <span class='ocrx_word' id='word_1_601' title='bbox 3181 4431 3369 4515; x_wconf 66' lang='lat' dir='ltr'>Deus»,</span> 
     </span>
     <span class='ocr_line' id='line_1_87' title="bbox 1837 4536 3375 4624; baseline -0.001 -15"><span class='ocrx_word' id='word_1_602' title='bbox 1837 4546 1901 4609; x_wconf 87' lang='lat' dir='ltr'>et</span> <span class='ocrx_word' id='word_1_603' title='bbox 1927 4541 2328 4624; x_wconf 88' lang='lat' dir='ltr'>dissipentur,</span> <span class='ocrx_word' id='word_1_604' title='bbox 2356 4559 2388 4598; x_wconf 72' lang='grc' dir='ltr'>ι»</span> <span class='ocrx_word' id='word_1_605' title='bbox 2422 4540 2543 4602; x_wconf 88' lang='lat' dir='ltr'>etc.</span> <span class='ocrx_word' id='word_1_606' title='bbox 2584 4536 2868 4619; x_wconf 86' lang='lat' dir='ltr'>Fugiant</span> <span class='ocrx_word' id='word_1_607' title='bbox 2901 4538 3249 4622; x_wconf 81' lang='lat' dir='ltr'>daemones,</span> <span class='ocrx_word' id='word_1_608' title='bbox 3277 4542 3375 4607; x_wconf 82' lang='lat' dir='ltr'>fu-</span> 
     </span>
     <span class='ocr_line' id='line_1_88' title="bbox 1840 4644 3373 4734; baseline 0.001 -19"><span class='ocrx_word' id='word_1_609' title='bbox 1840 4651 2023 4734; x_wconf 88' lang='lat' dir='ltr'>giant</span> <span class='ocrx_word' id='word_1_610' title='bbox 2057 4646 2423 4731; x_wconf 81' lang='lat' dir='ltr'>aequitatem</span> <span class='ocrx_word' id='word_1_611' title='bbox 2463 4644 2570 4729; x_wconf 80' lang='lat' dir='ltr'>(b),</span> <span class='ocrx_word' id='word_1_612' title='bbox 2597 4644 2710 4727; x_wconf 79' lang='lat' dir='ltr'>qui</span> <span class='ocrx_word' id='word_1_613' title='bbox 2743 4645 3052 4728; x_wconf 83' lang='lat' dir='ltr'>fugerunt</span> <span class='ocrx_word' id='word_1_614' title='bbox 3094 4648 3373 4731; x_wconf 85' lang='lat' dir='ltr'>peditem</span> 
     </span>
     <span class='ocr_line' id='line_1_89' title="bbox 1837 4753 3374 4837; baseline -0.002 -12"><span class='ocrx_word' id='word_1_615' title='bbox 1837 4759 2122 4826; x_wconf 88' lang='lat' dir='ltr'>animam</span> <span class='ocrx_word' id='word_1_616' title='bbox 2137 4753 2384 4821; x_wconf 79' lang='lat' dir='ltr'>Christi.</span> <span class='ocrx_word' id='word_1_617' title='bbox 2403 4753 2490 4819; x_wconf 92' lang='lat' dir='ltr'>De</span> <span class='ocrx_word' id='word_1_618' title='bbox 2506 4770 2675 4836; x_wconf 83' lang='lat' dir='ltr'>equo</span> <span class='ocrx_word' id='word_1_619' title='bbox 2695 4754 2975 4837; x_wconf 87' lang='lat' dir='ltr'>corporis</span> <span class='ocrx_word' id='word_1_620' title='bbox 2992 4753 3374 4823; x_wconf 88' lang='lat' dir='ltr'>descendens</span> 
     </span>
     <span class='ocr_line' id='line_1_90' title="bbox 1838 4859 3372 4944; baseline -0.003 -10"><span class='ocrx_word' id='word_1_621' title='bbox 1838 4871 1907 4934; x_wconf 89' lang='lat' dir='ltr'>in</span> <span class='ocrx_word' id='word_1_622' title='bbox 1926 4867 2133 4932; x_wconf 85' lang='lat' dir='ltr'>morte</span> <span class='ocrx_word' id='word_1_623' title='bbox 2151 4863 2475 4928; x_wconf 75' lang='lat' dir='ltr'>daemones</span> <span class='ocrx_word' id='word_1_624' title='bbox 2501 4861 2774 4943; x_wconf 83' lang='lat' dir='ltr'>fugavit.</span> <span class='ocrx_word' id='word_1_625' title='bbox 2800 4859 2958 4925; x_wconf 89' lang='lat' dir='ltr'>Cum</span> <span class='ocrx_word' id='word_1_626' title='bbox 2985 4879 3146 4944; x_wconf 89' lang='lat' dir='ltr'>ergo</span> <span class='ocrx_word' id='word_1_627' title='bbox 3171 4863 3243 4928; x_wconf 91' lang='lat' dir='ltr'>in</span> <span class='ocrx_word' id='word_1_628' title='bbox 3266 4882 3372 4929; x_wconf 91' lang='lat' dir='ltr'>re-</span> 
     </span>
     <span class='ocr_line' id='line_1_91' title="bbox 1839 4966 3374 5054; baseline -0.005 -10"><span class='ocrx_word' id='word_1_629' title='bbox 1839 4975 2227 5044; x_wconf 86' lang='lat' dir='ltr'>surrectione</span> <span class='ocrx_word' id='word_1_630' title='bbox 2239 4970 2322 5037; x_wconf 88' lang='lat' dir='ltr'>ad</span> <span class='ocrx_word' id='word_1_631' title='bbox 2338 4986 2579 5054; x_wconf 85' lang='lat' dir='ltr'>equum</span> <span class='ocrx_word' id='word_1_632' title='bbox 2592 4966 2870 5047; x_wconf 88' lang='lat' dir='ltr'>redierit,</span> <span class='ocrx_word' id='word_1_633' title='bbox 2889 4969 3098 5050; x_wconf 85' lang='lat' dir='ltr'>magis</span> <span class='ocrx_word' id='word_1_634' title='bbox 3107 4968 3374 5037; x_wconf 87' lang='lat' dir='ltr'>timeant</span> 
     </span>
     <span class='ocr_line' id='line_1_92' title="bbox 1839 5075 3375 5165; baseline -0.004 -17"><span class='ocrx_word' id='word_1_635' title='bbox 1839 5090 1904 5151; x_wconf 88' lang='lat' dir='ltr'>et</span> <span class='ocrx_word' id='word_1_636' title='bbox 1937 5081 2211 5165; x_wconf 84' lang='lat' dir='ltr'>fugiant.</span> <span class='ocrx_word' id='word_1_637' title='bbox 2258 5077 2539 5163; x_wconf 72' lang='lat' dir='ltr'>Fugiunt</span> <span class='ocrx_word' id='word_1_638' title='bbox 2577 5077 2793 5140; x_wconf 89' lang='lat' dir='ltr'>autem</span> <span class='ocrx_word' id='word_1_639' title='bbox 2828 5092 2960 5139; x_wconf 88' lang='lat' dir='ltr'>non</span> <span class='ocrx_word' id='word_1_640' title='bbox 2999 5075 3209 5142; x_wconf 89' lang='lat' dir='ltr'>solum</span> <span class='ocrx_word' id='word_1_641' title='bbox 3247 5077 3375 5142; x_wconf 80' lang='lat' dir='ltr'>dae·</span> 
     </span>
    </p>
   </div>
   <div class='ocr_carea' id='block_1_6' title="bbox 1840 5271 3376 5415">
    <p class='ocr_par' dir='ltr' id='par_1_12' title="bbox 1841 5271 3376 5408">
     <span class='ocr_line' id='line_1_93' title="bbox 1841 5271 3376 5347; baseline -0.006 -11.564"><span class='ocrx_word' id='word_1_642' title='bbox 1841 5285 2042 5347; x_wconf 76' lang='lat' dir='ltr'>¹⁴Aug.</span> <span class='ocrx_word' id='word_1_643' title='bbox 2069 5275 2201 5317; x_wconf 81' lang='lat'>—¹⁸</span> <span class='ocrx_word' id='word_1_644' title='bbox 2228 5275 2300 5325; x_wconf 90' lang='lat' dir='ltr'>ld</span> <span class='ocrx_word' id='word_1_645' title='bbox 2329 5297 2390 5312; x_wconf 90' lang='lat'>—</span> <span class='ocrx_word' id='word_1_646' title='bbox 2426 5272 2467 5307; x_wconf 83' lang='grc'>14</span> <span class='ocrx_word' id='word_1_647' title='bbox 2493 5271 2678 5334; x_wconf 66' lang='lat' dir='ltr'>Exod„</span> <span class='ocrx_word' id='word_1_648' title='bbox 2706 5284 2794 5337; x_wconf 67' lang='lat' dir='ltr'>xit,</span> <span class='ocrx_word' id='word_1_649' title='bbox 2824 5275 2963 5324; x_wconf 76' lang='grc'>5.-</span> <span class='ocrx_word' id='word_1_650' title='bbox 2989 5272 3033 5308; x_wconf 80' lang='lat'>1⁷</span> <span class='ocrx_word' id='word_1_651' title='bbox 3058 5273 3196 5325; x_wconf 73' lang='lat' dir='ltr'>Psal.</span> <span class='ocrx_word' id='word_1_652' title='bbox 3224 5286 3303 5339; x_wconf 71' lang='grc' dir='ltr'>ιι,</span> <span class='ocrx_word' id='word_1_653' title='bbox 3325 5277 3376 5330; x_wconf 88' lang='grc'><strong>6.</strong></span> 
     </span>
     <span class='ocr_line' id='line_1_94' title="bbox 1840 5306 3376 5415; baseline 0.004 -25.469"><span class='ocrx_word' id='word_1_654' title='bbox 1840 5306 3376 5415; x_wconf 40' lang='lat' dir='ltr'>2M0105115J-1080ph022fflstm-·J‚obxso</span> 
     </span>
    </p>
   </div>
   <div class='ocr_carea' id='block_1_7' title="bbox 1841 5414 3380 5491">
    <p class='ocr_par' dir='ltr' id='par_1_13' title="bbox 1841 5414 3380 5491">
     <span class='ocr_line' id='line_1_95' title="bbox 1841 5414 3380 5491; baseline 0 -20"><span class='ocrx_word' id='word_1_655' title='bbox 1841 5458 1903 5471; x_wconf 88' lang='grc'><strong>-..</strong></span> <span class='ocrx_word' id='word_1_656' title='bbox 1929 5422 2128 5478; x_wconf 75' lang='lat' dir='ltr'>²¹Psal.</span> <span class='ocrx_word' id='word_1_657' title='bbox 2156 5431 2318 5489; x_wconf 78' lang='lat' dir='ltr'>vau,</span> <span class='ocrx_word' id='word_1_658' title='bbox 2348 5416 2547 5491; x_wconf 65' lang='lat' dir='ltr'>1.-&lt;a)</span> <span class='ocrx_word' id='word_1_659' title='bbox 2571 5416 2686 5485; x_wconf 59' lang='grc' dir='ltr'><strong>[ιθ.</strong></span> <span class='ocrx_word' id='word_1_660' title='bbox 2704 5416 2825 5466; x_wconf 84' lang='lat' dir='ltr'>suis.</span> <span class='ocrx_word' id='word_1_661' title='bbox 2831 5414 2970 5482; x_wconf 77' lang='lat' dir='ltr'><em>-(b)</em></span> <span class='ocrx_word' id='word_1_662' title='bbox 2994 5416 3119 5477; x_wconf 73' lang='lat' dir='ltr'>uem</span> <span class='ocrx_word' id='word_1_663' title='bbox 3134 5418 3380 5485; x_wconf 80' lang='lat' dir='ltr'>equitem,</span> 
     </span>
    </p>
   </div>
  </div>
 </body>
</html>
