4059 6317
619 500 736 563 102

615 632 688 697 in
735 627 1062 715 Scriptura
1099 636 1341 716 septem
1375 631 1626 696 vicibus
1665 627 2004 714 periclitari
2034 645 2149 691 na·-

617 755 731 806 ves
757 759 775 806 z
799 741 989 822 Juxta
1021 737 1194 821 quod
1218 737 1500 821 accipere
1532 751 1873 821 possumus
1910 738 2153 818 septem

618 861 859 925 causas,
889 850 1146 931 propter
1176 864 1337 928 quas
1361 845 1660 912 navicula
1699 843 1995 910 Ecclesiae
2037 844 2151 908 tri-

617 955 1047 1021 bulationibus
1099 957 1461 1037 quassatur,
1517 953 1810 1019 videlicet
1844 975 1860 1017 :
1896 956 2155 1035 propter

617 1061 1066 1146 temporalium
1097 1062 1430 1127 avaritiam
1456 1065 1519 1125 et
1541 1060 1966 1143 opulcntiam;
2005 1076 2154 1141 pro-

620 1174 762 1254 pter
791 1168 978 1234 malae
1009 1167 1324 1234 societatis
1362 1167 1854 1243 adhaerentiam;
1897 1170 2156 1249 propter

621 1275 1020 1344 subditorum
1058 1259 1582 1354 inobedientiam}
1633 1277 1889 1357 propter
1925 1274 2154 1356 praela-

621 1387 839 1448 torum
892 1382 1404 1464 negligentiam3
1461 1385 1717 1466 propter
1760 1380 2156 1463 spiritualem

622 1490 850 1558 Christi
885 1490 1274 1569 absentiam3
1306 1495 1564 1574 propter
1600 1508 1771 1554 curae
1801 1488 2154 1571 pastoralis,

622 1616 739 1664 seu
768 1598 1168 1664 subditorum
1203 1597 1730 1675 excrescentiam3
1764 1602 2021 1681 propter
2042 1597 2160 1661 ini·

623 1725 819 1791 quam
864 1706 1276 1771 innocentum
1301 1704 1776 1788 oppressionem
1816 1710 1881 1769 et
1913 1704 2157 1769 violen-

624 1813 801 1878 tiam.

707 1919 793 1985 De
832 1917 1043 2004 primo
1079 1920 1307 1985 dicitur
1335 1927 1380 1998 ¹,
1420 1919 1593 2003 quod
1630 1942 1661 1981 α
1683 1918 1986 2003 Josaphat
2020 1920 2166 1984 fecit

626 2046 825 2093 naves
861 2046 1011 2112 quae
1038 2028 1514 2109 navigaverunt
1554 2026 1622 2091 in
1662 2027 1862 2110 Ophir
1905 2031 2163 2111 propte'r

628 2153 882 2213 aurum,
914 2152 1059 2218 quae
1073 2135 1410 2199 contractae
1423 2138 1573 2198 sunt
1594 2135 1661 2198 in
1679 2133 2101 2215 Asiongaber.
2122 2156 2155 2195 n

628 2239 928 2326 Josapbat
973 2241 1256 2323 ,iudicem
1309 2241 1360 2304 si
1367 2240 1653 2322 gnificat,
1704 2241 2162 2324 interpretatur

629 2351 802 2418 enim
819 2345 1298 2433 Ipsejudicans.
1314 2351 1339 2384 ¹
1350 2347 1650 2431 «Diligite
1655 2349 2033 2431 justitiam‚»
2042 2354 2161 2416 etc.

631 2455 828 2543 Ophir
854 2456 1172 2523 mundum
1196 2456 1527 2520 infirmum
1566 2456 1926 2538 significat3
1962 2457 2159 2522 inter-

631 2568 918 2651 pretatur
943 2564 1115 2629 enim
1155 2563 1530 2645 Infirmam.
1567 2563 1691 2629 Per
1717 2582 1953 2629 aurum
1985 2583 2168 2631 amor

632 2669 1075 2756 temporaIIum
1116 2672 1513 2754 significatur
1528 2721 1549 2753 ‚
1596 2672 1829 2738 scilicet
1872 2675 2163 2739 avaritia.

633 2781 910 2846 Isidorus
953 2780 1011 2843 ⁸:
1056 2801 1087 2840 α
1120 2779 1372 2845 Avarus
1398 2779 1605 2844 dictus
1641 2781 1723 2844 ab
1759 2799 1855 2858 eo,
1887 2782 2062 2865 quod
2089 2782 2170 2846 sit

633 2888 860 2953 avidus
887 2886 1055 2951 auri.
1083 2906 1114 2946 n
1145 2884 1338 2951 Navis
1365 2884 1668 2970 Josapbat
1701 2888 1768 2951 in
1795 2888 1994 2973 Ophir
2017 2908 2169 2972 pro-

632 2998 774 3079 pter
800 3009 1033 3058 aurum
1061 2992 1257 3073 vadit,
1288 2995 1543 3076 quando
1562 2993 1770 3077 judex
1795 2997 2169 3079 temporalia

633 3102 703 3166 in
729 3099 1001 3166 Ecclesia
1026 3099 1278 3182 quaerit.
1311 3097 1746 3166 Periculosum
1777 3104 1872 3167 est
1903 3105 2025 3169 hoc
2061 3124 2171 3171 au·

631 3214 763 3275 tem
793 3229 808 3271 :
839 3207 1121 3288 legimus
1166 3206 1377 3287 enim,
1417 3207 1590 3290 quod
1632 3213 1891 3293 propter
1935 3230 2169 3278 aurum

631 3314 982 3382 idololatria
994 3314 1432 3378 committitur.
1472 3313 1649 3379 Unde
1672 3315 1902 3381 dicitur
1922 3324 1967 3399 ⁸,
1997 3321 2169 3403 quod

640 3447 672 3487 α
698 3422 1077 3488 Hieroboam
1107 3420 1253 3485 fecit
1278 3421 1514 3486 vitulos
1542 3439 1770 3486 aureos
1790 3471 1807 3500 ,
1841 3428 1916 3488 ut
1940 3426 2170 3492 adora-

632 3537 733 3597 ret
765 3549 873 3597 eos
899 3529 1195 3614 populus.
1222 3551 1254 3590 ι)
1286 3526 1546 3594 Vitulus
1583 3548 1818 3595 aureus
1844 3532 2168 3615 adoratur,

632 3639 891 3723 quando
940 3655 1122 3702 amor
1160 3636 1300 3701 auri
1348 3637 1552 3701 amori
1601 3637 1710 3701 Dei
1754 3641 2170 3721 praeponitur.

635 3745 814 3811 Unde
852 3744 1123 3809 avaritia
1175 3745 1456 3811 servitus
1495 3743 1811 3812 idolorum
1854 3746 2084 3812 dicitur
2103 3753 2167 3812 ⁸:

642 3876 674 3916 α
703 3852 835 3918 Hoc
855 3854 1072 3916 autem
1096 3850 1316 3916 scitote
1340 3850 1783 3933 intelligentes,
1815 3874 1846 3912 n
1874 3858 1993 3919 etc.
2017 3854 2175 3921 Item

633 3963 891 4044 propter
917 3975 1150 4024 aurum
1176 3957 1363 4022 navis
1387 3958 1710 4040 frangitur
1727 4008 1745 4038 ,
1773 3963 2028 4043 quando
2059 3981 2176 4046 per

636 4084 921 4133 amorem
955 4064 1404 4148 temporalium
1444 4065 1720 4130 Ecclesia
1756 4067 1859 4131 vel
1899 4086 2174 4150 congre-

639 4177 816 4257 gatio
882 4187 997 4256 per
1057 4171 1435 4237 discordiam
1500 4171 1829 4238 scinditur.
1900 4173 2176 4241 «Ioannes

639 4282 1123 4366 Chrysostomus
1152 4284 1175 4320 ⁸
1210 4300 1227 4343 ε
1268 4299 1299 4340 α
1324 4275 1467 4344 Non
1499 4279 1740 4344 amabit
1784 4282 2177 4364 proximum,

642 4388 756 4471 qui
808 4404 1042 4452 aurum
1093 4389 1286 4450 amat.
1332 4407 1365 4446 n
1426 4384 1583 4450 Item
1636 4391 1893 4469 propter
1942 4407 2178 4454 aurum

644 4496 865 4563 Achan
904 4493 1244 4577 lapidatur.
1286 4492 1563 4558 Furatus
1593 4495 1764 4558 enim
1810 4496 1932 4561 fuit
1976 4516 2174 4579 regu·

643 4605 775 4669 lam
816 4619 1077 4668 auream
1097 4648 1115 4679 ‚
1145 4601 1306 4665 sicut
1346 4601 1576 4666 dicitur
1617 4603 1664 4668 ⁷.
1711 4602 1833 4668 Per
1877 4606 2180 4670 duritiam

643 4707 951 4794 lapidum,
972 4707 1206 4775 duritia
1220 4725 1550 4793 poenarum
1570 4715 1956 4777 aeternarum
1983 4715 2193 4806 signi·x

645 4800 891 4883 fleatur.
934 4817 1155 4884 Achan
1179 4834 1340 4899 ergo
1367 4823 1625 4902 propter
1658 4837 1890 4885 aurum
1930 4822 2179 4906 lapida-

647 4930 779 5006 tur,
806 4924 1062 5008 quando
1087 4939 1325 4989 avarus
1349 4942 1688 5006 poenarum
1718 4929 1979 4994 cumulo
2004 4936 2184 4996 aeter-

648 5049 882 5098 narum
930 5031 1247 5097 obruitur.
1316 5029 1677 5097 Bernardus
1712 5032 1736 5069 ⁸
1779 5055 1795 5098 ε
1855 5057 1887 5096 α
1930 5033 2184 5102 Utinam

712 5193 731 5228 ¹
761 5193 822 5242 ln
855 5194 994 5258 Re9.,
1028 5204 1167 5253 xxn,
1196 5193 1274 5243 49.
1297 5218 1361 5230 -
1389 5192 1566 5258 ²Sap„
1597 5206 1655 5254 11,
1679 5198 1726 5245 1.
1762 5222 1824 5233 —
1850 5195 1872 5231 ⁸
1899 5196 2037 5261 isid„
2068 5198 2186 5262 Ety-

652 5264 793 5328 moL,
829 5265 918 5317 lib.
952 5267 1024 5330 X,
1067 5265 1227 5316 verbo
1269 5265 1477 5316 Avidus.
1503 5291 1566 5303 —
1591 5265 1614 5300 ⁸
1641 5267 1703 5318 ΙΙΙ
1735 5268 1872 5333 Ite-9..
1902 5281 1985 5329 xv,
2015 5273 2094 5320 28.
2124 5296 2188 5308 —

652 5337 672 5368 ⁵
695 5337 894 5402 Ephes„
925 5348 973 5398 V,
1004 5340 1050 5387 5.
1081 5361 1145 5373 —
1173 5337 1196 5373 θ
1224 5336 1507 5401 Chrysost„
1539 5338 1592 5387 in
1618 5339 1823 5396 Mami..
1854 5339 1995 5390 hom.
2024 5353 2183 5405 mxx,

654 5406 722 5458 al.
748 5419 939 5470 nxxxn,
967 5422 1019 5457 n.
1051 5409 1098 5470 4,
1132 5408 1302 5472 quoad
1330 5419 1554 5457 sensum.
1582 5429 1643 5445 «-
1681 5410 1697 5440 ²
1729 5410 1852 5471 los„
1886 5423 1986 5474 vu,
2015 5416 2183 5462 20-24.

655 5504 718 5517 -
756 5482 776 5510 ⁸
804 5480 911 5532 imo
947 5482 1125 5531 auctor
1163 5478 1618 5539 Declamacionum,
1660 5479 1792 5531 inter
1826 5482 1997 5547 spuria
2038 5483 2185 5547 oper.

1708 489 2133 560 SERMONES
2172 487 2273 556 DE
2313 485 2710 559 TEMPORE.

2257 643 2511 711 saperes
2530 677 2549 710 ,
2581 628 2799 709 miser,
2850 633 2914 693 et
2955 621 3345 710 intelligeres
3358 677 3376 709 ‚
3418 629 3591 712 quod
3644 647 3795 694 cum

2259 736 2556 801 thesauro
2606 736 2899 819 pecuniae
2963 735 3340 800 thesaurum
3389 736 3506 800 irae
3558 736 3797 818 pariter

2258 845 2575 909 cumulas!
2613 867 2644 904 ι»
2680 843 2785 909 Sic
2817 860 2976 924 ergo
3022 844 3291 908 avaritia
3326 860 3522 908 avaro
3568 843 3796 909 nociva

2258 954 2354 1015 est
2383 972 2398 1012 ε
2429 952 2510 1017 ad
2534 950 2905 1028 Dominum,
2939 953 3195 1032 propter
3221 949 3641 1015 idololatriam
3663 971 3680 1028 ;
3712 950 3794 1016 ad

2259 1060 2647 1141 proximum,
2674 1062 2924 1141 propter
2942 1057 3318 1121 discordiam
3343 1079 3361 1137 ;
3389 1057 3471 1122 ad
3488 1057 3794 1139 seipsum,

2260 1171 2518 1251 propter
2549 1184 2803 1250 poenam
2828 1163 3219 1229 aeternalem.

2340 1273 2429 1339 De
2472 1273 2751 1339 secundo
2794 1272 3027 1337 dicitur
3052 1277 3098 1350 ⁹,
3130 1271 3303 1364 quod
3336 1294 3370 1333 α
3392 1270 3662 1357 Joppitae
3690 1292 3798 1340 ro-

2266 1385 2586 1462 gaverunt
2608 1379 2641 1444 J
2646 1378 2862 1444 udaeos
2887 1375 3224 1443 ascendere
3248 1395 3466 1444 secum
3481 1382 3748 1465 scaphas
3761 1404 3793 1443 a

2263 1492 2398 1555 sive
2424 1509 2643 1570 naveS,
2671 1490 2838 1555 etsie
2857 1490 3384 1556 «submerserunt
3407 1510 3578 1557 neos.
3608 1491 3806 1577 Joppe

2264 1597 2582 1661 mundum
2607 1597 2658 1660 si
2667 1597 2932 1679 gnificat
2958 1600 3216 1679 propter
3240 1597 3635 1680 deceptivam
3665 1603 3808 1682 eJ'us

2264 1703 2833 1787 pulchritudinem,
2854 1705 3306 1786 interpretatur
3322 1705 3495 1768 enim
3520 1705 3802 1786 pulchri-

2267 1811 2421 1879 tudo
2448 1809 2829 1895 ¹⁹.1uJ0ppe
2855 1827 3018 1891 ergo
3037 1814 3187 1874 sunt
3216 1811 3437 1875 mundi
3466 1815 3807 1877 amatores.

2265 1917 2299 1984 J
2301 1917 2472 1984 udaei
2505 1918 2868 1997 confitentes
2896 1918 3394 1999 interpretantur
3419 1966 3436 1995 ,
3467 1924 3532 1984 et
3559 1919 3812 2001 signifi-

2267 2029 2413 2091 cant
2426 2027 2637 2107 ,iustos
2651 2029 2716 2089 et
2730 2024 3085 2106 religiosos,
3104 2024 3446 2089 Dominum
3456 2025 3801 2107 laudando,

2268 2138 2333 2196 et
2362 2132 2601 2214 seipsos
2627 2131 3002 2211 accusando,
3047 2132 3436 2196 confitentes.
3485 2132 3607 2218 Qui
3645 2149 3813 2214 ergo

2270 2240 2482 2321 magis
2509 2239 2734 2304 mundi
2762 2237 3180 2316 amatoribus,
3211 2255 3410 2321 quam
3437 2237 3566 2303 Deo
3602 2238 3816 2304 adbae-

2269 2351 2449 2427 rent,
2488 2347 2613 2412 cito
2640 2347 2710 2410 in
2736 2346 3010 2411 navibus
3048 2347 3553 2427 submerguntur
3589 2350 3653 2410 et
3692 2363 3810 2429 pe-

2270 2459 2461 2521 reunt
2482 2456 2526 2497 ¹¹
2554 2477 2571 2519 ε
2603 2477 2635 2518 α
2651 2454 2979 2537 Projecisti
2997 2453 3307 2537 populum
3332 2458 3522 2518 tuum
3547 2454 3819 2519 domum

2269 2562 2483 2640 Jacob,
2512 2563 2664 2644 quia
2689 2561 2912 2644 repleti
2944 2565 3095 2625 sunt
3122 2564 3198 2625 ut
3223 2560 3412 2639 olim,
3441 2565 3507 2625 et
3528 2579 3820 2644 auguroe

2272 2670 2638 2735 habuerunt
2680 2673 2755 2735 ut
2804 2668 3142 2734 Philistiim
3162 2716 3178 2747 ‚
3224 2672 3288 2733 et
3329 2670 3548 2752 pueris
3591 2670 3822 2735 alienis

2271 2757 2700 2843 adnasci-unt.
2717 2797 2748 2836 n
2774 2775 2953 2841 Unde
2964 2777 3126 2840 bene
3142 2775 3232 2840 ait
3244 2774 3580 2842 Isidorus¹¹
3600 2798 3616 2841 ε
3645 2800 3678 2839 c
3692 2776 3825 2842 Me-

2272 2884 2398 2949 lius
2426 2883 2780 2949 esthabere
2808 2882 3123 2948 malorum
3150 2886 3393 2966 odium,
3424 2906 3620 2970 quam
3648 2905 3812 2953 con-

2274 2994 2560 3057 sortium.
2620 3011 2651 3051 »
2703 2989 2866 3056 Vere
2928 2990 3293 3073 periculosa·
3347 2998 3443 3057 est
3499 2995 3825 3061 malorum

2274 3098 2537 3164 societas
2600 3097 2861 3180 ubique.
2922 3096 3286 3163 Periculosa
3350 3105 3446 3165 est
3493 3101 3565 3166 in
3618 3104 3780 3168 coelo
3794 3154 3818 3186 ,

2276 3207 2448 3272 unde
2499 3206 2653 3270 socii
2694 3205 2966 3271 Luciferi
3021 3225 3170 3272 cum
3199 3225 3277 3273 eo
3331 3216 3708 3276 corruerunt
3722 3212 3769 3249 ¹⁸
3800 3231 3821 3276 ε

2286 3337 2318 3377 α
2344 3313 2555 3379 Gauda
2580 3316 2722 3396 ejus
2744 3315 3037 3379 trahebat
3062 3316 3321 3381 tertiam
3348 3322 3594 3400 partem
3614 3320 3827 3385 stella-

2276 3439 2425 3486 rum
2453 3420 2618 3486 coeli.
2649 3442 2680 3482 n
2722 3424 2878 3485 Item
2902 3421 2974 3485 in
3005 3423 3285 3503 mundo,
3314 3425 3477 3489 sicut
3510 3425 3614 3490 hic
3651 3426 3825 3492 dici-

2279 3535 2407 3610 tur,
2452 3529 2604 3612 quia
2627 3528 3045 3612 spiritualiter
3074 3530 3604 3613 submerguntur.
3634 3531 3827 3597 Psal-

2279 3636 2467 3701 mista
2492 3635 2536 3672 ¹⁴
2566 3657 2581 3701 ε
2622 3658 2654 3698 α
2682 3637 2840 3701 Cum
2882 3653 3182 3719 perverso
3225 3653 3585 3720 perversus,
3616 3661 3647 3700 υ
3690 3644 3820 3706 etc.

2281 3745 2438 3811 Item
2461 3745 2532 3809 in
2558 3745 2805 3809 inferno
2827 3750 2875 3786 ¹⁸
2903 3767 2918 3810 ι
2958 3767 2989 3807 α
3017 3745 3467 3830 Unusquisque
3495 3748 3573 3813 ad
3598 3751 3823 3832 proxi-

2280 3872 2463 3919 mum
2489 3871 2680 3918 suum
2717 3853 2995 3935 stupebit
3024 3876 3040 3918 ε
3069 3854 3261 3919 facies
3296 3855 3643 3922 combustae
3670 3859 3826 3921 vul-

2280 3966 2387 4026 tus
2425 3977 2673 4025 eorum.
2717 3980 2750 4020 n
2785 3959 2947 4024 Mala
2986 3977 3148 4041 ergo
3200 3964 3465 4027 societas
3520 3965 3592 4027 in
3659 3964 3825 4031 ooelo

2281 4068 2486 4152 perdit
2511 4069 2783 4150 gloriam
2806 4087 2823 4147 ;
2856 4067 2926 4132 in
2959 4069 3201 4133 mundo
3227 4069 3401 4135 addit
3425 4071 3717 4155 culpam3
3750 4074 3822 4138 in

2281 4178 2525 4241 interno
2561 4175 2844 4240 cumulat
2877 4193 3154 4258 poenam.
3186 4175 3268 4241 Ut
3292 4194 3451 4259 ergo
3479 4179 3617 4244 haec
3641 4181 3821 4262 peri-

2283 4282 2500 4348 culosa
2523 4282 2774 4361 evadas,
2812 4281 3014 4346 bonos
3044 4282 3249 4346 socios
3274 4300 3524 4366 semper
3554 4286 3821 4354 habeas.

2283 4389 2640 4455 Bernardus
2669 4389 2753 4452 ”z
2789 4409 2821 4449 α
2846 4386 3053 4453 Bonos
3096 4388 3165 4452 in
3206 4388 3493 4470 consilio,
3521 4392 3721 4456 bonos
3751 4395 3827 4458 in

2286 4498 2618 4582 obsequio,
2651 4501 2716 4561 et
2738 4495 2958 4561 bonos
3006 4496 3243 4561 habeas
3293 4498 3779 4565 contubernales
3796 4550 3819 4580 ‚

2286 4606 2397 4689 qui
2426 4607 2577 4672 vltae
2617 4607 2681 4669 et
2718 4604 3066 4670 honestatis
3101 4607 3233 4669 tuae
3277 4606 3565 4670 custodes
3600 4606 3726 4671 sint
3759 4613 3829 4673 et

2286 4717 2495 4778 teste&
2526 4735 2557 4773 ιο

2366 4821 2453 4885 De
2485 4821 2673 4885 tertio
2697 4817 2930 4885 dicitur
2951 4821 3019 4901 ¹⁷,
3057 4822 3229 4903 quod
3264 4823 3564 4906 praecepit
3600 4823 3828 4888 Domi-

2289 4946 2411 4993 nus
2435 4927 2613 4993 Jonae
2638 4928 2984 5010 praedicare
3011 4929 3076 4992 in
3108 4927 3358 4993 Ninive.
3386 4928 3577 4993 Jonas
3603 4948 3644 4994 a
3664 4930 3829 4996 facie

2290 5036 2537 5101 Domini
2561 5035 2729 5117 fugit
2751 5035 2821 5100 in
2844 5035 3085 5115 navim,
3115 5052 3263 5120 quae
3291 5040 3541 5100 tantum
3570 5037 3822 5120 pericli·

2296 5195 2563 5257 Bemardi,
2606 5211 2648 5246 c.
2696 5209 2803 5247 xlv.
2831 5221 2893 5233 —
2937 5199 2957 5229 ⁹
3003 5197 3043 5246 ll
3088 5197 3272 5256 Maeli„
3313 5210 3417 5260 κη,
3455 5200 3561 5248 3-4.
3589 5200 3829 5250 —10Ab

2292 5268 2436 5318 hebr.
2471 5267 2584 5332 ”D,
2620 5269 2771 5331 ieplzi.
2799 5291 2863 5305 -—
2893 5268 2928 5303 ¹¹
2957 5270 3076 5330 isa„
3105 5280 3174 5332 11,
3200 5271 3249 5317 6.
3282 5295 3344 5306 -
3372 5269 3416 5304 ¹¹
3445 5268 3585 5333 leid„
3613 5269 3824 5334 synon„

2293 5355 2342 5391 c.
2369 5352 2477 5404 xlx,
2510 5345 2625 5404 post
2654 5340 2868 5391 med.-
2903 5341 2941 5374 ¹⁸
2965 5342 3137 5404 Apoc„
3166 5352 3264 5403 ιιι,
3296 5344 3343 5389 4.
3373 5365 3434 5379 -
3459 5341 3499 5376 ¹⁶
3525 5340 3668 5392 Psal.
3691 5355 3827 5408 xva,

2292 5413 2371 5463 27.
2408 5439 2464 5448 —
2504 5413 2546 5449 ¹⁸
2580 5413 2701 5474 lm„
2732 5423 2858 5478 1111,
2885 5414 2931 5464 8.
2974 5435 3026 5449 -—·
3068 5411 3104 5443 ¹⁸
3132 5412 3376 5463 Bernard.
3404 5438 3469 5451 -
3497 5413 3537 5449 ¹⁷
3555 5414 3688 5478 lom,
3724 5425 3764 5478 ι,
3795 5421 3821 5467 1

2292 5486 2345 5534 et
2370 5497 2479 5550 seq-
