4059 6317
902 539 1285 611 DOMINIGA
1322 537 1404 608 vl
1448 535 1646 605 POST
1688 534 2269 608 PENTECOSTEN.
2318 542 2584 614 SERMO
2624 547 2729 616 lv.

208 690 325 758 per
349 674 641 744 foramen
672 681 931 763 propter
967 678 1382 763 repletionem
1419 674 1596 740 exire
1619 692 1754 740 non

209 787 462 866 poterat
504 804 622 871 per
661 792 835 871 quod
879 788 1247 853 intraverat.
1300 783 1399 849 Ad
1451 784 1758 848 fenestras

206 895 428 957 autem
453 894 718 959 veniens
744 913 860 978 per
885 896 1007 960 alia
1028 894 1347 960 foramina
1371 891 1546 956 exire
1573 909 1759 957 cona-

207 997 400 1064 batur
421 1046 438 1076 ,
487 1002 598 1066 sed
640 1020 771 1067 non
822 1002 1330 1087 permittebatur.
1386 999 1759 1081 Fustigatus

208 1110 428 1172 autem
449 1156 471 1187 ,
502 1108 804 1175 devorata
847 1111 1169 1188 evomuit,
1213 1112 1277 1174 et
1316 1107 1406 1172 sic
1446 1125 1560 1190 per
1606 1125 1755 1189 proa-

208 1213 431 1295 prium
454 1215 741 1280 foramen
770 1217 994 1281 exivit.
1027 1215 1131 1281 Sic
1157 1219 1253 1281 est
1278 1215 1358 1279 de
1393 1231 1613 1293 avaro,
1645 1213 1760 1296 qui

206 1325 536 1387 saturatur
581 1326 644 1388 et
685 1323 991 1407 impletur
1028 1323 1287 1406 injustis
1338 1321 1759 1404 possessioni-

151 1429 158 1434 ’
207 1428 334 1492 bus
379 1447 398 1494 ε
448 1429 623 1495 hunc
666 1431 1006 1511 Dominus,
1052 1430 1158 1495 vel
1201 1428 1606 1510 praedicator,
1654 1427 1759 1493 vel

208 1537 553 1617 confessor,
580 1556 731 1603 cum
759 1537 923 1603 fuste
948 1534 1461 1602 comminationis
1500 1539 1757 1599 aeternae

207 1663 420 1728 poenae
461 1644 844 1729 quandoque
883 1644 1133 1725 agitare
1173 1642 1420 1725 incipit.
1451 1642 1611 1708 Cum
1638 1659 1756 1706 au-

209 1758 344 1818 tem
369 1752 655 1837 jejunia,
702 1758 766 1818 et
805 1751 1354 1836 peregrinationes
1377 1798 1395 1829 ‚
1426 1755 1489 1814 et
1525 1749 1759 1814 similia

208 1879 446 1928 avarus
478 1859 834 1944 promittit,
859 1861 1072 1943 ipsum
1112 1877 1229 1942 per
1255 1859 1540 1924 foramen
1560 1905 1583 1937 ,
1627 1875 1756 1941 quo

207 1970 413 2050 venit,
441 1970 619 2034 exire
656 1969 830 2051 cogit
855 1968 875 2005 ¹
919 1985 936 2033 ε
981 1990 1014 2029 α
1039 1967 1199 2031 Cum
1235 1965 1501 2029 satiatus
1537 1964 1753 2042 fuerit,

207 2076 581 2156 arctabitur,
611 2099 643 2136 n
681 2079 803 2140 etc.
835 2073 1020 2139 Canis
1052 2091 1215 2154 ergo
1254 2072 1557 2137 devorata
1596 2089 1756 2136 evo-

208 2186 352 2263 mit,
383 2184 540 2249 dum
566 2202 803 2250 avarus
827 2183 1068 2264 injusta
1101 2178 1380 2244 restituit
1408 2179 1432 2214 ²
1466 2199 1481 2242 :
1525 2201 1556 2239 c
1582 2176 1756 2242 Divi-

206 2291 352 2368 tias,
383 2308 544 2373 quas
582 2289 933 2369 devoravit,
961 2290 1234 2365 evomet,
1268 2306 1300 2345 n
1334 2288 1453 2349 etc.
1497 2282 1604 2348 Sic
1637 2301 1757 2349 au-

205 2403 343 2463 tem
370 2399 602 2463 fustem
629 2395 1058 2462 damnationis
1084 2394 1331 2459 evadet.

292 2505 380 2570 De
407 2504 683 2571 secundo
709 2503 943 2569 dicitur
980 2501 1089 2567 hic
1120 2521 1137 2566 ε
1172 2498 1752 2580 Manducaverunt,

206 2619 270 2682 et
297 2615 582 2681 saturati
608 2617 783 2691 sunt,
814 2614 934 2675 etc.
967 2609 1247 2674 Saturati
1269 2611 1486 2672 autem
1513 2612 1754 2690 septem

203 2722 486 2806 panibus
507 2722 791 2801 fuerunt,
819 2719 933 2804 qui
954 2717 1302 2784 Dominum
1326 2718 1537 2782 triduo
1562 2715 1754 2781 susti·

203 2850 435 2897 nuere.
467 2830 718 2915 Septem
745 2848 964 2914 panes,
996 2827 1346 2893 secundum
1387 2825 1676 2890 Glossam
1704 2824 1748 2905 ⁸,

204 2944 364 3006 sunt
407 2944 645 3023 septem
697 2938 863 3003 dona
916 2936 1188 3020 Spiritus
1235 2934 1436 2998 sancti
1451 2981 1469 3013 ,
1520 2934 1757 3016 quibus

203 3051 577 3112 saturamur
614 3046 683 3110 in
729 3043 1068 3108 solitudine
1113 3040 1406 3107 Ecclesiae
1451 3044 1592 3123 post
1638 3038 1752 3104 tri-

202 3154 415 3220 duum
441 3152 847 3219 confessionis
860 3200 883 3232 ,
910 3151 1337 3230 contritionis»,
1383 3149 1754 3213 satisfactio-

203 3262 349 3343 nis,
381 3262 461 3328 de
495 3279 623 3346 quo
662 3260 872 3325 triduo
916 3265 940 3301 ⁸
989 3277 1005 3320 ε
1051 3281 1084 3320 α
1124 3257 1290 3322 Deus
1334 3256 1752 3321 Hebraeorum

204 3370 486 3450 vocavit,
520 3374 594 3434 ut
624 3385 849 3433 eamus
873 3366 1048 3430 viam
1078 3365 1274 3429 trium
1300 3363 1551 3429 dierum
1576 3365 1643 3427 in
1662 3381 1756 3429 so-

202 3478 502 3543 litudine.
532 3498 564 3537 n
601 3475 746 3555 Sed,
783 3475 942 3539 heul
976 3472 1234 3556 quidam
1263 3472 1547 3554 pecuniis
1573 3474 1637 3535 et
1659 3471 1754 3536 la·

203 3585 474 3650 boribus
504 3583 637 3648 suis
663 3585 886 3647 emunt
913 3579 1034 3643 sibi
1063 3580 1298 3643 famem
1329 3578 1591 3657 animae,
1621 3595 1754 3642 non

205 3691 632 3757 saturitatem.
665 3688 752 3753 De
780 3687 1109 3769 quibus,
1038 3687 1108 3724 ⁸·
1149 3705 1181 3745 ιι
1208 3684 1418 3762 Quare
1451 3683 1753 3767 appendi-

202 3800 289 3863 tis
334 3801 684 3880 argentum
725 3813 855 3859 non
897 3794 966 3857 in
1004 3791 1310 3877 panibus,
1356 3794 1421 3856 et
1471 3791 1753 3854 laborem

203 3910 498 3972 vestrum
523 3921 655 3968 non
675 3903 744 3966 in
770 3902 1133 3966 saturitate?
1166 3921 1198 3960 ι»
1230 3898 1354 3975 Qui
1378 3914 1539 3978 ergo
1564 3901 1657 3961 est
1684 3896 1752 3961 in

203 4015 541 4080 saturitate
585 4011 820 4076 animae
859 4010 1159 4075 laborans
1180 4057 1197 4088 ‚
1245 4006 1329 4071 ad
1363 4006 1564 4071 Deum
1581 4052 1604 4085 ‚
1642 4005 1751 4088 qui

205 4124 334 4188 hos
360 4139 555 4205 panes
579 4118 792 4198 habet,
820 4116 1048 4204 veniat⁸
1074 4115 1097 4152 ⁶
1130 4137 1147 4180 ε
1188 4138 1219 4177 c
1243 4112 1464 4179 Venite
1503 4113 1585 4178 ad
1620 4130 1750 4193 me,

205 4247 461 4309 omnes,
490 4231 610 4292 etc.
647 4246 680 4287 n
713 4224 1072 4290 Bernardus
1097 4227 1121 4265 ²
1155 4244 1171 4286 ι
1214 4244 1245 4283 ι
1273 4220 1430 4286 Caro
1468 4220 1701 4285 clamat
1731 4241 1748 4285 ε

205 4337 355 4419 Ego
393 4333 722 4417 decipiam.
767 4330 1044 4397 Mundus
1082 4328 1312 4394 clamat
1353 4345 1371 4390 t
1418 4327 1556 4409 Ego
1601 4327 1755 4393 defl-

203 4444 402 4509 ciam.
452 4438 749 4504 Diabolus
796 4437 1031 4502 clamat
1079 4456 1096 4500 ε
1151 4437 1293 4516 Ego
1346 4433 1748 4499 interficiam.

203 4549 498 4616 Christus
555 4568 574 4611 ι
625 4546 767 4627 Ego
819 4544 1126 4610 reficiam.
1185 4542 1286 4608 Ad
1339 4560 1534 4626 quem
1586 4542 1752 4608 ibis?

203 4676 406 4742 quem
430 4655 758 4739 sequeris?

288 4765 377 4830 De
412 4761 695 4829 tertio⁸z
738 4782 769 4821 ι
805 4758 979 4824 Beati
1024 4758 1139 4843 qui
1184 4757 1505 4839 esuriunt,
1543 4779 1576 4818 n
1628 4762 1748 4824 etc.

202 4873 373 4942 Vere
400 4870 855 4937 saturabuntur
893 4866 1080 4932 melle
1113 4864 1502 4940 dulcissimae
1546 4866 1749 4947 grati-

203 4981 472 5049 tudinis.
502 4977 796 5044 Psalmus
822 4982 846 5018 1
877 4997 894 5041 ι
935 4998 967 5038 α
990 4975 1079 5040 De
1108 4979 1287 5058 petra
1325 4972 1512 5038 melle
1539 4975 1624 5053 (α)
1650 4992 1751 5039 sa-

207 5091 457 5156 turavit
496 5106 627 5153 eos.
665 5109 699 5148 »
745 5085 794 5151 Ο
835 5089 1014 5168 petra
1061 5083 1372 5167 pretiosa!
1417 5082 1462 5118 ¹⁰
1510 5104 1542 5144 α
1571 5080 1753 5149 Petra

280 5220 296 5250 1
332 5216 438 5279 Job,
462 5228 553 5281 xx,
586 5218 663 5268 22.
693 5241 750 5252 --
785 5215 804 5245 ²
841 5211 988 5275 ibid„
1026 5214 1103 5262 15.
1139 5235 1205 5248 -
1242 5209 1261 5240 ⁸
1295 5209 1461 5259 Gloss.
1497 5222 1561 5259 ex
1603 5209 1749 5273 Bed„

210 5292 270 5340 in
296 5290 475 5346 Har-c..
511 5302 556 5339 c.
588 5290 667 5339 32.
700 5312 761 5323 —
786 5286 810 5322 ⁸
835 5282 1019 5348 Επεὶ,
1055 5293 1103 5345 v,
1129 5283 1180 5332 3.
1209 5308 1264 5318 -
1288 5281 1312 5317 ⁸
1339 5282 1463 5345 Im„
1493 5292 1579 5345 ιν,
1605 5285 1654 5334 2.
1686 5308 1752 5320 -

212 5363 236 5398 ⁸
262 5361 473 5423 naith„
511 5372 595 5425 xl,
631 5361 710 5411 29.
738 5383 800 5396 --
834 5355 858 5393 ’1
885 5354 1132 5407 Bet-nard.
1160 5378 1222 5391 —
1248 5353 1272 5390 ⁸
1297 5352 1498 5414 naeth„
1537 5364 1583 5417 v,
1616 5357 1664 5404 6.
1689 5380 1752 5392 —

212 5434 233 5467 ²
262 5432 402 5488 Psal.
429 5443 588 5495 Lux,
617 5434 692 5484 17.
713 5456 778 5468 -
801 5429 889 5480 ¹⁰1
921 5427 1060 5483 eor..
1084 5438 1140 5491 x,
1166 5429 1216 5477 4.
1239 5451 1293 5462 -
1326 5426 1362 5460 ¹¹
1385 5425 1559 5488 Dent„
1580 5436 1751 5490 xxm,

3287 562 3406 626 365

1865 679 2082 743 autem
2127 682 2265 745 erat
2303 680 2609 749 Christus.
2638 706 2670 746 n
2718 683 2807 751 De
2843 705 2974 771 qua
3008 688 3201 756 etiam
3243 693 3408 761 dici-

1866 787 1972 848 tnr
1999 787 2038 823 ¹¹
2083 808 2098 851 ε
2145 811 2175 849 α
2203 787 2391 853 Suxit
2432 790 2560 856 mel
2594 793 2672 858 de
2706 797 2918 877 petra,
2947 777 3289 883 oleumdue
3328 801 3406 867 de

1865 912 2043 974 saxo,
2078 916 2109 954 n
2144 900 2265 960 etc.
2312 896 2629 964 Gaudium
2672 902 2877 981 enim,
2918 905 3090 986 quod
3134 906 3407 974 habetur

1865 1000 1934 1064 in
1961 1000 2119 1065 coelo
2147 1001 2223 1066 de
2253 1001 2479 1067 Christi
2506 1005 2873 1088 divinitate,
2904 1011 3306 1091 significatur
3334 1017 3405 1079 in

1866 1108 2088 1187 melle;
2115 1108 2194 1172 de
2225 1108 2621 1177 humanitate
2644 1132 2818 1195 vero,
2850 1116 2919 1180 in
2945 1118 3108 1183 oleo.
3141 1118 3402 1185 Satura·

1863 1214 2113 1279 buntur
2150 1233 2307 1296 ergo
2336 1216 2405 1280 in
2428 1217 2610 1296 coelo,
2641 1220 2751 1301 qui
2778 1223 3070 1287 esuriunt
3088 1226 3406 1307 justitiam

1865 1322 1931 1386 iu
1963 1323 2226 1389 mundo,
2258 1324 2381 1402 Qui
2406 1331 2621 1392 autem
2650 1332 3092 1414 temporalium
3118 1335 3407 1420 volupta-

1862 1433 2007 1495 tum
2036 1431 2282 1515 siliquis
2326 1434 2492 1499 sicut
2529 1437 2706 1519 porci
2748 1443 3120 1506 saturantur
3137 1490 3158 1522 ,
3200 1444 3406 1508 mellis

1863 1536 2087 1599 aeterni
2115 1538 2444 1605 saturitate
2485 1543 2819 1624 privantur
2842 1546 2890 1581 ¹⁸
2920 1565 2937 1610 ι
2980 1569 3013 1608 α
3037 1547 3270 1614 Anima
3298 1568 3406 1615 sa-

1863 1644 2075 1707 turata
2101 1644 2368 1710 calcabit
2405 1648 2664 1729 favum3
2693 1672 2724 1711 n
2770 1652 2932 1718 sicut
2975 1661 3143 1720 certe
3183 1675 3219 1721 e
3255 1675 3407 1722 con·

1863 1749 2061 1815 trario
2115 1753 2332 1818 anima
2354 1803 2371 1836 ,
2433 1773 2581 1839 quae
2646 1756 2751 1822 hic
2809 1760 3145 1843 paululum
3201 1765 3407 1829 mellis

1862 1859 2086 1924 aeterni
2112 1860 2509 1928 dulcedinem
2555 1872 2933 1949 praegustat,
2963 1871 3225 1956 siliquas
3255 1891 3404 1958 por-

1862 1982 2084 2031 corum
2126 1970 2344 2035 calcat.
2387 1970 2736 2053 Gregorius
2780 1977 2871 2013 ¹³·
2855 1999 2871 2041 ε
2911 2001 2943 2038 «ι
2972 1976 3040 2043 Si
3084 1981 3228 2063 quis
3254 2001 3407 2048 vero

1862 2076 2071 2140 cordis
2097 2095 2209 2143 ore
2253 2082 2650 2160 gustaverit,
2680 2101 2826 2166 quae
2866 2084 2950 2172 sit
2988 2086 3096 2151 illa
3138 2088 3407 2154 dulcedo

1863 2161 2217 2249 coelestium
2254 2187 2691 2269 praemiorum,
2722 2209 2870 2273 quae
2900 2191 3138 2258 habent
3175 2194 3265 2258 illi
3290 2196 3404 2260 be-

1862 2290 2092 2354 nedicti
2122 2291 2297 2382 chori
2327 2296 2732 2377 angelorum,
2753 2317 2901 2382 quae
2926 2299 3408 2384 incomprehen-

1861 2397 2062 2461 sibilis
2113 2399 2276 2463 visio
2341 2399 2665 2467 Trinitatis
2690 2455 2707 2480 ,
2770 2406 2921 2471 huic
2973 2425 3169 2492 quam
3225 2410 3406 2480 dulce

1861 2503 1936 2567 flt
1963 2503 2043 2588 (b)
2065 2506 2233 2588 quod
2261 2506 2435 2572 intus
2459 2510 2653 2588 videt,
2685 2514 2862 2579 tanta
2885 2516 2955 2578 in
2982 2518 3407 2585 amaritudine

1862 2615 2120 2680 videtur
2152 2634 2292 2681 esse
2315 2619 2487 2701 quod
2515 2620 2669 2684 foris
2697 2624 2979 2689 sustinet.
3016 2648 3047 2687 ι

1943 2720 2031 2786 De
2072 2727 2299 2804 quarto
2338 2723 2385 2765 ¹⁸
2431 2747 2446 2790 ε
2487 2748 2518 2787 α
2552 2726 2695 2809 Ego
2738 2746 2990 2813 quoque
3029 2732 3099 2797 in
3146 2733 3407 2802 interitu

1862 2832 2079 2893 vestro
2104 2829 2348 2909 ridebo,
2372 2853 2404 2891 n
2440 2835 2558 2897 etc.
2589 2851 2842 2917 usque:
2880 2859 2912 2897 (ι
2936 2840 3265 2907 comedent
3290 2843 3408 2925 igi-

1860 2939 1971 2998 tur
1995 2935 2246 3000 fructus
2280 2937 2406 3002 viae
2432 2957 2570 3004 suae
2589 2988 2607 3020 ‚
2639 2941 2900 3025 suisque
2925 2946 3203 3012 consiliis
3228 2955 3403 3015 satu·

1859 3042 2205 3108 rabuntur.
2235 3065 2266 3103 n
2315 3043 2431 3109 Hic
2468 3047 2701 3112 dicitur
2742 3049 2822 3114 de
2848 3050 3244 3121 damnandis.
3285 3057 3407 3135 Qui

1862 3168 2023 3233 ergo
2068 3150 2252 3214 malis
2284 3153 2561 3217 consiliis
2605 3159 2826 3221 contra
2860 3160 3188 3241 proximos
3224 3169 3407 3230 satu-

1861 3258 1992 3321 rari
2018 3276 2149 3322 non
2178 3264 2446 3341 possunt
2470 3261 2539 3325 in
2567 3265 2834 3343 mund0‚
2864 3267 3181 3335 malorum
3208 3274 3407 3337 oonsi-

1860 3362 2102 3429 liorum
2133 3383 2323 3447 poena
2348 3368 2809 3435 saturabuntur
2824 3372 2894 3436 in
2922 3374 3192 3443 inferne.
3224 3379 3408 3447 Satu-

1861 3471 2187 3536 rabuntur
2210 3474 2434 3556 utique
2462 3494 2590 3542 non
2621 3478 2809 3543 melle
2839 3480 3267 3566 beatitudiniS,
3297 3490 3405 3555 sed

1863 3577 2010 3643 felle
2037 3583 2298 3645 aeternae
2325 3584 2794 3650 amaritudinis.
2825 3589 2870 3624 ¹⁸
2905 3613 2937 3651 (ι
2960 3589 3144 3656 Panis
3168 3596 3311 3678 ejus
3338 3597 3407 3661 in

1863 3690 2047 3751 utero
2070 3689 2212 3769 ejus
2239 3695 2524 3756 vertetur
2548 3692 2618 3755 in
2646 3692 2727 3757 fel
2753 3697 3070 3779 aspidum.
3102 3723 3134 3762 n
3170 3701 3406 3770 lutrin-

1863 3811 2048 3858 secus
2122 3799 2338 3860 autem
2410 3799 2869 3866 saturabuntur
2937 3809 3404 3877 tormentorum

1863 3901 2291 3982 multitudiue,
2325 3921 2473 3987 quae
2501 3922 2633 3969 non
2660 3907 2868 3973 solum
2896 3911 3178 3980 damnati
3204 3918 3406 3984 homi-

1860 4025 1977 4072 nes
1997 4056 2014 4089 ,
2063 4009 2171 4073 sed
2220 4011 2414 4075 etiam
2465 4012 2681 4093 angeli
2734 4021 2798 4080 et
2840 4022 3038 4085 sancti
3092 4028 3406 4094 tormenta

1861 4117 2149 4182 videntes
2175 4122 2562 4184 saturantur.
2593 4120 2773 4187 Unde
2815 4125 2892 4190 de
2928 4129 3147 4195 occisis
3187 4133 3405 4215 gladio

1864 4224 1942 4289 de
1969 4242 2084 4290 ore
2111 4224 2338 4291 Christi
2365 4229 2760 4312 procedente,
2790 4233 3025 4301 dicitur
3050 4238 3144 4303 ¹⁸-:
3184 4263 3217 4302 α
3248 4239 3403 4309 Om-

1863 4349 1979 4395 nes
2021 4351 2175 4397 aves
2226 4334 2368 4399 coeli
2414 4341 2715 4403 saturatae
2757 4345 2908 4406 sunt
2954 4345 3254 4413 carnibus
3296 4368 3404 4416 eo-

1862 4455 2034 4504 rum.
2066 4460 2098 4500 n
2136 4439 2610 4508 Interlinearis:
2645 4467 2676 4506 ι
2710 4443 2780 4511 Id
2809 4451 2924 4529 est,
2955 4468 3178 4517 omnes
3203 4459 3405 4522 sancti

1861 4545 2150 4612 delectati
2172 4553 2322 4613 sunt
2347 4549 2425 4613 de
2443 4552 2648 4633 poenis
2674 4571 2921 4619 eorum.
2948 4579 2977 4616 υ
2999 4556 3170 4626 Bene
3187 4566 3404 4629 autem

1861 4653 2043 4733 dicit,
2076 4654 2153 4722 de
2179 4656 2481 4724 carnibus
2504 4705 2522 4735 ,
2550 4659 2703 4742 quia
2740 4680 2872 4727 non
2912 4664 3119 4731 solum
3155 4670 3400 4752 anima,

1861 4763 1970 4827 sed
2023 4762 2221 4827 etiam
2264 4781 2411 4828 caro
2455 4767 2762 4848 punietur
2811 4775 2953 4853 post
2996 4780 3404 4844 resurrectio—

1860 4886 2010 4933 nem
2039 4868 2083 4905 ¹²
2115 4891 2131 4933 ι
2169 4894 2200 4931 <1
2226 4868 2413 4935 Dabit
2450 4872 2670 4954 ignem
2709 4880 2774 4941 et
2806 4896 3056 4945 vermes
3081 4882 3147 4947 in
3183 4903 3403 4952 carnes

1860 4992 2112 5056 eorum,
2133 4982 2209 5041 ut
2236 4983 2508 5046 urantur
2534 4985 2599 5046 et
2617 4985 2892 5050 sentiant
2914 5006 3118 5073 usque
3144 4990 3212 5057 iu
3239 5012 3403 5060 sem·

1860 5084 2209 5166 piternum.
2245 5107 2278 5146 n

1865 5202 1943 5251 13.
1967 5226 2029 5238 -
2080 5201 2295 5263 ·r.‚1‘ov
2322 5207 2726 5268 xxv11,7.—-¹⁸
2765 5209 2977 5274 Gregor.
3002 5237 3063 5249 —
3095 5209 3394 5327 1.,1Ρνου’-
3359 5229 3398 5283 ι,

1861 5273 2368 5337 26·.31-¹⁸Job,
2406 5287 2504 5339 xx,
2546 5279 2623 5327 14.
2658 5302 2719 5314 -
2764 5280 3016 5345 1.,1Δροσ
3055 5294 3177 5349 xix,
3222 5290 3298 5340 21.

1861 5342 1901 5377 ¹²
1927 5343 2130 5404 ludim:
2161 5355 2268 5408 xvi,
2302 5349 2382 5397 21.

1922 5425 1991 5490 (α)
2024 5424 2147 5476 Coet.
2175 5424 2301 5477 edit.
2332 5425 2515 5479 mellis.
2545 5454 2607 5467 -
2632 5428 2700 5495 (ὁ)
2730 5429 2804 5480 ue
2777 5445 2855 5480 em
2884 5431 2964 5484 sit.
