4059 6317
477 3279 632 3323 Exon-

653 496 773 560 508

650 628 830 689 habet
855 629 919 687 in
944 628 1046 688 Dei
1069 627 1365 689 Ecclesia?
1389 626 1499 701 Qui
1523 629 1684 687 enim
1705 628 1926 687 talibus
1947 628 2195 687 confite-

650 724 765 796 tur,
797 723 986 796 gratia
1009 722 1223 799 repleri
1241 728 1519 793 meretur,
1535 723 1702 795 iuxta
1722 723 1875 781 illud
1897 722 2113 781 Psalmi
2135 725 2191 780 ¹:

657 836 687 871 ι
713 817 899 875 Dilata
936 832 1004 875 os
1045 822 1234 889 tuum,
1284 821 1344 876 et
1386 832 1500 890 ego
1546 815 1813 891 implebo
1863 816 2038 889 illud,
2070 837 2100 872 ιι
2131 815 2196 876 id

651 915 759 982 est,
802 911 1083 971 confitere
1120 915 1451 985 peccatum,
1490 915 1547 969 et
1581 910 1781 984 accipe
1813 910 2198 984 indulgentiis

652 1005 901 1064 donum.
946 1008 1041 1064 Est
1080 1005 1241 1063 enim
1270 1005 1519 1063 dilatare
1545 1020 1635 1074 os,
1660 1002 1915 1080 perfecte
1942 1004 2194 1079 aperire,

650 1097 718 1158 id
745 1101 851 1168 est,
875 1103 1062 1158 totum
1095 1097 1377 1157 morbum
1422 1114 1718 1157 evomere.
1759 1097 1978 1156 Fistula
2014 1098 2196 1170 enim,

653 1208 787 1267 quae
812 1192 1084 1251 habetes
1110 1193 1410 1264 strictum,
1450 1207 1762 1267 nunquam
1791 1191 2061 1267 ‚perfecte
2099 1208 2197 1250 cu-

653 1293 836 1359 ratur,
871 1303 980 1345 nec
1005 1287 1198 1345 sanies
1223 1287 1477 1362 perfecte
1502 1285 1794 1356 educitur,
1822 1286 1935 1343 nisi
1968 1302 2038 1344 os
2070 1286 2121 1359 ej
2132 1302 2198 1343 us

654 1381 834 1440 rebus
859 1381 1328 1455 competentibus
1353 1379 1686 1455 amplietur.
1717 1383 1862 1438 Nam
1903 1379 2197 1454 quamdiu

656 1474 884 1550 aliquid
919 1473 1251 1550 putredinis
1289 1473 1373 1532 ibi
1409 1472 1660 1543 celatur,
1704 1473 1816 1531 nisi
1855 1472 2013 1531 foras
2051 1473 2198 1532 edu-

658 1574 844 1640 catur,
865 1569 1075 1627 frustra
1102 1568 1398 1628 medicina
1425 1568 1618 1627 omnis
1645 1567 2023 1642 impenditur.
2056 1571 2200 1628 Item

657 1663 949 1738 quamdiu
983 1662 1059 1722 de
1099 1663 1343 1721 vulnere
1382 1679 1452 1721 os
1483 1662 1822 1738 putridum,
1851 1662 1950 1720 vel
1976 1661 2199 1721 ferrum

656 1773 780 1815 non
840 1757 1124 1830 trahitur,
1190 1773 1501 1832 nunquam
1560 1755 1815 1831 perfecte
1873 1755 2196 1827 solidatur,

658 1851 834 1910 etiam
879 1851 928 1909 si
973 1851 1217 1909 solidari
1261 1849 1555 1922 videatur,
1584 1850 1728 1924 quia
1754 1849 1966 1907 iterum
2004 1853 2063 1908 et
2096 1849 2201 1908 ite-

656 1960 794 2004 rum
830 1944 1166 2002 innovatur.
1211 1947 1363 2017 Ergo
1400 1943 1450 2000 si
1490 1942 1770 2001 volumus
1804 1942 2061 2019 perfecte
2104 1960 2199 2002 sa·

658 2042 821 2113 nari,
859 2055 1097 2098 necesse
1131 2039 1424 2098 habemus
1451 2038 1755 2110 confiteri,
1785 2039 1927 2114 quia
1953 2040 2057 2114 qui
2086 2039 2198 2097 ali-

659 2134 808 2210 quid
844 2135 919 2193 de
959 2132 1174 2191 morbo
1202 2132 1437 2191 medico
1475 2131 1643 2202 celat,
1671 2130 1887 2191 frustra
1913 2132 2200 2191 auxilium

659 2229 787 2302 ejus
826 2227 1123 2302 implorat.
1169 2226 1333 2285 Unde
1378 2225 1531 2284 dixit
1569 2229 1745 2284 Josue
1792 2226 1872 2284 ad
1908 2227 2104 2285 Achor
2128 2224 2153 2260 ²
2180 2248 2199 2285 ε

666 2340 696 2376 α
722 2321 1032 2393 Confitere,
1051 2320 1161 2390 fili,
1179 2324 1490 2396 peccatum
1515 2323 1685 2378 tuum
1705 2337 1780 2378 ne
1801 2320 2196 2378 abscondas.»

657 2414 1038 2491 Philosophia
1058 2415 1239 2473 Boetii
1276 2415 1299 2451 ⁸
1338 2432 1353 2470 ε
1392 2435 1421 2469 α
1447 2414 1505 2472 Si
1537 2430 1722 2489 opera
1750 2414 1820 2487 (a)
1855 2413 2203 2472 medicantis

660 2513 955 2584 expectaS,
984 2524 1218 2567 necesse
1246 2511 1421 2567 estut
1445 2508 1661 2567 vulnus
1682 2507 1927 2581 detegas
1953 2514 2195 2566 tuum.»

731 2602 998 2663 Secundo
1021 2601 1249 2677 aperuit
1275 2601 1555 2660 Dominus
1593 2618 1662 2659 os
1687 2601 1872 2660 sancti
1909 2600 2204 2660 Ambrosii

660 2698 741 2758 ad
776 2698 1028 2756 verbum
1069 2696 1266 2754 laudis
1304 2695 1367 2753 in
1410 2696 1698 2754 oratione.
1736 2699 1800 2756 ln
1842 2695 2005 2755 omni
2044 2695 2203 2754 enim

661 2791 1038 2851 tribulatione
1068 2807 1197 2863 sua,
1228 2794 1286 2848 et
1315 2791 1572 2848 maxime
1601 2794 1806 2849 contra
1838 2789 2006 2848 illam
2030 2790 2204 2848 susti-

659 2902 823 2959 nam,
848 2903 981 2960 quae
1007 2884 1062 2943 ei
1089 2885 1283 2945 intulit
1308 2899 1591 2958 magnam
1617 2899 1905 2958 pugnam,
1928 2884 2077 2941 sicut
2099 2899 2203 2958 pa·

661 2983 739 3039 tet
765 2980 828 3038 in
854 2979 983 3054 ipsa
1008 2979 1304 3051 Legenda,
1344 2993 1469 3036 non
1505 2978 1708 3049 armis,
1754 2978 1862 3036 sed
1901 2977 2033 3036 sola
2071 2994 2204 3037 ora-

660 3074 821 3133 tione
855 3074 1163 3148 pugnabat
1190 3090 1206 3131 z
1238 3073 1299 3130 in
1328 3088 1450 3147 qua
1487 3071 1634 3130 dum
1671 3075 1853 3130 Deum
1893 3071 2203 3143 laudabat,

664 3184 869 3227 omnes
913 3167 1154 3226 hostiles
1188 3167 1481 3242 nequitias
1522 3166 1877 3225 destruebat.
1931 3167 2095 3224 Unde
2150 3170 2209 3225 et

664 3279 803 3321 cum
831 3262 1116 3336 Propheta
1146 3261 1341 3319 dicere
1355 3257 1623 3335 poterat⁴
1653 3278 1668 3316 z
1698 3278 1728 3313 α
1752 3259 2019 3330 Domine,
2044 3258 2208 3319 labia

664 3371 800 3414 mea
825 3355 1075 3430 aperies,
1113 3359 1171 3413 et
1214 3371 1282 3413 os
1324 3369 1528 3412 meum
1568 3353 1941 3411 annuntiabit
1965 3353 2208 3412 laudem

666 3452 849 3508 tuam.
880 3468 909 3502 ι»
940 3447 1139 3507 Simile
1169 3447 1510 3523 exemplum
1535 3447 1825 3505 habemus
1861 3447 1926 3504 in
1959 3449 2209 3505 Historia

668 3546 954 3617 tripartita
1016 3542 1086 3600 de
1159 3540 1494 3601 Alexandro
1562 3540 2207 3615 Constantinopolitano

665 3636 969 3712 episcopo,
1013 3652 1149 3693 cum
1196 3638 1504 3708 cogeretur
1547 3635 1624 3693 ab
1662 3635 2016 3709 imperatore
2054 3637 2208 3693 Con-

663 3730 937 3802 stantin0,
967 3733 1034 3787 ut
1056 3729 1259 3788 Arium
1281 3729 1342 3786 in
1363 3729 1677 3787 Ecclesiam
1695 3729 2000 3803 reciperet,
2033 3730 2129 3787 vel
2148 3729 2210 3786 in

665 3824 907 3882 exilium
933 3822 1041 3880 iret
1072 3841 1088 3880 ε
1130 3824 1259 3898 ipsa
1299 3823 1396 3882 die
1433 3839 1555 3897 qua
1593 3822 1658 3880 id
1699 3822 1762 3880 in
1808 3822 1905 3880 die
1944 3823 2212 3897 sequenti

635 3920 640 3925 '
662 3916 792 3975 fieri
804 3916 1146 3991 cogebatur,
1168 3916 1281 3974 sub
1299 3916 1469 3975 altari
1488 3917 1855 3990 pernoctavit
1871 3915 1965 3989 epi
1973 3931 2207 3991 scopus,

665 4013 849 4069 Deum
893 4027 1141 4086 precans
1180 4009 1483 4081 instanter,
1521 4012 1588 4067 ut
1626 4025 1866 4067 causam
1906 4025 2077 4068 suam
2106 4008 2211 4067 de-

663 4104 945 4163 fenderet.
990 4107 1136 4162 Cum
1170 4103 1347 4178 igitur
1388 4102 1486 4161 die
1529 4103 1685 4162 iacto
1721 4104 1911 4176 Arius,
1952 4102 2215 4160 multitu·

666 4199 806 4258 dine
833 4199 1150 4258 satellitum
1177 4199 1510 4269 comitatus,
1539 4198 1618 4257 ad
1644 4198 1952 4258 ecclesiam
1985 4215 2214 4283 ¹prope-

666 4297 843 4366 raret,
870 4293 966 4351 vel
992 4294 1116 4368 ipse
1152 4293 1578 4368 suscipiendus,
1623 4293 1721 4350 vel
1757 4292 2074 4368 episcopus
2116 4310 2212 4352 re·

666 4387 1012 4463 pellendus3
1042 4403 1296 4462 cumque
1323 4388 1387 4446 in
1412 4387 1513 4446 via
1540 4386 1742 4445 media
1764 4390 1935 4458 esset,
1966 4387 2215 4461 quidam

668 4481 846 4539 timor
884 4497 1022 4539 eum
1048 4481 1284 4553 invasit,
1323 4480 1425 4556 qui
1462 4481 1544 4538 sic
1574 4482 1703 4554 ejus
1727 4480 1954 4539 viscera
1985 4486 2214 4556 pertur-

669 4575 854 4649 bavit,
883 4579 949 4634 ut
973 4576 1177 4633 locum
1202 4577 1425 4650 peteret
1452 4574 1532 4633 ad
1555 4580 1839 4633 secretum
1859 4578 2107 4633 naturae.
2127 4575 2217 4633 Ad

671 4686 852 4744 quem
879 4685 1016 4727 cum
1039 4669 1165 4742 ivit,
1196 4668 1470 4728 intestina
1495 4668 1719 4741 omnia,
1751 4671 1809 4726 et
1835 4668 2131 4743 quidquid
2153 4668 2216 4726 in

672 4778 921 4836 corpore
947 4761 1180 4833 habuit,
1204 4762 1418 4833 emisit,
1448 4766 1504 4820 et
1524 4762 1785 4820 animam
1804 4762 1952 4821 dum
1969 4761 2215 4820 diabolo

669 4854 931 4927 tradidit,
977 4858 1126 4914 Deus
1161 4856 1226 4915 in
1258 4856 1541 4932 petitione
1577 4860 1844 4915 orantem
1871 4856 2218 4931 episcopum

668 4947 964 5008 liberavit.

740 5044 929 5115 Tertio
965 5045 1194 5119 aperuit
1220 5060 1289 5103 os
1313 5043 1473 5103 beati
1508 5043 1804 5103 Ambrosii
1840 5043 1918 5102 ad
1963 5042 2218 5102 verbum

668 5137 1075 5197 aedificationis
1099 5137 1164 5196 in
1187 5138 1625 5214 praedicatione.
1656 5141 1801 5196 Nam
1828 5142 1883 5196 et
1911 5137 2125 5196 dicitur
2146 5139 2168 5174 ⁸
2199 5157 2214 5196 :

678 5248 708 5286 α
733 5231 930 5307 Aperit
957 5247 1026 5291 os
1051 5237 1375 5303 mutorum,
1402 5235 1461 5290 et
1487 5231 1723 5304 linguas
1745 5231 2059 5290 infantium
2080 5230 2220 5290 facit

735 5361 753 5396 ²
781 5360 915 5411 Peal.
953 5373 1126 5425 mxx,
1162 5367 1237 5412 Η.
1267 5388 1328 5400 -
1363 5362 1387 5397 ¹
1420 5361 1544 5421 los„
1583 5371 1687 5423 vn,
1718 5363 1794 5411 19.
1823 5386 1885 5400 -
1920 5358 1945 5397 ⁸
1979 5362 2124 5413 Boot.
2158 5384 2217 5399 -

679 5431 701 5469 ⁸
727 5432 870 5484 Psal.
895 5446 946 5500 L,
973 5435 1053 5486 17.
1077 5460 1137 5478 -
1161 5436 1183 5470 ⁸
1209 5436 1348 5499 Sap„
1378 5445 1433 5501 x,
1462 5438 1542 5484 21.

1687 491 2108 573 SERMONES
2148 492 2253 559 DE
2292 491 2637 561 SANcns.
2681 493 2816 563 Vn.

2302 628 2567 687 ἀίω-ω.
2598 650 2628 685 »
2662 629 2778 690 sed
2807 629 3524 705 quissuffieienterdicat,
3554 627 3839 705 quamn*
3908 618 3917 627 “

2301 722 2510 782 deliter
2539 726 2595 781 et
2619 724 2941 797 prudenter
2958 725 3201 783 Sanctus
3217 724 3313 783 hic
3332 724 3622 796 docuerit,
3653 738 3841 797 quan·

2300 820 2392 875 tos
2426 815 2809 891 praedicando
2850 818 3220 890 converterit,
3276 834 3462 893 quam
3512 821 3843 877 constanter

2299 910 2581 969 haereticis
2608 908 2899 980 restiterit,
2926 927 3110 985 quam
3130 911 3330 970 lucide
3358 912 3609 970 haereses
3641 911 3843 969 confu-

2302 1004 2474 1076 derit,
2502 1009 2756 1079 quantos
2783 1004 2970 1063 libros
3000 1021 3112 1080 pro
3145 1005 3265 1064 fide
3303 1004 3686 1063 defendenda
3709 1021 3844 1063 con·

2300 1097 2638 1172 scripserit?
2674 1101 2865 1157 Tantae
2894 1099 3054 1156 enim
3080 1099 3440 1158 auctoritatis
3463 1100 3557 1156 vir
3582 1099 3691 1157 iste
3716 1099 3837 1173 fuit,

2301 1192 2469 1267 quod
2497 1192 2852 1265 Augustinus
2872 1192 3139 1251 virorum
3164 1192 3557 1264 doctissimus,
3582 1197 3640 1251 et
3655 1193 3843 1252 Hiero·

2300 1302 2519 1361 nymus
2545 1286 2729 1344 trium
2754 1286 3094 1360 linguarum
3118 1286 3516 1359 doctissimus,
3537 1287 3619 1346 ad
3636 1287 3845 1361 proba-

2302 1380 2524 1439 tionem
2550 1396 2793 1438 suorum
2832 1379 3125 1439 dictorum
3155 1380 3312 1438 dicta
3339 1380 3642 1439 Ambrosii
3666 1381 3842 1438 intro·

2303 1472 2542 1532 ducant.
2597 1477 2842 1533 Sanctus
2884 1474 3062 1532 etiam
3112 1473 3458 1533 Ambrosius
3498 1489 3572 1531 ea
3617 1489 3752 1547 quae.
3784 1473 3842 1531 in

2300 1567 2500 1627 verbis
2526 1568 2907 1643 praedicabat,
2938 1568 3222 1643 exemplis
3260 1571 3320 1627 et
3350 1567 3473 1626 vita
3500 1566 3843 1626 ostendebat

2303 1667 2361 1720 et
2387 1661 2686 1721 miraculis
2713 1662 3099 1721 consumebat
3127 1662 3218 1737 (ὁ).
3258 1665 3404 1721 Nam
3449 1660 3597 1719 dum
3632 1677 3742 1735 per
3765 1662 3841 1719 ci-

2303 1756 2542 1816 vitatem
2585 1756 2873 1826 transiret,
2925 1756 3263 1815 clamabant
3315 1754 3620 1814 daemones
3663 1771 3727 1812 se
3769 1754 3840 1812 ab

2304 1850 2615 1910 Ambrosio
2658 1852 2946 1924 cruciari3
2985 1851 3203 1926 quibus
3248 1850 3374 1924 ipse
3417 1849 3723 1909 humiliter
3758 1865 3843 1908 re-

2303 1945 2674 2021 spondebat:
2709 1965 2739 2001 «
2765 1949 2891 2003 Non
2919 1960 3032 2019 ego
3076 1960 3184 2004 vos
3224 1944 3445 2015 crucio,
3490 1943 3599 2001 sed
3632 1941 3846 2000 malitia

2302 2045 2515 2099 vestra.
2556 2060 2586 2093 n
2639 2042 2903 2114 Cumque
2939 2039 3146 2112 regina
3186 2038 3411 2098 Iustina
3446 2037 3672 2096 diceret
3718 2053 3848 2095 cum

2304 2134 2424 2192 suis
2449 2133 2756 2204 haereticis,
2787 2133 2952 2207 quod
2979 2132 3324 2191 Ambrosius
3349 2131 3608 2206 pretium
3636 2130 3850 2188 daemo-

2304 2227 2492 2286 niacis
2520 2227 2712 2299 daret,
2739 2231 2804 2286 ut
2827 2226 3018 2285 taliter
3045 2229 3180 2302 post
3206 2242 3342 2283 eum
3371 2225 3718 2294 clamarent,
3743 2228 3848 2282 sta·

2306 2322 2412 2379 tim
2440 2337 2627 2379 unum
2657 2321 2732 2379 de
2755 2319 3079 2379 astantibus
3105 2318 3346 2377 famulis
3376 2319 3596 2392 reginae
3620 2317 3847 2389 invasit,

2308 2419 2365 2474 et
2410 2432 2549 2474 eum
2592 2414 2891 2474 excutiens
2931 2428 3134 2471 coram
3175 2413 3476 2483 omnibus,
3515 2412 3597 2469 ait
3637 2430 3652 2469 :
3697 2430 3727 2466 α
3764 2412 3850 2470 Sic

2305 2513 2555 2586 pereant
2578 2524 2785 2567 omnes
2811 2511 2876 2565 ut
2903 2523 3038 2580 ege,
3060 2507 3165 2582 qui
3190 2522 3314 2564 non
3341 2506 3591 2564 credunt
3612 2505 3853 2565 Ambro-

2306 2604 2419 2663 sio.
2452 2624 2477 2658 n
2512 2602 2683 2673 Quod
2710 2602 2921 2675 regina
2947 2600 3095 2658 dum
3119 2600 3291 2671 vidit,
3313 2600 3509 2658 statim
3535 2615 3675 2658 eum
3703 2601 3851 2658 occi-

2310 2698 2373 2757 di
2400 2696 2725 2769 mandavit‚
2762 2712 2838 2754 ne
2883 2694 3036 2753 forte
3068 2695 3185 2753 hoc
3214 2694 3295 2752 ad
3322 2693 3473 2752 alios
3498 2694 3848 2769 perveniret,

2308 2797 2367 2850 et
2392 2792 2475 2849 sic
2504 2792 2581 2849 ab
2606 2806 2804 2849 errore
2831 2790 3184 2849 Arianorum
3206 2787 3570 2846 recederent.

2380 2886 2686 2960 Sequitur:
2719 2888 2779 2940 in
2822 2885 3000 2941 medio
3028 2900 3049 2941 :
3075 2885 3312 2941 notatur
3336 2882 3432 2940 hic
3464 2882 3851 2940 communitas

2308 2979 2448 3051 loci3
2464 2979 2626 3053 quia,
2647 2977 2727 3036 ad
2742 2977 2995 3036 modum
3014 2977 3134 3047 Dei,
3157 2991 3280 3034 uon
3299 2976 3504 3034 docuit
3515 2975 3579 3033 in
3600 2975 3848 3043 occulto,

2310 3073 2419 3131 sed
2443 3073 2507 3129 in
2531 3071 2797 3146 publico,
2812 3074 2868 3129 et
2894 3086 3027 3146 quae
3052 3069 3277 3141 docuit,
3304 3070 3502 3144 posuit
3526 3070 3592 3126 in
3617 3069 3848 3144 scripto,

2313 3170 2379 3224 ut
2408 3165 2688 3225 omnibus
2733 3168 2790 3223 et
2824 3164 3001 3222 simul
3043 3163 3171 3237 eJus
3211 3162 3483 3222 doctrina
3507 3168 3711 3238 posset
3734 3178 3852 3222 we

2314 3260 2667 3319 communis.
2706 3261 2893 3317 Locus
2933 3257 3091 3316 enim
3125 3257 3361 3316 medius
3398 3257 3734 3316 communis
3774 3262 3854 3315 est

2314 3354 2614 3426 omnihus,
2644 3358 2701 3412 et
2727 3356 2917 3428 potest
2943 3351 3281 3428 participari
3315 3352 3393 3411 ab
3430 3353 3714 3412 omnibus
3746 3353 3850 3411 ali·

2316 3449 2485 3524 quid,
2523 3464 2662 3506 cum
2703 3451 2854 3505 Deus
2893 3452 3116 3505 naturas
3151 3447 3429 3505 omnibus
3454 3446 3635 3505 rebus
3660 3446 3853 3505 locum

2315 3543 2582 3602 medium
2609 3541 2796 3614 dedit,
2827 3557 3085 3616 quorum
3108 3540 3293 3600 virtus
3325 3545 3383 3599 et
3406 3540 3713 3600 influentia
3738 3545 3854 3598 erat

2317 3636 2447 3695 aliis
2492 3635 3003 3694 circumstantibus
3045 3635 3392 3693 necessaria.
3455 3640 3600 3695 Nam
3646 3635 3853 3692 coelum

2317 3730 2612 3790 stellatum
2628 3745 2766 3787 cum
2789 3729 2864 3787 sit
2883 3729 3092 3787 virtute
3108 3731 3166 3786 et
3186 3727 3489 3786 influentia
3511 3729 3850 3794 maximum.

2316 3823 2516 3899 posuit
2543 3824 2606 3881 in
2632 3823 2835 3882 medio
2864 3838 3190 3898 aquarum3
3220 3839 3436 3897 corpus
3459 3823 3603 3882 solis
3631 3839 3767 3880 cum
3791 3822 3855 3880 il·

2318 3919 2570 3977 luminet
2613 3919 2839 3990 omnia,
2876 3917 3074 3992 posuit
3107 3918 3170 3976 in
3209 3917 3409 3976 medio
3449 3917 3853 3991 planetarumf,

2321 4029 2425 4071 cor
2453 4029 2593 4072 cum
2624 4012 2700 4071 sit
2721 4010 3252 4079 foecundissimum,
3282 4016 3338 4070 et
3363 4011 3649 4070 membris
3675 4011 3856 4069 omni·

2318 4106 2435 4165 bus
2461 4106 2713 4165 influens
2736 4107 2919 4164 vitam
2951 4108 3009 4163 et
3044 4110 3269 4164 motum
3287 4147 3307 4177 ‚
3336 4106 3536 4179 posuit
3574 4106 3637 4163 in
3665 4104 3855 4163 medio

2321 4200 2752 4259 membrorum.
2784 4203 2900 4258 Nec
2926 4199 3123 4258 solum
3146 4199 3263 4257 hoc
3285 4202 3372 4256 est
3390 4214 3597 4257 verum
3615 4200 3679 4257 in
3699 4204 3857 4257 natu-

2322 4294 2567 4364 ralibus,
2596 4293 2706 4352 sed
2732 4294 2909 4351 etiam
2935 4292 2999 4351 in
3026 4292 3449 4351 artificialibus.
3478 4294 3670 4363 Quare
3696 4293 3857 4368 poni·

2321 4390 2416 4446 tur
2466 4388 2531 4445 in
2583 4386 2783 4445 medio
2838 4390 3210 4458 caementum,
3265 4402 3339 4445 eo
3388 4386 3556 4462 quod
3604 4386 3857 4462 plurium

2321 4481 2398 4539 sit
2439 4479 2711 4555 lapidum
2748 4478 3106 4553 conjunctio.
3153 4484 3383 4538 Aranea
3426 4480 3587 4537 enim
3634 4495 3858 4555 semper

2321 4575 2505 4633 telam
2531 4574 2893 4633 confractam
2928 4574 3207 4631 resarcire
3256 4572 3461 4648 incipit
3500 4577 3709 4632 contra
3746 4589 3859 4631 me-

2325 4670 2514 4735 dium,
2540 4672 2824 4744 reputans
2850 4672 3039 4728 totum
3079 4668 3399 4727 aedificium
3439 4684 3564 4726 esse
3611 4668 3856 4733 nullum,

2324 4764 2373 4821 si
2400 4762 2669 4821 medium
2703 4763 2777 4820 sit
2817 4762 3199 4821 contractum.
3245 4762 3441 4820 Posuit
3473 4778 3619 4836 ergo
3645 4765 3707 4821 B.
3733 4769 3860 4823 Am-

2324 4859 2560 4918 brosius
2584 4858 2916 4918 doctrinam
2944 4875 3114 4917 suam
3152 4859 3216 4915 in
3253 4858 3475 4928 medio,
3503 4861 3569 4915 ut
3606 4874 3643 4916 a
3668 4857 3860 4917 medio

2326 4952 2591 5013 derivata
2625 4951 2707 5011 ad
2743 4968 2984 5011 omnem
3017 4952 3351 5026 perveniret
3388 4951 3728 5010 Ecclesiam.
3769 4950 3863 5009 iiie

2322 5051 2533 5122 proeter
2567 5046 2939 5121 propositum
2986 5061 3179 5119 pauca
3230 5045 3305 5103 de
3351 5045 3552 5103 medio
3605 5044 3752 5116 dixi,
3803 5046 3865 5101 nt

2328 5139 2534 5198 darem
2583 5139 2848 5214 aliquam
2890 5139 3200 5198 materiam
3241 5138 3626 5213 praedicandi.
3676 5142 3863 5213 Rege·

2325 5249 2480 5307 mus,
2511 5236 2621 5292 etc.

2398 5428 2461 5491 (a)
2488 5427 2602 5494 Leo.
2633 5441 2860 5494 operam.
2888 5455 2943 5467 —
2967 5427 3040 5498 (ὁ)
3064 5428 3181 5495 Leo.
3201 5427 3549 5485 confirmabat·
3640 5444 3661 5456 ·
