4059 6317
1009 411 1090 478 ΙΝ
1131 403 1778 480 RESURRECTIONE
1818 403 2116 470 DOMINI.
2162 402 2424 470 SERMO
2467 404 2517 469 1.

198 542 354 608 vavit
398 542 478 607 ab
532 544 884 627 offensione
927 547 1138 613 totalis
1181 549 1384 633 culpae
1437 564 1553 631 per
1598 545 1698 607 in-

197 651 477 716 fusionem
511 652 926 734 justificantis
954 656 1217 737 gratiae3
1269 655 1544 721 secundo
1575 653 1698 716 sal-

196 760 350 825 vavit
398 779 548 825 eum
617 762 699 825 ab
744 762 1134 845 obligatione
1184 769 1400 829 reatus
1449 779 1654 846 poenae
1677 807 1695 837 ,

195 885 292 949 per
315 867 743 934 tolerationem
784 872 1007 934 mortis
1045 872 1478 936 satisfactoriae
1509 893 1525 949 ;
1563 872 1695 934 ter·

195 974 269 1038 tio
309 975 596 1041 liberavit
655 994 804 1042 eum
872 979 1177 1061 complete
1195 1027 1217 1059 ,
1286 981 1355 1043 in
1414 977 1699 1061 generali

194 1083 661 1162 resurreetione,
709 1104 749 1148 a
799 1085 1170 1151 calamitate
1195 1087 1534 1171 corporalis
1577 1086 1700 1150 mi-

195 1189 380 1271 seriae,
406 1209 518 1275 per
556 1192 957 1258 collationem
995 1196 1399 1260 reformantis
1442 1195 1691 1278 gloriae.

193 1295 382 1362 Primo
435 1298 705 1364 salvavit
758 1318 911 1365 eum
967 1302 1050 1366 ab
1093 1303 1442 1368 offensione
1485 1302 1695 1368 totalis

194 1404 369 1488 culpae
405 1424 519 1488 per
570 1407 959 1473 infusionem
987 1410 1392 1492 justificantis
1438 1411 1691 1492 gratiae.

190 1511 255 1576 Et
283 1513 356 1578 de
382 1513 504 1578 hoc
532 1514 766 1579 dicitur
784 1517 804 1553 ¹
835 1534 853 1580 ε
885 1538 916 1576 α
939 1516 1103 1581 Deus
1128 1522 1341 1582 autem
1375 1519 1485 1602 qui
1513 1519 1694 1584 dives

190 1623 268 1684 est
299 1619 362 1683 in
403 1621 835 1686 misericordia
864 1671 883 1703 ‚
934 1629 1193 1707 propter
1233 1625 1500 1688 nimiam
1552 1625 1696 1699 cba-

187 1727 409 1791 ritatem
451 1747 581 1811 qua
605 1728 827 1793 dilexit
853 1748 991 1809 noS,
1024 1750 1172 1794 cum
1208 1749 1489 1797 essemus
1517 1751 1694 1798 mor-

188 1835 270 1899 tui
306 1840 584 1918 peccato,
624 1838 1094 1902 convivificavit
1138 1857 1255 1902 nos
1298 1840 1369 1903 in
1410 1840 1689 1918 ChristO,

187 1946 344 2025 cujus
383 1945 594 2026 gratia
642 1946 791 2009 estis
833 1946 1079 2011 salvati.
1127 1969 1158 2007 ι)
1212 1947 1372 2012 Vere
1407 1948 1583 2013 dives
1629 1954 1692 2014 et

186 2051 677 2134 superabundans
702 2053 823 2116 fuit
846 2052 1013 2117 Deus
1040 2051 1223 2118 Pater
1245 2055 1314 2118 in
1338 2055 1693 2121 misericor-

186 2156 288 2237 dia,
316 2158 569 2241 quando
609 2158 692 2222 ad
736 2159 1171 2224 omnimodam
1213 2160 1584 2225 charitatem
1628 2167 1693 2228 et

185 2263 582 2346 dilectionem,
620 2284 817 2349 quam
843 2285 1002 2348 erga
1027 2285 1144 2331 nos
1178 2267 1403 2332 habuit
1421 2316 1440 2347 ,
1489 2270 1692 2335 voluit

184 2377 435 2436 mortuos
461 2373 534 2437 in
572 2375 846 2456 peccatis
870 2374 1224 2453 vivificare,
1273 2380 1337 2441 et
1366 2376 1614 2443 salvare
1651 2398 1691 2443 a

184 2484 359 2545 morte
379 2481 817 2563 quorumlibet
842 2488 1268 2566 peccatorum,
1298 2485 1690 2553 infundendo

185 2586 337 2651 nobis
382 2588 587 2651 vitam
633 2588 865 2671 gratiae
909 2591 1135 2655 merito
1177 2592 1486 2674 passionis
1543 2592 1687 2657 Filii

185 2693 619 2776 suiunigeniti.
665 2694 843 2760 Certe
870 2697 926 2759 si
954 2701 1199 2761 torrens
1241 2703 1431 2764 tantae
1465 2700 1689 2765 dulce-

187 2799 324 2865 dinis
343 2803 599 2884 attingit
625 2803 1001 2868 christianas
1025 2805 1291 2884 animaS,
1325 2824 1455 2871 non
1481 2813 1574 2872 est
1601 2809 1687 2873 lo-

185 2924 273 2971 eus
285 2908 759 2989 ingratitudinis
778 2932 795 2987 ;
828 2910 958 2975 imo
976 2928 1113 2994 prae
1131 2913 1331 2977 nimia
1353 2914 1686 2981 devotione

184 3013 492 3080 dilectionis
518 3017 868 3096 continuas,
897 3017 1184 3083 redderet
1202 3021 1560 3101 gratiarum
1587 3042 1688 3087 ac-

187 3122 350 3186 tiones
389 3124 833 3189 multifariam.
883 3124 1186 3191 Similiter
1239 3128 1318 3193 de
1365 3129 1488 3194 boc
1536 3130 1687 3196 dicit

183 3227 432 3311 Angelus
457 3231 714 3313 Virgini
747 3232 830 3316 (a)
857 3236 882 3270 ²
919 3255 933 3297 :
964 3257 993 3296 c
1018 3233 1155 3317 Ipse
1181 3237 1275 3297 est
1300 3235 1410 3317 qui
1432 3236 1685 3302 salvum

183 3334 332 3401 faciet
367 3340 678 3423 populum
717 3358 905 3404 suum
953 3359 993 3405 a
1032 3343 1305 3424 peccatis
1352 3361 1599 3407 eorum.
1645 3367 1676 3403 n

182 3441 433 3513 Secundo
458 3447 736 3512 salvavit
761 3449 843 3513 ab
868 3448 1257 3529 obligatione
1295 3453 1510 3515 reatus
1537 3470 1681 3534 poe-

181 3567 286 3631 nae,
317 3572 426 3636 per
461 3554 909 3620 tolerationem
953 3556 1173 3620 mortis
1210 3556 1637 3622 satisfactorias
1660 3608 1677 3639 ‚

179 3658 559 3727 sicutdicitur
585 3663 608 3698 ⁸
639 3685 655 3727 ε
690 3685 722 3723 ι
764 3662 918 3740 Quis
944 3668 1039 3728 est
1063 3664 1214 3743 iste,
1255 3664 1369 3747 qui
1396 3665 1574 3730 venit
1602 3666 1681 3731 de

178 3762 363 3850 Edem,
385 3770 604 3835 tinctis
627 3771 910 3836 vestibus
928 3771 1006 3835 de
1028 3770 1265 3835 Bosra‘?
1286 3772 1422 3854 ipse
1447 3773 1684 3837 formo-

178 3889 264 3937 sus
294 3877 356 3940 in
398 3878 564 3943 stola
605 3897 757 3959 sua,
810 3878 1107 3960 gradiens
1152 3879 1220 3942 in
1269 3880 1679 3948 multitudine

177 3979 394 4047 virtutis
424 4003 588 4050 suae.
623 3984 765 4066 Ego
810 3985 922 4068 qui
961 3985 1190 4068 loquor
1227 3986 1572 4069 justitiam,
1616 3994 1681 4054 et

177 4098 585 4174 propugnator
602 4111 749 4157 sum
770 4092 850 4157 ad
869 4093 1268 4159 salvandum.
1294 4094 1500 4172 Quare
1518 4115 1677 4179 ergo

177 4195 407 4263 rubrum
447 4206 544 4266 est
583 4200 1036 4265 indumentum
1081 4205 1265 4265 tuum
1290 4250 1308 4281 ,
1364 4208 1429 4267 et
1474 4207 1675 4270 vesti-

177 4309 355 4370 menta
394 4313 506 4373 tua
563 4309 734 4372 sicut
785 4307 1160 4373 calcantium
1211 4311 1280 4373 in
1329 4312 1676 4379 torculari?

177 4405 435 4479 Torcular
458 4415 706 4481 calcavi
734 4415 939 4495 solus,
986 4419 1049 4480 et
1078 4416 1157 4480 de
1196 4418 1500 4498 gentibus
1542 4400 1675 4486 non

177 4522 251 4582 est
270 4520 359 4585 vir
382 4541 663 4588 mecum.
704 4543 738 4581 n
784 4522 1072 4605 Angelici
1098 4542 1379 4606 namque
1415 4527 1675 4610 spiritus

176 4623 415 4693 videntes
440 4629 662 4713 ipsum
697 4630 1051 4695 formosum
1088 4631 1156 4694 in
1185 4649 1302 4695 sua
1328 4631 1486 4697 stola
1517 4652 1672 4715 gra-

176 4729 410 4802 dientem
447 4739 518 4802 in
559 4738 974 4804 multitudine
1016 4740 1272 4805 virtutis
1321 4760 1487 4823 suae,
1537 4763 1672 4827 prae

177 4837 340 4905 nimia
359 4845 781 4909 admiratione
806 4851 1236 4929 prorumpunt
1260 4848 1329 4910 in
1356 4849 1497 4914 haec
1524 4868 1672 4916 ver-

175 4940 254 5009 ba.
279 4948 468 5017 Edom
497 4953 679 5017 enim
724 4953 1177 5036 interpretatur
1204 4956 1668 5037 sanguinolen-

174 5051 275 5117 tus·
322 5056 564 5128 Tinctis
606 5059 886 5127 vestibus
929 5079 1012 5126 ex
1055 5061 1404 5127 abundanti
1451 5082 1665 5148 asper-

219 5248 236 5283 ¹
259 5251 442 5314 limes..
471 5267 546 5320 11,
579 5260 628 5307 5.
657 5282 723 5295 -
755 5257 777 5291 ¹
802 5256 1005 5323 naeth„
1035 5269 1073 5324 ι,
1101 5260 1181 5310 21.
1210 5285 1272 5297 -
1297 5261 1319 5296 ⁸
1343 5261 1485 5312 Psal.
1515 5275 1666 5330 nxm,

173 5318 329 5368 ⁴·3.-
359 5324 380 5359 ὃ
411 5326 546 5392 Luc„
586 5340 635 5391 ι,
673 5329 839 5378 7344.
874 5355 938 5368 -
980 5331 1004 5366 ⁸
1039 5330 1176 5381 Psal.
1209 5343 1363 5395 uxr,
1404 5337 1574 5389 ¹2-13,
1606 5363 1661 5373 —

175 5385 320 5443 Ῥω.
346 5407 526 5463 mm,
560 5403 640 5451 ¹2.
671 5426 735 5440 -
767 5398 785 5434 ²
817 5399 1028 5469 Philip„
1053 5413 1135 5467 111,
1160 5407 1242 5457 αἱ.

3230 408 3351 472 213

1812 540 1988 605 sione
2012 541 2251 626 proprii
2277 539 2638 622 sanguinis,
2670 540 2785 624 qui
2809 540 2999 606 fluxit
3021 539 3102 606 de
3140 541 3349 606 mani-

1811 649 1934 713 bus
1963 653 2026 714 et
2060 650 2326 733 pedibus
2350 649 2421 713 in
2447 648 2880 725 crucifixione,
2916 647 2995 712 de
3038 647 3241 731 capite
3278 649 3350 714 in

1809 761 2238 841 coronatione,
2263 761 2342 825 de
2361 763 2494 825 toto
2519 778 2782 843 corpore
2799 759 2868 824 in
2890 759 3344 841 flagellatione,

1808 871 1872 931 et
1897 868 1975 932 de
2004 868 2193 932 corde
2219 868 2287 931 in
2318 868 2533 932 lateris
2554 867 2899 951 apertione.
2936 868 3096 941 Quis
3121 873 3212 934 est
3227 869 3349 934 iste

1809 978 1925 1056 qui
1948 978 2125 1044 venit
2153 975 2231 1042 de
2272 978 2504 1054 Bosra,
2538 975 2616 1040 de
2660 975 2798 1040 loco
2834 975 3258 1041 tribulationis
3283 978 3347 1040 et

1806 1083 2126 1164 angustiae
2147 1085 2180 1146 *ἲ
2241 1082 2438 1148 Bosra
2505 1082 2808 1164 angustia
2868 1082 3341 1167 interpretatur.

1808 1189 2153 1273 Respondit
2177 1191 2269 1255 eis
2301 1191 2530 1255 Jesus:
2564 1191 2696 1274 qu
2724 1193 2842 1274 qui
2883 1192 3101 1274 loquor
3130 1190 3345 1273 justi-

1805 1299 1967 1363 liam
1982 1298 2182 1363 verbo
2208 1298 2602 1380 proferendO,
2633 1302 2697 1362 et
2722 1299 2885 1362 facto
2912 1286 3338 1381 adimplendo.

1806 1405 1969 1469 Nam
2011 1409 2284 1470 mortem
2327 1405 2578 1487 suscepi
2625 1408 2883 1488 propter
2926 1405 3342 1472 inflexibilem

1805 1516 2092 1597 rigorem
2122 1515 2571 1599 praevenientis
2596 1514 2886 1597 justitiae,
2926 1515 3172 1579 ratione
3215 1517 3344 1599 pri·

1807 1641 1930 1688 mae
1955 1623 2527 1707 praevarioefionis;
2551 1626 2614 1687 et
2624 1629 3065 1705 propugnator
3092 1639 3234 1688 sum
3253 1623 3342 1690 ad

1800 1730 2186 1797 salvandum
2211 1734 2419 1813 patres
2453 1734 2697 1794 vestros
2733 1729 2812 1793 de
2838 1727 3036 1793 limbo
3070 1729 3303 1794 inferni
3320 1779 3337 1811 ,

1802 1841 2060 1923 propter
2104 1836 2503 1902 immutabile
2547 1837 2868 1901 decretum
2890 1883 2908 1915 ‚
2953 1837 3089 1900 sive
3118 1836 3341 1919 jusju-

1802 1945 2084 2011 randum
2107 1944 2455 2027 politicum,
2488 1944 2657 2026 quod
2680 1944 2929 2026 juravit
2955 1943 3121 2009 Deus
3156 1943 3339 2010 Pater

1800 2054 1880 2118 ad
1906 2053 2262 2131 Abrabam,
2294 2053 2596 2118 daturum
2628 2069 2734 2115 me
2770 2052 2838 2115 in
2873 2051 3147 2135 pretium
3175 2052 3338 2119 libe-

1798 2161 2082 2241 rationis,
2115 2161 2137 2196 *
2165 2168 2239 2228 ut
2276 2163 2418 2228 sine
2446 2163 2670 2227 timore
2712 2159 2986 2242 populus
3031 2177 3214 2225 meus
3258 2162 3337 2228 de

1800 2286 2000 2332 manu
2049 2267 2419 2334 daemonum
2474 2268 2811 2349 liberatus,
2863 2267 3061 2333 libere
3103 2270 3338 2335 serviat

1798 2377 1925 2441 Deo
1956 2395 1974 2440 t
2003 2380 2067 2441 et
2092 2377 2232 2441 ideo
2256 2377 2531 2441 rubrum
2557 2379 2619 2439 et
2645 2376 3214 2458 sanguinolentum
3242 2382 3339 2443 est

1797 2483 2246 2549 indumentum
2286 2485 2413 2548 mei
2452 2484 2755 2567 corporis·
2799 2483 2879 2548 Et
2918 2485 3335 2565 vestimenta,

1797 2591 1860 2654 id
1885 2598 2014 2671 est,
2060 2592 2349 2656 membra
2383 2609 2527 2656 mea
2558 2609 2920 2673 compressa
2951 2595 3134 2670 sunt,
3166 2592 3338 2659 sicut

1797 2702 2185 2769 calcantium
2222 2717 2508 2764 racemos
2542 2701 2619 2766 in
2660 2698 3003 2778 torculari,
3047 2716 3124 2763 eo
3166 2699 3337 2782 quod

1796 2807 2074 2872 torcular
2098 2812 2192 2872 est
2218 2825 2334 2872 vas
2356 2810 2578 2889 aptum
2602 2806 2681 2870 ad
2700 2806 3124 2890 premendum
3158 2824 3335 2872 race-

1795 2932 1936 2978 mos
1962 2915 2186 2980 mortis
2212 2917 2276 2979 et
2317 2913 2659 2995 angustiae.
2709 2913 2967 2980 Galcavi
3007 2914 3218 2992 sulm,
3260 2917 3334 2979 ut

1794 3022 1873 3086 de
1898 3040 2044 3086 meo
2071 3022 2386 3104 sanguine
2412 3038 2769 3104 compresso
2795 3038 2879 3084 ex
2908 3023 3042 3084 toto
3064 3038 3330 3103 corpore

1794 3130 2150 3194 solveretur
2199 3129 2393 3193 debiti
2435 3131 2651 3193 reatus
2706 3145 2897 3210 poena
2939 3128 3332 3212 pauperrimi

1792 3237 2088 3302 hominis.
2126 3235 2301 3302 Unde
2330 3235 2620 3301 Psalmus
2644 3241 2666 3277 ⁸
2701 3257 2717 3299 z
2755 3258 2786 3295 α
2824 3234 3148 3301 Liberavit
3172 3253 3332 3319 pau·

1791 3363 2009 3429 perem
2037 3363 2077 3408 a
2103 3348 2387 3427 potente,
2431 3347 2492 3408 et
2528 3360 2876 3427 pauperem
2902 3342 3009 3406 cui
3034 3359 3165 3406 non
3196 3346 3334 3408 erat

1791 3453 2043 3535 adJutor
2074 3469 2092 3515 ε
2122 3454 2336 3533 parcet
2361 3450 2652 3534 pauperi,
2679 3455 2741 3514 et
2766 3449 2965 3532 inopi,
2994 3456 3059 3513 et
3084 3449 3330 3514 animas

1790 3578 2148 3643 pauperum
2177 3557 2385 3623 salvas
2427 3557 2613 3623 faciet
2651 3578 2683 3617 ιι
2732 3574 2849 3621 rex
2890 3559 3105 3621 noster
3143 3556 3178 3622 J
3180 3574 3330 3622 esus

1790 3666 2079 3731 Christus
2104 3668 2251 3729 ante
2278 3664 2547 3743 saecula,
2591 3664 2615 3700 ⁸
2664 3686 2695 3723 α
2739 3680 3011 3746 operans
3053 3662 3328 3730 salutem

1786 3774 1858 3838 in
1890 3773 2100 3838 medio
2129 3775 2341 3837 terrae.
2371 3792 2402 3831 n
2436 3770 2646 3835 Tertio
2687 3771 2960 3837 salvabit
2996 3770 3326 3837 hominem

1786 3881 1854 3944 in
1888 3878 2173 3961 generali
2211 3877 2673 3943 resurrectione
2712 3895 2753 3941 a
2794 3877 3149 3944 calamitate
3183 3897 3327 3944 cor-

1787 3985 2024 4070 poralis
2044 3985 2341 4066 miseriae,
2364 4002 2479 4067 per
2496 3983 2894 4050 collationem
2923 3984 3327 4050 reformantis

1790 4094 2041 4174 gratiae,
2072 4092 2176 4157 vel
2202 4091 2453 4173 gloriae.
2476 4090 2555 4154 Et
2570 4091 2648 4155 de
2670 4091 2792 4156 hoc
2808 4091 3073 4156 dicitur⁷
3096 4115 3112 4156 :
3139 4116 3171 4153 α
3191 4091 3324 4157 Sal·

1783 4207 2073 4267 vatorem
2100 4202 2510 4283 expectamus
2535 4197 2878 4263 Dominum
2902 4198 3123 4265 Jesum
3148 4199 3322 4265 Chri-

1783 4313 1977 4389 stum,
2003 4309 2113 4392 qui
2132 4307 2500 4373 reformabit
2517 4324 2745 4391 corpus
2772 4307 3149 4372 humilitatis
3169 4324 3317 4371 nos-

1781 4420 1902 4481 trae
1928 4417 2404 4498 configuratum
2447 4415 2698 4499 corpori
2742 4414 3044 4480 claritatis
3090 4431 3247 4478 suae.
3276 4435 3309 4474 ι

1781 4523 1903 4602 Qui
1929 4525 2103 4589 enim
2130 4522 2270 4590 vult
2294 4528 2367 4589 ut
2396 4525 2837 4607 configuretur
2862 4541 3092 4607 corpus
3122 4539 3315 4588 suum

1779 4634 2050 4698 claritati
2093 4632 2377 4715 corporis
2431 4631 2661 4697 Christi
2718 4633 2788 4697 in
2845 4632 3086 4717 patria,
3131 4631 3316 4698 debet

1777 4741 1987 4825 primo
2028 4740 2099 4803 in
2145 4738 2252 4805 via
2301 4739 2383 4803 ad
2439 4739 2808 4823 exemplum
2851 4739 3080 4805 Christi
3120 4755 3314 4805 suum

1778 4867 2008 4933 corpus
2042 4851 2366 4913 conterere
2397 4848 2691 4930 jeiuniis,
2737 4851 2802 4913 et
2837 4847 3178 4913 humiliare
3217 4848 3312 4913 af-

1774 4956 2184 5035 flictionibus,
2216 4961 2280 5019 et
2302 4955 2496 5019 etiam
2520 4955 2888 5020 submittere
2914 4954 3150 5021 vilibus
3174 4971 3309 5020 ser-

1774 5063 2089 5131 vitutibus
2116 5083 2132 5125 :
2169 5060 2323 5144 quia
2349 5064 2526 5126 tanto
2550 5060 2620 5126 in
2645 5062 2852 5144 gloria
2878 5066 3100 5144 surget
3122 5061 3306 5127 clari-

1773 5173 1889 5238 tati
1913 5168 2192 5251 corporis
2219 5167 2450 5233 Christi
2488 5170 2895 5251 conformior,
2924 5171 3162 5255 quanto
3188 5188 3308 5256 pro

1775 5283 1919 5365 ejus
1941 5295 2161 5345 amore
2186 5275 2380 5341 fuerit
2406 5275 2491 5359 (b)
2518 5276 2654 5343 vita
2678 5277 2801 5342 ista
2823 5277 3152 5344 humilior.

1835 5406 1905 5473 (a)
1935 5405 2041 5456 [mo
2065 5403 2146 5455 dic
2171 5401 2382 5468 loseph.
2405 5429 2469 5442 —
2496 5401 2562 5468 (b)
2601 5405 2721 5457 cat.
2748 5402 2868 5455 edit.
2897 5403 3005 5459 ruit.
3054 5446 3059 5451 .
