4059 6317
1190 485 1273 551 IN
1315 481 1802 552 ASCENSIONE
1844 481 2144 555 DOMINI.
2192 485 2453 558 SERMO
2496 491 2596 561 IV.

3366 491 3484 559 285

280 617 470 701 -Deo,
526 620 807 704 psallit03
849 619 1206 704 psallendo,
1259 639 1409 687 cum
1468 622 1607 706 ipso
1653 622 1841 689 corde
1948 624 2236 694 habebis.
2269 631 2628 697 Bernardus
2663 630 2710 671 ¹⁰
2743 651 2758 696 ε
2796 653 2829 692 α
2852 628 2994 696 Νοιι
3027 629 3291 713 ambigo
3327 628 3486 713 quin

310 729 645 795 ascendite.
674 728 962 795 Psalmus
978 730 999 766 ¹
1031 750 1101 796 z«
1124 728 1539 795 Ascensiones
1557 729 1625 794 in
1653 728 1839 795 corde

312 855 429 903 suo
470 837 783 922 disposuit
818 838 888 902 in
928 837 1094 904 valle
1129 837 1585 922 lacrymarum.
1640 858 1673 899 ιο
1719 836 1841 903 Sed

311 950 492 1027 nota,
553 943 727 1029 quod
777 947 1056 1013 ascendit
1102 945 1270 1013 Deus
1314 946 1384 1010 in
1427 947 1720 1030 passione
1754 947 1778 982 ’
1821 965 1840 1008 z

321 1076 353 1115 ι
376 1054 730 1119 Ascendam
755 1054 824 1119 in
849 1053 1164 1138 palmam,
1194 1075 1227 1113 υ
1262 1057 1382 1119 etc.
1428 1053 1585 1119 ltem
1627 1053 1696 1117 in
1738 1070 1846 1117 re·-

315 1160 703 1227 surrectione
724 1183 743 1240 ;
772 1157 1064 1227 Psalmus
1088 1164 1112 1201 ⁸
1142 1183 1159 1226 τ
1193 1184 1225 1223 α
1249 1150 1376 1226 Iter
1400 1160 1585 1226 facite
1612 1159 1704 1241 ei,
1735 1160 1849 1243 qui

316 1270 595 1337 ascendit
638 1289 829 1355 super
881 1290 1213 1352 occasum,
1262 1293 1294 1332 1>
1328 1268 1393 1336 id
1439 1273 1535 1334 est
1574 1319 1592 1349 ,
1657 1286 1850 1351 super

318 1381 612 1445 mortem.
659 1379 816 1445 Item
864 1379 933 1443 in
972 1378 1373 1456 ascensione;
1419 1376 1713 1442 Psalmus
1756 1380 1780 1418 ⁸
1827 1394 1845 1439 t

327 1508 359 1547 ι
400 1486 697 1552 Ascendit
734 1504 926 1570 super
969 1485 1309 1552 Cherubim
1333 1534 1353 1568 ‚
1397 1507 1429 1546 1>
1463 1488 1584 1550 etc.
1634 1483 1852 1549 Primo

319 1593 509 1660 modo
552 1593 831 1660 ascendit
872 1594 1038 1659 Deus
1083 1592 1316 1660 Judaeis
1353 1591 1849 1672 insultantibus3

322 1701 600 1767 secundo
617 1750 635 1779 ,
665 1702 1065 1768 daemonibus
1098 1701 1600 1785 trepidantibus,
1583 1722 1598 1737 ·
1634 1700 1850 1779 tertio,

325 1809 1022 1894 angelisjubilantibus‚
1045 1809 1342 1895 apostolis
1363 1807 1852 1887 admirantibus,

325 1915 608 1982 liberatis
631 1917 1167 2001 comitantibus(a
1167 1918 1211 1998 ).
1243 1915 1576 1982 Psalmista
1598 1919 1661 1955 ⁸·
1644 1938 1727 1979 ,ι
1752 1915 1860 1979 As·

327 2026 536 2092 cendit
556 2026 627 2090 in
648 2026 852 2091 altum
866 2073 889 2107 ,
919 2025 1237 2109 captivam
1254 2019 1470 2105 duxit,
1500 2044 1532 2084 ι
1575 2026 1697 2089 etc.

407 2133 494 2199 De
537 2135 813 2201 secundo
859 2136 1214 2218 figuratum
1243 2137 1338 2200 est
1361 2133 1406 2214 ⁸,
1438 2134 1553 2198 ubi
1595 2131 1860 2213 legitur,

329 2242 503 2325 quod
545 2241 736 2308 Jacob
785 2242 943 2307 vidit
992 2240 1257 2324 angelos
1299 2240 1409 2306 Dei
1454 2238 1864 2304 ascendentes

329 2367 446 2432 per
471 2348 730 2413 scalam.
778 2343 941 2416 No'ta
976 2349 1338 2414 historiam.
1368 2345 1607 2429 Angeli
1644 2363 1866 2411 ascen-

330 2456 527 2536 dunt,
555 2475 663 2539 ea,
700 2475 848 2541 quae
890 2459 1109 2522 nostra
1135 2460 1284 2522 sunt
1304 2505 1324 2537 ,
1355 2454 1437 2520 ad
1473 2453 1676 2518 Deum
1702 2450 1868 2518 offe-

330 2567 544 2629 rentes
575 2563 696 2647 (b);
743 2563 1132 2630 descendunt
1174 2565 1388 2627 autem
1424 2560 1506 2625 ad
1557 2577 1633 2625 ea
1647 2607 1669 2639 ,
1719 2574 1867 2642 quae

331 2671 442 2738 Dei
484 2676 680 2751 sunt,
725 2671 808 2737 ad
844 2689 962 2736 nos
1003 2670 1374 2736 deferentes.
1408 2666 1589 2732 Patet
1629 2651 1751 2731 hoc
1795 2664 1869 2728 in

332 2777 667 2863 Raphaele,
700 2778 974 2862 quicum
1000 2776 1299 2858 ascendit,
1321 2775 1481 2841 dixit
1503 2782 1528 2817 '¹
1561 2796 1577 2838 :
1607 2799 1633 2831 ι
1660 2773 1871 2852 Quan-

332 2886 415 2951 do
442 2886 669 2951 orabas
706 2904 853 2951 cum
899 2885 1201 2970 lacrymis
1228 2930 1247 2967 ,
1278 2904 1310 2944 n
1343 2887 1464 2949 etc.
1512 2880 1674 2947 Nota
1723 2896 1869 2964 quae

334 2992 424 3057 ibi
468 2993 786 3059 dicuntur.
828 2993 1096 3077 Propter
1138 2992 1263 3058 hoc
1304 2992 1468 3056 bene
1522 2989 1753 3055 dicitur
1778 2987 1802 3025 ⁸
1847 3009 1865 3054 ε

340 3120 373 3160 α
399 3099 703 3166 videbitis
728 3099 962 3167 coelum
996 3104 1288 3185 apertum
1305 3147 1329 3180 ,
1359 3102 1423 3164 et
1463 3096 1733 3180 angelos
1760 3093 1869 3161 Dei

339 3208 745 3274 ascendentes
769 3226 963 3294 super
980 3205 1213 3274 Filium
1240 3205 1519 3272 hominis
1539 3253 1558 3285 ‚
1576 3225 1607 3265 ιι
1634 3203 1873 3269 scilicet

339 3316 452 3399 qui
475 3319 573 3381 est
598 3319 789 3400 caput
814 3315 1108 3382 Ecclesia}
1127 3364 1149 3396 ,
1183 3316 1367 3399 cujus
1392 3313 1685 3378 membra
1723 3312 1874 3375 sunt

276 3503 281 3508 Ι
340 3440 559 3489 omnes
584 3424 822 3490 fideles.
852 3423 1219 3490 Ascenth
1264 3439 1422 3505 ergo
1456 3418 1668 3503 angeli
1703 3436 1871 3503 quo-

340 3529 491 3596 tidie
516 3530 596 3598 de
622 3531 928 3598 membris
954 3529 1035 3595 ad
1057 3533 1280 3614 caput,
1302 3533 1364 3594 et
1384 3526 1775 3595 descendunt
1794 3525 1872 3592 de

344 3638 539 3721 capite
577 3656 771 3723 super
811 3637 1101 3704 membra
1121 3686 1141 3718 ‚
1190 3635 1511 3720 praecipue
1556 3634 1626 3697 in
1668 3634 1876 3698 morte

344 3744 680 3828 cujuslibet
710 3744 867 3830 justi
885 3793 908 3825 ‚
951 3743 1122 3828 apud
1161 3757 1358 3825 quem
1401 3739 1636 3806 scalam
1664 3740 1875 3805 virtu-

344 3854 482 3916 tum
504 3852 866 3918 inveniunt.
904 3850 1113 3942 Hujus
1142 3848 1330 3914 scalae
1358 3849 1486 3915 duo
1510 3847 1698 3930 ligna
1725 3849 1877 3911 sunt

346 3960 714 4046 principalia
733 4008 751 4039 ‚
790 3979 972 4028 amor
1008 3960 1155 4039 Dei,
1192 3963 1257 4024 et
1287 3957 1587 4043 proximi.
1625 3955 1878 4021 Gradus

346 4085 498 4133 vero
524 4071 678 4134 sunt
701 4068 916 4149 timor,
945 4068 1218 4143 castitas,
1251 4064 1579 4150 patientia,
1611 4062 1873 4144 veritas,

347 4179 411 4241 et
434 4180 680 4243 caeterae
705 4176 979 4242 virtutes
1002 4224 1020 4257 ,
1052 4194 1168 4262 per
1192 4193 1352 4260 quas
1375 4173 1482 4238 hic
1507 4173 1585 4238 de
1626 4169 1875 4237 miseri-

349 4285 560 4351 cordia
581 4286 607 4322 ⁸
631 4287 702 4351 in
733 4285 855 4350 hac
880 4285 1049 4350 scala
1075 4283 1418 4351 Dominum
1443 4279 1750 4346 innixum
1776 4278 1876 4347 vi-

349 4392 557 4475 debis,
611 4392 867 4477 quando
916 4409 1066 4457 cum
1116 4390 1307 4457 Jacob
1359 4405 1552 4472 super
1597 4385 1880 4470 lapidem

351 4499 527 4565 durae
550 4499 942 4584 poenitentiae
984 4496 1404 4565 obdormieris
1425 4544 1445 4578 ‚
1484 4496 1649 4560 sicut
1683 4493 1877 4558 etiam

351 4605 707 4691 Stephanus
722 4654 740 4687 ,
773 4606 1026 4690 quando
1048 4606 1214 4670 inter
1229 4603 1469 4687 lapides
1495 4599 1882 4668 obdormivit

351 4714 418 4779 in
442 4714 711 4780 Domino
726 4762 747 4795 ,
777 4714 940 4780 vidit
964 4712 1197 4779 coelum
1226 4714 1549 4795 apertum,
1580 4712 1643 4774 et
1662 4707 1881 4773 lesum

352 4825 622 4891 stantem
663 4824 747 4890 ad
796 4821 1260 4888 sustinendum.
1306 4817 1374 4885 Sl
1419 4819 1512 4883 sic
1547 4834 1703 4899 ergo
1740 4831 1880 4880 mo-

352 4932 572 4999 riendo
597 4931 1037 5011 obdormieris,
1068 4931 1123 4994 si
1149 4928 1341 4994 talem
1371 4925 1604 4992 scalam
1629 4940 1883 5008 praepa-

354 5039 618 5122 raveris,
648 5039 909 5124 angelos
932 5056 1051 5123 pro
1072 5037 1287 5104 anima
1306 5042 1418 5102 tua
1429 5030 1884 5101 descendentes

356 5210 369 5234 ⁸
416 5199 437 5240 ²
473 5199 885 5267 Ptol-unm,
925 5205 974 5255 6.
1012 5201 1648 5266 -2Cmt.,v11‚8.-
1686 5191 1886 5245 ⁸Psal.

358 5278 711 5341 uvi1,5.-
745 5276 768 5312 ⁸
806 5274 1119 5339 Pmvan,
1160 5270 1753 5330 1¹.-⁸Psal.1.xvn,
1793 5268 1885 5329 19;

358 5347 559 5413 Ephes„
588 5359 658 5414 ιν,
686 5350 734 5400 8.
754 5347 1035 5409 -⁸Gen.,
1062 5357 1249 5408 xxvm,
1275 5348 1352 5396 12.
1378 5368 1443 5382 -
1466 5340 1647 5404 ’.,Τοὸ
1676 5339 1886 5402 111,12.

359 5419 470 5457 *Α
498 5420 666 5483 loun„
704 5436 752 5486 ι,
784 5423 864 5475 51.
892 5446 957 5460 -
988 5419 1013 5456 ⁹
1050 5421 1216 5471 Locus
1254 5418 1541 5480 corruptus.
1568 5417 1630 5452 —‘·
1676 5411 1887 5462 ⁸Bern.

360 5491 719 5559 —¹¹Jerem.,
746 5505 849 5560 vu,
874 5494 956 5545 25.
988 5516 1054 5531 -
1086 5490 1334 5553 ¹..20m
1359 5498 1482 5552 vm,
1511 5490 1560 5539 1.
1583 5481 1887 5536 -¹⁸1²ea1.

1951 735 2168 817 angeli
2198 742 2526 820 gratanter
2557 738 2626 804 in
2652 737 2883 822 palatio
2912 736 3249 820 colligant,
3290 752 3485 820 quem

1952 841 2292 924 dignanter
2316 845 2387 910 in
2412 846 2808 931 sterquilinio
2835 846 3115 913 visitant.
3147 865 3179 904 n

2033 949 2120 1016 De
2146 953 2330 1018 tertio
2357 954 2400 990 ¹¹
2435 976 2449 1019 :
2477 977 2508 1015 α
2533 953 2978 1036 Ingredieutur
3005 945 3118 1037 per
3145 953 3366 1036 portas
3392 948 3489 1013 ci-

1954 1056 2168 1121 vitatis
2191 1057 2388 1143 hujus
2418 1078 2622 1143 reges,
2649 1066 2714 1127 et
2738 1061 3060 1145 principes
3080 1057 3492 1123 ascendentes

1958 1164 2025 1229 in
2069 1168 2365 1233 curribus
2407 1173 2471 1235 et
2512 1171 2579 1235 in
2620 1171 2827 1254 equis.
2869 1192 2900 1230 a>
2939 1166 3146 1251 Reges
3189 1179 3491 1232 coronam

1959 1277 2280 1354 portantes
2306 1279 2370 1341 et
2395 1278 2745 1362 principes,
2786 1281 2938 1343 sunt
2965 1279 3195 1342 'omncs
3223 1271 3386 1356 justi
3426 1269 3496 1334 in

1960 1378 2219 1447 civitate
2243 1382 2478 1449 coelesti
2504 1388 2851 1467 regnantes
2868 1432 2891 1466 ,
2931 1402 3047 1468 per
3073 1385 3258 1467 cujus
3280 1380 3496 1465 portas

1963 1484 2273 1554 deliciosae
2309 1492 2663 1557 ascendunt
2696 1492 2930 1557 animae
2971 1490 3254 1556 volantes
3270 1535 3290 1566 ‚
3337 1487 3501 1551 sicut

1963 1593 2044 1659 de
2062 1594 2170 1660 illa
2187 1602 2405 1663 sancta
2425 1599 2641 1663 anima
2667 1597 2957 1665 dicitur¹⁸
2977 1616 3038 1661 :a
3060 1595 3216 1673 Quae
3239 1597 3334 1658 θὸῑ
3351 1593 3495 1672 ἱδῐᾶ,

1965 1719 2093 1787 que
2118 1704 2395 1770 ascendit
2418 1705 2498 1771 de
2518 1706 2790 1785 deserto,
2818 1703 3094 1783 deliciis,
3121 1723 3153 1763 n
3188 1704 3307 1767 etc.
3340 1699 3498 1766 Cur·

1967 1827 2082 1874 rus
2117 1816 2270 1878 sunt
2311 1814 2462 1879 boni
2504 1815 2751 1880 tructus
2768 1861 2792 1894 ,
2837 1816 2901 1878 et
2941 1816 3143 1877 status
3185 1810 3502 1875 bonorum

1967 1918 2332 2011 hominum.
2360 1920 2727 1986 Ascendunt
2753 1937 2908 2002 ergo
2924 1918 3187 2003 quidam
3214 1917 3285 1980 in
3308 1932 3505 1982 curru

1969 2028 2325 2111 conjugali,
2367 2030 2628 2112 quidam
2675 2028 2745 2092 in
2793 2025 3037 2093 viduali
3054 2072 3077 2105 ,
3129 2023 3391 2108 quidam
3438 2023 3507 2086 in

1971 2133 2298 2215 virginali.
2329 2133 2452 2200 Sed
2479 2139 2755 2219 quatuor
2774 2137 2930 2199 rotae
2958 2134 3111 2198 sunt
3136 2129 3507 2197 necessariae

1971 2242 2043 2307 in
2069 2261 2265 2307 curru
2290 2242 2369 2307 ad
2396 2243 2861 2309 ascendendum
2875 2265 2894 2321 ;
2945 2242 3025 2307 de
3070 2240 3311 2326 quibus
3336 2236 3511 2305 Psal-

1974 2349 2162 2415 mista
2188 2351 2272 2414 ¹⁸:
2311 2374 2343 2413 a
2372 2349 2525 2430 Quis
2560 2350 2854 2416 ascendet
2880 2349 2950 2413 in
2981 2351 3264 2415 montem
3291 2344 3508 2412 Domi-

1972 2457 2082 2522 ni?
2123 2457 2363 2525 »Certe
2411 2459 2718 2526 innocens
2776 2455 3076 2525 manibus
3113 2503 3132 2535 ,
3193 2472 3337 2521 ecce
3381 2470 3515 2518 una

1972 2569 2112 2631 rota
2134 2589 2152 2646 ;
2189 2566 2427 2634 mundo
2454 2565 2641 2634 corde
2659 2614 2681 2647 ‚
2713 2583 2856 2631 ecce
2878 2564 3006 2630 alia
3032 2566 3207 2643 rota3
3240 2563 3357 2646 qui
3381 2574 3514 2627 non

1975 2676 2217 2758 accepit
2243 2677 2318 2742 in
2345 2690 2510 2742 vano
2538 2675 2828 2741 animam
2852 2689 3039 2740 suam
3056 2720 3076 2751 ‚
3115 2689 3259 2736 ecce
3282 2669 3509 2747 tertia3

1974 2797 2089 2848 nec
2107 2780 2370 2863 juravit
2398 2784 2475 2848 in
2496 2781 2638 2849 dolo
2661 2783 2960 2865 proximo
2986 2794 3125 2860 suo,
3154 2795 3298 2843 ecce
3324 2793 3516 2860 quar·

1973 2892 2062 2954 ta.
2093 2888 2349 2973 Oportet
2375 2908 2537 2972 ergo
2566 2907 2829 2954 currum
2853 2888 3042 2953 bonae
3066 2886 3219 2955 vitae
3248 2885 3516 2967 igneum

1977 3014 2114 3061 esse
2138 3016 2251 3080 per
2261 2996 2683 3079 dilectionem,
2707 3001 2780 3062 ut
2808 2995 3045 3079 legitur
3060 2994 3128 3076 ¹⁸,
3148 2992 3322 3078 quod
3349 2990 3518 3057 Elias

1978 3103 2049 3168 in
2078 3121 2273 3169 curru
2299 3103 2490 3185 igneo
2516 3102 2817 3168 ascendit.
2861 3099 3226 3166 Ascendunt
3252 3114 3410 3181 ergo
3449 3097 3521 3161 in

1980 3209 2279 3275 curribus
2324 3209 2674 3289 evolantes;
2742 3209 2810 3272 in
2870 3207 3053 3291 equis
3103 3209 3322 3272 autem
3341 3253 3364 3285 ,
3410 3221 3523 3269 re·-

1976 3316 2251 3401 sumptis
2278 3316 2649 3400 corporibus
2679 3318 3040 3397 surgentes.
3082 3312 3317 3379 Omnes
3345 3312 3521 3378 enim

1977 3426 2058 3491 de
2100 3425 2282 3509 equis
2302 3473 2325 3505 ,
2368 3423 2437 3488 id
2479 3427 2607 3504 est,
2659 3421 3032 3506 corporibus
3075 3421 3409 3504 ejiciemur
3451 3419 3523 3485 in

1977 3536 2204 3598 morte.
2234 3531 2358 3597 Sed
2387 3521 2694 3615 ad'equos
2718 3549 2940 3596 omnes
2966 3530 3286 3595 rediemus
3321 3530 3392 3594 in
3418 3547 3524 3596 re-

1980 3639 2397 3720 surrectione,
2425 3639 2583 3704 boni
2610 3638 2873 3723 quidem
2900 3637 2982 3703 ad
3007 3636 3249 3704 albos¹⁸
3278 3659 3294 3702 :
3335 3659 3368 3700 α
3398 3635 3520 3704 Se·

1980 3747 2342 3830 quebamur
2367 3763 2518 3812 eum
2542 3746 2613 3811 in
2644 3746 2826 3830 equis
2851 3744 3036 3810 albis.
3063 3766 3094 3806 ιι

2062 3853 2149 3921 De
2186 3858 2417 3940 quarto
2461 3855 2507 3892 ¹⁸
2554 3875 2571 3919 ι
2608 3876 2641 3916 α
2672 3852 2749 3919 ln
2787 3854 3022 3919 coelum
3061 3849 3513 3935 conscendam,

1981 3983 2174 4049 super
2201 3967 2372 4029 astra
2398 3962 2540 4030 coeli
2568 3961 2861 4029 exaltabo
2879 4011 2897 4044 ‚
2928 3984 2960 4023 ι»
2996 3965 3115 4027 etc.
3154 3960 3383 4027 Adhuc
3411 3980 3524 4028 au-

1981 4074 2115 4137 tem
2140 4070 2431 4137 diabolus
2447 4119 2466 4152 ,
2503 4074 2567 4136 et
2594 4070 2883 4135 membra
2916 4070 3058 4153 ejus
3075 4116 3099 4149 ,
3139 4086 3364 4134 omnes
3407 4087 3518 4135 su-

1983 4177 2163 4262 perbi
2180 4225 2197 4259 ‚
2229 4177 2567 4244 ascendere
2594 4179 2896 4261 quaerunt
2930 4194 3047 4260 per
3075 4159 3514 4242 ambitionem.

1985 4283 2320 4351 Psalmista
2353 4286 2398 4322 ¹⁷
2441 4307 2456 4351 :
2493 4308 2525 4347 α
2553 4283 2863 4369 Superbia
2908 4301 3134 4349 eorum
3174 4283 3255 4366 (6)
3299 4283 3413 4366 qui
3459 4289 3522 4349 16

1984 4393 2257 4459 oderunt
2282 4391 2564 4459 ascendit
2589 4410 2863 4475 semper.
2892 4413 2924 4452 ι»
2964 4393 3196 4457 Contra
3222 4392 3395 4475 quod
3421 4390 3520 4455 di-

1987 4500 2152 4566 citur
2177 4502 2223 4541 ¹⁸
2261 4519 2279 4565 t
2318 4522 2349 4562 a
2377 4500 2445 4565 Si
2473 4498 2824 4565 ascenderit
2848 4498 2917 4563 in
2943 4497 3176 4565 coelum
3222 4497 3521 4582 superbia

1987 4611 2132 4693 ejus
2150 4658 2170 4690 ‚
2215 4613 2280 4674 et
2313 4612 2503 4691 caput
2544 4610 2685 4691 ejus
2716 4608 2921 4672 nubes
2973 4605 3296 4690 tetigerit,
3338 4606 3522 4691 quasi

1988 4714 2458 4799 sterquilinium
2498 4714 2570 4779 in
2611 4714 2738 4779 fine
2767 4713 2859 4796 (d)
2890 4713 3211 4797 perdetur.
3242 4733 3274 4774 ι»
3310 4713 3521 4792 Quan-

1988 4829 2130 4890 tum
2151 4823 2324 4889 enim
2349 4821 2764 4888 ascenderunt
2790 4821 2942 4885 mali
2963 4839 3077 4905 per
3102 4821 3516 4887 ambitionem

1988 4936 2059 5000 in
2083 4935 2322 5001 mundo
2340 4982 2358 5013 ,
2394 4937 2647 4998 tantum
2684 4932 3060 4998 descendent
3094 4949 3209 5015 per
3242 4931 3518 4997 damna-

1991 5045 2231 5109 tionem
2256 5042 2326 5107 in
2351 5042 2621 5107 inferno.
2651 5039 2984 5107 Psalmista
3008 5042 3055 5081 ¹⁸
3080 5062 3096 5107 z
3120 5039 3529 5108 «Ascendunt

1992 5183 2147 5236 xxm,
2176 5172 2225 5222 3.
2249 5195 2306 5207 -
2336 5167 2378 5205 ¹⁸
2402 5169 2468 5220 lv
2498 5168 2634 5231 Req„
2667 5179 2729 5229 11,
2759 5172 2835 5218 11.
2868 5192 2930 5206 -
2959 5169 2998 5206 ¹⁸
3023 5169 3197 5235 Apoc„
3221 5182 3331 5237 xix,
3363 5173 3439 5222 14.
3467 5197 3525 5210 -

1993 5245 2044 5280 1
2069 5244 2342 5349 1m.,x¹1v‚
2391 5242 2468 5291 13.
2513 5259 2577 5276 -
2618 5239 2661 5275 ¹⁷
2696 5237 3071 5305 Ρεα1.ι.κιιιι,
3117 5244 3297 5294 23.-
3334 5241 3379 5279 ¹⁸
3405 5239 3528 5309 106,

1992 5327 2086 5381 xx,
2112 5318 2221 5365 ¹1.—
2252 5311 2453 5363 ”Ρ.αι
2488 5323 2601 5375 ew,
2634 5313 2715 5361 26.

2059 5396 2132 5462 (a)
2161 5395 2286 5446 Coet.
2311 5392 2432 5444 edit.
2454 5392 2509 5443 in
2527 5391 3118 5449 communicantibusu-
3054 5394 3215 5464 -(b)
3244 5397 3347 5449 For
3348 5400 3396 5450 16
3431 5397 3530 5470 leq.

1996 5472 2367 5526 affmtea-
2393 5462 2459 5531 (c)
2492 5465 2615 5518 Θαΐ.
2642 5462 2766 5517 edit.
2804 5464 2978 5521 enini:
2991 5467 3171 5537 —(d)
3200 5472 3329 5525 Item
3355 5472 3530 5528 finem.
