4059 6317
1 4482 196 4524 Exem—

1370 464 1473 536 DE
1514 469 1593 536 S.
1637 464 1894 537 LUCIA.
1941 470 2209 543 SERMO
2250 477 2299 542 l.

287 684 385 760 DE
431 683 499 766 S.
548 684 778 763 LUGIA
822 685 1128 762 VIRGINE
1176 686 1276 762 ET
1321 686 1724 763 MARTYRE.

673 859 930 922 SERMO
973 860 1263 923 PRIMUS
1289 859 1337 921 ¹.

303 984 577 1042 Certatum
598 983 742 1052 torte
768 982 922 1040 dedit
951 984 1063 1054 illi,
1089 987 1152 1039 ut
1173 984 1411 1041 vinceret
1437 982 1479 1041 ².
1511 982 1776 1041 Pruden-

232 1075 303 1134 tis
345 1074 547 1135 militis
590 1075 823 1151 virique
864 1077 1183 1134 constantis
1219 1081 1278 1134 et
1309 1075 1477 1135 fortis
1513 1075 1778 1135 officium

232 1172 339 1240 est,
364 1185 490 1228 non
516 1170 713 1228 solum
737 1166 970 1230 bellum
988 1186 1113 1229 non
1141 1170 1219 1246 (a)
1245 1172 1467 1245 fugere,
1489 1170 1593 1229 sed
1614 1174 1780 1246 opta-

229 1278 295 1321 re
321 1263 606 1322 bellando
643 1263 975 1336 victoriam,
1002 1268 1069 1322 ut
1093 1265 1279 1340 possit
1305 1280 1589 1323 coronam
1629 1264 1782 1323 acci-

230 1371 394 1430 pere.
429 1360 560 1415 Non
605 1357 763 1415 enim
807 1361 1148 1430 coronatur,
1192 1356 1305 1416 nisi
1349 1357 1454 1432 qui
1490 1357 1673 1417 bellat
1724 1360 1780 1417 et

228 1450 428 1509 vincit.
459 1452 771 1524 Gregorius
806 1468 969 1525 super
995 1454 1191 1509 Lucam
1213 1452 1235 1490 ⁸
1265 1472 1284 1509 ε
1313 1451 1462 1523 Quia
1487 1469 1517 1505 α
1544 1452 1625 1511 ad
1650 1467 1779 1511 ma·

230 1560 352 1618 gna
376 1545 626 1620 praemia
649 1545 947 1621 perveniri
974 1561 1100 1604 non
1126 1548 1319 1622 potest
1358 1545 1472 1605 nisi
1505 1562 1614 1620 per
1654 1562 1781 1605 ma-

230 1652 381 1712 gnos
408 1638 667 1698 labores.
694 1660 726 1695 w
755 1643 934 1699 Poeta
960 1656 976 1697 ε

259 1794 464 1860 Absque
490 1793 670 1846 labore
696 1794 869 1861 gravi,
891 1794 982 1845 vix
1009 1808 1232 1846 munera
1255 1807 1445 1862 magna
1471 1793 1745 1847 dabuntur.

328 1868 514 1918 Gratus
541 1871 620 1918 est
649 1866 835 1933 plenus
863 1867 1079 1919 utilitate
1096 1867 1261 1919 labor.

229 2023 381 2095 Ergo
404 2021 573 2096 juxta
597 2022 1022 2096 Gregorianum
1045 2021 1270 2080 dictum
1293 2019 1315 2057 ⁸
1346 2039 1361 2080 :
1397 2041 1427 2076 α
1449 2021 1506 2080 Si
1528 2021 1780 2080 delectat

226 2114 495 2173 animum
522 2116 871 2189 magnitudo
897 2117 1304 2192 proemiorum,
1335 2131 1459 2173 non
1488 2115 1780 2175 deterreat

228 2212 525 2267 certamen
555 2208 853 2268 laborum.
893 2229 924 2264 n
969 2210 1249 2268 Dominus
1289 2225 1455 2283 ergo,
1491 2214 1559 2268 ut
1591 2210 1780 2285 possit

224 2300 385 2360 filios
419 2305 478 2361 et
509 2302 662 2361 filias
697 2319 1006 2375 coronare,
1036 2304 1165 2361 vult
1192 2319 1398 2362 omnes
1424 2303 1486 2362 in
1511 2303 1629 2363 hoc
1657 2320 1778 2362 cer-

224 2395 465 2454 taminis
491 2411 706 2471 campo
735 2400 995 2470 certare3
1027 2401 1085 2455 et
1104 2396 1243 2456 ideo
1263 2398 1506 2472 Sapiens
1523 2398 1778 2473 loquens

226 2488 304 2548 de
335 2488 623 2565 sapientia
651 2489 933 2562 increata,
964 2490 1108 2549 dicit
1141 2510 1156 2549 :
1202 2492 1479 2550 Certamen
1520 2493 1661 2562 torte
1688 2492 1780 2550 de-

225 2583 315 2640 dit
341 2585 454 2656 mi,
479 2589 544 2640 ut
570 2587 822 2642 vinceret.
854 2583 1009 2642 Cui?
1044 2583 1134 2643 mi
1167 2585 1493 2643 venerabili
1530 2586 1774 2659 Virgini,

225 2675 302 2735 de
350 2692 474 2751 qua
512 2677 724 2736 testum
768 2678 1003 2752 agimus
1043 2678 1107 2735 in
1145 2678 1437 2753 praesenti.
1480 2679 1569 2738 Ad
1611 2680 1779 2753 cujus

225 2771 806 2830 commendationem
835 2772 898 2830 in
943 2772 1130 2831 verbo
1170 2774 1470 2847 praemisso
1514 2772 1627 2832 tria
1666 2789 1777 2832 no·

223 2868 426 2924 tantm·
465 2884 482 2923 ε
519 2881 663 2924 nam
700 2866 898 2940 primo
946 2866 1010 2924 in
1060 2866 1257 2924 electis
1298 2866 1418 2924 suis
1452 2867 1777 2926 ostenditur

226 2959 433 3017 divina
469 2958 886 3035 providentia3
927 2959 1189 3018 secundo
1231 2976 1303 3018 ex
1330 2963 1497 3034 parte
1525 2960 1777 3035 Virginis

224 3052 578 3112 describitur
604 3053 797 3113 acrior
821 3069 1061 3128 pugna3
1086 3054 1258 3113 tertio
1278 3069 1422 3112 vero
1452 3055 1778 3114 ostenditur

221 3147 403 3205 nobis
455 3146 676 3205 nobilis
720 3152 777 3206 et
831 3146 947 3206 alta
989 3147 1255 3206 victoria.
1302 3151 1543 3207 Notatur
1577 3155 1776 3207 autem

226 3240 438 3298 divina
461 3240 857 3317 providentia,
890 3256 1023 3299 cum
1056 3241 1307 3300 dicitur:
1335 3243 1500 3300 Dedit
1525 3245 1634 3300 illi.
1665 3245 1778 3301 No·

221 3339 382 3393 tatur
424 3335 601 3394 etiam
648 3351 873 3409 pugna,
928 3352 1068 3393 cum
1122 3335 1398 3395 subditur
1434 3356 1453 3393 ε
1499 3338 1776 3396 Certamen

220 3431 386 3499 forte.
415 3430 655 3486 Notatur
684 3433 1112 3504 consequenter
1136 3431 1401 3504 victoria,
1426 3448 1563 3489 cum
1580 3430 1776 3489 statim

226 3522 571 3595 adjungitur
612 3540 627 3580 :
680 3525 750 3580 Ut
791 3527 1047 3581 vinceret.
1106 3527 1212 3582 Dat
1262 3524 1440 3597 igitur
1495 3524 1777 3583 Dominus

225 3616 443 3673 sanctis
469 3631 757 3691 pugnam,
789 3619 855 3675 ut
880 3633 990 3692 per
1014 3633 1284 3693 pugnam
1311 3618 1550 3676 veniant
1577 3618 1654 3677 ad
1681 3619 1774 3677 vi·

226 3708 498 3778 ctoriam,
524 3714 583 3768 et
604 3725 713 3783 per
736 3711 1048 3769 victoriam
1075 3712 1155 3769 ad
1194 3727 1500 3771 coronam.
1530 3712 1586 3771 Si
1616 3713 1777 3772 enim

225 3816 454 3861 corona
479 3805 706 3861 tantum
739 3802 1067 3863 victoribus
1103 3805 1296 3878 datur,
1342 3810 1398 3865 et
1441 3822 1561 3863 non
1590 3806 1780 3881 possit

225 3910 355 3952 esse
398 3895 665 3968 victoria,
711 3897 816 3956 ubi
857 3897 1028 3957 nulla
1075 3901 1161 3956 est
1201 3915 1425 3973 pugna,
1475 3899 1779 3957 clementis

224 3990 303 4046 sit
339 3989 437 4047 Dei
481 3990 875 4063 providentia,
918 3997 984 4051 ut
1025 3992 1144 4051 illis
1187 3993 1483 4052 indicatur
1524 3993 1776 4067 bellum,

225 4081 449 4157 quibus
476 4082 751 4143 bravium
769 4089 856 4143 est
873 4085 1300 4145 conferendum
1328 4087 1773 4162 sempiternum.

225 4180 374 4235 item
399 4176 449 4234 si
463 4178 631 4249 ,iuxta
654 4194 993 4238 mensuram
1021 4180 1279 4240 victorias
1306 4197 1584 4240 mensura
1608 4185 1694 4240 est
1721 4185 1780 4239 et

225 4269 452 4343 glorias,
481 4271 579 4329 vel
616 4287 872 4343 coronae,
910 4277 974 4331 ut
1010 4274 1381 4333 nobilissima
1418 4275 1608 4350 possit
1651 4291 1777 4333 esse

225 4378 476 4434 corona,
513 4363 823 4424 fortissime
861 4366 1113 4441 quisque
1155 4367 1334 4425 debet
1379 4368 1627 4442 aggredi
1667 4384 1779 4442 pu-

226 4472 433 4530 gnam.
479 4460 625 4516 Nam
669 4462 727 4517 et
771 4457 1102 4518 Alexander
1147 4460 1246 4518 ille
1286 4462 1523 4520 Macedo
1573 4466 1779 4521 contra

224 4553 536 4610 Persarum
562 4553 1001 4612 multitudinem
1030 4554 1202 4629 quasi
1232 4555 1622 4613 innaturalem
1650 4554 1777 4630 ipse

225 4661 367 4704 cum
395 4646 787 4722 paucissimis,
813 4649 920 4707 sed
945 4647 1197 4707 fortibus
1230 4648 1514 4706 militibus
1546 4665 1778 4724 pugna-

225 4743 416 4811 turus,
438 4741 679 4799 accessit
704 4741 974 4800 animans
1001 4758 1140 4800 suos
1167 4741 1247 4801 ad
1273 4741 1524 4814 bellum,
1545 4743 1629 4800 sic
1657 4741 1775 4800 ait:

233 4850 266 4885 ι
291 4833 357 4890 ln
385 4838 689 4909 promptu,
720 4851 757 4894 o
783 4835 997 4894 milites
1038 4835 1181 4908 mei,
1220 4835 1468 4894 victoria
1508 4840 1628 4909 est3
1672 4835 1780 4893 sed

228 4926 309 4984 de
334 4925 452 4984 hoc
480 4927 677 4986 solum
704 4927 903 5001 doleo,
934 4929 1077 5005 quia
1102 4946 1225 4989 non
1254 4946 1392 4988 cum
1412 4929 1776 5002 hominibus,

225 5019 338 5078 sed
385 5036 522 5078 cum
571 5019 828 5080 foeminis
868 5026 1187 5097 pugnaturi
1229 5040 1433 5083 sumus
1477 5041 1493 5081 ε
1543 5028 1599 5083 et
1639 5022 1778 5081 ideo

225 5114 432 5173 minor
470 5114 581 5173 erit
613 5131 749 5175 mea
777 5116 990 5190 gloria,
1028 5118 1172 5192 quia
1204 5134 1393 5194 parva
1432 5119 1520 5177 est
1553 5132 1780 5192 pugna,

225 5206 329 5266 vel
368 5207 556 5268 nulla.
585 5230 615 5265 ιι
650 5213 747 5271 Est
787 5225 930 5285 ergo
969 5211 1323 5285 notandum,
1367 5212 1536 5289 quod
1565 5214 1782 5271 sancto

261 5316 310 5370 '¹
343 5334 496 5386 Hunc
530 5334 726 5387 habent
768 5337 888 5391 edit.
938 5339 1134 5404 Hagen.
1180 5353 1265 5392 an.
1309 5341 1465 5403 1496,
1509 5343 1563 5391 et
1609 5338 1781 5390 Codex

227 5405 387 5459 Aesis.
418 5419 544 5458 sec.
584 5419 699 5459 xm.
736 5434 788 5445 -—
832 5410 859 5445 ¹
897 5409 1036 5475 Sap„
1078 5422 1143 5476 x,
1191 5413 1271 5463 12.
1302 5437 1358 5448 —
1403 5410 1428 5446 ¹
1461 5411 1698 5476 Gregor.,
1725 5411 1780 5459 in

3316 486 3435 550 509

1880 610 2069 670 Lucioe
2112 628 2319 687 pugna
2358 610 2470 670 fuit
2511 611 2697 686 fortis,
2750 612 2864 672 fuit
2895 613 3089 689 magis
3113 614 3299 691 tortis,
3328 617 3438 678 ruit

1881 704 2062 763 etiam
2088 706 2267 765 valde
2288 705 2474 766 fortis.
2503 710 2648 766 Nam
2674 705 2784 766 fuit
2803 706 2968 768 fortis
2995 708 3076 768 ad
3101 710 3311 769 mundi
3350 711 3439 770 di·

1881 797 2056 857 vitias
2083 800 2546 859 contemnendas
2554 819 2574 873 3
2615 800 2827 860 fortior
2869 802 2951 860 ad
2986 819 3196 879 poenas
3230 808 3433 881 tyran-

1887 891 2054 950 nicas
2110 893 2512 953 devincendas
2561 913 2576 952 ε
2630 894 2949 955 fortissima
3002 896 3082 956 ad
3128 899 3437 973 passiones

1886 986 2116 1060 proprii
2141 989 2405 1063 corporis
2431 987 2820 1047 edomandas.

1961 1081 2099 1139 Dico
2124 1083 2291 1156 quod
2319 1082 2497 1141 beata
2522 1084 2698 1143 Lucia
2730 1084 2923 1159 primo
2955 1086 3106 1146 forte
3143 1092 3437 1147 certamen

1884 1173 2095 1232 habuit
2121 1179 2327 1234 contra
2353 1177 2647 1236 mnndum
2674 1178 2753 1237 ad
2793 1179 3028 1238 divitias
3055 1185 3437 1240 contemnen-

1889 1267 2016 1326 das
2048 1273 2194 1328 Nam
2223 1275 2447 1345 quanta
2472 1270 2546 1328 sit
2570 1271 2884 1331 hominum
2912 1274 3255 1349 multitudo,
3285 1292 3436 1350 quos

1886 1377 1995 1437 per
2021 1359 2259 1421 divitias
2295 1364 2554 1422 mundus
2592 1364 2810 1441 decipit
2843 1371 2901 1425 et
2927 1367 3007 1425 ad
3040 1370 3244 1427 omnia
3277 1368 3438 1428 mala

1886 1454 2085 1526 trahit,
2115 1456 2248 1530 quis
2271 1456 2626 1517 sufficienter
2652 1459 2848 1518 dicere
2865 1460 3041 1519 nobis
3067 1461 3295 1536 possit?
3322 1463 3437 1520 Sed

1888 1549 2069 1623 Virgo
2097 1550 2198 1608 Dei
2223 1551 2422 1622 Lucia,
2449 1552 2645 1610 adhuc
2672 1553 2785 1611 sub
2807 1553 3013 1612 matris
3041 1555 3310 1614 custodia
3333 1572 3439 1630 po-

1886 1643 2019 1715 sita,
2046 1647 2287 1718 propter
2315 1644 2605 1703 Christum
2631 1647 2833 1705 omnia
2860 1647 3148 1718 distraxit,
3176 1652 3242 1707 ut
3276 1649 3439 1708 Chri·

1888 1738 2047 1794 stum
2073 1735 2458 1797 lucrifaceret.
2489 1742 2655 1812 Nam,
2686 1739 2835 1798 sicut
2861 1745 3021 1816 patet
3058 1758 3132 1800 ex
3168 1742 3296 1817 ipsa
3334 1744 3438 1801 Le·

1890 1830 2106 1904 genda,
2137 1832 2561 1907 patrimonium
2587 1851 2762 1892 suum
2791 1834 3076 1906 distraxit,
3115 1840 3173 1895 et
3206 1852 3435 1913 paupe-

1887 1924 2055 1982 ribus
2083 1927 2371 2000 erogavit,
2401 1932 2458 1986 et
2482 1928 2565 1986 sic
2592 1927 2790 2003 ipsum
2811 1932 2938 1987 tuto
2960 1935 3093 1989 loco
3118 1931 3434 1990 constituIt.

1889 2018 2122 2077 Sciebat
2150 2020 2309 2078 enim
2340 2022 2655 2080 Dominum
2681 2023 2949 2082 docuisse
2968 2024 2990 2058 ⁸
3014 2044 3028 2083 :
3057 2044 3087 2079 α
3105 2024 3290 2083 Nolite
3309 2025 3436 2083 the-

1888 2113 2182 2172 saurizare
2210 2114 2384 2173 vobis
2410 2115 2752 2175 thesaurum
2773 2116 2836 2174 in
2862 2122 3036 2191 terra,
3064 2138 3093 2172 ι
3125 2122 3234 2177 etc.
3273 2139 3301 2174 α
3321 2119 3437 2179 Sed

1888 2206 2275 2266 thesaurizate
2301 2207 2475 2266 vobis
2501 2208 2841 2268 thesaurum
2880 2209 2941 2268 in
2969 2211 3142 2283 coe10,
3170 2234 3198 2266 »
3230 2215 3337 2272 etc.
3368 2216 3437 2272 Et

1886 2300 2026 2360 ideo
2081 2306 2325 2377 propter
2375 2303 2531 2362 hanc
2572 2304 2971 2363 fortitudinem
3004 2306 3079 2365 de
3131 2324 3203 2366 ea
3244 2313 3436 2382 potest

1888 2396 2107 2470 exponi
2120 2395 2335 2455 illud0:
2364 2418 2392 2451 α
2409 2398 2712 2457 Fortitudo
2741 2404 2799 2457 et
2822 2399 3002 2457 decor
3021 2400 3435 2460 indumentum

1888 2488 2033 2561 ejus.
2079 2509 2109 2544 ιι
2156 2493 2337 2549 Decor
2378 2491 2537 2548 enim
2574 2496 2631 2549 et
2670 2491 2954 2552 fortitudo
2980 2494 3274 2553 nobilium
3302 2501 3436 2556 sunt

1888 2582 2113 2641 cumuli
2153 2583 2510 2655 divitiarum,
2557 2586 2776 2660 quibus
2817 2587 2962 2645 dum
2997 2589 3280 2663 praeclara
3317 2589 3433 2648 sibi

1891 2681 2240 2750 comparant
2262 2679 2630 2750 vestimenta,
2659 2679 2902 2752 gloriosi
2923 2686 3211 2755 apparent
3227 2682 3290 2740 in
3306 2683 3428 2742 illa.

1886 2769 2001 2828 Sed
2026 2768 2310 2828 fortitudo
2341 2774 2399 2829 et
2426 2770 2606 2830 decor
2633 2774 2820 2831 Luciae
2853 2789 2977 2832 non
3002 2774 3237 2833 fuerunt
3277 2776 3432 2834 divi-

1886 2863 2000 2935 tias,
2043 2880 2193 2938 quas
2226 2865 2598 2939 contempsit,
2639 2866 2745 2924 sed
2772 2867 3013 2925 virtutes
3041 2869 3243 2939 animi,
3282 2886 3432 2944 quas

1888 2958 2132 3027 amavit,
2163 2957 2382 3031 quibus
2414 2961 2701 3033 tanquam
2728 2961 3084 3019 vestimentis
3111 2962 3431 3036 spirituali·

1885 3049 2000 3108 bus
2025 3066 2088 3109 se
2116 3050 2367 3109 ornavit.
2399 3051 2516 3110 Sed
2559 3052 2692 3127 quis
2731 3055 2816 3111 est
2846 3053 3027 3112 hodie
3060 3055 3162 3130 qui
3190 3057 3433 3116 virtutes

1885 3144 2071 3201 animi
2121 3147 2364 3218 quaerat,
2415 3148 2471 3203 et
2520 3161 2645 3204 non
2681 3147 2879 3220 potius
2920 3147 3198 3206 divitias?
3251 3150 3433 3224 Magis

1885 3237 2195 3295 Christiani
2229 3241 2436 3297 contra
2476 3238 2897 3298 documentum
2943 3242 3171 3300 Domini
3212 3243 3302 3300 sui
3341 3244 3431 3303 di·

1884 3328 2055 3388 vitias
2082 3332 2347 3406 cupiunt,
2375 3348 2559 3407 quam
2586 3334 2825 3408 pagani.
2855 3338 3059 3394 Narrat
3086 3335 3244 3393 enim
3274 3353 3433 3412 quae-
3511 3360 3670 3405 anm-

1888 3423 2030 3482 dam
2067 3427 2336 3484 Romana
2376 3426 2641 3499 historia,
2686 3428 2853 3503 quod
2888 3429 3145 3504 Pyrrhus
3173 3446 3298 3499 rex,
3327 3431 3431 3506 qui
3460 3422 3602 3480 9¹⁰²·

1888 3518 1993 3578 diu
2031 3536 2169 3579 cum
2212 3521 2492 3579 Romanis
2533 3520 2820 3595 bellabat,
2874 3522 3021 3581 dum
3065 3529 3327 3583 cerneret
3370 3542 3433 3584 se

1881 3612 2008 3687 ,iam
2046 3614 2327 3673 Romanis
2364 3630 2488 3672 non
2523 3630 2697 3689 posse
2740 3615 3026 3688 resistere,
3069 3616 3434 3676 benevolen-

1885 3708 2030 3765 tiam
2059 3711 2464 3767 Romanorum
2505 3709 2809 3785 acquirere
2844 3710 3138 3783 studebat,
3177 3727 3435 3786 quorum

1885 3804 2213 3877 potentiam
2254 3802 2580 3875 debellare,
2622 3803 2747 3861 sive
2783 3803 3091 3877 debilitare
3118 3819 3241 3863 non
3266 3809 3435 3880 pote-

1889 3899 1997 3955 rat.
2022 3898 2239 3957 Omnes
2266 3913 2409 3970 ergo
2438 3895 2671 3955 divitias
2700 3897 2790 3954 sui
2818 3896 3008 3970 regni,
3048 3901 3106 3955 et
3135 3898 3434 3973 quidquid

1885 3990 2107 4050 habere
2150 3993 2361 4066 potuit,
2410 3994 2600 4050 totum
2645 3993 2708 4050 in
2759 3992 2972 4050 urbem
3017 3995 3289 4067 portavit.
3334 3993 3432 4052 Mi-

1886 4100 2022 4142 rum
2053 4084 2122 4159 (ὁ)
2151 4085 2329 4143 valde
2359 4090 2416 4143 et
2440 4084 2741 4144 insolitum
2769 4087 2982 4144 nostris
3012 4086 3383 4161 temporibus
3412 4106 3427 4144 :

1888 4178 2031 4253 quia
2060 4194 2198 4234 cum
2223 4193 2317 4235 res
2346 4179 2548 4251 magni
2578 4179 2771 4254 pretii,
2801 4184 2857 4237 et
2883 4178 3031 4238 varii
3067 4180 3299 4253 generis
3333 4195 3432 4237 or-

1887 4276 2167 4330 namenta
2194 4276 2314 4330 tam
2341 4272 2504 4343 viriS,
2528 4289 2710 4347 quam
2742 4273 3093 4331 mulieribus
3120 4278 3281 4347 apta,
3307 4274 3433 4346 ejus

1886 4364 2064 4439 legati
2100 4369 2307 4425 contra
2341 4368 2745 4425 Romanorum
2789 4367 3004 4425 domos
3036 4366 3349 4440 deferrent,
3378 4372 3436 4426 et

1888 4460 1970 4518 ad
2014 4459 2427 4536 accipiendum
2464 4460 2728 4534 singulos
2764 4460 3096 4534 invitarent,
3144 4477 3324 4520 nemo
3370 4460 3433 4519 in

1887 4556 2010 4611 tam
2059 4553 2259 4628 ampla
2297 4554 2527 4612 civitate
2568 4555 2843 4612 inventus
2887 4559 2975 4613 est
3018 4554 3250 4630 aliquid
3280 4556 3434 4613 acci-

1885 4661 2049 4721 pere.
2094 4649 2139 4706 Ο
2187 4663 2421 4705 summa
2459 4646 2757 4706 dementia
2790 4648 3136 4722 Christiana,
3182 4665 3316 4724 quas
3349 4650 3433 4708 sic

1886 4741 2162 4798 ardenter
2188 4741 2408 4815 appetit
2440 4740 2551 4798 ista
2576 4757 2750 4815 vana,
2781 4758 2915 4817 quae
2942 4742 3199 4800 Christus
3232 4742 3436 4803 docuit

1886 4834 2245 4908 respuenda,
2284 4851 2417 4910 quae
2451 4840 2694 4911 propter
2729 4851 2994 4894 amorem
3031 4852 3150 4894 suae
3186 4836 3435 4895 civitatis

1888 4927 1971 4985 sic
2026 4927 2294 5003 despexit
2345 4944 2490 5001 gens
2535 4929 2637 4987 illa
2685 4932 2954 5005 pagana!
3000 4932 3310 5005 Gregorius
3346 4930 3370 4970 '¹
3414 4950 3431 4991 ε

1894 5021 2219 5091 «Quaerant
2245 5021 2479 5079 divitias
2506 5023 2745 5098 pagani,
2776 5025 2880 5100 qui
2919 5025 3045 5084 sine
3084 5029 3202 5085 Deo
3240 5028 3377 5084 sunt
3412 5044 3428 5086 ε

1890 5120 2162 5189 quaerant
2185 5115 2392 5190 ludaei,
2423 5116 2527 5191 qui
2554 5133 2652 5176 eas
2680 5117 2745 5175 in
2770 5118 3160 5192 promissione
3187 5135 3434 5197 accepe-

1889 5250 2109 5317 Evcnq„
2129 5250 2275 5302 hom.
2305 5262 2508 5317 xxxvu,
2534 5265 2591 5304 n.
2620 5258 2670 5305 1.
2701 5279 2756 5289 -
2785 5252 2811 5288 ὅ
2832 5252 2962 5305 thid.
2984 5280 3047 5292 -
3072 5255 3096 5292 ⁸
3123 5255 3329 5319 matth„
3354 5269 3432 5324 vt,

1891 5325 1970 5375 19.
1999 5346 2064 5361 -
2089 5322 2111 5358 ⁸
2142 5324 2313 5386 Pron„
2338 5333 2485 5387 xxxi,
2515 5325 2594 5374 25.
2621 5348 2684 5361 -
2708 5323 2732 5361 Ἰ
2760 5325 2913 5390 Greg.

1951 5408 2021 5470 (α)
2050 5408 2173 5460 Cat.
2207 5406 2330 5458 edit.
2358 5405 2494 5458 deest
2519 5418 2645 5459 non.
2672 5434 2736 5448 —
2761 5407 2829 5475 (ὁ)
2863 5410 2982 5462 Coet.
3012 5411 3134 5464 edit.
3163 5412 3310 5468 utre.
