4059 6317
709 517 827 582 322

706 653 905 733 Deus,
942 653 1111 719 Deus
1142 654 1388 729 noster,
1416 652 1484 715 et
1527 649 1765 723 iterum
1799 651 1991 718 Deus.
2022 650 2246 717 Unitas

701 758 874 823 enim
896 757 1195 839 nominis,
1220 757 1393 841 quod
1414 759 1510 822 est
1535 757 1727 838 Deus,
1756 758 2083 841 significat
2105 758 2247 824 uni-

697 870 895 932 tatem
930 867 1166 933 divinae
1198 868 1520 947 essentiae3
1555 866 1841 950 ejusdem
1868 870 2085 932 autem
2126 885 2243 931 no-

698 976 891 1041 minis
959 976 1129 1040 trina
1181 974 1466 1058 repetitio
1518 977 1697 1040 notat
1770 978 2243 1040 sacramentnm

694 1085 897 1150 trium
922 1101 1343 1168 personarum
1370 1083 1435 1146 in
1462 1083 1711 1148 unitate
1735 1083 2046 1162 essentiae,
2064 1086 2136 1147 ut
2162 1082 2247 1146 sit

695 1207 960 1256 sensus:
990 1191 1328 1257 Benedicat
1357 1209 1476 1255 nos
1507 1189 1674 1255 Deus
1710 1191 1896 1257 Pater
1932 1209 1950 1254 2
1986 1188 2243 1255 benedi-

694 1303 795 1363 cat
815 1317 933 1362 nos
961 1297 1125 1363 Deus
1150 1297 1352 1363 Filius
1383 1297 1508 1379 (hic
1546 1296 1720 1361 enim
1744 1297 2002 1381 proprie
2028 1300 2244 1363 noster

692 1410 810 1485 est,
848 1404 1034 1470 nobis
1062 1407 1247 1471 datus
1266 1407 1322 1470 ¹:
1370 1405 1582 1472 Filius
1627 1404 1826 1473 datus
1849 1409 1943 1472 est
1966 1404 2149 1473 nobis
2175 1405 2193 1488 )
2221 1428 2237 1469 :

690 1512 1023 1578 benedicat
1068 1530 1187 1578 nos
1234 1512 1428 1594 DeuS‚
1468 1511 1706 1577 scilicet
1753 1511 1918 1578 Deus
1966 1511 2243 1596 Spiritus

691 1624 969 1685 sanctus,
990 1619 1108 1684 Hic
1131 1620 1306 1685 enim
1331 1623 1427 1685 est
1455 1620 1915 1685 sacratissimus
1935 1638 2237 1703 persona-

690 1751 840 1798 rum
864 1732 1214 1812 ternarius,
1246 1750 1391 1816 quae
1414 1736 1543 1796 tres
1570 1748 1860 1814 personae
1888 1734 2041 1795 sunt
2068 1748 2241 1795 unus

690 1839 878 1920 Deus,
892 1843 1079 1925 cujus
1105 1841 1220 1905 etsi
1230 1840 1453 1905 nonsit
1470 1838 1836 1921 exemplum
1853 1838 2241 1904 conveniens

686 1948 757 2013 in
787 1953 1103 2029 creatura,
1133 1952 1394 2033 propter
1426 1948 1570 2030 ejus
1616 1946 1888 2011 nimiam
1925 1946 2241 2012 inferiori-

686 2060 882 2122 tatem
917 2059 1209 2141 respectu
1258 2056 1463 2120 beatae
1505 2054 1832 2120 Trinitatis
1846 2102 1869 2135 ,
1911 2054 2077 2118 sicut
2121 2073 2239 2119 nec

686 2171 782 2229 est
836 2164 1210 2248 exemplum
1265 2161 1654 2228 conveniens
1695 2162 1775 2228 de
1819 2161 2022 2227 milite
2072 2163 2238 2246 picto

686 2274 981 2353 carbone,
1011 2276 1075 2337 et
1114 2272 1313 2336 milite
1347 2275 1596 2336 armato
1639 2270 1712 2335 in
1737 2271 1905 2350 acie;
1937 2270 2238 2336 videmus

685 2385 898 2446 tamen
927 2382 1052 2446 tria
1077 2381 1145 2445 in
1169 2399 1302 2445 uno
1330 2380 1484 2459 sole,
1507 2377 1745 2443 scilicet
1769 2377 2006 2458 lucem,
2034 2378 2239 2461 splen-

685 2489 929 2568 dorem,
958 2492 1022 2553 et
1047 2488 1347 2568 calorem,
1379 2491 1441 2553 et
1465 2505 1637 2552 unus
1668 2489 1763 2550 est
1791 2486 1886 2550 sol
1912 2485 2027 2569 qui
2066 2484 2238 2551 lucet

684 2599 747 2659 et
773 2595 1061 2679 splendet
1084 2599 1148 2660 et
1173 2595 1355 2675 calet,
1381 2595 1687 2678 quoniam
1714 2613 1847 2660 non
1872 2594 2103 2658 dicitur
2119 2593 2236 2658 lux

684 2703 981 2786 splendor
1000 2752 1020 2783 ‚
1077 2721 1196 2768 nec
1247 2705 1521 2786 uterque
1580 2702 1754 2767 calor
1774 2753 1792 2780 ,
1841 2701 1955 2766 sed
2000 2720 2041 2766 a
2094 2700 2236 2766 luce

683 2810 978 2893 splendor
1023 2814 1276 2890 manat,
1325 2813 1678 2875 coaeternus
1721 2809 1877 2874 luci.
1916 2808 2007 2874 lta
2051 2809 2236 2875 Pater

687 2936 819 2982 non
851 2921 945 2982 est
974 2917 1175 2982 Filius
1197 2940 1214 2998 ;
1246 2918 1356 2983 sed
1376 2937 1415 2982 a
1434 2917 1620 2983 Patre
1645 2917 1845 3010 Filius
1883 2919 2239 2982 coaeternus

685 3023 881 3101 Patri,
911 3028 975 3089 et
999 3025 1165 3104 luce,
1190 3029 1254 3090 et
1279 3024 1611 3108 splendore
1650 3022 1755 3107 (a).
1785 3023 1914 3090 Nec
1940 3024 2113 3089 calor
2142 3028 2237 3090 est

684 3150 725 3197 a
766 3131 913 3197 luce
953 3134 1241 3209 tantum,
1271 3150 1388 3197 nec
1413 3150 1454 3196 a
1497 3131 1677 3196 radio
1721 3135 1972 3196 tantum
1996 3180 2014 3213 ,
2046 3133 2158 3197 sed
2196 3151 2236 3197 a

680 3238 825 3303 luce
850 3242 915 3303 et
940 3238 1145 3303 radio.
1188 3236 1622 3304 Pariformiter
1650 3238 1927 3322 Spiritus
1954 3243 2232 3322 sanctus,

683 3361 800 3409 nec
827 3364 867 3410 a
893 3343 1081 3411 Patre
1096 3349 1348 3411 tantum
1365 3394 1386 3426 ,
1415 3365 1535 3411 nec
1566 3364 1607 3410 a
1639 3346 1817 3411 radio
1848 3345 1923 3428 (b)
1956 3349 2232 3429 tantum,

586 3445 589 3448 ’
683 3451 794 3515 sed
846 3470 886 3516 a
936 3449 1121 3517 Patre
1174 3456 1237 3517 et
1289 3452 1474 3518 Filio.
1540 3451 1705 3516 Hinc
1751 3452 1985 3519 dicitur
2038 3453 2237 3519 Filius

683 3557 906 3623 Oriens
906 3608 930 3641 ,
952 3558 1250 3643 splendor
1266 3560 1427 3625 lucis
1446 3565 1706 3626 aeternae
1726 3579 1747 3643 3
1770 3559 2046 3644 Spiritus
2064 3582 2236 3628 sanc-

681 3668 787 3731 tus
806 3683 964 3731 vero
990 3667 1184 3748 ignia,
1211 3667 1347 3732 sive
1374 3685 1558 3732 amor
1584 3667 1925 3750 procedens
1952 3670 2034 3734 ab
2053 3675 2232 3737 utro-

681 3790 848 3857 que:
875 3776 938 3837 et
960 3774 1065 3838 isti
1093 3777 1242 3852 tres,
1271 3775 1572 3857 quamvis
1598 3778 1728 3839 tres
1771 3775 1901 3840 sint
1927 3796 2231 3861 persona-

680 3897 831 3944 rum
856 3879 1313 3961 dictinctiones,
1333 3884 1550 3945 tamen
1567 3900 1698 3947 non
1715 3886 1866 3948 sunt
1882 3885 2002 3949 nisi
2024 3905 2234 3952 unum

680 3987 748 4052 in
788 3987 1052 4068 deitate,
1082 3988 1280 4070 quia²
1316 3992 1494 4053 «tres
1549 3994 1741 4069 sunt,
1792 3992 1906 4074 qui
1943 3994 2232 4059 testimo-

679 4096 865 4161 nium
889 4096 1044 4160 dant
1069 4095 1138 4159 in
1165 4096 1345 4176 coelo,
1370 4094 1577 4176 Pater,
1606 4096 1912 4178 Verbum,
1938 4103 2001 4164 et
2028 4098 2231 4184 Spiri-

681 4208 785 4268 tus
820 4206 1103 4283 sanctuS,
1133 4207 1198 4268 et
1239 4203 1309 4268 hi
1344 4207 1476 4269 tres
1519 4222 1726 4268 unum
1784 4209 1958 4270 sunt.
1976 4229 2007 4266 »
2052 4207 2233 4286 Quod

680 4317 859 4377 notat
896 4311 1198 4389 Ecclesia,
1242 4321 1402 4376 ‘cum
1447 4312 1601 4377 dicit
1643 4335 1659 4377 ε
1718 4313 2064 4383 Benedicat
2116 4333 2233 4385 nos

680 4421 870 4501 Deus,
899 4424 1021 4487 etc.
1053 4421 1212 4486 Cum
1240 4425 1456 4486 autem
1481 4419 1767 4487 Ecclesia
1782 4428 1882 4488 ter
1904 4426 2108 4491 Deum
2135 4445 2234 4491 re-

679 4533 875 4612 petat,
906 4531 1036 4593 nob
1062 4531 1280 4593 tamen
1308 4527 1457 4593 dicit
1484 4530 1727 4594 nisibis
1759 4531 2135 4614 Benedicat,
2156 4539 2232 4600 ut

678 4636 903 4700 innuat
927 4635 1098 4718 quod
1137 4655 1177 4700 a
1205 4637 1375 4700 trino
1405 4634 1530 4701 Deo
1564 4637 1886 4722 duplicem
1919 4640 2227 4707 benedic-

677 4744 918 4809 tionem
988 4747 1272 4825 exoptet,
1335 4743 1626 4810 videlicet
1703 4745 2217 4814 benedictionem

682 4851 911 4932 gratiae
940 4853 1004 4914 et
1038 4850 1289 4932 gloriae.
1318 4849 1479 4916 Nam
1528 4856 1625 4917 est
1678 4852 1805 4917 alia
1836 4853 2077 4938 duplex
2113 4856 2224 4922 be-

678 4955 972 5034 nedictio,
1004 4973 1201 5038 quam
1227 4973 1358 5019 non
1386 4959 1589 5033 curat,
1619 4956 1912 5022 videlicet
1942 4958 2228 5027 benedic-

630 5069 637 5076 ·
680 5059 770 5124 tio
796 5057 1202 5138 adulationiS,
1239 5061 1303 5122 et
1329 5057 1682 5123 benedictio
1722 5058 2020 5126 fortunae.

743 5223 757 5252 ¹
785 5221 1022 5285 Isa.,1x,
1052 5222 1101 5270 6.
1128 5247 1193 5259 —
1228 5220 1491 5283 ²1Joau.,
1518 5231 1569 5285 v,
1602 5222 1649 5270 7.
1678 5245 1739 5257 —
1769 5221 1790 5252 ³
1818 5221 1952 5273 Psal.
1985 5237 2050 5288 x,
2081 5227 2134 5277 3.
2162 5251 2226 5266 -

681 5294 696 5319 ⁴
725 5293 862 5343 Psal.
903 5305 1029 5356 (ιη,
1067 5296 1115 5345 5.
1153 5320 1218 5331 -
1244 5294 1265 5329 ⁸
1292 5291 1497 5356 Malae„
1544 5304 1614 5357 1¹,
1641 5296 1691 5344 2.
1716 5319 1780 5330 —
1818 5294 1838 5325 ⁶
1864 5295 2072 5357 Martia„
2099 5309 2225 5361 λιν,

679 5366 824 5415 ln.—
855 5366 873 5396 ⁷
905 5363 1043 5415 Psal.
1072 5377 1255 5429 cxmu,
1287 5367 1364 5424 13,
1395 5368 1472 5415 15.
1504 5391 1559 5401 -
1593 5365 1613 5395 ⁸
1641 5364 1780 5416 Psal.
1810 5377 2006 5427 xnvm,
2036 5371 2114 5432 19,
2142 5373 2221 5422 20.

678 5436 780 5473 ...⁹
805 5436 922 5499 Ita„
950 5446 1035 5498 111,
1067 5437 1141 5487 12.
1170 5462 1232 5475 --
1258 5435 1303 5471 ¹⁰
1327 5435 1506 5497 Ecclz‘„
1536 5448 1623 5500 xc,
1660 5437 1737 5486 17.
1761 5463 1817 5473 -
1857 5439 1895 5473 ¹¹
1924 5438 2048 5505 lea„
2075 5452 2224 5506 xvm,

679 5510 730 5560 4.
754 5533 818 5547 -
841 5509 886 5545 ¹²
918 5508 1106 5572 Hymn.
1140 5507 1199 5558 Te
1233 5507 1411 5590 Deum,
1433 5512 1485 5558 et
1515 5503 1653 5557 psat.
1683 5520 1848 5573 xxvn,
1874 5511 1921 5560 9.

1715 483 1719 488 ’
1800 509 2221 581 semones
2263 509 2366 578 nn
2409 509 2810 578 rampone.

2439 643 2603 713 Nota
2645 666 2807 730 ergo
2837 665 2970 732 -per
3003 647 3213 715 totum
3256 647 3657 736 quadruplex
3699 669 3902 736 genus

2357 754 2896 822 benedictionum.
2918 755 3030 823 Est
3052 775 3332 840 namque
3354 757 3730 840 benedictio,
3760 761 3906 828 adu-

2356 860 2509 929 latio
2536 863 2958 948 deceptionis,
3000 866 3081 931 de
3109 885 3235 950 qua
3272 865 3649 933 Psalmus⁸:
3689 868 3903 948 «Quo-

2357 968 2533 1033 niam
2573 969 2871 1037 laudatur
2905 979 3197 1058 peccator
3237 974 3308 1039 in
3354 973 3752 1055 desideriis,»
3787 983 3905 1044 etc.

2357 1074 2508 1141 Haec
2530 1080 2627 1142 est
2646 1077 3021 1162 benedictio,
3037 1101 3185 1166 quae
3206 1087 3564 1166 peccatores
3584 1092 3908 1153 consecrat

2354 1185 2629 1252 diabolo.
2654 1186 2805 1253 Haec
2822 1192 2917 1254 est
2935 1189 3149 1255 unctio
3167 1194 3456 1255 extrema
3475 1197 3903 1277 peccatorum,

2354 1313 2484 1377 qua
2510 1303 2954 1380 praeparantur
2977 1299 3120 1380 igni
3146 1303 3413 1380 aeterno,
3443 1305 3519 1366 ut
3546 1302 3779 1368 melius
3808 1321 3909 1368 ar·

2354 1403 2577 1485 deant,
2623 1405 2702 1470 de
2751 1425 2884 1489 qua
2923 1405 3336 1472 Psalmista⁸2
3391 1430 3424 1470 a
3448 1408 3760 1493 Corripiet
3805 1431 3909 1476 me

2344 1509 2565 1591 justus
2591 1511 2661 1575 in
2685 1511 3151 1596 misericordia3
3181 1515 3392 1580 oleum
3423 1520 3642 1582 autem
3668 1518 3769 1602 (c),
3789 1523 3905 1584 etc.

2351 1614 2515 1682 Nota
2544 1620 2716 1702 quod
2750 1620 3026 1706 amplius
3051 1622 3287 1704 diligit,
3328 1625 3442 1707 qui
3467 1623 3806 1691 hominem
3833 1629 3910 1693 de

2351 1724 2507 1807 igne
2547 1728 2823 1793 extrahit
2864 1747 2979 1811 per
3013 1730 3246 1811 crines,
3296 1749 3492 1814 quam
3532 1732 3647 1816 qui
3696 1734 3910 1800 oleum

2350 1831 2695 1899 infundens
2720 1835 2946 1917 ignem
2974 1838 3280 1904 accendit.
3314 1836 3468 1904 Haec
3493 1844 3589 1904 est
3615 1840 3909 1906 benedic-

2351 1939 2440 2006 tio
2493 1942 2697 2022 mala,
2736 1962 2867 2026 qua
2921 1944 3036 2029 qui
3078 1945 3202 2009 sibi
3237 1944 3658 2027 benedicunt,
3701 1967 3742 2013 a
3787 1948 3913 2014 Deo

2348 2049 2820 2116 maledicuntur
2855 2050 2876 2087 ⁸
2915 2073 2931 2114 ε
2987 2074 3018 2112 (1
3039 2050 3409 2117 Maledicam
3445 2053 3908 2121 benedictioni-

2348 2157 2474 2223 bus
2502 2160 2752 2224 vestris.
2783 2182 2815 2220 »
2866 2160 3046 2239 Quod
3073 2160 3197 2225 erit
3224 2162 3291 2224 in
3312 2161 3590 2243 judicio,
3618 2183 3776 2229 cum
3811 2164 3911 2229 di—

2348 2251 2528 2331 cetur
2550 2268 2609 2331 ⁸:
2651 2291 2682 2330 α
2701 2267 2815 2349 Ite,
2846 2268 3232 2349 maledicti,1›
3259 2273 3380 2334 etc.
3412 2269 3523 2334 Est
3551 2270 3912 2337 benedictio

2346 2373 2648 2454 fortunae,
2674 2378 2737 2441 et
2756 2375 2899 2441 haec
2923 2379 3019 2440 est
3046 2375 3397 2442 benedictio
3423 2395 3617 2460 vana,
3635 2380 3799 2462 quia
3821 2385 3914 2446 est

2346 2482 2700 2548 secundum
2753 2484 2934 2565 vulgi
2991 2483 3364 2567 opinionem
3416 2489 3690 2550 tantum.
3733 2485 3913 2551 Psal-

2347 2607 2494 2654 mus
2513 2596 2578 2654 ⁷:
2639 2613 2670 2650 11
2690 2587 3137 2674 Promptuaria
3179 2609 3402 2656 eorum
3442 2591 3663 2676 plena,
3692 2614 3722 2653 n
3784 2598 3905 2660 etc.

2346 2695 2655 2780 Sequitur
2700 2720 2717 2760 ε
2784 2719 2816 2758 (1
2851 2695 3122 2763 Beatum
3177 2697 3478 2764 dixerunt
3534 2698 3618 2783 (d)
3693 2721 3913 2785 popu-

2343 2799 2482 2869 lum
2501 2854 2522 2885 ‚
2545 2827 2576 2864 »³
2626 2808 2747 2870 etc.
2801 2805 2884 2887 (e)
2920 2822 3126 2888 usque
3166 2827 3182 2869 ε
3232 2829 3261 2866 «
3295 2803 3528 2871 Beatus
3577 2808 3863 2891 pop‘ulus
3884 2858 3903 2890 ,

2345 2914 2532 2996 cujus
2563 2911 2870 2978 Dominus
2893 2912 3062 2978 Deus
3092 2916 3254 2996 eJuS.
3276 2936 3306 2974 n
3331 2915 3615 2996 Beatum,
3656 2917 3905 3001 inquit,

2343 3021 2675 3092 diverunt.
2706 3022 2858 3089 Haec
2884 3027 2980 3088 est
3001 3021 3359 3090 benedictio
3376 3026 3728 3092 secundum
3754 3028 3904 3106 dici,
3988 3060 3996 3068 ·

2343 3147 2474 3193 non
2500 3132 2855 3196 secundum
2885 3149 3021 3197 esse
3041 3180 3062 3211 ,
3092 3132 3250 3215 quia
3281 3133 3429 3217 plus
3455 3137 3673 3215 nocet,
3705 3153 3905 3219 quam

2343 3238 2573 3320 prosit,
2623 3238 2778 3322 quia
2832 3238 3164 3304 hominem
3222 3257 3264 3305 a
3313 3260 3471 3308 vera
3513 3243 3906 3310 beatitudine

2344 3345 2600 3410 avertit.
2658 3346 3041 3429 Exemplum
3111 3347 3190 3414 de
3242 3349 3451 3431 vitro,
3502 3357 3567 3415 et
3617 3354 3900 3435 specula

2353 3451 2513 3518 Cum
2574 3454 2749 3518 enim
2792 3447 3120 3537 speculum
3160 3455 3523 3539 frangitur,
3574 3459 3730 3524 abiit
3757 3462 3905 3544 pul-

2341 3558 2634 3625 chritudo
2714 3561 2853 3626 haec
2919 3562 2990 3627 in
3075 3562 3381 3628 nibilum.
3457 3564 3759 3631 Psalmus
3805 3566 3830 3601 ⁸
3880 3589 3896 3630 ε

2350 3691 2382 3730 α
2405 3668 2637 3733 Anima
2678 3669 2822 3752 eJus
2867 3672 2934 3734 in
2975 3669 3108 3735 vita
3163 3671 3570 3739 benedicetur
3601 3675 3838 3757 ipsius,
3860 3699 3892 3736 n

2342 3776 2635 3859 sequitur
2702 3799 2719 3841 t
2805 3799 2837 3840 α
2886 3777 3177 3843 Introibit
3242 3780 3311 3843 in
3371 3782 3715 3864 progenies
3779 3802 3901 3866 pa-

2342 3886 2583 3964 trum‚»
2628 3888 2748 3950 etc.
2799 3885 2947 3952 ldeo
2977 3886 3041 3950 ⁹:
3091 3910 3123 3948 α
3147 3884 3391 3971 Popnle
3432 3907 3645 3971 meuS,
3685 3891 3800 3974 qui
3836 3894 3900 3957 te

2341 3991 2602 4057 beatum
2643 3993 2900 4074 dicunt,
2940 3995 3063 4078 ipsi
3089 3998 3152 4061 te
3194 3995 3542 4078 decipiunt,
3561 4019 3593 4058 n
3627 4003 3750 4063 etc.
3790 3998 3898 4064 Est

2341 4097 2696 4164 benedictio
2747 4101 3011 4183 gratim,
3044 4101 3124 4167 de
3163 4120 3296 4184 qua
3327 4103 3375 4144 ¹⁰
3409 4121 3427 4166 ε
3466 4125 3498 4163 α
3523 4101 3740 4169 Gratia
3786 4106 3898 4171 Dei

2341 4205 2509 4270 sicut
2525 4206 2858 4290 paradisus
2881 4207 2949 4271 in
2965 4207 3531 4274 benedictionibus
3554 4231 3585 4269 ι
3604 4209 3684 4275 Et
3701 4211 3893 4290 bene,

2340 4313 2493 4397 quia
2509 4314 2864 4378 conformat
2888 4313 3169 4379 animam
3193 4333 3347 4380 cum
3382 4316 3711 4399 paradiso:
3744 4322 3895 4404 quia

2340 4420 2429 4485 ibi
2453 4422 2758 4486 serenitas
2775 4421 2964 4500 aeris,
2988 4421 3418 4506 tranquillitas
3443 4423 3586 4503 loci,
3608 4424 3895 4492 fertilitas

2340 4528 2766 4608 conscientiae,
2786 4529 2974 4594 decor
2992 4533 3204 4610 terrae,
3227 4529 3487 4595 ubertas
3500 4530 3675 4612 vitae,
3696 4533 3895 4617 ipsius

2339 4636 2648 4718 temporis
2685 4637 3098 4719 congruitas:
3142 4637 3230 4702 ibi
3259 4639 3557 4722 splendor
3586 4642 3896 4724 cognitio-

2336 4743 2438 4808 nis
2465 4743 2610 4826 Dei,
2639 4745 2830 4810 ardor
2867 4745 3221 4811 dilectionis
3238 4792 3261 4825 ,
3284 4764 3391 4811 ros
3420 4746 3779 4813 devotionis
3803 4750 3886 4812 ¹¹:

2344 4874 2376 4913 a
2407 4850 2552 4933 Ego
2603 4852 2926 4936 quiescam
2946 4901 2966 4932 ,
3018 4856 3083 4919 et
3151 4854 3561 4920 considerabo
3623 4854 3693 4920 in
3752 4856 3893 4922 loco

2335 4976 2516 5023 meo:
2548 4959 2716 5023 sicut
2757 4959 3109 5025 meridiana
3134 4960 3253 5026 lux
3282 4962 3451 5027 clara
3474 4966 3602 5044 est,
3632 4966 3698 5028 et
3727 4964 3891 5030 sicut

2335 5064 2541 5129 nubes
2558 5066 2722 5130 roris
2747 5067 2817 5131 in
2844 5068 2946 5133 die
2975 5070 3222 5134 messis.
3246 5090 3278 5132 ιο
3304 5063 3481 5136 Hanc
3505 5072 3662 5155 petit
3687 5070 3891 5138 Eccle-

2335 5169 2453 5253 sia,
2485 5191 2635 5238 cum
2659 5174 2811 5240 dicit
2826 5176 2912 5241 ¹¹:
2943 5176 3206 5244 Salvum
3231 5175 3336 5258 rac
3349 5179 3656 5262 populum
3681 5186 3886 5261 luunt,

2399 5370 2471 5434 (ιι)
2513 5372 2631 5437 Leq.
2681 5376 2738 5425 ut
2781 5374 2887 5426 luci
2931 5376 3193 5442 splendor.
3238 5405 3301 5417 —
3350 5378 3423 5444 (ὁ)
3473 5380 3591 5446 Laq-
3635 5380 3780 5434 Filio.
3825 5407 3883 5419 —

2338 5441 2399 5506 (c)
2430 5443 2553 5493 Coet.
2591 5444 2715 5495 edit.
2755 5446 2892 5499 deest
2934 5449 3106 5501 oleum
3151 5454 3342 5504 autem.
3371 5477 3433 5490 —
3473 5452 3557 5516 (d)
3593 5452 3718 5505 Coet.
3757 5454 3880 5505 edit.

2337 5515 2734 5573 Benedixerunt.
2754 5545 2814 5557 —
2843 5521 2911 5586 (e)
2940 5521 3065 5575 Goet.
3092 5522 3217 5574 edit.
3239 5523 3357 5576 add.
3383 5526 3765 5578 Verumtamen.
