4059 6317
697 579 1165 646 tumremioeis·
1208 580 1570 647 Bernartius
1613 579 2237 646 ¹:1Vaevobisad

696 688 997 754 duritiam
1015 688 1244 754 cordis.
1261 688 1374 755 Vae
1387 689 1569 754 vobis
1581 691 1889 773 apeccato
1911 688 2234 771 gentium,

697 813 858 880 quas
874 796 1216 881 Apostolus
1240 798 1376 862 sine
1401 796 1950 862 commiseratione
1966 812 2240 862 comme-

699 907 927 969 morat.
965 925 997 965 ι

780 1011 939 1077 Item
965 1029 1069 1077 vae
1095 1016 1355 1096 propter
1380 1012 1604 1096 gulam
1629 1020 1654 1056 ³
1682 1034 1700 1076 ι
1741 1033 1774 1074 ι
1790 1011 1900 1079 Vae
1922 1010 2105 1078 vobis
2127 1009 2241 1094 qui

701 1119 966 1186 saturati
1004 1120 1174 1199 estis,
1214 1122 1369 1203 quia
1402 1121 1718 1186 esurietis.
1743 1142 1777 1181 n
1807 1118 2122 1198 saturati,
2150 1117 2244 1182 in·

702 1245 925 1311 quam,
971 1244 1105 1291 non
1146 1227 1357 1292 solum
1400 1228 1564 1309 cibo,
1602 1227 1712 1293 sed
1751 1227 1943 1292 etiam
1985 1225 2239 1309 potu⁸z

711 1358 745 1398 ι
784 1335 899 1400 Oui
933 1337 1082 1401 vae?
1114 1338 1300 1419 cujus
1337 1336 1504 1420 patri
1547 1338 1699 1401 vae?
1743 1335 1848 1400 cui
1884 1335 2097 1399 rixae?
2140 1334 2245 1398 cui

704 1443 955 1509 foveae?
980 1444 1085 1509 cui
1108 1443 1247 1509 sine
1270 1462 1463 1508 causa
1485 1443 1799 1509 vulnera?
1814 1443 1922 1507 cui
1946 1441 2247 1506 suffossio

705 1549 1038 1617 oculorum
1060 1553 1093 1614 ’ἶ
1122 1550 1347 1616 Nonne
1372 1551 1496 1631 his,
1529 1553 1644 1635 qui
1673 1554 2149 1616 commorantur
2174 1548 2247 1613 in

707 1660 886 1739 vino,
924 1663 989 1724 et
1021 1658 1278 1725 student
1306 1658 1611 1725 calicibus
1649 1658 2024 1744 epotandis?
2051 1679 2083 1719 t
2119 1657 2249 1723 Re-

706 1765 892 1850 quire
915 1766 1378 1850 expositionem
1419 1767 1491 1832 in
1530 1785 1870 1833 sermone:
1907 1766 2251 1849 Deficimoe

709 1876 863 1943 vino
888 1875 934 1941 ⁴.

792 1981 950 2048 Item
985 2001 1088 2050 vae
1124 1986 1384 2068 propter
1413 1984 1743 2050 luxuriam
1770 1984 1837 2047 ⁸:
1879 2006 1912 2045 ι
1938 1981 2253 2065 Apparuit

712 2091 1071 2175 ignominia
1121 2096 1254 2173 tua,
1306 2092 1617 2159 adulteria
1663 2098 1797 2171 tua,
1845 2095 1911 2156 et
1963 2091 2254 2155 hinnitus

711 2204 889 2280 tuus,
929 2201 1133 2266 scelus
1172 2202 1602 2268 fornicationis
1638 2205 1792 2267 tuae.
1828 2200 2034 2284 Super
2063 2199 2255 2265 colles

712 2309 784 2374 in
835 2326 998 2391 agro
1040 2309 1174 2376 vidi
1223 2310 1726 2376 abominationes
1766 2312 1934 2375 tuas.
1969 2307 2086 2375 Vae
2112 2307 2253 2386 tihi,

713 2415 1086 2483 Jerusalem.
1113 2438 1147 2477 n

793 2521 905 2589 Vae
928 2541 1087 2607 ergo
1115 2524 1542 2591 damnationis
1578 2528 1837 2590 aeterum
1864 2524 2165 2588 omnibus
2189 2522 2259 2586 in

715 2632 1034 2716 praedictis
1057 2631 1232 2697 vitiis
1256 2650 1370 2715 per
1394 2650 1463 2697 se
1489 2633 1921 2716 pensantibus.
1951 2630 2070 2697 Sed
2102 2648 2260 2715 prae-

715 2740 901 2824 cipue
938 2758 1041 2805 vae
1081 2740 1382 2805 omnibus
1419 2740 1489 2805 in
1526 2739 1761 2805 eisdem
1805 2740 1979 2805 vitiis
2011 2738 2259 2822 aliquos

717 2847 1284 2913 scandalizantibus
1311 2853 1335 2889 ⁸
1365 2869 1381 2911 ε
1422 2869 1454 2910 ι
1479 2846 1593 2913 Vae
1618 2847 1890 2928 homiui,
1919 2865 2037 2931 per
2062 2865 2257 2931 quem

718 2954 1085 3020 scandalum
1107 2955 1303 3021 venit.
1338 2975 1370 3015 ι

1260 3134 1550 3205 SERMO
1592 3135 1712 3204 ΠΙ.

813 3278 928 3347 mn·
959 3280 1160 3361 ruer-it
1194 3294 1444 3362 corpus,
1487 3279 1585 3347 ibi
1626 3279 2177 3364 conqreqabuntur
2203 3286 2266 3349 et

722 3388 960 3471 aquilae
986 3393 1032 3454 '.
1063 3387 1351 3452 Christus
1395 3386 1579 3453 Iesus
1623 3387 1771 3452 dicit
1810 3388 2092 3472 seipsum
2126 3402 2263 3455 cor-

719 3510 878 3578 pus3
900 3494 1177 3578 aquilas,
1206 3496 1676 3576 omnesjustos‚
1705 3494 1819 3578 qui
1841 3494 1922 3559 ad
1941 3494 2267 3560 Christum

722 3603 1294 3686 congregabuntur
1318 3602 1654 3685 injudicio
1689 3607 1753 3667 et
1783 3602 1851 3667 iu
1888 3602 2069 3668 coe10.
2101 3603 2265 3668 Con-

725 3711 1137 3775 siderandum
1155 3714 1396 3790 autem,
1415 3709 1588 3793 quod
1606 3708 1826 3792 aquila
1841 3714 1936 3774 est
1954 3710 2264 3789 Christus,

672 3892 684 3906 ὑ
724 3817 1019 3900 angeluS,
1061 3818 1280 3898 home,
1322 3816 1630 3883 diabolus.
1680 3818 1912 3901 Aquila
1954 3823 2051 3882 est
2091 3818 2268 3884 Chri·

725 3929 884 4006 stus,
914 3928 1171 4009 propter
1188 3924 1584 4007 justificandi
1607 3923 2004 3990 altitudinem
2023 3944 2044 4006 ;
2076 3942 2274 4007 ange-

726 4032 849 4114 lus,
900 4037 1158 4117 propter
1210 4031 1467 4099 volandi
1519 4032 1994 4112 tortitudinem3
2048 4032 2269 4112 home,

727 4145 986 4226 propter
1049 4139 1398 4206 renovandi
1450 4139 1910 4224 aptitudinem3
1957 4139 2270 4220 diabolus,

727 4251 986 4333 propter
1013 4244 1358 4313 devorandi
1384 4246 1934 4312 consuetudinem.

811 4355 898 4421 De
934 4354 1143 4438 prImo
1181 4359 1205 4395 ⁸
1250 4377 1265 4420 :
1319 4376 1349 4414 α
1391 4352 1717 4437 Numquid
1762 4352 1844 4418 ad
1882 4357 2275 4437 praeceptum

726 4465 919 4528 tuum
941 4461 1296 4527 elevabitur
1314 4460 1571 4543 aquila?
1589 4482 1619 4520 n
1646 4463 1765 4525 etc.
1791 4459 2065 4544 Require
2085 4478 2276 4545 expo·

723 4571 1025 4637 siticuem
1056 4592 1073 4634 z
1105 4568 1438 4654 Numquid
1470 4568 1560 4636 ad
1600 4556 1984 4652 praeceptum
2018 4574 2201 4637 tuum
2227 4576 2274 4648 ·‚

731 4681 800 4745 iu
823 4680 1008 4745 tertio
1035 4679 1346 4759 membro,
1380 4678 1494 4744 ubi
1520 4678 1712 4744 etiam
1740 4683 1881 4763 post
1911 4679 2078 4744 hanc
2102 4680 2278 4765 aqui·

731 4787 864 4853 lam
892 4804 1087 4870 super
1109 4790 1174 4852 te
1199 4787 1280 4852 ad
1302 4786 1536 4853 coelum
1559 4786 1906 4868 volantem,
1937 4792 2001 4853 et
2025 4788 2080 4851 si
2109 4788 2282 4856 vola-

734 4896 907 4964 veris
939 4896 1019 4961 ad
1065 4895 1348 4978 primum
1392 4895 1662 4960 chorum
1700 4895 2106 4978 angelorum,
2140 4895 2283 4961 feli-

737 5005 895 5072 citer
918 5002 1178 5083 volasti3
1209 5003 1265 5067 si
1291 5001 1371 5069 ad
1393 5001 1770 5081 secundum,
1804 5002 2077 5082 felicius,
2102 5007 2165 5071 et
2191 5004 2282 5071 sic

802 5169 819 5204 ¹
853 5168 1006 5220 Beru.
1031 5193 1097 5205 —
1133 5165 1152 5198 ²
1188 5165 1324 5231 Luc„
1361 5176 1442 5230 vt,
1470 5167 1551 5217 25.
1580 5190 1640 5204 -
1673 5164 1697 5202 ⁸
1724 5164 1892 5229 Prov„
1921 5175 2083 5227 xxm,
2112 5166 2194 5217 29.
2224 5192 2279 5205 --

740 5240 763 5275 δ
809 5238 926 5291 vid.
967 5252 1104 5304 sup.,
1148 5237 1287 5288 Dom.
1333 5250 1379 5299 ι,
1422 5242 1533 5302 post
1571 5239 1731 5287 octav.
1771 5236 1976 5303 mpla„
2012 5239 2180 5288 Serm.
2223 5250 2283 5301 ιι,

739 5324 859 5377 pag.
898 5312 979 5375 87,
1008 5309 1109 5361 col.
1139 5312 1189 5361 2.
1216 5335 1280 5348 -
1305 5309 1328 5345 ⁸
1351 5309 1559 5369 lev-em..
1588 5319 1711 5372 ¹111,
1742 5310 1911 5361 28-27.
1938 5335 2001 5345 -
2031 5308 2053 5343 ⁶
2077 5308 2282 5369 nauh„

745 5391 903 5441 xvm,
935 5384 1014 5432 27.
1043 5406 1108 5423 -
1133 5382 1152 5413 ²
1186 5379 1391 5444 naith„
1419 5390 1564 5436 xxxv.
1600 5381 1682 5431 28.
1708 5405 1770 5419 -
1798 5380 1817 5410 ·
1841 5378 1959 5445 lob,
1989 5390 2175 5444 xxxix,
2202 5383 2285 5432 27.

744 5480 806 5494 -
839 5455 859 5485 ⁹
891 5453 1005 5506 vid.
1041 5453 1268 5521 sup.,·in
1304 5455 1502 5506 decens.
1534 5451 1700 5513 Dm,
1736 5464 1893 5503 serm.
1931 5464 1978 5515 ι’,
2007 5465 2129 5517 pag.
2166 5453 2280 5516 28¹,

1796 442 2214 511 SERMONES
2252 443 2355 511 ΒΕ
2393 442 2791 512 TEMPORE.

2343 579 2423 644 de
2473 579 2751 662 singulis
2790 604 2808 645 ε
2848 584 3089 665 quanto
3131 582 3216 647 ad
3264 580 3555 647 altiorem
3596 578 3886 645 ordinem

2344 690 2711 773 perveneris
2739 740 2757 772 ‚
2816 695 2992 757 tanto
3040 691 3285 756 felicius
3345 690 3593 757 volasti.
3649 689 3887 775 Grego-

2346 797 2484 862 rius
2510 798 2596 861 ¹⁰:
2636 821 2666 859 α
2692 796 2815 863 Sed
2838 799 3050 864 adhuc
3074 800 3142 863 in
3179 797 3548 863 infirmitate
3589 797 3887 881 corporis.

2347 923 2693 989 sequamur
2718 910 2930 971 tamen
2964 907 3251 990 passibus
3275 904 3534 971 amoris.
3565 924 3599 964 ι

2430 1011 2518 1077 De
2543 1012 2822 1078 secundo
2847 1013 2891 1051 ¹²
2920 1033 2938 1078 ι
2969 1037 2999 1076 ι
3024 1012 3151 1079 Vos
3177 1011 3295 1097 ipsi
3321 1011 3596 1091 vidistis,
3633 1029 3783 1095 quae
3804 1012 3890 1076 te·

2350 1120 2548 1185 cerim
2590 1118 2932 1204 AEgyptiis‚
2978 1120 3302 1203 quomodo
3350 1118 3747 1203 portaverim
3789 1137 3893 1184 vos

2352 1245 2548 1311 super
2577 1228 2710 1293 alas
2737 1228 3121 1313 aquilarum.
3151 1248 3183 1288 n
3209 1226 3381 1291 Bene
3420 1225 3643 1308 angeli
3680 1225 3896 1309 aquilis

2352 1342 2806 1422 comparantur
2852 1361 2869 1402 ε
2914 1340 3132 1424 aquila
3197 1338 3371 1402 euim
3426 1336 3896 1402 irreverberatis

2354 1446 2558 1512 oculis
2584 1447 2785 1512 solem
2811 1448 3029 1512 videre
3055 1448 3123 1512 in
3154 1452 3294 1513 rota
3321 1447 3576 1525 dicitur,
3607 1446 3771 1510 sicut
3791 1464 3894 1510 au·

2355 1553 2484 1636 geli
2524 1552 2724 1620 solem
2769 1554 3019 1620 deitatis
3058 1554 3443 1621 aeternaliter
3469 1553 3895 1636 contemplan-

2357 1665 2465 1726 tur
2489 1663 2537 1701 ¹2
2563 1687 2580 1726 ε
2604 1686 2637 1724 α
2657 1662 2895 1745 Angeli
2923 1681 3151 1729 eorum
3179 1680 3431 1745 semper
3448 1660 3675 1727 vident
3691 1661 3901 1726 facicm

2358 1768 2562 1835 Patris
2599 1771 2752 1835 mei.
2789 1790 2821 1830 n
2856 1768 3186 1835 Fortitudo
3213 1768 3465 1834 volatus
3494 1768 3901 1851 exprimitur,

2357 1877 2618 1963 quando
2659 1879 2731 1942 in
2769 1877 3045 1943 volando
3080 1896 3273 1961 super
3314 1877 3447 1941 alas
3483 1876 3730 1961 aliquid
3770 1895 3903 1960 por·

2359 1990 2497 2051 tare
2522 1985 2776 2051 dicitur.
2809 1985 2945 2051 Alae
2973 1990 3186 2051 autem
3212 1985 3575 2068 aquilarum
3609 1988 3766 2049 sunt
3795 1983 3904 2048 mi·

2360 2092 2624 2157 nisteria
2648 2092 3052 2174 augelorum.
3084 2091 3222 2157 Una
3249 2090 3352 2156 ala
3373 2096 3468 2156 est
3484 2090 3910 2155 ministerium

2361 2200 2744 2266 detensionis
2770 2218 2809 2266 a
2839 2200 3048 2280 malo;
3096 2201 3317 2279 altera,
3366 2201 3797 2286 promotionis
3838 2199 3911 2263 ad

2362 2307 2628 2373 bonum.
2684 2307 2793 2372 His
2836 2308 2978 2389 alis,
3032 2314 3345 2393 tanquam
3406 2308 3738 2386 manibus,
3802 2324 3913 2371 nos

2364 2419 2620 2499 portant
2643 2417 2712 2481 in
2738 2416 2847 2482 via
2867 2417 3287 2482 ambulantes,
3310 2415 3649 2481 Psalmista
3674 2416 3723 2453 ¹⁸
3754 2437 3772 2480 :
3799 2437 3832 2475 α
3849 2413 3916 2478 lu

2363 2524 2665 2589 manibus
2701 2525 3050 2608 portabunt
3090 2529 3179 2604 te,
3215 2546 3248 2585 ι
3287 2530 3407 2589 etc.
3454 2523 3613 2589 Item
3666 2526 3918 2607 portant

2364 2633 2517 2698 adre
2537 2616 2757 2717 quiem
2773 2634 3094 2700 evolantes
3116 2633 3162 2670 ¹⁸
3183 2654 3199 2698 z
3221 2654 3255 2695 α
3276 2631 3542 2697 Factum
3562 2637 3683 2711 est,
3704 2633 3782 2696 ut
3796 2649 3919 2696 mo-

2366 2745 2618 2806 reretur
2652 2740 2949 2821 Lazarus,
2986 2743 3051 2806 et
3090 2742 3474 2824 portaretur,
3504 2759 3538 2798 n
3574 2742 3699 2804 etc.
3746 2738 3919 2804 Unde

2368 2850 2508 2915 istan
2535 2849 2768 2934 aquilae
2802 2849 2882 2915 ad
2914 2868 3031 2914 uos
3058 2848 3298 2928 volant,
3340 2853 3412 2913 ut
3455 2865 3576 2912 nos
3606 2848 3681 2912 iu
3721 2852 3920 2912 morte

2367 2958 2721 3041 deportent.
2744 2956 3105 3022 Bernardus
3132 2957 3219 3022 ¹⁸:
3253 2955 3440 3022 «Non
3453 2954 3748 3037 ambigo,
3767 2955 3920 3038 quin

2371 3068 2699 3148 gratanter
2725 3065 2794 3131 in
2824 3064 3059 3149 palatio
3086 3063 3417 3146 colligant,
3464 3081 3614 3148 quae
3646 3063 3917 3145 dignan-

2370 3177 2468 3239 ter
2500 3174 2567 3238 in
2603 3173 3001 3257 sterquilinio
3030 3173 3307 3238 visitant.
3338 3192 3369 3231 n

2452 3280 2540 3346 De
2574 3282 2761 3346 tertio
2808 3280 3140 3346 psalmista
3164 3283 3253 3344 ¹⁸:
3294 3303 3326 3342 α
3362 3278 3825 3360 Renovabitur,
3853 3282 3919 3344 ut

2373 3389 2634 3473 aquilae,
2656 3392 2967 3473 juventus
2990 3393 3122 3452 tua.
3161 3408 3193 3448 ι
3228 3386 3459 3470 Aquila
3490 3386 3561 3450 in
3600 3392 3917 3452 senectute

2373 3500 2582 3563 rostro
2612 3496 2733 3562 sibi
2771 3496 2965 3561 nimis
2987 3496 3233 3561 adunco
3276 3512 3533 3560 sumere
3570 3512 3710 3560 non
3762 3494 3923 3560 valet

2376 3604 2625 3684 cibum;
2656 3604 2827 3670 unde
2846 3603 3203 3685 languescit
3222 3608 3285 3667 et
3297 3602 3603 3668 decrescit
3625 3624 3642 3666 ε
3672 3603 3921 3667 tandem

2377 3712 2457 3777 ad
2473 3716 2715 3794 petram
2737 3729 2979 3777 uncum
2999 3710 3188 3776 rostri
3210 3709 3495 3792 deponit,
3518 3714 3581 3774 et
3596 3710 3691 3774 sic
3711 3710 3917 3774 cibum

2377 3836 2638 3885 sumens
2692 3819 3036 3886 reviviscit.
3086 3816 3190 3882 Sic
3236 3822 3524 3901 peccator
3573 3817 3917 3882 cul-vitatus

2377 3932 2806 4011 peccatorum,
2854 3930 2916 3990 et
2965 3925 3242 3989 maxime
3288 3927 3545 4007 peccata
3575 3922 3917 4002 labiorum,

2380 4040 2685 4118 tanquam
2726 4050 3000 4100 curvum
3038 4037 3343 4110 rostrum,
3371 4031 3645 4114 deponat
3688 4031 3775 4095 ad
3818 4049 3919 4114 pe-

2378 4147 2549 4207 tram
2565 4140 2908 4221 Christum,
2943 4138 3047 4205 vel
3074 4139 3459 4224 poenitentiae
3503 4155 3656 4221 quae
3711 4139 3921 4220 gravis

2381 4254 2566 4316 estet
2592 4247 2776 4328 dura,
2807 4248 2973 4312 sicut
3002 4251 3200 4331 petra.
3250 4245 3482 4311 Deinde
3527 4244 3754 4309 cibum
3780 4246 3917 4311 doc-

2380 4358 2590 4436 trinae,
2619 4360 2684 4420 et
2708 4355 2955 4437 gratiae,
2987 4358 3050 4419 et
3083 4352 3499 4418 Eucharistiae
3526 4370 3790 4419 sumere
3817 4371 3917 4418 va·

2382 4465 2560 4544 tebit,
2590 4467 2655 4528 et
2681 4462 2772 4527 sic
2796 4462 2864 4526 in
2890 4461 3140 4545 spiritu,
3171 4461 3338 4525 sicut
3366 4453 3603 4543 aquila,
3650 4479 3915 4526 renova·

2384 4573 2559 4638 bitur
2592 4571 2685 4635 ¹⁷:
2729 4591 2763 4632 α
2814 4567 3238 4634 Renovamini
3292 4568 3360 4632 in
3412 4566 3647 4650 spiritu
3707 4569 3927 4633 mentis

2382 4683 2642 4760 vesu-m,
2674 4700 2706 4738 »ι
2736 4680 2857 4742 etc.
2903 4676 2978 4741 ln
3018 4674 3429 4740 renovatione
3468 4674 3591 4738 ista
3632 4673 3745 4739 dat
3774 4674 3925 4740 Deus

2387 4805 2589 4853 novas
2631 4785 2903 4869 plumas,
2951 4800 3156 4849 novas
3193 4782 3485 4860 virtutes,
3533 4799 3708 4848 nova
3752 4801 3924 4848 man·

2386 4894 2555 4959 data.
2587 4891 2938 4974 Gregorius
2962 4891 3006 4928 ¹⁸
3037 4912 3053 4955 :
3100 4913 3132 4952 α
3159 4887 3318 4968 Quia
3361 4887 3672 4953 Dominus
3708 4908 3787 4955 ac
3822 4888 3929 4954 Re·

2387 5000 2679 5084 demptor
2701 5002 2913 5064 noster
2941 5015 3149 5063 novus
3173 4996 3366 5062 homo
3410 4994 3588 5061 venit
3620 4996 3697 5061 in
3740 5016 3926 5062 muu-

2388 5108 2568 5189 dum,
2606 5124 2780 5173 nova
2820 5111 3159 5190 praeoepm,
3186 5125 3220 5165 ι
3255 5107 3376 5171 etc.
3404 5102 3565 5170 Nota
3602 5105 3785 5187 quod
3821 5105 3930 5169 'uta

2392 5235 2491 5287 col.
2527 5239 2571 5285 l.
2593 5258 2657 5271 —
2693 5232 2733 5265 ¹⁰
2764 5233 2919 5297 Grcg.
2945 5257 3009 5269 —
3034 5230 3077 5267 ¹²
3110 5228 3292 5291 Evod„
3317 5239 3441 5290 ¹11,
3481 5230 3528 5280 t.
3556 5254 3623 5269 -
3660 5230 3705 5267 ¹²
3736 5229 3924 5285 nam..

2395 5318 2553 5369 xviii,
2590 5309 2665 5356 ιο.
2705 5328 2765 5344 --
2800 5303 2843 5341 ¹⁸
2873 5302 3008 5355 Psal.
3042 5314 3140 5365 xc,
3180 5304 3256 5351 12.
3286 5325 3349 5338 -
3382 5299 3425 5335 ¹⁴
3450 5300 3593 5363 Luc„
3619 5313 3742 5365 xvi,
3771 5305 3851 5354 22.
3873 5328 3927 5340 -

2394 5379 2438 5414 ¹⁸
2464 5376 2712 5430 Bernard.
2742 5402 2796 5413 -
2825 5375 2869 5410 ¹⁸
2891 5373 3029 5427 Paul.
3060 5385 3163 5437 cu,
3190 5374 3240 5424 5.
3266 5396 3329 5410 -
3360 5372 3400 5408 ¹’
3426 5370 3637 5438 uphem,
3668 5384 3747 5440 w,
3772 5376 3850 5427 23.
3878 5399 3923 5411 -

2398 5451 2436 5486 ¹·
2459 5451 2635 5515 Greg„
2666 5452 2718 5498 in
2750 5447 2964 5512 qu„
2992 5446 3137 5499 hom.
3166 5455 3335 5509 xxxu,
3359 5456 3416 5493 n.
3450 5449 3496 5497 ¹.
