4059 6317
672 505 793 569 326

677 655 711 700 α
736 633 1206 704 Firmissimum
1221 637 1521 704 solatium
1538 638 1913 718 habeamus,
1930 637 2044 722 qui
2061 653 2210 701 con·

667 746 961 829 fugimus
1004 748 1088 813 ad
1132 747 1474 812 tenendam
1532 746 1919 830 propositam
1976 764 2156 828 spem
2181 793 2203 824 ‚

666 872 865 939 quam
890 855 1053 919 sieut
1076 854 1424 919 anchoram
1462 854 1779 919 habemus
1822 855 2056 918 animae
2097 858 2209 918 tu-

663 967 801 1030 tam
827 969 890 1031 et
914 967 1194 1031 firmam.
1224 986 1255 1025 »
1287 965 1636 1048 Gregorius
1664 966 1701 1038 ,¹
1742 986 1758 1028 ε
1819 986 1850 1025 α
1897 962 2209 1041 Quamvis

664 1071 876 1138 adhuc
898 1091 1120 1139 rerum
1145 1072 1731 1156 perturbationibus
1755 1070 2011 1136 animus
2047 1071 2205 1135 fluc-

667 1184 903 1260 tuetur,
924 1184 1144 1245 tamen
1169 1180 1304 1263 spei
1329 1183 1559 1246 vestrae
1578 1178 1926 1244 anchoram
1940 1178 2008 1243 in
2024 1182 2208 1243 aeter·

664 1306 818 1353 nam
843 1287 1113 1371 patriam
1130 1288 1334 1369 figite,
1356 1286 1777 1353 intentionem
1804 1290 2042 1352 aeterna
2065 1285 2206 1351 luce

664 1396 947 1462 solidate.
977 1419 1009 1457 n
1045 1396 1202 1461 Item
1230 1396 1423 1462 habet
1444 1398 1666 1462 velum
1694 1396 2027 1461 charitatis
2074 1401 2205 1460 tra-

665 1502 875 1567 hentis
900 1505 925 1540 ¹
954 1524 972 1568 :
1028 1526 1060 1566 α
1097 1503 1335 1588 Byssus
1371 1505 1553 1568 varia
1578 1504 1657 1569 de
1708 1503 1988 1587 AEgypto
2029 1506 2206 1568 texta

663 1614 761 1674 est
779 1610 849 1674 in
876 1610 1119 1689 velum,
1146 1615 1222 1676 ut
1248 1615 1594 1694 poneretur
1618 1612 1687 1675 in
1715 1611 1908 1692 malo,
1937 1632 1969 1671 n
2003 1612 2068 1677 id
2087 1616 2203 1690 est,

662 1715 732 1782 in
791 1716 1060 1783 Christo.
1118 1718 1216 1783 Ad
1277 1719 1544 1785 modum
1599 1718 1771 1783 enim
1824 1719 2161 1783 velaminis
2180 1768 2201 1799 ‚

661 1825 919 1907 quando
938 1825 1213 1890 charitas
1240 1826 1434 1906 ma10,
1453 1824 1520 1890 id
1546 1829 1663 1905 est,
1684 1826 1933 1890 Christo
1960 1826 2207 1891 fortiter

661 1931 967 2011 adhaeret‚
984 1935 1225 2016 quanto
1253 1933 1462 2014 magis
1487 1932 1698 1997 ventis
1712 1932 2206 1999 tribulationum

658 2038 1015 2121 impellitur
1029 2087 1050 2119 ‚
1093 2044 1273 2105 tanto
1318 2040 1505 2106 citius
1551 2039 1628 2104 ad
1677 2044 1939 2124 portum
1982 2041 2207 2107 salutis

659 2150 919 2213 aeternae
946 2148 1340 2231 pervenitur.

1217 2328 1508 2399 SERMO
1552 2330 1637 2402 Π.

741 2472 1198 2542 concluserunt
1241 2475 1724 2543 multitudinem
1767 2475 2050 2559 piscium
2097 2492 2201 2544 co-

652 2581 908 2661 piceam
935 2579 980 2658 ⁸,
1013 2581 1251 2646 scilicet
1282 2581 1509 2647 Petrus
1535 2587 1599 2646 et
1626 2582 1779 2647 socii
1825 2586 1990 2667 ejus.
2037 2583 2200 2648 Mul-

656 2686 861 2752 titudo
885 2687 1157 2772 piscium
1185 2693 1280 2753 est
1307 2689 1651 2755 multitudo
1676 2689 2021 2755 hominum
2046 2709 2201 2756 con-

657 2792 835 2857 clusa
859 2811 975 2876 per
999 2799 1133 2858 rete
1156 2794 1326 2858 fidei.
1361 2795 1899 2861 Considerandum
1943 2800 2159 2862 autem
2178 2846 2196 2878 ,

656 2900 830 2983 quod
855 2903 953 2965 est
977 2901 1379 2984 quadruplex
1421 2902 1765 2968 multitudo
1804 2903 2146 2969 hominum
2178 2926 2194 2968 ε

655 3007 951 3090 quaedam
981 3008 1050 3072 in
1077 3008 1286 3092 culpa,
1314 3010 1615 3091 quaedam
1645 3010 1712 3074 in
1742 3011 1974 3092 gratia,
2017 3030 2199 3094 quae-

653 3111 803 3177 dam
834 3115 904 3178 in
933 3114 1162 3195 gloria,
1193 3115 1492 3198 quaedam
1521 3116 1588 3179 in
1633 3116 1951 3198 gehenna.
1985 3117 2204 3184 Prima

653 3223 751 3284 est
798 3221 1136 3287 multitudo
1189 3222 1576 3305 impiorum3
1627 3225 1904 3290 secunda
1923 3274 1940 3305 ,
1986 3227 2199 3307 justo-

654 3344 846 3406 rum3
874 3329 1097 3409 ter-tia,
1141 3330 1514 3409 beatorum3
1565 3334 1828 3413 quarta,
1866 3330 2206 3397 damnato-

657 3453 832 3500 rum.

736 3542 825 3606 De
854 3542 1064 3625 prima
1089 3548 1113 3584 ¹·
1151 3564 1168 3609 ε
1223 3566 1254 3605 α
1302 3544 1377 3609 In
1421 3543 1524 3608 his
1562 3544 1814 3628 jacebat
1859 3545 2202 3611 multitudo

654 3650 1132 3732 languentium.
1159 3673 1191 3713 ι)
1238 3651 1401 3717 Nota
1425 3652 1780 3718 historiam.
1816 3652 2066 3718 Piscina
2107 3659 2205 3720 est

656 3757 1035 3840 poenitentia
1060 3777 1188 3841 qua
1213 3759 1510 3824 lavamur
1553 3779 1591 3824 a
1643 3760 1936 3825 sordibus
1988 3780 2205 3844 pecca-

656 3867 900 3945 torum,
925 3884 1072 3948 quae
1099 3885 1269 3950 aqua
1294 3867 1520 3948 gratiae
1546 3871 1611 3931 et
1624 3868 2061 3951 lacrymarum
2087 3887 2204 3953 per

657 3973 1112 4055 aquaeductum
1166 3973 1418 4039 timoris
1466 3974 1572 4039 vel
1631 3975 1869 4039 amoris
1920 3976 2197 4059 respicit.

658 4078 837 4145 Unde
888 4083 955 4145 et
1003 4081 1094 4146 ihi
1151 4081 1440 4146 diabolus
1492 4081 1777 4146 maxime
1831 4082 2194 4149 insidiatur.

659 4187 837 4251 Unde
871 4186 1034 4253 bene
1074 4187 1152 4252 de
1193 4187 1505 4271 Rapsace‚
1538 4187 1604 4253 id
1641 4191 1775 4267 est,
1825 4189 1905 4254 de
1946 4194 2203 4273 raptore

657 4293 892 4359 animae
917 4294 1198 4359 dicitur*
1231 4317 1249 4359 ι
1290 4317 1321 4356 α
1348 4294 1534 4360 Stetit
1559 4295 1630 4361 in
1657 4296 2039 4379 aquaeductu
2069 4298 2200 4381 pis-

656 4399 821 4464 cinae
847 4399 1214 4483 superioris,
1240 4422 1270 4461 n
1309 4399 1560 4465 Piscina
1587 4401 1845 4466 inferior
1870 4406 1967 4466 est
1992 4402 2205 4485 poeni-

657 4506 857 4570 tentia
873 4554 897 4586 ,
941 4524 1090 4590 quae
1136 4512 1235 4572 est
1274 4508 1510 4573 timore
1555 4509 1910 4591 gehennae3
1962 4510 2206 4592 piscina

656 4631 813 4678 vero
856 4614 1149 4696 superior
1192 4620 1288 4681 est
1306 4663 1325 4694 ,
1364 4634 1515 4699 quae
1558 4635 1775 4682 amore
1816 4619 2040 4700 patriae
2082 4623 2200 4683 est.

660 4720 957 4804 Quinque
999 4723 1281 4806 porticus
1319 4728 1472 4789 sunt
1511 4724 1797 4808 quinque
1839 4743 2067 4791 sensus
2083 4772 2105 4804 ‚
2133 4727 2206 4790 in

658 4829 897 4914 quihus
938 4832 1108 4913 jacet
1151 4849 1265 4915 per
1309 4832 1585 4897 carnalia
1626 4833 1937 4898 desideria
1982 4835 2201 4899 multi-

658 4937 815 5002 tudo
840 4936 1297 5020 languentium
1323 4939 1393 5003 in
1420 4939 1590 5004 mala
1616 4941 2073 5006 consuetudine
2090 4991 2110 5020 ‚
2140 4946 2204 5007 et
2256 4977 2263 4986 ·

662 5061 979 5109 caecorum
996 5092 1018 5122 ,
1048 5045 1164 5129 qui
1204 5045 1426 5111 lumen
1466 5047 1756 5112 veritatis
1790 5065 1923 5113 non
1968 5048 2207 5114 babent

660 5150 733 5216 in
759 5152 1168 5235 cognitione,
1196 5155 1261 5218 et
1297 5152 1671 5219 claudorum
1689 5201 1707 5233 ,
1738 5154 1852 5238 qui
1901 5174 2203 5237 gressum

660 5419 680 5449 ι
704 5349 744 5467 1¹
775 5350 1080 5473 Gregerh-
1115 5351 1149 5459 ²⁸
1162 5351 1361 5475 ξῧὶζ,
1397 5364 1570 5415 xxvu,
1606 5357 1666 5476 '¹7⁷
1684 5380 1746 5394 -
1772 5354 1957 5477 ’.ξας-η
1985 5370 2037 5420 v,
2064 5361 2111 5410 6.
2140 5385 2204 5477 -1-

661 5433 1138 5550 Assa:
1156 5496 1292 5561 m„
1326 5440 1401 5490 ⁹
1417 5437 1582 5550 32¹3:
1611 5500 1632 5533 ·
1662 5441 2204 5564 s7..‚.;2‘5'³23:2¹‹{’.-·

1765 497 2179 568 SERMONES
2223 496 2326 564 DE
2365 495 2758 567 TEMPORE.

2324 633 2646 716 aequitatis
2674 651 2804 700 non
2831 634 3070 701 habent
3105 635 3176 702 in
3205 636 3572 719 operatione
3586 685 3609 718 ‚
3636 641 3698 704 et
3721 637 3841 705 ari-

2320 739 2550 805 dorum
2567 788 2591 821 ,
2618 742 2732 825 qui
2771 741 3112 808 humorem
3155 744 3405 827 pietatis
3445 763 3580 810 non
3621 746 3846 813 habent

2319 848 2389 913 in
2415 850 2771 916 affectione.
2800 852 3093 934 Angelus
3119 857 3336 918 autem
3362 857 3454 920 est
3481 854 3715 935 doctor,
3739 857 3844 939 qui

2321 961 2539 1023 movet
2550 977 2808 1041 aquam,
2826 959 2986 1026 dum
2997 964 3215 1027 movet
3226 961 3303 1026 ad
3314 964 3840 1045 compunctiones,

2325 1064 2427 1129 vel
2450 1064 2532 1129 ad
2555 1064 2988 1149 lacrymarum
3018 1069 3321 1151 gratiam.
3355 1068 3379 1103 ⁸
3427 1092 3461 1131 α
3492 1068 3644 1147 Quis
3682 1071 3846 1136 dabit

2321 1173 2512 1258 capiti
2553 1192 2698 1240 meo
2738 1194 2971 1258 aquam
2989 1225 3009 1257 ,
3051 1199 3087 1237 n
3134 1182 3255 1242 etc.
3299 1178 3727 1263 Hieronymus
3757 1180 3780 1216 '¹
3825 1203 3839 1245 :

2328 1303 2362 1342 α
2385 1280 2466 1346 Et
2490 1279 2598 1347 ille
2625 1282 2844 1347 doctor
2867 1284 3322 1350 ecclesiasticus
3348 1290 3470 1366 est,
3495 1288 3610 1369 qui
3648 1288 3846 1371 lacry-

2320 1407 2483 1468 mas,
2510 1407 2645 1454 non
2669 1390 2873 1455 risum
2899 1397 3135 1457 movet.
3160 1413 3192 1451 n
3222 1391 3533 1458 Flendum
3554 1399 3721 1461 certe
3737 1399 3843 1477 est,

2319 1497 2493 1580 quod
2516 1501 2695 1561 tanta
2720 1498 3064 1564 multitudo
3099 1501 3309 1582 J'aceat
3346 1500 3418 1564 in
3463 1502 3846 1581 porticibus,

2319 1607 2384 1668 et
2410 1608 2544 1669 tam
2584 1607 2767 1689 pauci
2796 1606 3177 1672 descendant
3216 1607 3286 1672 in
3315 1607 3648 1691 piscinam.
3681 1609 3852 1675 Multi

2320 1712 2495 1777 enim
2512 1761 2535 1792 ,
2564 1713 2735 1778 heu!
2767 1717 2918 1779 sunt
2957 1718 3286 1799 peccantes
3305 1764 3324 1795 ,
3352 1720 3416 1780 et
3441 1717 3632 1799 pauci
3658 1719 3852 1801 poeni-

2320 1821 2548 1884 tentes.

2399 1928 2490 1991 De
2512 1928 2789 1994 secundo
2814 1935 2840 1970 ⁸
2870 1951 2888 1994 z
2929 1953 2961 1991 α
2997 1929 3424 1997 Multitudinis
3462 1932 3852 1999 credentium

2319 2037 2457 2097 erat
2480 2052 2592 2099 cor
2615 2054 2847 2115 unum,
2877 2060 2908 2097 n
2946 2041 3067 2103 etc.
3109 2037 3159 2105 Ο
3187 2057 3386 2121 quam
3415 2039 3746 2106 dissimilis
3765 2046 3857 2107 est

2318 2158 2491 2206 nunc
2537 2141 2878 2210 multitudo
2919 2144 3314 2210 credentium
3330 2195 3352 2226 ,
3407 2165 3689 2230 quorum
3731 2167 3856 2214 non

2319 2251 2414 2314 est
2436 2266 2548 2313 cor
2579 2253 2825 2316 unum!
2856 2251 3041 2318 Alius
3065 2254 3241 2317 enim
3275 2254 3629 2337 superbum
3650 2304 3670 2335 ‚
3699 2256 3855 2322 alius

2316 2373 2610 2436 avarum,
2641 2357 2811 2423 alius
2832 2359 3243 2426 luxuriosum
3271 2361 3464 2427 habet
3513 2380 3648 2428 cor.
3681 2363 3855 2429 Tales

2316 2466 2531 2529 tamen
2586 2466 2922 2530 Christiani
2974 2469 3410 2535 nominantur.
3474 2468 3646 2537 Bene
3705 2489 3856 2554 ergo

2317 2575 2473 2636 sunt
2498 2571 2782 2652 nomine,
2810 2591 2943 2638 non
2970 2575 3179 2653 corde,
3213 2577 3377 2642 sicut
3417 2578 3646 2662 vulpes
3674 2579 3858 2645 Sam-

2321 2679 2498 2743 sonis
2515 2727 2537 2758 ‚
2584 2682 2943 2762 conjunctae
2995 2683 3243 2764 caudis,
3296 2685 3587 2751 saucibus
3635 2687 3860 2754 divisae

2317 2789 2520 2851 erant.
2541 2785 2877 2854 Multitudo
2895 2789 3286 2857 credentium
3301 2792 3407 2857 hic
3425 2812 3539 2877 per
3555 2798 3698 2860 rete
3715 2796 3858 2862 fidei

2318 2893 2752 2975 concluditur,
2783 2899 2847 2960 et
2871 2896 3031 2961 duas
3057 2898 3388 2965 naviculas
3413 2901 3664 2984 implet,
3699 2903 3859 2968 scili·

2317 3004 2417 3065 cet
2441 3000 2782 3067 Ecclesiam
2813 3003 2891 3068 de
2931 3002 3265 3087 Gentibu3‚
3312 3011 3376 3072 et
3401 3009 3480 3073 de
3504 3008 3749 3075 Judaeis
3785 3012 3808 3047 ⁹
3837 3029 3854 3076 ε

2324 3130 2356 3169 α
2380 3106 2589 3173 Donec
2633 3110 2960 3192 plenitudo
3001 3114 3296 3194 gentium
3343 3118 3607 3181 intraret
3629 3166 3646 3197 ‚
3679 3122 3752 3183 et
3773 3118 3861 3182 sic

2316 3215 2528 3281 omnis
2554 3214 2745 3281 Israel
2772 3218 2987 3284 salvus
3016 3221 3216 3286 fieret.
3251 3244 3283 3283 n
3311 3221 3425 3288 Vel
3447 3225 3658 3307 prima
3674 3227 3860 3291 navis

2316 3327 2411 3388 est
2439 3323 2803 3390 innocentia
2823 3374 2841 3404 ‚
2895 3329 3173 3392 secunda
3198 3330 3587 3413 poenitentia.
3639 3334 3860 3401 Hiero-

2313 3450 2551 3516 nymus
2591 3433 2637 3469 ¹⁰
2670 3455 2685 3498 :
2726 3455 2758 3494 c
2785 3432 3160 3501 Poenitentia
3188 3441 3284 3503 est
3327 3439 3607 3505 secunda
3643 3443 3862 3509 tabula

2314 3543 2458 3621 post
2481 3541 2921 3623 naufragium.
2953 3563 2985 3603 n
3023 3541 3136 3607 His
3165 3545 3441 3612 navibus
3467 3547 3688 3615 fideles
3714 3553 3859 3615 tan-

2314 3665 2511 3731 quam
2541 3648 2783 3713 nobilia
2798 3667 2991 3731 poma
3013 3650 3093 3714 de
3115 3651 3341 3718 arbore
3368 3655 3573 3721 crucis
3597 3658 3860 3724 collecta

2314 3757 2395 3822 ad
2420 3756 2689 3840 patriam
2717 3757 3045 3823 ducuntur
3072 3759 3115 3795 ¹¹
3149 3781 3165 3823 ε
3196 3782 3230 3821 α
3258 3759 3402 3825 Dies
3426 3763 3552 3828 mei
3583 3767 3860 3832 transie-

2313 3867 2489 3944 runt,
2511 3863 2696 3947 quasi
2714 3881 2911 3929 naves
2926 3883 3118 3949 poma
3130 3871 3476 3947 portantes.
3491 3891 3523 3930 n
3550 3869 3600 3937 Ο
3617 3879 3861 3956 quanta

2314 3972 2512 4036 etiam
2560 3971 2757 4037 rubra
2807 3976 3170 4055 martyrum
3216 3990 3410 4056 poma
3450 3976 3532 4041 ad
3579 3980 3853 4059 patriam

2314 4082 2465 4144 sunt
2494 4081 2775 4162 portata!
2808 4079 3221 4161 Augustinus
3247 4081 3294 4117 ¹¹
3327 4103 3398 4145 :e
3423 4081 3498 4146 In
3535 4083 3858 4153 coelestem

2315 4204 2603 4251 mensam
2653 4186 2916 4269 spiritus
2973 4191 3332 4270 martyrum
3350 4236 3369 4269 ‚
3420 4193 3728 4273 tanquam
3780 4195 3858 4261 de

2312 4294 2501 4373 horto
2527 4292 2848 4358 dominico
2884 4293 3090 4382 multa
3118 4298 3184 4359 et
3209 4296 3585 4362 suavissima
3623 4318 3852 4382 poma,

2315 4400 2726 4468 transierunt.
2757 4422 2787 4462 n
2826 4400 3098 4467 Hortum
3124 4401 3528 4469 Dominicum
3554 4406 3709 4472 dicit
3733 4409 3858 4475 Ec-

2317 4510 2574 4575 clesiam
2604 4510 2715 4594 (a).

2394 4618 2484 4684 De
2536 4619 2722 4682 tertio
2771 4616 3104 4682 Psalmista
3153 4624 3172 4660 ¹
3227 4640 3243 4683 ε
3303 4642 3338 4681 ιι
3389 4619 3511 4699 Qui
3558 4633 3858 4692 numerat

2315 4725 2791 4792 multitudinem
2818 4725 3147 4790 stellarum
3169 4773 3187 4805 ,
3218 4746 3250 4786 υ
3286 4731 3407 4792 etc.
3451 4728 3666 4796 Stellae
3705 4738 3860 4799 sunt

2315 4834 2515 4899 sancti
2542 4835 2612 4898 in
2630 4832 2812 4899 coelo.
2843 4834 3007 4912 Quid
3032 4834 3274 4897 mirum
3291 4835 3347 4898 si
3365 4844 3667 4902 numerat
3689 4840 3855 4921 illos,

2314 4960 2596 5026 quorum
2641 4946 2947 5007 numerat
2989 4941 3286 5025 capillos?
3327 4942 3373 4985 ¹⁸
3431 4967 3463 5006 α
3488 4945 3708 5029 Capilli
3753 4967 3861 5013 ca-

2311 5049 2500 5131 pitis,
2529 5071 2559 5110 n
2597 5054 2717 5116 etc.
2764 5049 2812 5114 Ο
2862 5049 3017 5114 felix
3056 5050 3438 5131 multitudo,
3485 5052 3553 5116 in
3586 5072 3720 5136 qua
3763 5060 3860 5122 est

2317 5249 2356 5285 ¹⁰
2382 5247 2544 5310 Hier„
2571 5249 2625 5298 in
2657 5248 2775 5312 Isa„
2805 5261 2853 5299 c.
2887 5258 2976 5308 111,
3007 5249 3061 5298 et
3090 5247 3162 5298 ad
3191 5248 3522 5313 Demetriad„
3559 5251 3707 5315 epist.
3736 5264 3857 5305 vm.

2312 5344 2375 5359 —
2402 5321 2443 5356 11
2468 5319 2581 5382 lob,
2609 5331 2692 5382 lx,
2722 5323 2800 5371 26.
2829 5346 2891 5357 —
2925 5321 2965 5354 ¹²
2992 5321 3145 5386 Aug„
3179 5321 3358 5372 Enarr.
3390 5322 3444 5371 in
3468 5321 3604 5374 psal.
3636 5335 3859 5388 Lxxvm,

2313 5403 2367 5442 n.
2403 5393 2451 5442 4.
2480 5417 2543 5430 -—
2570 5390 2609 5427 ¹⁸
2629 5390 2768 5442 Psal.
2796 5402 2970 5455 chvr,
2997 5393 3049 5442 4.
3077 5418 3138 5430 -—
3166 5392 3209 5429 ¹⁴
3239 5392 3375 5460 Luc..
3403 5403 3509 5458 111,
3538 5394 3587 5446 7.

2377 5500 2443 5566 (α)
2480 5498 2604 5552 Coet.
2632 5498 2755 5551 edit.
2783 5498 3029 5552 scetem
3167 5519 3172 5523 ·
