4059 6317
652 472 773 548 leo

652 621 744 681 tat
772 618 791 653 ¹
826 636 843 682 z
881 637 916 677 α
940 614 1187 680 Cibaria
1206 616 1273 679 et
1298 612 1525 694 virga,
1564 615 1629 675 et
1653 629 1818 676 onus
1840 611 2044 689 asino,
2074 614 2194 674 etc.

646 723 849 789 Malus
874 723 1092 787 asinus
1114 725 1230 801 est,
1260 720 1461 804 quiet
1488 737 1743 783 saccum
1779 717 2194 800 poenitentiae,

648 835 712 896 et
759 830 1101 897 Dominum
1155 828 1537 893 insidentem
1586 825 1839 909 projicit
1884 844 1902 889 t
1936 824 2201 907 gravius

648 939 821 1002 enim
864 953 1027 1001 onus
1081 940 1369 1019 peccator
1417 934 1704 998 assumit.
1759 931 2049 997 Psalmus
2095 939 2118 973 ²
2176 951 2192 995 z

658 1067 689 1106 α
716 1043 895 1109 Sicut
919 1062 1084 1109 onus
1112 1061 1336 1125 grave,
1365 1063 1398 1102 n
1431 1045 1554 1107 etc.
1582 1039 1954 1105 Graviorem
1992 1056 2202 1103 sesso-

650 1169 810 1231 rem,
841 1151 1073 1215 scilicet
1107 1150 1456 1228 diabolum,
1497 1148 1748 1231 accipit,
1788 1147 1953 1210 sicut
1992 1145 2201 1227 signi·

651 1259 908 1324 ficatum
930 1257 1115 1322 estin
1136 1257 1337 1334 asina,
1363 1257 1431 1320 in
1459 1274 1589 1338 qua
1601 1255 1858 1319 sedebat
1873 1252 2134 1318 Balaam
2152 1252 2199 1331 ⁸,

653 1383 848 1450 quam
874 1365 1150 1448 angelus
1168 1363 1514 1446 evaginato
1542 1362 1757 1445 gladio
1776 1362 2059 1439 obstans,
2080 1377 2199 1424 nec

653 1472 734 1538 ad
776 1473 1104 1538 dexteram
1145 1490 1261 1536 nec
1295 1471 1377 1537 ad
1413 1470 1735 1535 sinistram
1766 1468 1860 1534 ire
1885 1466 2197 1551 permisit,

654 1579 856 1645 donec
895 1580 1077 1644 asina
1113 1579 1494 1662 loquebatur
1532 1594 1955 1642 murmurans
1983 1579 2204 1640 contra

655 1705 989 1766 sessorem,
1028 1705 1178 1752 cum
1218 1686 1403 1751 tertio
1452 1688 1914 1769 percuteretur.
1944 1680 2204 1747 Balaam

657 1793 1110 1877 interpretatur
1137 1793 1449 1861 devorans
1478 1791 1822 1875 populum,
1853 1795 1917 1854 et
1951 1789 2208 1870 signifi-

659 1904 758 1965 cat
799 1902 1125 1966 diabolum
1173 1902 1249 1967 de
1303 1900 1474 1984 quo'·
1508 1918 1525 1963 ε
1567 1923 1600 1961 α
1628 1897 1868 1963 Circuit
1911 1913 2208 1979 quoerens

660 2027 856 2092 quem
901 2009 1181 2074 devoret.
1223 2033 1254 2067 »
1297 2007 1647 2089 Gregorius
1679 2003 1701 2040 ⁸
1734 2023 1752 2068 :
1792 2026 1823 2065 α
1851 2002 1972 2069 Ore
2010 2004 2203 2086 pesti-

660 2117 813 2181 ferae
853 2114 1277 2199 persuasionis
1306 2133 1413 2179 eos
1443 2111 1724 2197 quotidie
1746 2112 2030 2190 devorat,
2064 2110 2203 2193 qui-

659 2223 784 2287 bus
810 2243 850 2288 a
877 2223 1269 2288 consessione
1303 2221 1453 2286 fidei
1488 2219 1761 2302 reproba
1800 2218 1934 2284 vita
1959 2218 2206 2283 discor-

660 2331 791 2395 dat.
840 2352 870 2391 n
936 2328 1145 2412 HuJus
1206 2328 1389 2392 asina
1437 2332 1533 2393 est
1587 2326 1906 2410 peccatrix
1963 2325 2202 2391 anima.

661 2437 951 2519 Angelus
968 2435 1345 2521 praedicator
1364 2440 1461 2500 est
1478 2434 1582 2499 vel
1600 2433 1918 2499 confessor
1940 2440 1964 2476 ⁶
1986 2456 2002 2497 :
2038 2456 2069 2494 α
2089 2432 2202 2498 La-

660 2545 768 2608 bia
790 2544 1148 2623 sacerdotis,
1174 2564 1206 2605 υ
1241 2546 1386 2621 etc„
1418 2559 1622 2623 usque
1651 2562 1667 2606 ε
1696 2563 1727 2602 α
1755 2539 1909 2623 quia
1934 2539 2209 2622 angelus

662 2651 913 2718 Domini
952 2651 1350 2717 exercituum
1402 2654 1516 2715 est.
1557 2671 1587 2709 υ
1637 2649 1890 2714 Gladius
1938 2651 2208 2714 extremi

660 2759 884 2843 judicii
914 2765 1159 2823 terrens
1186 2761 1601 2840 peccatorem,
1635 2757 1846 2839 ipsum
1869 2756 1936 2819 in
1961 2755 2069 2822 via
2092 2756 2211 2821 ini-

660 2868 924 2951 quitatis
972 2867 1323 2930 secundum
1361 2863 1756 2928 voluntatem
1802 2862 2094 2942 Balaam,
2143 2865 2209 2928 id

661 2977 757 3038 est
780 2973 1038 3050 diaboli,
1070 2971 1408 3055 procedere
1438 2988 1570 3035 non
1612 2970 1942 3053 permittit.
1990 2970 2209 3035 Domi-

661 3098 785 3144 nus
821 3097 978 3161 ergo
1014 3080 1289 3142 sentiens
1324 3078 1604 3157 asinam,
1651 3077 1713 3139 id
1758 3081 1853 3140 est
1899 3076 2204 3156 animam,

663 3187 1001 3270 trepidare,
1045 3191 1108 3250 et
1139 3184 1312 3249 nolle
1355 3184 1424 3248 in
1466 3184 1572 3248 via
1604 3183 1955 3267 iniquitatis
1979 3203 2203 3268 proce-

663 3294 833 3373 dere,
879 3292 1024 3376 plus
1066 3310 1210 3356 eam
1247 3291 1553 3370 stimulat,
1583 3296 1646 3355 et
1673 3292 1860 3358 tertio
1886 3311 2028 3357 eam
2058 3310 2208 3374 per-

666 3402 845 3479 cutit,
881 3399 1135 3483 quando
1167 3398 1399 3482 triplici
1443 3399 1821 3464 adversitate
1845 3447 1863 3477 ,
1905 3399 2114 3481 primo
2142 3401 2211 3464 in

668 3509 881 3588 rebus,
921 3508 1197 3572 secundo
1240 3507 1310 3572 in
1357 3508 1599 3585 amiciS,
1634 3507 1820 3572 tertio
1847 3508 1913 3571 in
1947 3525 2211 3590 corpore

671 3634 810 3681 eam
866 3614 1094 3695 affligit
1143 3632 1257 3697 per
1297 3614 1501 3679 malos
1553 3613 1865 3694 bomineS,
1929 3613 2033 3680 vel
2077 3617 2203 3679 sei-

669 3740 879 3804 psum,
899 3722 1062 3787 sicut
1077 3720 1110 3786 J
1114 3720 1196 3784 ob
1214 3720 1542 3805 tripliciter
1561 3720 1913 3801 percutitur
1937 3740 1955 3799 3
1987 3719 2211 3785 deinde

669 3829 884 3892 anima
932 3834 1151 3893 contra
1196 3845 1508 3892 sessorem
1557 3826 1880 3892 diabolum
1925 3845 2214 3893 murmu-

668 3946 769 4006 rat
791 3942 859 4005 in
889 3940 1281 4005 consessione
1310 3943 1374 4004 et
1397 3939 1703 4004 oratione.

749 4048 835 4113 De
890 4047 1170 4113 secundo
1209 4053 1229 4088 ⁷
1266 4068 1282 4111 :
1323 4070 1354 4109 α
1392 4044 1563 4111 Vidit
1615 4064 1880 4110 currum
1931 4046 2213 4112 duorum

669 4157 981 4239 equitum,
1009 4172 1407 4219 ascensorem
1436 4153 1598 4216 asini
1613 4157 1675 4217 et
1690 4151 1937 4232 cameli,
1954 4175 1985 4211 υ
2012 4153 2210 4229 idest,

669 4263 1028 4347 incipientis
1065 4267 1129 4326 et
1171 4260 1556 4345 proficientis
1576 4309 1596 4341 ,
1631 4259 1742 4342 qui
1772 4259 2054 4324 maxime
2080 4264 2211 4324 tra-

669 4373 834 4437 bunt
883 4388 1146 4435 currum
1204 4368 1492 4434 Ecclesiae
1540 4386 1558 4432 ε
1602 4368 1790 4451 pauci
1841 4371 2014 4431 enim
2066 4372 2216 4432 sunt

669 4479 947 4563 perfecti.
985 4476 1273 4542 Gamelus
1292 4524 1309 4554 ,
1340 4474 1578 4541 animal
1619 4473 1868 4557 patiens
1891 4474 2212 4555 laborum,

670 4586 910 4652 animal
951 4590 1379 4650 mercatorum
1416 4586 1540 4662 est,
1573 4587 1638 4647 et
1673 4600 1916 4647 merces
1965 4586 2216 4664 portare

671 4696 827 4760 solet
856 4716 872 4759 z
905 4694 996 4758 ita
1035 4692 1434 4776 proficientes
1473 4689 1749 4754 multum
1795 4688 2123 4769 laborant,
2154 4695 2219 4755 et

675 4821 911 4875 merces
935 4801 1310 4866 meritorum
1352 4814 1560 4879 usque
1587 4796 1655 4859 in
1683 4796 2003 4862 coelestem
2029 4796 2214 4862 Jeru-

672 4912 868 4975 salem
896 4911 1172 4994 portant.
1207 4902 1384 4970 Unde
1420 4904 1649 4969 dicitur
1674 4908 1698 4944 ⁸
1725 4905 1896 4986 quod
1929 4927 1960 4966 a
1985 4905 2219 4985 regina

673 5014 860 5097 Saba,
894 5037 924 5075 n
942 5015 1005 5080 id
1030 5017 1162 5092 est,
1193 5011 1489 5089 Ecclesia,
1518 5010 1854 5092 «ingressa
1867 5009 2215 5076 Jerusalem

672 5141 819 5189 cum
863 5124 1065 5189 multo
1113 5121 1418 5189 comitatu
1439 5165 1457 5202 ,
1499 5141 1531 5180 ι)
1586 5119 1823 5185 scilicet
1875 5120 2218 5185 salvando-

734 5250 752 5285 ¹
781 5248 968 5312 Bet-li..
994 5260 1184 5314 xxxin,
1204 5250 1284 5299 25.
1303 5271 1366 5285 --
1388 5246 1411 5280 ²
1435 5243 1576 5296 Psal.
1603 5256 1820 5308 xxxvn,
1844 5257 1895 5295 ν.
1914 5271 1970 5282 -
1999 5245 2024 5281 ⁸
2045 5246 2223 5313 Num„

673 5332 817 5382 1111,
857 5325 935 5374 23.
977 5348 1034 5359 —-
1078 5321 1144 5371 *l
1190 5320 1346 5381 Petr„
1383 5329 1437 5380 v,
1480 5319 1529 5368 8.
1562 5344 1624 5355 —
1668 5319 1687 5349 ⁸
1731 5318 1972 5380 δωρον..
2012 5317 2221 5380 Μοναι..

675 5390 767 5453 lib.
798 5395 1024 5456 xxxin,
1056 5406 1108 5444 n.
1153 5394 1203 5454 3,
1237 5388 1406 5456 quoad
1437 5402 1664 5439 sensum.
1691 5414 1750 5426 --
1788 5391 1807 5419 ⁸
1832 5388 2039 5451 Malae„
2072 5400 2141 5451 ιι,
2171 5391 2221 5439 Ἰ.

674 5488 734 5500 -
766 5465 780 5495 ²
811 5466 928 5530 Iso„
974 5477 1094 5528 xxi,
1127 5465 1175 5513 7.
1206 5489 1266 5500 -
1303 5464 1322 5492 ⁸
1351 5463 1412 5512 ΙΙΙ
1449 5463 1586 5524 flea„
1616 5472 1671 5524 x,
1699 5463 1746 5511 2.
1776 5486 1837 5499 -
1874 5461 1895 5491 ⁹
1922 5461 2132 5524 August.
2161 5485 2223 5498 --

1749 472 1844 542 SE
1853 471 2168 542 RMONES
2210 470 2312 541 DE
2352 471 2748 541 TEMPORE.

2308 626 2481 689 rum,
2519 633 2550 672 ι
2589 614 2653 674 et
2696 609 2937 676 divitiis
2958 631 2989 669 ι
3019 607 3418 689 meritorum,
3459 630 3493 670 α
3534 608 3600 672 et
3634 625 3829 672 came-

2308 718 2388 782 lis
2408 765 2428 796 ,
2478 738 2510 776 n
2564 718 2627 783 id
2670 722 2766 783 est
2817 717 3293 800 proficientibus
3314 764 3333 795 ,
3389 738 3423 776 a
3450 716 3836 799 portantibus

2309 830 2594 890 aromata
2639 849 2670 887 n
2722 827 3045 891 bonorum
3083 842 3355 908 operum
3376 869 3398 902 ,
3456 845 3488 886 α
3528 842 3760 888 aurum
3800 844 3830 881 n

2309 933 2637 998 charitatis
2664 933 3016 1013 infinitum,
3037 936 3102 998 et
3125 955 3157 995 α
3175 949 3469 1014 gemmas
3484 932 3786 1014 pretiosas
3801 952 3832 990 ι

2310 1041 2651 1119 virtutum,
2687 1064 2719 1104 a
2744 1040 2825 1105 ad
2852 1059 3078 1122 regem
3122 1038 3563 1118 Salomonem,
3602 1059 3635 1098 n
3668 1038 3731 1102 id
3756 1041 3844 1102 est

2311 1150 2391 1217 ad
2420 1150 2766 1230 Christum,
2804 1172 2836 1211 α
2865 1149 3065 1215 venit.
3089 1169 3121 1208 n
3156 1147 3335 1212 Certe
3367 1148 3534 1213 bene
3584 1147 3837 1224 veneris,

2312 1257 2368 1322 si
2420 1256 2661 1341 aliquid
2715 1256 3024 1321 attuleris.
3080 1254 3480 1336 Augustinus
3506 1255 3529 1292 ⁹
3562 1276 3579 1320 ε
3621 1255 3847 1339 «Apud

2311 1363 2655 1429 Dominum
2681 1364 2828 1447 plus
2849 1364 3044 1428 habet
3065 1362 3208 1442 loci,
3239 1362 3353 1446 qui
3376 1362 3520 1445 plus
3547 1363 3846 1440 attulerit,

2310 1490 2440 1535 non
2484 1472 2775 1553 argenti,
2807 1471 2917 1536 sed
2961 1470 3129 1536 fidei.
3158 1492 3193 1531 a
3228 1468 3503 1536 Caveant
3545 1469 3670 1534 sibi
3703 1488 3743 1533 a
3770 1469 3853 1533 la·

2310 1579 2601 1643 tronibus
2617 1624 2635 1660 ,
2677 1579 2790 1662 qui
2833 1579 2991 1644 tales
3035 1595 3278 1643 merces
3310 1577 3577 1643 ducunt.
3607 1575 3849 1659 Grego-

2312 1686 2449 1750 rius
2472 1686 2565 1750 ¹⁰:
2606 1708 2638 1748 α
2667 1684 3021 1769 Depraedari
3063 1685 3409 1763 desiderat,
3437 1685 3551 1768 qui
3587 1684 3853 1749 thoeau—

2311 1811 2459 1859 rum
2482 1793 2734 1878 publice
2757 1794 2829 1859 in
2852 1794 2961 1860 via
2987 1797 3216 1877 portat.
3232 1814 3264 1853 n
3294 1793 3466 1858 Idem
3490 1795 3534 1830 ¹¹
3568 1815 3585 1859 ε
3615 1815 3653 1855 α
3667 1793 3857 1858 Avari

2313 1901 2537 1966 cameli
2574 1906 2725 1967 sunt
2767 1902 3004 1967 diaboli
3037 1901 3281 1967 onerati
3318 1901 3576 1983 injustis
3617 1903 3859 1983 tempo·

2313 2010 2545 2074 ralium
2585 2009 2860 2090 divitiis,
2897 2025 3059 2092 quas
3093 2008 3218 2073 nisi
3251 2007 3603 2091 deponant,
3638 2006 3856 2072 coeles·

2313 2121 2442 2182 tem
2457 2117 2809 2183 Jerusalem
2825 2117 3065 2182 intrare
3090 2134 3221 2181 non
3234 2116 3554 2199 possunt.»
3577 2116 3622 2152 ¹¹
3646 2114 3861 2181 «Faci-

2313 2222 2440 2287 lius
2462 2229 2560 2289 est
2576 2226 2890 2289 camelum
2917 2243 3033 2308 per
3058 2225 3367 2289 foramem
3384 2241 3538 2288 acus
3551 2223 3854 2302 intrare,»

2315 2336 2433 2395 etc.
2465 2331 2705 2397 Dicitur
2728 2330 3079 2397 Jerusalem
3107 2350 3246 2396 esse
3270 2335 3454 2416 porta
3483 2334 3686 2411 arcta,
3715 2347 3861 2414 quae

2315 2456 2467 2503 acus
2507 2439 2769 2519 dicitur,
2803 2457 2920 2522 per
2963 2458 3159 2523 quam
3200 2438 3427 2502 cameli
3463 2437 3709 2502 intrare
3734 2454 3863 2501 non

2316 2549 2606 2629 possunt,
2635 2546 2761 2610 nisi
2784 2546 3087 2630 depositis
3113 2546 3438 2611 oneribus.
3455 2545 3683 2628 Abjice
3705 2560 3865 2627 ergo

2317 2654 2559 2731 omnia,
2588 2659 2665 2720 ut
2692 2655 2764 2719 in
2790 2653 3110 2719 eoelestem
3136 2652 3486 2720 Jerusalem
3513 2652 3743 2718 intres.

2398 2761 2485 2825 De
2531 2762 2718 2826 tertio
2746 2761 2791 2798 ¹⁸
2824 2783 2840 2825 ε
2880 2783 2912 2821 (ι
2937 2759 3095 2826 Ecce
3120 2778 3329 2844 equus
3373 2760 3558 2825 albus
3580 2807 3601 2840 ,
3648 2764 3716 2825 et
3753 2759 3866 2843 qui

2316 2870 2571 2935 sedebat
2615 2888 2807 2952 super
2852 2887 3003 2933 eum
3040 2869 3385 2933 vocabatur
3407 2867 3631 2931 Fidelis
3654 2873 3722 2931 et
3743 2865 3864 2931 Ve-

2316 2996 2457 3057 rax,
2489 2997 2520 3035 t
2555 2982 2675 3041 etc.
2708 2975 3029 3041 Perfectus
3054 2976 3343 3059 quilibet,
3387 2992 3592 3059 equus
3634 2975 3862 3052 albus;

2317 3091 2382 3151 et
2408 3087 2523 3170 qui
2548 3085 2721 3151 sedet
2751 3104 2941 3170 super
2966 3103 3140 3164 eum,
3170 3083 3479 3149 ChristnS.
3508 3083 3748 3149 Fidelis
3772 3086 3870 3148 est

2316 3197 2583 3276 propter
2607 3192 2942 3257 audaciam
2970 3191 3038 3254 in
3069 3190 3245 3254 bellis
3271 3195 3491 3255 contra
3507 3189 3864 3269 diabolum,

2319 3302 2634 3365 muudum
2687 3308 2751 3366 et
2789 3319 3046 3365 carnem
3076 3305 3124 3343 ¹⁸
3157 3320 3173 3363 ε
3212 3322 3244 3361 α
3272 3299 3488 3364 Posuit
3508 3317 3653 3380 eoS,
3686 3298 3868 3383 quasi

2320 3427 2562 3492 equum
2610 3407 2837 3490 gloriae
2873 3426 3007 3472 suae
3036 3408 3105 3470 in
3130 3406 3317 3471 bello.
3350 3427 3382 3465 x·
3416 3406 3575 3471 Item
3604 3410 3870 3489 propter

2320 3517 2754 3583 fortitudinem
2768 3516 2834 3581 in
2848 3515 3231 3580 sustinendis
3242 3521 3288 3559 ¹⁸
3302 3537 3318 3580 ι
3339 3514 3700 3598 «Numquid
3712 3533 3873 3599 prae·

2317 3626 2496 3690 hebis
2523 3643 2690 3709 equo
2717 3624 3195 3689 fortitudinem?
3220 3644 3250 3683 n
3288 3622 3442 3687 ltem
3474 3626 3739 3705 propter
3767 3640 3871 3687 ve-

2319 3733 2522 3798 locem
2548 3750 2810 3797 cursum
2836 3749 2967 3815 quo
2992 3731 3318 3796 desideriis
3342 3734 3406 3795 et
3431 3731 3681 3796 actibus
3707 3731 3874 3795 festi·

2317 3850 2476 3905 nant
2503 3841 2583 3906 ad
2612 3841 2883 3923 patriam
2906 3862 2923 3918 3
2954 3838 3125 3904 unde
3150 3838 3228 3904 de
3253 3839 3437 3922 equis
3472 3838 3671 3903 variis
3709 3837 3873 3903 dici-

2318 3953 2428 4012 tur
2469 3947 2514 3990 ¹⁶
2546 3970 2560 4012 ε
2600 3970 2631 4008 α
2673 3947 3055 4026 Quaerebant
3103 3945 3197 4010 ire
3233 3951 3296 4010 et
3348 3945 3712 4011 discurrere
3758 3964 3873 4029 per

2320 4074 2580 4121 omnem
2622 4058 2884 4119 terram.
2914 4076 2945 4114 n
2982 4054 3024 4091 ¹²
3066 4077 3096 4113 α
3132 4053 3237 4118 Sic
3261 4055 3527 4133 currite,
3574 4058 3650 4119 ut
3688 4072 3872 4120 com-

2321 4162 2744 4246 prehendatis,
2773 4183 2805 4221 n
2841 4164 2960 4226 etc.
2980 4160 3150 4226 Bene
3176 4178 3604 4242 curreremus,
3628 4161 3873 4226 sibene

2321 4269 2401 4333 de
2428 4268 2632 4351 patria
2659 4267 3111 4349 cogitaremuS,
3142 4268 3222 4333 ad
3248 4286 3446 4351 quam
3474 4271 3572 4332 est
3593 4286 3874 4333 curren-

2321 4377 2501 4440 dum.
2531 4375 2929 4457 Augustinus
2954 4374 3000 4410 ¹⁸
3027 4394 3042 4437 :
3079 4398 3110 4434 «
3133 4373 3259 4439 Cur
3285 4392 3420 4439 non
3444 4391 3874 4458 properamus

2323 4488 2389 4547 et
2412 4483 2761 4562 currimus,
2793 4487 2866 4547 ut
2892 4483 3162 4565 patriam
3187 4481 3405 4547 videre
3423 4530 3445 4563 ,
3477 4486 3551 4547 ut
3574 4486 3875 4564 parentes

2323 4591 2598 4655 salutare
2630 4591 2989 4673 possimus?
3029 4590 3306 4672 Magnus
3335 4607 3455 4654 nos
3482 4588 3610 4652 illic
3634 4588 3871 4653 charo-

2323 4711 2475 4757 rum
2501 4711 2818 4757 numerus
2859 4696 3170 4777 expectat.
3210 4714 3241 4752 ι
3296 4692 3344 4757 E
3373 4691 3689 4757 contrario
3716 4690 3875 4774 equi

2326 4798 2558 4863 diaboli
2628 4802 2780 4863 sunt
2796 4846 2816 4877 ,
2859 4799 2976 4882 qui
3019 4798 3377 4881 praecipites
3427 4797 3509 4863 ad
3549 4803 3875 4881 punctum

2325 4909 2591 4971 currunt
2647 4905 2729 4969 ad
2769 4904 3092 4970 infernum
3115 4905 3159 4940 ¹⁸
3193 4926 3210 4970 ε
3249 4927 3281 4967 α
3311 4901 3508 4969 Pedes
3532 4920 3766 4968 eorum
3792 4904 3877 4968 ad

2324 5013 2570 5078 malum
2594 5016 2884 5091 currunt,
2914 5016 3032 5076 etc.
3064 5010 3144 5076 Et
3166 5017 3334 5077 certe
3354 5012 3511 5076 tales
3535 5011 3683 5095 equi
3716 5030 3875 5076 cum

2331 5176 2373 5212 ¹⁰
2401 5175 2576 5237 Greg„
2610 5173 2663 5222 in
2704 5173 2919 5237 Evanq„
2947 5172 3090 5224 bom.
3116 5183 3190 5237 xl,
3219 5185 3274 5223 n.
3306 5176 3351 5223 ¹.
3375 5198 3437 5211 —
3463 5172 3501 5206 ¹¹
3535 5171 3629 5236 ld.,
3658 5172 3874 5235 Horat„

2327 5245 2417 5296 lib.
2437 5245 2642 5306 XXXV,
2668 5257 2717 5294 c.
2747 5255 2853 5307 xvi,
2884 5243 2950 5293 al.
2976 5254 3052 5296 ιι.
3080 5256 3136 5293 n.
3159 5245 3239 5295 38.
3266 5269 3327 5282 -—
3355 5244 3394 5277 ¹⁸
3417 5242 3620 5300 nauh..
3648 5254 3767 5309 xxx,
3792 5246 3873 5297 24.

2326 5342 2389 5356 --
2421 5316 2462 5353 ¹⁸
2486 5316 2659 5380 Apoc„
2690 5325 2762 5379 vt,
2789 5318 2840 5366 2.
2866 5341 2928 5353 —
2955 5315 3000 5351 ¹⁸
3024 5313 3199 5374 lach..
3227 5327 3280 5379 x,
3312 5317 3360 5367 3.
3387 5340 3454 5353 -
3477 5314 3521 5350 ¹⁸
3547 5312 3657 5378 Jot,
3684 5327 3873 5378 xxm,

2334 5390 2407 5439 19.
2440 5414 2495 5427 --
2536 5388 2578 5422 ¹⁸
2609 5387 2782 5452 laeli„
2813 5396 2882 5448 vi,
2915 5387 2965 5436 7.
3000 5412 3057 5423 --
3096 5387 3132 5422 ’Ἰ
3160 5387 3178 5436 l
3208 5386 3348 5445 eor..
3375 5397 3449 5449 ix,
3475 5387 3554 5436 24.
3581 5410 3650 5425 -
3678 5385 3725 5421 ¹⁸
3762 5386 3874 5436 imo

2329 5459 2592 5523 cypfian„
2621 5457 2683 5509 de
2709 5456 2983 5519 Mortalia,
3008 5456 3066 5508 in
3083 5454 3237 5508 fln.-
3263 5457 3305 5492 ¹⁹
3331 5457 3501 5517 Pron„
3532 5468 3569 5519 c,
3597 5458 3674 5508 ¹⁶.
