4059 6317
1533 758 2110 841 SERMONES

678 999 879 1112 DE
1009 995 1689 1113 SANCTIS

1813 994 2409 1114 TOTIUS
2503 993 2882 1115 ANNI
2953 974 2974 1011 ¹

481 1590 581 1669 DE
627 1591 692 1668 S.
743 1590 1057 1667 ANDREA
1099 1589 1513 1673 APOSTOLO.

665 1777 923 1842 sERMo
965 1776 1254 1840 ramus
1278 1777 1325 1840 ¹.

296 1926 445 1984 mhi
471 1925 616 1983 absit
637 1926 873 1998 glorian·
883 1968 903 1997 ,
929 1928 1040 1982 nisi
1065 1927 1132 1982 in
1158 1940 1311 1982 cruce
1336 1925 1559 1982 Domini
1589 1927 1766 1982 nostri

223 2020 353 2078 Jesu
383 2018 590 2077 Christi
616 2019 659 2077 ⁸.
690 2020 894 2077 Narrat
916 2016 1182 2077 Valerius
1208 2018 1492 2078 Maximus
1524 2019 1569 2090 ⁸,
1596 2016 1765 2093 quod

222 2116 386 2173 tanta
409 2114 474 2171 in
501 2110 783 2170 Romanis
826 2111 1084 2187 antiquis
1118 2112 1338 2187 cupido
1379 2111 1584 2186 gloriae
1621 2111 1761 2186 fuit,

222 2207 394 2282 quod
420 2221 545 2265 non
573 2205 769 2265 solum
795 2205 1149 2281 temporalia
1174 2206 1356 2279 bona,
1372 2204 1481 2263 sed
1497 2209 1555 2265 et
1569 2206 1764 2281 ipsam

220 2301 437 2374 vitam,
468 2317 650 2376 quam
691 2300 887 2359 omnis
926 2300 1111 2359 homo
1158 2315 1506 2359 conservare
1541 2300 1765 2375 appetit

220 2410 298 2453 ex
318 2397 552 2462 natura,
580 2395 894 2454 tradebant
928 2393 992 2452 in
1017 2397 1268 2454 mortem
1282 2436 1301 2465 ‚
1329 2397 1395 2453 ut
1418 2393 1761 2453 iudeficien-

218 2493 340 2548 tem
378 2492 621 2565 possent
660 2486 944 2564 consequi
983 2488 1242 2548 nominis
1276 2488 1369 2547 sul
1408 2487 1664 2562 famam,
1706 2493 1765 2549 et

219 2583 560 2659 relinquere
587 2582 664 2642 de
690 2598 753 2641 se
774 2583 1022 2659 posteris
1039 2583 1362 2656 gloriosam
1382 2582 1758 2641 memoriam.

219 2679 318 2736 Est
360 2692 506 2751 ergo
549 2677 622 2752 (a)
659 2677 883 2752 gloria,
914 2677 1083 2750 J‘uxta
1115 2675 1445 2734 'tullianam
1469 2676 1492 2712 ⁸
1528 2679 1762 2734 senten·

219 2773 401 2846 tiam,
447 2790 477 2827 α
519 2771 798 2848 frequens
844 2771 1002 2830 fama
1047 2787 1183 2829 cum
1221 2770 1419 2829 laude.
1468 2792 1498 2828 n
1546 2773 1760 2831 Verum

224 2866 370 2942 quia
394 2864 519 2924 haec
548 2864 740 2939 gloria
760 2864 823 2923 in
849 2864 1017 2923 nullo
1044 2864 1290 2923 omnino
1319 2868 1404 2923 est
1427 2864 1640 2938 solida,
1655 2865 1761 2923 sed

221 2960 460 3036 penitus
482 2976 658 3031 vana3
682 2975 806 3019 non
821 2975 988 3030 vera,
1006 2959 1112 3018 sed
1132 2958 1282 3018 falsa
1300 2976 1315 3017 x
1338 2958 1477 3018 ideo
1494 2959 1764 3019 Salvator

218 3056 455 3126 noster,
482 3054 692 3113 doctor
720 3053 1009 3125 veritatis,
1036 3070 1171 3112 eam
1194 3053 1258 3111 in
1284 3068 1347 3111 se
1372 3052 1523 3127 fugit
1551 3057 1608 3112 et
1634 3069 1760 3113 esse

221 3163 259 3207 a
295 3148 523 3207 cunctis
561 3146 910 3222 fugiendam
954 3147 1172 3207 docuit.
1216 3151 1281 3207 ln
1317 3148 1489 3221 quus
1525 3148 1761 3222 signum

217 3241 459 3318 leproso
501 3245 702 3301 curato
747 3242 1055 3301 mandavit
1079 3241 1122 3316 ⁸,
1162 3244 1229 3300 ut
1270 3242 1494 3301 nemini
1543 3240 1761 3302 diceret

218 3336 542 3396 curationis
575 3336 824 3410 gratiam
838 3380 858 3409 ,
904 3352 1087 3412 quam
1134 3336 1380 3411 accepit.
1424 3338 1759 3395 Doctrinam

218 3445 361 3504 ergo
387 3430 642 3505 Magistri
676 3429 913 3490 divinus
937 3429 1009 3505 (b)
1026 3444 1282 3505 sequens
1315 3430 1651 3505 Apostolus,
1671 3430 1758 3488 di-

218 3525 296 3582 cit
324 3545 343 3583 =
375 3527 522 3587 Mihi
557 3525 703 3582 absit
741 3526 1009 3597 gloriari,
1049 3526 1166 3582 nisi
1206 3527 1268 3581 in
1311 3540 1489 3596 cnace,
1537 3528 1645 3583 etc.
1691 3526 1759 3583 In

217 3634 342 3693 quo
371 3618 560 3678 verbo
589 3618 763 3677 docet
786 3617 1098 3693 Apostolus
1123 3633 1187 3675 se
1211 3617 1366 3677 velle
1393 3618 1562 3693 sequi
1588 3618 1755 3677 Chri-

215 3715 396 3785 stum,
424 3717 484 3771 et
509 3716 798 3788 quantum
823 3713 903 3772 ad
927 3711 1210 3771 virtutum
1235 3710 1587 3787 profectum,
1612 3716 1758 3772 tem-

213 3808 445 3883 poralis
470 3808 617 3866 boni
648 3810 1080 3882 contemptum,
1110 3810 1168 3865 et
1192 3804 1594 3865 sustinentiam
1625 3823 1756 3866 ma-

213 3899 417 3960 lorum
442 3900 776 3961 hominum.
819 3902 965 3960 Nam
1004 3916 1181 3975 super
1219 3902 1330 3959 isto
1370 3900 1556 3960 verbo
1601 3905 1759 3976 Apo-

215 3995 353 4054 stoli
415 3996 725 4071 proposito
783 3995 927 4054 dicit
972 3999 1206 4054 sanctus
1259 3995 1616 4070 Augustinus
1669 3997 1693 4033 '¹
1739 4014 1756 4054 ε

220 4107 250 4144 α
278 4088 493 4149 Omnia
516 4088 681 4148 bona
723 4093 957 4148 terrena
991 4088 1342 4163 contempsit
1377 4089 1660 4162 Christtis,
1694 4093 1778 4174 ut-

215 4182 654 4242 contemnenda
692 4181 822 4242 aliis
861 4199 986 4242 esse
1024 4185 1410 4253 monstraret3
1454 4185 1510 4240 et
1555 4182 1760 4241 omnia

214 4276 377 4337 mala
403 4277 710 4349 sustinuit,
746 4281 812 4336 ut
845 4276 1185 4336 sustinenda
1221 4292 1345 4336 esse
1382 4276 1652 4349 doceret,
1695 4279 1761 4334 ut

212 4369 411 4429 necin
442 4370 561 4428 illis
582 4374 941 4446 quam-eretur
963 4370 1242 4443 felicitas,
1282 4386 1393 4430 nec
1430 4369 1496 4428 in
1528 4371 1652 4430 istis
1685 4369 1759 4429 ti-

211 4468 479 4524 meretur
506 4464 851 4524 adversitas.
880 4485 909 4522 »
939 4467 1112 4524 Juxta
1146 4464 1324 4539 igitur
1359 4466 1471 4524 ista
1500 4465 1622 4524 duo
1637 4507 1657 4539 ‚
1695 4466 1759 4524 in

211 4559 404 4618 verbo
451 4559 755 4634 praemisso
800 4558 922 4616 duo
966 4557 1106 4616 facit
1143 4557 1456 4633 Apostolus
1500 4575 1516 4616 ε
1559 4558 1757 4634 primo

213 4652 415 4724 docet,
444 4652 591 4727 quid
619 4651 693 4710 sit
715 4651 1058 4710 hominibus
1076 4651 1450 4726 fugiendum,
1474 4651 1616 4727 quia
1642 4652 1757 4710 hu·-

211 4762 468 4807 manum
495 4745 826 4820 fastigium3
855 4746 1119 4804 secundo
1149 4746 1353 4820 docet,
1388 4745 1540 4821 quid
1564 4745 1639 4803 sit
1673 4746 1758 4804 eis

271 4917 294 4951 ¹
324 4915 410 4979 Gl'.
441 4913 578 4966 Edit.
603 4912 792 4976 vatic„
812 4926 882 4964 an
903 4914 1050 4977 1596,
1076 4915 1204 4963 tom.
1231 4914 1316 4974 m,
1339 4925 1456 4978 pag.
1482 4913 1608 4975 2373
1632 4911 1755 4964 edit.

212 4986 369 5051 Ven„
399 5000 485 5037 an.
517 4988 656 5049 1754,
688 4990 816 5036 tom.
850 4987 937 5050 xl,
964 4999 1083 5049 pag.
1113 4989 1156 5035 ¹.
1186 4985 1460 5050 Hucusque
1487 4985 1542 5035 in
1569 4984 1758 5035 cuden-

212 5056 293 5108 dis
335 5056 800 5109 Bonaventurianis
827 5055 1193 5121 sermonibus,
1226 5056 1362 5122 typis
1391 5055 1650 5106 consuetis
1680 5054 1759 5107 usi

211 5142 392 5180 sumus
405 5146 423 5193 ;
453 5143 591 5180 nunc
622 5141 749 5180 vero
773 5127 1059 5178 minoribus
1083 5128 1330 5178 utendum
1357 5130 1452 5192 est,
1479 5140 1585 5178 non
1616 5127 1758 5193 quod

212 5200 499 5253 Sermones
527 5212 710 5252 omnes
735 5199 825 5264 qui
852 5199 1153 5263 praecedunt
1177 5212 1269 5262 pro
1298 5199 1621 5262 authenticis,
1648 5213 1758 5250 om

210 5286 305 5325 nes
339 5285 470 5323 vero
524 5270 614 5336 qui
640 5273 923 5336 sequuntur
963 5282 1057 5335 pro
1085 5269 1411 5335 supposititiis
1444 5269 1756 5336 habeamus3

212 5344 305 5397 sed
335 5346 449 5395 tum
478 5340 836 5394 uniformitatis
863 5342 1055 5408 gratia,
1087 5344 1198 5393 tum
1236 5341 1359 5406 quia
1388 5340 1758 5408 frequentiores

213 5417 407 5475 Valerii
434 5415 668 5478 Maximi,
694 5416 749 5465 et
773 5418 1078 5467 ceterorum
1106 5413 1402 5479 Gentilium,
1432 5427 1548 5479 quae
1581 5415 1636 5465 in
1675 5429 1759 5467 se·

1870 1541 2306 1618 appetendum,
2351 1542 2496 1618 quia
2547 1542 2754 1602 Christi
2799 1543 3211 1619 opprobrium.
3250 1547 3411 1605 'runc

1871 1637 2033 1696 enim
2058 1641 2145 1697 est
2178 1638 2361 1696 homo
2400 1625 2693 1712 perfectus
2735 1652 2871 1696 vere
2882 1680 2903 1711 ,
2947 1638 3192 1714 quando
3231 1656 3409 1700 mun-

1871 1732 2020 1792 dum
2059 1733 2210 1808 fugit
2248 1738 2533 1809 tanquam
2566 1733 2827 1808 malum,
2860 1739 2918 1795 et
2950 1736 3216 1811 sequitur
3245 1736 3411 1796 Chri·

1870 1832 2028 1886 stum
2063 1833 2350 1904 tanquam
2387 1829 2632 1887 omnino
2669 1846 2970 1889 summum
3001 1829 3253 1890 honum.
3293 1832 3410 1890 No-

1869 1925 2026 1980 tatur
2052 1938 2194 1996 ergo
2218 1924 2414 1998 primo
2442 1926 2813 2010 contemptus
2842 1924 3074 1998 mundi,
3109 1923 3233 1983 sive
3266 1923 3411 1998 fug'a

1872 2015 2187 2091 culpabilis
2228 2015 2399 2089 mali,
2437 2033 2575 2076 cum
2612 2016 2824 2076 dicitur
2866 2036 2882 2075 ε
2926 2019 3074 2076 Mihi
3108 2019 3255 2076 absit
3292 2020 3410 2092 qlo-

1868 2114 2034 2168 n’ari.
2078 2109 2348 2169 Secundo
2389 2113 2629 2170 notatur
2663 2111 2924 2188 perfecta
2961 2111 3209 2171 imitatio
3246 2112 3409 2172 Chri-

1870 2203 1972 2277 sti,
2009 2204 2134 2263 sive
2170 2206 2506 2280 appetentia
2533 2205 2818 2265 meritorii
2851 2204 3027 2280 boni,
3058 2222 3195 2266 cum
3233 2206 3410 2266 addi-

1869 2300 1966 2356 tur
2006 2315 2023 2354 τ
2071 2299 2197 2358 Nisi
2234 2302 2297 2356 in
2339 2315 2489 2357 cume
2529 2302 2751 2358 Domini
2790 2304 2963 2358 nostri
2998 2302 3125 2359 «Iesu
3171 2301 3402 2360 Christi.

1871 2391 2030 2449 Dicat
2054 2407 2198 2465 ergo
2221 2391 2431 2451 heatus
2457 2393 2723 2452 Andreas
2752 2412 2768 2452 ε
2798 2394 2947 2453 mhi
2970 2394 3120 2452 absit
3143 2395 3406 2468 alos-ieri,

1869 2483 1934 2543 id
1960 2488 2065 2557 est,
2085 2486 2296 2560 procul
2313 2484 2386 2544 sit
2413 2503 2451 2545 a
2470 2503 2590 2561 me,
2611 2489 2678 2545 ut
2703 2502 2815 2561 ego
2843 2487 3063 2561 glorier
3088 2487 3152 2545 in
3180 2487 3409 2563 aliquo,

1873 2593 2057 2653 quam
2081 2578 2145 2637 in
2173 2579 2474 2639 dominIca
2501 2596 2695 2653 cruce,
2714 2580 2927 2640 sivein
2954 2580 3255 2640 dominica
3274 2596 3409 2658 pas-

1870 2672 2058 2732 sione.
2088 2671 2253 2732 Circa
2281 2688 2422 2746 ergo
2455 2673 2712 2748 primam
2736 2680 2964 2749 partem
2998 2676 3317 2749 sermonis,
3346 2675 3410 2735 in

1871 2783 1996 2842 quo
2014 2766 2341 2826 ostenditur
2360 2767 2507 2841 quid
2535 2783 2746 2827 cavere
2774 2772 2831 2827 et
2851 2768 3035 2827 vitare
3059 2769 3407 2844 debeamus,

1868 2859 2124 2921 breviter
2151 2865 2238 2919 est
2259 2860 2609 2935 notandum,
2632 2862 2799 2936 quod
2823 2862 3088 2921 humana
3115 2863 3306 2936 gloria
3333 2881 3410 2923 ex

1869 2970 2251 3030 quacumque
2275 2970 2340 3014 re
2377 2953 2449 3012 sit
2485 2958 2750 3029 causata,
2774 2959 3020 3031 propter
3045 2960 3302 3032 quatuor
3327 2958 3407 3017 ab

1868 3049 2112 3109 homine
2139 3051 2225 3108 est
2246 3048 2533 3123 fugienda
2561 3066 2577 3106 z
2600 3048 2826 3125 primo,
2856 3051 3003 3127 quia
3021 3051 3306 3112 vilissima
3333 3069 3410 3111 ex

1868 3158 1978 3202 sua
1997 3143 2369 3215 conditione;
2403 3144 2667 3202 secundo
2684 3187 2702 3216 ,
2734 3144 2877 3218 quia
2903 3144 3258 3217 vanissima,
3283 3146 3406 3205 sive

1864 3236 2276 3312 fragilissima,
2300 3237 2363 3295 in
2391 3236 2733 3311 duratione;
2765 3237 2935 3297 tertio
2950 3279 2969 3309 ,
3000 3237 3142 3314 quia
3166 3238 3409 3298 falsissi-

1868 3348 1969 3390 ma
1989 3331 2054 3389 in
2078 3330 2503 3407 promissione·
2484 3373 2502 3406 ,
2535 3334 2779 3407 quarto,
2810 3332 2953 3407 quia
2977 3332 3409 3407 malignissima

1866 3424 1930 3483 in
1956 3425 2363 3485 retributione.

1937 3519 2076 3579 Dico
2101 3518 2298 3594 primo
2319 3517 2487 3594 quod
2509 3517 2817 3578 mundana
2845 3478 3038 3593 gloria
3062 3520 3203 3581 ideo
3226 3520 3406 3581 nobis

1866 3617 1954 3673 est
1977 3612 2294 3687 fugienda,
2322 3610 2465 3687 quia
2492 3612 2804 3684 vilissima,
2834 3616 2892 3671 et
2917 3613 3032 3672 hoc
3060 3615 3136 3673 de
3162 3629 3272 3673 sua
3297 3629 3405 3673 na-

1865 3711 2029 3778 tura,
2058 3723 2194 3766 cum
2221 3707 2293 3765 sit
2328 3709 2447 3765 Deo
2485 3711 2543 3765 et
2577 3707 2804 3781 angelis
2828 3707 3064 3779 foetida,
3093 3711 3150 3766 et
3173 3707 3404 3767 homini

1864 3800 2044 3860 valde
2072 3800 2315 3871 nociva,
2347 3804 2403 3858 et
2430 3800 2636 3859 damni
2656 3800 2903 3859 maximi
2930 3800 3157 3860 illativa
3169 3843 3190 3874 ,
3216 3805 3273 3861 et
3291 3800 3403 3860 bo-

1865 3910 2084 3953 norum
2120 3894 2388 3954 omnium
2424 3891 2817 3969 spiritualium
2855 3894 3227 3954 destructiva.
3256 3897 3402 3954 Cum

1866 4006 2011 4064 ergo
2049 3987 2322 4047 homiues
2360 3988 2437 4046 de
2479 3988 2571 4047 sui
2606 3994 2818 4047 natura
2852 3992 3135 4064 appetant
3169 4005 3403 4064 semper

1863 4083 2129 4155 nobilia,
2157 4085 2215 4141 et
2243 4081 2471 4155 fugiant
2494 4081 2667 4153 vilia,
2696 4083 2914 4139 mirum
2942 4082 3250 4158 quomodo
3279 4099 3403 4142 non

1864 4174 2210 4236 naturaliter
2239 4175 2468 4250 fugiant
2492 4190 2711 4234 vanam
2736 4175 2890 4234 hanc
2915 4176 3190 4250 gloriam,
3220 4192 3403 4251 quam

1865 4271 2163 4346 Scriptura
2190 4269 2363 4328 docet
2390 4285 2515 4328 esse
2540 4267 2909 4328 vilissimam.
2938 4269 3029 4327 Sic
3055 4269 3235 4344 igitur
3261 4270 3403 4328 scri-

1863 4365 2024 4425 bitur
2044 4365 2107 4421 ⁸:
2143 4384 2172 4419 α
2196 4368 2243 4423 A
2267 4364 2461 4422 verbis
2483 4361 2598 4421 viri
2624 4362 2950 4438 peccatoris
2971 4379 3046 4422 ne
3074 4363 3401 4438 timueritis,

1866 4459 2009 4533 quia
2053 4457 2247 4530 gloria
2283 4457 2410 4530 eJus
2456 4461 2543 4516 est
2587 4461 2806 4515 stercus
2841 4459 2900 4515 et
2924 4457 3161 4517 vermis.
3191 4477 3220 4514 ι
3252 4457 3406 4528 Quid

1864 4551 1929 4610 in
1950 4552 2132 4611 rebus
2157 4555 2409 4610 stercore
2438 4550 2840 4610 detestabilius
2853 4553 2882 4608 ‘i
2909 4550 3058 4626 quid
3092 4550 3156 4609 in
3181 4551 3407 4610 anima-

1864 4648 2024 4708 libus
2045 4664 2246 4708 verme
2272 4647 2493 4707 vilius?
2520 4650 2671 4720 Ergo
2701 4647 2750 4706 si
2781 4647 2973 4723 gloria
2987 4647 3246 4706 hominis
3264 4650 3405 4705 ster-

1865 4823 2045 4889 quenti
2069 4826 2215 4887 parte
2259 4823 2539 4873 occurrunt
2572 4819 2859 4887 citationes,
2886 4821 3135 4887 majorem
3168 4821 3409 4886 ingerunt

1864 4894 2209 4959 suspicionem
2238 4892 2487 4944 falsitatis.
2513 4917 2576 4930 -—
2606 4893 2629 4926 ¹
2655 4893 2802 4944 Hunc
2838 4897 2891 4943 et
2920 4899 3221 4957 sequentem
3251 4892 3408 4945 habet

1866 4965 1988 5016 edit.
2029 4963 2382 5029 Hagenoensis
2419 4977 2504 5013 an.
2548 4964 2701 5029 14963
2728 4977 2848 5014 cum
2883 4964 3107 5029 quinque
3135 4964 3288 5015 etiam
3328 4977 3407 5015 se-

1866 5036 2083 5101 cuturis,
2114 5036 2291 5087 Codex
2321 5034 2483 5085 Assis.
2517 5045 2638 5085 saec.
2667 5046 2783 5087 xm.
2818 5033 3102 5095 —⁸Gal.‚
3129 5046 3210 5098 vi,
3242 5037 3320 5086 ¹4.
3342 5061 3407 5073 -

1864 5108 1890 5146 δ
1912 5108 2083 5161 valer.
2105 5109 2263 5169 Max„
2279 5108 2470 5158 victor.
2489 5106 2833 5173 factorumque
2848 5105 3119 5158 memorab.
3126 5106 3246 5168 ,lib.
3266 5107 3404 5172 vm,

1865 5195 1913 5232 c.
1941 5192 2028 5231 xv,
2054 5180 2322 5242 -⁸Cic.,
2349 5177 2621 5228 delnvent.
2628 5178 2760 5244 ,lib.
2788 5180 2855 5242 lt,
2888 5191 2940 5230 n.
2970 5180 3051 5229 39.
3070 5179 3405 5245 -ΊΦΠααΙι

1864 5262 1987 5317 vm,
2016 5254 2066 5303 4.
2096 5278 2153 5289 -
2183 5252 2382 5316 ’Aug.,
2408 5251 2464 5299 in
2495 5248 2626 5312 festo
2659 5252 2716 5301 S.
2744 5216 2940 5314 cru’aett'e,
2966 5251 3036 5304 al.
3069 5251 3404 5306 Decatecltiz.

1863 5321 2057 5388 radic„
2088 5334 2225 5386 1111,
2250 5324 2331 5373 4ο.
2360 5320 2728 5386 -⁸luach.‚
2755 5334 2818 5387 11,
2843 5324 2924 5374 62.

1930 5415 1994 5481 (α)
2024 5414 2142 5479 Leq.
2173 5417 2447 5467 autem.—
2476 5408 2549 5477 (ὁ)
2581 5411 2731 5463 Forte
2758 5413 2857 5480 leq.
2886 5414 3066 5468 divini.
