4059 6317
1085 522 1466 591 DOMINICA
1511 522 1535 587 1
1583 519 2030 588 ADVENTUS.
2077 519 2344 588 SERMO
2387 521 2462 586 V.
3289 527 3356 585 11

213 672 362 722 suum
400 657 517 736 cst,
561 655 868 740 inspirat,
912 659 973 722 si
1013 658 1097 723 sit
1139 657 1253 742 qui
1290 659 1551 741 recipiat
1595 659 1640 722 ¹.
1664 680 1695 718 a

270 764 340 829 De
360 764 536 828 tertio
560 771 585 806 ¹
615 787 631 829 :
666 765 1087 846 confirmabit
1120 782 1237 834 uos
1275 782 1474 850 usque
1501 769 1578 832 in
1618 765 1707 846 fi-

212 892 319 940 nem
352 873 485 938 sine
515 874 777 940 crimine
800 876 880 940 in
920 874 1030 941 dic
1054 874 1367 942 adventus
1408 874 1698 941 Domini.

210 977 383 1042 Glossa
419 999 436 1043 ε
472 1002 503 1040 ι
527 978 718 1062 Cujus
740 979 1059 1045 adventus
1098 981 1512 1063 intelligitur,
1543 980 1704 1046 dum

206 1086 395 1168 cuique
438 1087 503 1150 in
541 1091 742 1151 morte
782 1088 1244 1153 manifestatur.
1285 1111 1319 1149 ι
1361 1087 1542 1153 Felix
1589 1090 1704 1172 qui

201 1211 412 1275 semper
438 1193 515 1258 ad
538 1194 730 1258 istum
748 1195 1102 1261 adventum
1128 1199 1388 1279 paratus
1413 1199 1543 1261 estl
1575 1199 1599 1237 ⁸
1633 1196 1709 1263 Si

202 1303 411 1368 venem
434 1303 509 1367 in
533 1303 817 1370 secunda
832 1303 1094 1387 vicilia,
1124 1310 1185 1372 et
1213 1306 1275 1372 si
1292 1306 1368 1370 iu
1387 1307 1585 1373 tertia
1609 1305 1705 1372 vi-

199 1409 365 1490 qilia,
413 1412 526 1473 etc.
578 1408 796 1475 Prima
832 1412 1058 1494 vigilia
1103 1415 1199 1476 est
1239 1413 1553 1496 pueritia3
1601 1430 1700 1477 se-

200 1517 402 1596 cunda,
438 1520 789 1601 juventus;
825 1521 1011 1586 tertia
1026 1571 1047 1600 ,
1079 1524 1390 1586 senectus.
1420 1519 1600 1585 Multi
1636 1522 1704 1584 in

198 1625 351 1688 tertia
380 1626 603 1707 vigilia
640 1627 909 1692 credunt
956 1627 1295 1693 Dominum
1326 1630 1701 1705 venturum,

197 1732 396 1814 quibus
422 1733 486 1796 in
514 1735 726 1817 prima
741 1782 759 1814 ‚
790 1735 897 1800 vel
923 1735 1199 1800 secunda
1225 1754 1398 1800 nunc
1422 1736 1621 1800 venit.
1653 1734 1701 1799 Ο

196 1858 358 1922 quam
390 1841 852 1907 incertissimus
886 1843 1006 1907 iste
1043 1843 1394 1909 adventus!
1434 1845 1457 1880 ⁸
1496 1843 1705 1912 Estote

194 1949 412 2028 parati,
448 1950 608 2032 quia
645 1967 778 2033 qua
819 1950 981 2017 hora
1008 1967 1134 2018 nou
1169 1954 1456 2034 putatis,
1488 1952 1705 2019 Filius

193 2055 436 2122 hominis
471 2064 782 2124 miurus
816 2061 927 2124 est.
976 2056 1323 2139 Gregorius
1366 2079 1381 2120 :
1429 2081 1461 2118 a
1501 2058 1704 2124 Tanto

193 2161 431 2244 quisque
478 2163 826 2229 ferventior
878 2166 953 2228 fit
1011 2165 1114 2247 (a)
1172 2166 1240 2229 iu
1292 2165 1659 2249 operatione
1683 2215 1700 2244 ,

199 2272 405 2351 quanto
431 2270 740 2336 intentior
757 2276 853 2336 oet
877 2273 1232 2337 devotione.
1260 2299 1286 2330 ι

254 2375 329 2440 De
346 2381 618 2460 quarto*
654 2400 669 2442 :
696 2377 879 2447 Sicut
902 2379 1123 2462 sulpur
1150 2382 1288 2447 exit
1307 2381 1387 2447 ab
1426 2383 1700 2463 oriente,

193 2490 241 2546 et
269 2491 518 2566 caetera,
564 2505 773 2570 usque
824 2510 840 2551 :
886 2487 993 2554 Ita
1032 2490 1152 2554 erit
1195 2488 1506 2557 adventus
1541 2492 1703 2559 Filii

190 2589 455 2657 hominis.
498 2592 834 2657 Adventus
875 2592 1128 2658 Domini
1168 2596 1412 2678 fulguri
1450 2617 1702 2683 compa-

190 2703 335 2762 ratur
358 2703 621 2782 propter
648 2700 1103 2766 subitationem
1128 2706 1186 2766 et
1213 2702 1597 2772 celeritatem
1623 2709 1646 2744 ⁸
1683 2727 1700 2772 ε

188 2805 320 2871 Ecce
336 2807 613 2886 festinus
631 2806 926 2874 velociter
950 2811 1181 2877 veniet.
1212 2808 1474 2894 Propter
1492 2815 1696 2878 mani-

186 2908 547 2977 festationem
576 2917 643 2978 et
667 2914 1017 2979 claritatem
1041 2917 1063 2951 ¹
1098 2938 1114 2981 :
1145 2918 1254 2982 Ea·
1281 2916 1445 2986 Sion
1461 2922 1700 3002 species

185 3015 394 3084 dum-is
406 3019 544 3101 ffl'us
558 3039 581 3084 .·
604 3023 915 3088 Dominus
931 3024 1098 3089 enim
1113 3026 1451 3104 manifeste
1466 3029 1694 3094 veniet.

185 3121 367 3191 Primo
396 3128 657 3210 quidem
687 3129 905 3193 veniet
939 3135 962 3170 ⁸
997 3146 1127 3198 non
1164 3131 1400 3199 habens
1427 3137 1695 3216 speciem

184 3247 353 3312 neque
370 3234 657 3302 decorem
679 3235 978 3300 claritatis
996 3236 1313 3317 gloriosae.
1336 3239 1489 3303 Item
1515 3260 1699 3324 prop-

184 3343 260 3402 ter
290 3345 597 3407 terrorem
640 3347 704 3407 et
743 3343 1147 3409 severitatem
1175 3346 1197 3381 ⁸
1231 3368 1247 3411 :
1279 3347 1438 3414 Ecce
1465 3363 1700 3416 nomen

180 3448 415 3516 Domini
464 3453 641 3518 venit
694 3450 774 3517 de
814 3450 1162 3536 lonqinquo
1178 3504 1194 3534 ,
1237 3455 1474 3523 ardens
1513 3459 1699 3538 {uror

178 3555 315 3636 eius,
337 3563 451 3622 etc.
477 3559 527 3624 Ο
545 3565 809 3642 quantae
832 3561 1295 3641 magnitudinis
1312 3564 1434 3628 erit
1453 3564 1573 3629 iste
1591 3566 1698 3630 ad·

176 3669 406 3729 ventus!
425 3666 475 3703 ¹⁰
489 3667 647 3732 Cum
668 3667 924 3733 venerit
941 3667 1152 3735 Filius
1175 3669 1455 3737 hominis
1473 3674 1547 3738 in
1568 3690 1698 3740 ma-

166 3768 369 3847 jestate
397 3789 542 3852 sua,
571 3780 633 3840 et
662 3789 876 3840 omnes
900 3774 1115 3857 anqeli
1137 3774 1275 3857 ejus
1293 3793 1437 3843 cum
1460 3795 1552 3858 eo,
1574 3785 1692 3846 etc.

177 3877 413 3964 Propter
430 3883 553 3947 hoc
564 3883 729 3947 hene
749 3883 839 3948 ait
864 3883 1218 3967 Gregorius
1239 3906 1255 3951 ε
1281 3886 1697 3957 «Terribilem

170 3987 425 4065 jndicem
443 3991 809 4055 venientem
835 3991 1166 4057 considera
1187 4014 1203 4058 :
1236 3998 1299 4058 et
1322 3994 1400 4060 de
1416 3988 1697 4065 adventii

174 4090 323 4158 illius
354 4102 503 4161 tunc
536 4101 649 4161 tua
689 4097 1073 4165 conscientia
1099 4103 1535 4169 contremiscet
1563 4125 1695 4172 non

175 4200 293 4266 sine
310 4222 516 4284 causa,
540 4224 691 4269 cum
714 4208 853 4287 jam
873 4225 1088 4272 coram
1110 4208 1220 4275 illo
1242 4213 1442 4293 posita
1462 4214 1692 4280 coelum

173 4309 225 4367 et
244 4309 405 4371 terra
426 4313 732 4373 trement.
765 4331 795 4368 n

703 4487 998 4557 SERMO
1042 4489 1128 4560 V.

238 4630 403 4698 Hora
422 4633 671 4716 estjam
696 4650 814 4702 nos
832 4636 910 4702 dc
931 4651 1147 4704 somno
1170 4653 1428 4720 surpere
1448 4641 1511 4705 ¹¹.
1538 4639 1691 4707 Sur-

174 4738 293 4817 gite
332 4758 486 4821 ergo
508 4789 528 4819 ,
582 4747 986 4823 peccatores,
1034 4744 1112 4808 de
1155 4763 1383 4810 somno
1426 4753 1684 4831 peccati.

174 4843 412 4928 Sin-gite
433 4894 453 4925 ‚
491 4847 783 4931 inquam,
814 4853 1073 4933 propter
1099 4852 1361 4934 vigilem
1396 4858 1690 4923 excitan-

176 4954 291 5014 tem
310 4961 606 5037 ,propter
643 4956 818 5021 diem
856 4959 1502 5044 appropinquantem,
1536 4984 1687 5048 pro

228 5076 457 5127 ¹.Dever
489 5083 537 5128 et
563 5080 686 5143 sals.
718 5081 930 5140 Poenit„
962 5095 1006 5132 c.
1035 5095 1138 5148 xvi,
1166 5099 1218 5137 n.
1256 5089 1340 5150 32,
1370 5088 1503 5140 inter
1530 5092 1686 5155 Oper.

176 5147 313 5210 Aug..
344 5151 564 5212 Append.
602 5154 734 5201 tom.
766 5152 857 5201 vi.
899 5179 953 5188 -
992 5153 1218 5215 ²lC'or„
1254 5169 1298 5220 1,
1326 5124 1379 5209 ’8.
1406 5186 1469 5198 —
1504 5161 1685 5228 Luc„

174 5221 497 5277 111,.38—
536 5202 1686 5297 ibid„io.—⁸Luc.,xvi1,24.—⁸‚Isa.

173 5290 927 5353 v,20.-⁷Ps.al11.11‚2-.3
954 5263 1189 5361 —⁸I’sa.,
1218 5303 1493 5362 1.111‚2.—-
1522 5303 1687 5366 ⁹130„

172 5367 294 5420 xxx,
313 5363 461 5411 27.—
483 5365 526 5400 ¹·
547 5365 765 5422 naith„
798 5375 932 5426 xxv,
959 5365 1106 5416 31.-
1132 5369 1168 5405 11
1197 5371 1350 5436 Rom
1378 5378 1683 5437 1111,11.-

174 5409 1683 5508 ”Aet-‚111,7.—¹⁸Cant.‚11‚10.·—¹⁴Psal.1.xxxnr‚9.

174 5501 1115 5574 -¹⁸Jo·er12.‚xxx1‚6.-¹⁸Eccte.,
1146 5516 1684 5583 111,1.-·1Μα1111.,

1816 663 1956 740 pter
2011 655 2299 721 laborem
2347 656 2690 722 instantem
2705 706 2722 736 ‚
2755 662 3013 741 propter
3052 662 3361 724 terrorem

1814 753 2290 830 sollicitantem.

1898 871 1983 935 De
2009 873 2222 955 primo
2253 873 2336 936 ¹⁸:
2369 872 2525 940 Ecce
2553 873 2816 956 angelus
2845 873 3103 940 Domini
3123 876 3356 954 astitit,

1816 980 2130 1058 etlumen,
2162 983 2227 1044 et
2255 984 2482 1045 caetera
2510 999 2717 1064 usque
2749 999 2765 1044 ε
2800 980 3004 1064 Surqc
3041 981 3352 1051 velociter.

1813 1089 1912 1153 Ad
1949 1088 2352 1169 surgendum
2394 1092 2612 1152 autem
2663 1087 3000 1153 hortamur
3042 1107 3157 1172 per
3203 1103 3354 1172 gra'-

1813 1196 1990 1275 tiam,
2013 1213 2130 1278 per
2154 1212 2433 1279 poenam.
2467 1194 2714 1260 Excitat
2741 1194 3045 1260 Dominus
3070 1215 3182 1279 per
3210 1214 3358 1278 gra-

1812 1304 1966 1368 tiam
1983 1304 2029 1340 ¹⁸
2055 1326 2069 1368 :
2091 1302 2371 1370 Dilectus
2390 1319 2565 1369 meus
2588 1304 2873 1386 loquitur
2895 1305 3062 1370 mihi
3081 1322 3105 1370 :
3121 1306 3352 1387 Surae,

1808 1425 2081 1493 propera
2099 1459 2121 1490 ,
2152 1413 2362 1477 amica
2398 1427 2556 1478 mea.
2592 1410 2884 1489 Dilectae,
2916 1411 3148 1475 scilicet
3174 1411 3357 1475 Chri-

1813 1522 1972 1596 stus,
2015 1517 2302 1600 loquitur
2344 1519 2530 1583 nobis
2573 1537 2686 1600 per
2721 1518 3204 1601 inspirationem
3243 1518 3291 1560 ¹⁸
3336 1539 3351 1583 ε

1814 1625 2102 1692 Audiam
2139 1624 2303 1707 quid
2333 1625 2653 1708 loquatur,
2684 1629 2803 1690 etc.
2835 1625 2990 1690 item
3026 1624 3351 1709 praelatuS,

1811 1734 1915 1798 vel
1946 1734 2196 1811 doctor,
2236 1733 2469 1798 excitat
2508 1752 2622 1815 per
2663 1734 3015 1798 doctrinam
3066 1733 3113 1769 ¹⁸
3157 1757 3171 1797 :
3212 1733 3353 1801 Gla·

1812 1840 2078 1909 mabunt
2104 1839 2399 1909 custodes
2431 1863 2447 1905 :
2478 1841 2719 1925 surpite
2746 1846 2808 1908 et
2833 1840 3253 1909 ascendamus
3281 1845 3354 1908 in

1816 1950 1971 2016 Sion
1997 1949 2089 2016 ad
2116 1950 2453 2015 Dominum
2487 1949 2689 2015 Deum
2710 1954 3023 2017 nostrum.
3056 1948 3354 2015 Custodes

1812 2062 1964 2121 sunt
1991 2057 2238 2139 praelati
2265 2062 2327 2121 et
2354 2058 2660 2137 doctores,
2687 2075 2828 2137 nos,
2849 2061 3153 2140 tanquam
3171 2057 3348 2140 galli,

1812 2164 2180 2244 excitanteS,
2194 2167 2269 2228 ut
2285 2182 2656 2247 surgamus.
2669 2164 2712 2200 ¹⁸
2732 2165 3126 2247 consument
3137 2163 3228 2231 ad
3244 2181 3351 2233 vo-

1812 2291 1942 2340 cem
1969 2275 2282 2352 volucris,
2313 2276 2377 2340 id
2405 2281 2502 2340 est
2537 2276 2711 2358 galli.
2745 2276 2960 2341 Gallus
2986 2275 3245 2342 Petrum
3272 2277 3351 2342 ad

1809 2382 2127 2466 lacrymas
2154 2383 2455 2448 excitavit
2480 2385 2548 2445 ¹⁷.
2583 2384 2738 2448 Item
2756 2403 2870 2467 per
2896 2401 3152 2468 poenam
3179 2385 3350 2448 exci-

1809 2495 1901 2554 tat
1924 2490 2202 2574 angelus
2230 2491 2641 2574 percutiendo
2659 2490 2859 2570 latus;
2892 2491 3061 2555 unde
3085 2490 3168 2555 ¹⁸:
3201 2492 3353 2559 Per-

1811 2615 2113 2683 cussoque
2136 2602 2327 2668 latere
2356 2602 2550 2681 Petri,
2581 2602 2891 2668 excitavit
2919 2617 3081 2667 eum.
3111 2600 3355 2666 Lateris

1810 2707 2133 2791 percussio
2169 2711 2264 2772 est
2306 2708 2669 2791 temporalis
2709 2709 3036 2772 correctio.
3094 2708 3356 2773 AEterna

1810 2817 1983 2882 enim
2011 2816 2336 2900 percussio
2364 2832 2495 2879 non
2517 2815 2589 2879 in
2606 2815 2803 2879 latere
2829 2819 3114 2894 tantum,
3146 2815 3255 2879 sed
3282 2816 3352 2879 iu

1810 2930 2113 2993 omnibus
2139 2928 2445 2993 membris
2482 2928 2552 2991 fit
2579 2928 2623 2963 ¹⁹
2653 2949 2669 2991 ι
2705 2928 2946 2994 Parata
2978 2934 3133 2994 sunt
3174 2928 3350 2995 deri-

1809 3035 2061 3103 soribus
2076 3035 2376 3117 judicia,
2407 3040 2469 3103 et
2508 3034 2724 3101 mallei
2747 3037 3161 3117 percutientes
3186 3035 3350 3103 stul-

1810 3154 2020 3215 torum
2047 3147 2436 3229 corporibus,
2469 3149 2587 3210 etc.
2629 3143 2798 3209 Beue
2834 3144 2986 3210 dicit
3028 3168 3041 3208 ;
3084 3146 3347 3212 Percus-

1807 3243 1995 3337 soquc
2027 3255 2246 3322 latere.
2276 3252 2515 3318 Lateris
2549 3258 2766 3318 autem
2799 3253 3232 3337 percussiones
3269 3253 3347 3316 li-

1808 3363 2035 3427 benter
2067 3382 2184 3445 pro
2209 3363 2348 3445 ipso
2384 3362 2693 3427 sustinere
2719 3361 3045 3438 debemuS,
3082 3361 3196 3444 qui
3232 3380 3350 3444 pro

1808 3470 1991 3534 nobis
2018 3470 2086 3533 in
2112 3470 2307 3534 latere
2336 3469 2708 3534 vulneratus
2736 3471 2894 3532 est²⁰
2927 3491 2941 3531 ε
2975 3469 3226 3535 Lancea
3251 3468 3351 3533 la·-

1810 3583 1912 3643 tus
1927 3577 1988 3657 ei
1992 3593 2067 3642 us
2087 3577 2366 3659 aperuit.
2398 3575 2757 3640 Bernartius
2780 3597 2793 3637 :
2818 3599 2848 3637 α
2862 3574 3013 3641 Vult
3029 3576 3353 3658 benignus

1807 3685 1944 3750 dux
1970 3685 2183 3750 devoti
2225 3685 2443 3748 militis
2482 3683 2742 3749 vultum
2782 3688 2844 3748 et
2881 3683 3098 3749 oculos
3129 3684 3197 3747 in
3238 3703 3355 3748 sua

1807 3792 2054 3856 sustolli
2080 3791 2374 3871 vulnera,
2404 3797 2476 3857 ut
2503 3791 2781 3856 illius-ex
2809 3792 2932 3856 hoc
2960 3791 3247 3872 animum
3271 3792 3354 3856 ri-

1807 3902 1952 3981 gat,
1981 3903 2044 3963 et
2071 3900 2288 3964 reddat
2319 3899 2396 3964 ad
2423 3899 2824 3964 tolerandum
2852 3899 3197 3964 fortiorem.
3230 3922 3261 3960 »

1886 4005 1972 4069 De
1999 4005 2279 4070 secundo
2308 4006 2541 4072 dicitur
2566 4008 2672 4071 hic
2706 4030 2720 4072 ε
2754 4007 2931 4074 Hora
2957 4014 3050 4075 est
3061 4007 3206 4090 jam
3231 4023 3349 4074 nos

1806 4112 1885 4179 de
1921 4128 2137 4180 somno
2182 4130 2460 4198 sumere.
2511 4113 2781 4179 Causam
2814 4119 3029 4178 autem
3069 4115 3347 4179 subdens

1804 4221 2140 4302 surgendi,
2179 4221 2331 4287 ait:
2372 4223 2545 4302 Nooe,
2582 4222 2644 4286 id
2675 4226 2768 4286 est
2813 4225 3068 4305 tempus
3094 4222 3490 4345 (31119113,Ῑῇοὲ
3496 4228 3570 4272 tn

1801 4329 2173 4410 proecessit,·
2199 4328 2376 4408 dies,
2408 4329 2474 4393 id
2510 4333 2606 4393 est
2649 4332 2902 4412 tempus
2929 4328 3186 4410 gratiae,
3227 4345 3343 4410 ap-

1798 4438 2288 4519 propinquavit.
2314 4434 2424 4500 Est
2440 4440 2657 4500 autem
2678 4436 2911 4521 triplex
2934 4438 3067 4502 dies
3092 4441 3348 4521 propter

1804 4561 1999 4625 quem
2024 4561 2295 4626 surgere
2313 4543 2639 4620 debemus,
2671 4544 2909 4608 scilicet
2935 4546 3160 4625 gratiae
3182 4593 3198 4623 ,
3230 4546 3345 4608 irae

1801 4654 1866 4715 et
1892 4649 2137 4732 gloriae.
2175 4649 2263 4714 De
2289 4650 2391 4715 die
2427 4650 2664 4731 gratiae
2682 4651 2913 4716 dicitur
2937 4652 3043 4717 hic
3069 4654 3113 4693 ¹¹
3147 4675 3161 4716 ε
3196 4653 3349 4720 Ecce

1801 4774 1971 4823 nunc
2007 4756 2151 4823 dies
2188 4757 2443 4825 salutis.
2492 4756 2608 4821 Hic
2650 4758 2784 4822 dies
2813 4759 3033 4842 incipit
3069 4759 3151 4822 ab
3202 4764 3348 4824 ortu

1802 4864 1940 4929 veri
1971 4862 2143 4928 solis.
2171 4863 2281 4928 Ait
2320 4865 2493 4928 enim
2521 4864 2983 4949 Philosophus:
3026 4888 3058 4925 α
3085 4865 3227 4930 Dies
3254 4873 3350 4932 est

1799 4971 2068 5038 elevatio
2109 4970 2194 5054 (b)
2214 4971 2365 5035 solis
2397 4990 2589 5054 super
2620 4975 2879 5036 terram.
2911 4993 2942 5031 n
2987 4971 3096 5037 Sol
3131 4979 3347 5040 autem

1800 5083 2080 5145 aeternus
2108 5096 2302 5162 super
2332 5082 2570 5144 terram
2599 5079 2802 5143 elatus
2840 5079 2910 5162 (c)
2943 5084 3057 5162 est,
3091 5082 3347 5164 quando

1798 5186 2084 5252 Christus
2111 5186 2176 5249 in
2208 5185 2522 5251 mundum
2550 5189 2742 5251 natus
2764 5191 2880 5251 est.
2913 5188 2959 5222 ²²
2994 5188 3113 5256 Sol
3138 5205 3344 5273 effres-

1798 5389 1941 5441 xxvi,
1995 5379 2075 5428 75.
2096 5402 2158 5415 —
2186 5378 2229 5413 ¹⁸
2273 5378 2401 5442 Act„
2432 5389 2528 5437 111,
2561 5380 2607 5428 7.
2636 5404 2699 5416 -
2729 5381 2768 5413 ¹⁹
2808 5380 2980 5432 Ρνου..
3007 5391 3126 5445 xix,
3166 5383 3242 5433 29.
3283 5408 3343 5420 —

1797 5448 2023 5511 ”Joan.,
2053 5460 2161 5513 xix,
2187 5450 2333 5500 tu.—
2359 5451 2396 5484 ²¹
2420 5451 2459 5499 ΙΙ
2496 5450 2636 5512 cor..
2658 5462 2727 5512 vi,
2749 5453 2856 5500 9.-
2891 5451 2932 5485 ²²
2954 5452 3098 5516 Gen„
3123 5464 3233 5513 xix,
3259 5456 3338 5503 23.

1798 5521 1941 5587 --(a)
1975 5520 2099 5572 Goet.
2126 5521 2247 5572 edit.
2278 5520 2422 5574 sit-
2437 5521 2509 5590 (ὁ)
2525 5523 2649 5572 Item
2668 5521 2807 5573 latio.
2824 5549 2887 5561 —
2906 5523 3110 5588 (Quem
3129 5525 3275 5576 latus.
