4059 6317
704 491 822 552 386

702 734 859 799 illud
897 734 1172 800 verbum
1209 734 1383 818 quod
1428 735 1704 800 dicitur:
1755 736 2012 819 Oportet
2058 749 2240 800 orare

699 855 961 922 semper,
991 840 1175 905 debet
1211 841 1302 904 sic
1350 840 1622 923 intelligi
1671 842 2020 907 secundum
2059 838 2236 903 Glos-

698 964 836 1010 sam
881 968 898 1010 ι
953 969 984 1007 α
1031 946 1298 1031 Semper
1335 952 1498 1029 orat,
1544 949 1654 1031 qui
1695 947 2012 1013 canonicis
2065 945 2244 1011 horis

698 1054 1051 1119 secundum
1107 1073 1353 1120 morem
1400 1056 1692 1121 Ecclaeiae
1745 1054 1996 1119 insistit.
2045 1075 2076 1113 n
2116 1052 2244 1118 >Vel

698 1179 952 1245 semper
986 1167 1126 1228 orat
1162 1165 1396 1244 JustuS,
1438 1165 1596 1229 dum
1642 1163 1997 1228 secundum
2042 1161 2242 1226 Deum

699 1269 920 1333 omnia
945 1270 1118 1351 agit3
1149 1288 1268 1334 nec
1291 1271 1523 1336 desinit
1548 1288 1756 1350 orare,
1796 1270 1922 1335 nisi
1963 1287 2111 1333 cum
2138 1269 2245 1334 de-

699 1375 850 1440 sinit
869 1379 1084 1458 justus
1111 1396 1272 1442 esse.

780 1483 994 1550 Tertio
1022 1485 1090 1549 in
1125 1486 1323 1551 verbo
1365 1485 1690 1567 proposito
1735 1488 1995 1549 notatur
2028 1484 2241 1547 incre-

699 1589 870 1672 patio
897 1591 1212 1671 maleficii,
1255 1590 1429 1675 quod
1469 1594 1568 1656 est
1618 1590 1882 1673 pudoris
1915 1593 1979 1654 et
2021 1589 2240 1671 displi-

698 1699 945 1777 centiae,
975 1717 1127 1764 cum
1161 1699 1472 1763 subinfert
1505 1721 1520 1762 ε
1566 1698 1691 1765 Vos
1732 1704 1949 1766 autem
1996 1698 2243 1778 fecistis

697 1805 880 1872 illam
902 1807 1269 1889 speluncam
1293 1806 1637 1873 latronum.
1664 1805 1921 1889 Triplici
1950 1805 2028 1870 de
2051 1824 2243 1870 causa

697 1917 1115 1982 committitur
1144 1917 1302 1982 illud
1331 1916 1742 1981 maleficium.

779 2020 1018 2102 Primo,
1048 2024 1306 2106 quando
1328 2024 1397 2087 in
1426 2042 1501 2088 ea
1528 2027 1624 2087 est
1656 2022 1977 2087 contentio
2015 2038 2239 2103 super-

696 2129 952 2196 borum.
983 2129 1162 2196 Unde
1190 2132 1260 2194 in
1283 2131 1536 2197 Psalmo
1557 2133 1576 2168 ¹
1610 2153 1626 2194 z
1670 2153 1701 2191 t<
1722 2130 1918 2212 Cujus
1947 2127 2244 2192 maledic-

697 2238 873 2302 tione
900 2255 972 2302 os
999 2239 1260 2322 plenum
1281 2244 1399 2318 est,
1417 2244 1480 2303 et
1496 2236 1920 2303 amaritudine
1934 2240 1997 2299 et
2013 2235 2183 2300 dolo.
2201 2256 2232 2296 n

699 2345 1010 2426 Sequitur
1036 2366 1055 2412 z
1086 2347 1494 2427 «insidiatur,
1515 2347 1698 2431 quasi
1717 2347 1816 2411 leo
1842 2346 1911 2409 in
1939 2345 2242 2428 sp'elunca

695 2472 835 2519 sua.
868 2477 899 2514 ι)
958 2454 1136 2521 Unde
1186 2455 1343 2520 dum
1385 2456 1581 2520 homo
1626 2459 1884 2518 sanctus
1930 2454 2000 2516 in
2049 2453 2245 2518 eccle-

698 2563 795 2626 sia
836 2562 1158 2628 laesionem
1220 2563 1576 2628 innocentis
1631 2562 1907 2646 proximi
1966 2562 2237 2643 cogitat,

698 2672 890 2752 quasi
916 2670 1009 2737 leo
1035 2669 1398 2737 insidiatur
1422 2672 1498 2737 in
1535 2671 1870 2753 spelunca,
1915 2672 2102 2750 cnjus
2135 2684 2239 2748 os,

699 2778 780 2841 ad
804 2777 1071 2842 modum
1096 2777 1319 2841 furiosi
1343 2778 1538 2858 canis,
1583 2781 1841 2861 propter
1882 2776 2238 2857 conceptio·

700 2901 849 2948 nem
916 2884 1256 2967 superbiae,
1325 2885 1585 2966 plenum
1652 2889 1747 2951 est
1803 2880 2242 2950 antaritudine

699 2991 1132 3056 subversionis
1158 2999 1217 3057 et
1254 2990 1398 3057 dolo
1433 2991 1836 3074 deceptionis.
1885 2989 2068 3053 Tales
2112 3006 2243 3053 non

701 3103 850 3162 sunt
893 3097 1279 3178 sustinendi,
1326 3099 1489 3181 quin
1531 3097 1786 3180 flagello
1827 3096 2243 3180 correptionis

701 3204 1072 3287 puniantur,
1088 3208 1153 3269 et
1177 3206 1392 3283 etiam,
1416 3205 1469 3268 si
1491 3204 1960 3285 incorrigibiles
1982 3203 2239 3282 fuerint,

698 3311 1134 3395 expellantur,
1187 3330 1269 3375 ne
1314 3312 1475 3375 forte
1520 3310 1679 3376 alios
1723 3328 1838 3394 per
1885 3310 2241 3374 contentio-

700 3436 851 3483 nem
885 3421 970 3499 (a)
999 3420 1397 3498 subvertant,
1440 3423 1504 3484 et
1526 3419 1641 3483 fiat
1677 3417 1905 3483 domus
1940 3416 2244 3481 orationis

700 3527 932 3592 domus
951 3526 1397 3592 contentionis.

752 3634 1072 3700 Secundo
1126 3633 1387 3698 ecclesia
1439 3634 1514 3698 fit
1560 3633 1862 3716 spelunca
1895 3632 2240 3709 latronum,

701 3742 956 3826 quando
974 3743 1045 3808 in
1072 3762 1150 3808 ea
1164 3748 1261 3808 est
1276 3742 1530 3807 infectio
1552 3741 1965 3806 lubricorum.
1989 3740 2237 3806 Unde²z

709 3873 742 3912 α
775 3849 1031 3914 Dixistis
1060 3867 1078 3918 z
1109 3848 1386 3914 Liberati
1400 3865 1648 3927 summ,
1674 3866 1750 3912 00
1777 3848 1952 3930 quod
1973 3848 2244 3913 feceritis

703 3955 1203 4023 abominationes
1251 3956 1425 4020 istas.
1477 3953 1795 4040 Spelunca
1840 3973 2002 4038 ergo
2045 3957 2239 4021 latro-

635 4131 642 4144 ,
701 4083 872 4130 num·
886 4065 1050 4130 facta
1076 4069 1173 4129 est
1200 4064 1321 4129 ista
1344 4064 1596 4143 domus,
1626 4065 1697 4128 in
1726 4082 1855 4147 qua
1872 4064 2243 4129 invocatum

704 4177 802 4238 est
825 4191 1064 4238 nomen
1098 4190 1340 4239 meum.
1377 4195 1408 4235 n
1442 4173 1611 4238 Bene
1654 4173 1848 4237 etiam
1885 4173 2137 4252 domuS,
2176 4172 2244 4236 in

706 4299 837 4364 qua
856 4281 1195 4347 invocatur
1209 4300 1451 4347 nomen
1479 4279 1611 4359 Dei,
1641 4281 1715 4344 fit
1737 4278 2040 4363 spelunca
2056 4279 2246 4344 latro-

707 4407 893 4470 num,
921 4390 1176 4473 quando
1202 4391 1273 4452 in
1299 4408 1376 4454 ea
1410 4390 1579 4453 flunt
1598 4387 1939 4452 homicidia
1961 4390 2025 4451 et
2055 4388 2244 4453 adul-

628 4489 634 4496 ’
708 4497 888 4574 teria,
917 4514 1066 4580 quae
1093 4500 1243 4561 sunt
1264 4494 1770 4561 abominationes
1797 4494 1965 4577 apud
1981 4494 2196 4560 Deum
2223 4518 2238 4560 :

708 4607 773 4668 et
798 4607 1060 4687 propter
1083 4603 1205 4667 hoc
1223 4601 1580 4668 amovenda
1605 4604 1700 4665 est
1724 4600 1836 4664 illa
1858 4601 2081 4665 foetosa
2096 4603 2247 4668 abo·

708 4710 975 4776 minatio
1026 4711 1420 4776 lubricorum
1468 4708 1549 4772 ab
1601 4707 1895 4785 ecclesia3
1962 4707 2246 4792 alioquin

701 4836 838 4882 non
865 4822 963 4882 est
986 4816 1213 4882 domus
1241 4815 1728 4901 propitiationis,
1756 4815 1888 4879 imo
1913 4814 2243 4882 abomina-

706 4926 900 5008 tionis
922 4930 986 4989 et
1010 4925 1494 5008 provocationis.

787 5030 997 5097 Tertio
1062 5032 1322 5124 ecelesia
1376 5032 1451 5095 fit
1514 5029 1817 5114 spelunca
1875 5031 2200 5097 latronum
2221 5081 2241 5113 ,

707 5141 963 5224 quando
1015 5142 1088 5206 in
1137 5160 1213 5205 00
1278 5145 1372 5206 est
1429 5139 1779 5222 negotiatio
1837 5140 2238 5222 cupidorum.

709 5247 885 5316 Unde
912 5250 936 5286 ⁸
963 5268 982 5316 ε
1020 5273 1051 5312 α
1079 5248 1345 5315 intravit
1370 5248 1553 5314 Jesus
1574 5248 1643 5311 in
1667 5246 2006 5329 templum,
2039 5252 2102 5313 et
2128 5250 2245 5333 eji-

768 5411 790 5448 1
827 5412 961 5464 Psal.
996 5425 1062 5476 x,
1102 5414 1131 5462 Ἰ
1178 5415 1232 5463 et
1265 5425 1374 5476 seq.
1412 5436 1474 5450 —
1516 5411 1536 5441 ²
1577 5409 1780 5474 larem,
1824 5420 1925 5473 vu,
1970 5411 2142 5462 10-11.
2180 5437 2242 5451 —

707 5508 728 5542 ι
756 5484 961 5550 Bauli„
996 5497 1116 5550 ιιι,
1152 5485 1321 5538 12-13.
1351 5509 1413 5523 —-
1452 5484 1475 5520 δ
1501 5483 1651 5533 Hunc
1688 5486 1741 5533 et
1775 5480 1904 5532 duos
1941 5494 2052 5546 seq.
2087 5483 2246 5536 habet

1793 483 2223 554 SERMONES
2263 483 2367 549 DE
2405 483 2803 552 TEMPORE.

565 661 572 666 -
701 622 848 686 finis
892 621 1195 688 orationis
1241 641 1438 705 quam
1487 623 1899 707 principium.
1937 645 1969 683 ι
1999 621 2241 686 Tamen

2351 620 2555 684 ciebat
2578 638 2800 686 omues
2824 625 3129 702 ementes,
3171 626 3236 687 et
3264 623 3606 688 vendentes
3632 623 3699 688 in
3721 627 3878 689 tem-

2350 727 2456 818 plo
2488 747 2503 791 :
2537 734 2601 793 01
2627 747 2873 794 mensas
2908 731 3495 796 nummulariorum
3514 778 3535 810 ,
3576 737 3642 796 et
3678 732 3877 796 cathe-

2351 835 2498 899 dras
2523 835 2935 902 vendentium
2957 837 3285 903 columbas
3317 839 3577 916 evertit;
3624 841 3692 902 et
3732 838 3884 903 dixit

2353 942 2445 1006 eis
2473 960 2492 1006 ε
2521 941 2843 1026 Scriptum
2870 949 2966 1010 est
2996 967 3012 1009 ε
3050 945 3289 1010 Domus
3317 964 3460 1010 mea
3494 946 3722 1011 domus
3744 963 3882 1010 ora-

2352 1050 2541 1114 tionis
2587 1050 2917 1116 vocabitur
2964 1073 2981 1115 :
3037 1070 3154 1117 vos
3203 1058 3421 1118 autem
3468 1053 3702 1118 fecistis
3749 1072 3881 1118 eam

2353 1156 2725 1239 speluncam
2754 1158 3095 1224 latronum.
3127 1181 3157 1220 n
3198 1158 3499 1224 Dominus
3551 1165 3764 1226 noster
3791 1161 3883 1225 in·

2352 1266 2530 1327 trans
2566 1265 2899 1347 templum,
2944 1266 3172 1333 ardore
3208 1267 3472 1350 spiritus
3515 1268 3881 1349 concitatus,

2352 1371 2636 1454 quodam
2653 1372 2765 1437 vili
2784 1373 3045 1455 flagello
3064 1375 3439 1441 miraculose
3460 1377 3648 1459 ejecit
3671 1394 3883 1442 omnes

2356 1481 2761 1561 negotiantes
2796 1482 2875 1546 de
2906 1483 3165 1565 templo.
3200 1482 3378 1548 Unde
3414 1483 3635 1550 Glossa
3662 1503 3682 1548 ε
3713 1509 3747 1548 c
3771 1484 3887 1549 Mi-

2350 1591 2578 1655 rabilia
2602 1592 2670 1656 in
2698 1591 2956 1674 flagello
2997 1595 3344 1661 vendentes
3388 1596 3471 1661 de
3504 1595 3742 1678 templo
3775 1596 3883 1677 eii-

2351 1717 2515 1779 cere,
2532 1704 2597 1764 et
2614 1701 3200 1767 nummulariorum
3223 1721 3477 1767 mensas
3497 1703 3883 1781 subvertere,

2352 1827 2480 1893 quo
2506 1809 2669 1873 nihil
2710 1810 2845 1892 egit
2888 1810 3244 1876 mirabilius
3277 1833 3293 1876 ε
3326 1811 3597 1894 igneum
3623 1816 3686 1876 et
3728 1813 3887 1877 side-

2351 1935 2538 1981 reum
2564 1915 2823 2000 aliquod
2867 1917 3213 1983 irradiabat
3252 1937 3335 1983 ex
3375 1919 3517 2000 ejus
3562 1920 3787 1998 000115,
3826 1925 3887 1985 et

2350 2021 2602 2087 lucebat
2627 2023 2697 2086 in
2722 2023 2884 2088 facie
2912 2025 3236 2106 majestas.
3266 2047 3298 2086 n
3327 2026 3413 2093 Et
3434 2042 3691 2092 mensas
3714 2043 3888 2094 num-

2350 2129 2795 2209 mulariorum,
2841 2137 2903 2198 et
2952 2131 3289 2199 cathedras
3338 2132 3750 2201 vendentium
3788 2149 3886 2201 co-

2350 2237 2596 2304 lumbas
2615 2242 2860 2307 evertit.
2882 2239 3335 2322 Nummularii‚
3353 2242 3707 2307 secundum
3725 2241 3889 2308 Glos-

2351 2362 2514 2424 sam,
2545 2351 2730 2412 erant
2771 2347 2971 2430 aliqui
3014 2347 3201 2430 positi
3233 2367 3271 2413 a
3312 2349 3773 2428 sacerdotibus,
3821 2357 3890 2414 ut

2351 2455 2721 2517 mutuarent
2732 2453 3307 2536 nibilhabentibus,
3324 2462 3398 2522 ut
3408 2463 3664 2539 possent
3678 2475 3889 2523 emere

2351 2558 2676 2623 columbas
2698 2567 2762 2625 et
2787 2561 2933 2639 alia,
2963 2562 3244 2642 vendita,
3288 2567 3504 2645 postea
3543 2564 3893 2648 reciperent

2351 2666 2586 2731 oblata.
2617 2667 2839 2733 Verbis
2857 2669 3072 2734 etzelo
3099 2669 3288 2735 debet
3307 2670 3543 2752 agitari
3565 2672 3888 2754 praelatus,

2355 2775 2610 2856 quando
2637 2776 2812 2840 videt
2837 2777 2903 2841 in
2932 2776 3194 2842 ecclesia
3236 2777 3428 2841 ve'ndi
3474 2784 3888 2857 sacramenta,

2354 2899 2470 2964 per
2497 2900 2644 2965 quae
2667 2883 2967 2949 hauritur
2994 2884 3271 2968 Spiritus
3297 2885 3500 2949 sancti
3527 2886 3759 2967 gratia,
3790 2888 3889 2951 vd

2352 2989 2482 3054 emi
2520 2990 2936 3055 ecclesiastica
2967 2991 3178 3055 officia
3227 3012 3243 3056 ε
3288 3010 3513 3056 omnes
3554 2993 3733 3074 tales,
3778 2995 3892 3076 qui

2350 3097 2533 3162 lucra
2560 3102 2906 3178 sectantur,
2937 3098 3147 3181 eJ'iciat
3175 3099 3255 3163 de
3292 3099 3572 3179 ecclesia,
3622 3119 3706 3165 00
3728 3102 3890 3165 forte

2352 3204 2580 3269 domus
2627 3205 2931 3270 orationis
2976 3207 3089 3270 flat
3139 3205 3368 3271 domus
3414 3207 3887 3288 negotiationis.

2351 3310 2702 3394 Rogemus,
2733 3315 2852 3377 010.

2464 3542 2841 3620 DOMINIGA
2883 3542 2944 3619 X
2990 3542 3176 3620 POST
3218 3544 3771 3646 PENTEGOSTEN.

2753 3716 3044 3787 SERMO
3090 3717 3413 3788 PRIMUS
3438 3717 3484 3789 ⁸.

2429 3851 2822 3919 Publicanus
2845 3868 2888 3918 a
2917 3851 3097 3935 lonqe
3128 3857 3311 3920 stam
3332 3852 3380 3933 ⁸,
3414 3858 3534 3920 etc.
3582 3855 3884 3932 Quicum*

2349 3960 2571 4042 quein
2601 3958 2839 4024 mundo
2866 3963 2990 4022 stat
3017 3959 3086 4023 in
3120 3961 3491 4042 poenitentia
3515 3964 3882 4046 011010511-

2348 4066 2459 4144 tia,
2488 4066 2558 4129 in
2599 4065 2840 4148 judicio
2885 4066 3073 4131 stabit
3122 4066 3191 4131 in
3228 4085 3471 4150 magna
3510 4072 3884 4137 constantia.

2349 4171 2425 4235 In
2460 4172 2580 4235 bac
2607 4189 2768 4253 ergo
2798 4172 2932 4236 vita
2973 4178 3142 4238 stare
3177 4173 3363 4239 debet
3405 4177 3598 4241 homo
3634 4177 3715 4242 ad
3752 4195 3885 4243 ser-

2350 4279 2657 4345 viendum
2684 4278 2812 4343 Deo
2840 4279 3238 4362 retribuenti,
3259 4282 3341 4346 ad
3357 4286 3886 4366 acquiescendum

2349 4388 2599 4469 Angelo
2626 4386 3024 4466 custodienti,
3046 4389 3126 4453 ad
3145 4388 3657 4458 subveniendum
3678 4395 3887 4477 proxi-

2349 4512 2459 4559 mo
2485 4494 2820 4575 indigenti,
2852 4492 2932 4558 ad
2972 4493 3391 4573 resistendum
3418 4498 3669 4566 diabolo
3704 4501 3883 4568 inva-

2350 4600 2545 4666 denti.

2429 4706 2518 4772 De
2542 4707 2751 4790 primo
2772 4707 2794 4742 ⁸
2819 4727 2836 4772 ε
2869 4731 2900 4771 α
2917 4707 3062 4790 Fili,
3092 4713 3396 4778 accedens
3417 4714 3497 4779 ad
3515 4715 3883 4782 servitutem

2357 4815 2483 4894 Dei,
2513 4820 2608 4880 sta
2629 4815 2698 4880 in
2729 4816 2978 4899 justitia
3006 4818 3159 4883 etin
3179 4819 3433 4886 timore.
3478 4844 3510 4883 n
3544 4821 3667 4888 Per
3684 4825 3882 4907 justi-

2348 4924 2536 5002 tiam,
2584 4924 2830 4988 bonum
2874 4923 3053 5004 facis3
3104 4944 3218 5009 per
3254 4927 3579 5010 timorem,
3641 4932 3881 4996 malum

2346 5031 2549 5113 fugis,
2587 5030 2666 5096 Et
2696 5035 2864 5096 certe
2891 5050 2930 5095 a
2957 5033 3209 5114 justitia
3248 5036 3410 5102 bene
3454 5038 3738 5119 vivendi,
3780 5037 3881 5105 vel

2347 5143 2519 5203 recte
2534 5137 2885 5223 judicandi,
2932 5156 3142 5223 neque
3185 5141 3415 5209 timore
3453 5147 3676 5212 mortis
3708 5164 3882 5212 rece-

2348 5321 2555 5374 quoque
2586 5306 2708 5357 edit.
2740 5306 2897 5358 Paris.
2927 5321 3013 5360 an.
3045 5311 3185 5364 1521.
3214 5338 3276 5350 —
3306 5313 3328 5349 ⁸
3353 5313 3490 5378 Luc„
3523 5325 3681 5380 xvm,
3715 5315 3792 5366 13.
3818 5340 3882 5353 —

2348 5381 2370 5417 ⁶
2397 5380 2582 5444 Eccli„
2612 5391 2673 5444 11,
2700 5385 2745 5430 1.

2410 5486 2476 5549 (α)
2509 5483 2630 5535 Goet.
2658 5480 2779 5533 edit.
2811 5484 3220 5550 conceptionem.
