<?xml version="1.0" encoding="UTF-8"?>
<!DOCTYPE html PUBLIC "-//W3C//DTD XHTML 1.0 Transitional//EN"
    "http://www.w3.org/TR/xhtml1/DTD/xhtml1-transitional.dtd">
<html xmlns="http://www.w3.org/1999/xhtml" xml:lang="en" lang="en">
 <head>
  <title>
</title>
<meta http-equiv="Content-Type" content="text/html;charset=utf-8" />
  <meta name='ocr-system' content='tesseract 3.04.00' />
  <meta name='ocr-capabilities' content='ocr_page ocr_carea ocr_par ocr_line ocrx_word'/>
</head>
<body>
  <div class='ocr_page' id='page_1' title='image "./srecardinalissb02peltgoog_0164.png"; bbox 0 0 4059 6317; ppageno 0'>
   <div class='ocr_carea' id='block_1_1' title="bbox 712 568 829 628">
    <p class='ocr_par' dir='ltr' id='par_1_1' title="bbox 712 568 829 628">
     <span class='ocr_line' id='line_1_1' title="bbox 712 568 829 628; baseline 0.017 -2"><span class='ocrx_word' id='word_1_1' title='bbox 712 568 829 628; x_wconf 69' lang='lat'><strong>134</strong></span> 
     </span>
    </p>
   </div>
   <div class='ocr_carea' id='block_1_2' title="bbox 707 699 2253 2181">
    <p class='ocr_par' dir='ltr' id='par_1_2' title="bbox 707 699 2253 2181">
     <span class='ocr_line' id='line_1_2' title="bbox 709 699 2239 783; baseline 0.001 -20"><span class='ocrx_word' id='word_1_2' title='bbox 709 699 852 778; x_wconf 89' lang='lat' dir='ltr'><strong>bus,</strong></span> <span class='ocrx_word' id='word_1_3' title='bbox 881 705 1140 783; x_wconf 86' lang='lat' dir='ltr'><strong>propter</strong></span> <span class='ocrx_word' id='word_1_4' title='bbox 1166 701 1474 766; x_wconf 84' lang='lat' dir='ltr'><strong>invidiam</strong></span> <span class='ocrx_word' id='word_1_5' title='bbox 1491 704 1511 738; x_wconf 87' lang='lat'>²</span> <span class='ocrx_word' id='word_1_6' title='bbox 1536 722 1552 765; x_wconf 75' lang='lat' dir='ltr'><em>z</em></span> <span class='ocrx_word' id='word_1_7' title='bbox 1595 724 1627 761; x_wconf 71' lang='grc' dir='ltr'><em>α</em></span> <span class='ocrx_word' id='word_1_8' title='bbox 1644 700 1896 765; x_wconf 75' lang='lat' dir='ltr'>Sciebat</span> <span class='ocrx_word' id='word_1_9' title='bbox 1934 701 2107 766; x_wconf 89' lang='lat' dir='ltr'><strong>enim</strong></span> <span class='ocrx_word' id='word_1_10' title='bbox 2136 701 2239 767; x_wconf 89' lang='lat' dir='ltr'><strong>Pi-</strong></span> 
     </span>
     <span class='ocr_line' id='line_1_3' title="bbox 707 807 2231 894; baseline 0 -22"><span class='ocrx_word' id='word_1_11' title='bbox 707 807 873 873; x_wconf 84' lang='lat' dir='ltr'><strong>latus</strong></span> <span class='ocrx_word' id='word_1_12' title='bbox 897 810 1070 893; x_wconf 87' lang='lat' dir='ltr'><strong>quod</strong></span> <span class='ocrx_word' id='word_1_13' title='bbox 1096 828 1211 894; x_wconf 86' lang='lat' dir='ltr'><strong>per</strong></span> <span class='ocrx_word' id='word_1_14' title='bbox 1248 811 1557 876; x_wconf 87' lang='lat' dir='ltr'><strong>invidiam</strong></span> <span class='ocrx_word' id='word_1_15' title='bbox 1583 809 1987 880; x_wconf 74' lang='lat' dir='ltr'><strong>tradidissent</strong></span> <span class='ocrx_word' id='word_1_16' title='bbox 2005 829 2179 876; x_wconf 90' lang='lat' dir='ltr'><strong>eum.</strong></span> <span class='ocrx_word' id='word_1_17' title='bbox 2199 833 2231 872; x_wconf 77' lang='grc' dir='ltr'><strong>ιο</strong></span> 
     </span>
     <span class='ocr_line' id='line_1_4' title="bbox 708 914 2236 1001; baseline 0.002 -22"><span class='ocrx_word' id='word_1_18' title='bbox 708 914 868 980; x_wconf 90' lang='lat' dir='ltr'><strong>Item</strong></span> <span class='ocrx_word' id='word_1_19' title='bbox 922 933 963 980; x_wconf 87' lang='lat' dir='ltr'><strong>a</strong></span> <span class='ocrx_word' id='word_1_20' title='bbox 1027 915 1268 998; x_wconf 90' lang='lat' dir='ltr'><strong>Pilato,</strong></span> <span class='ocrx_word' id='word_1_21' title='bbox 1323 921 1584 1001; x_wconf 89' lang='lat' dir='ltr'><strong>propter</strong></span> <span class='ocrx_word' id='word_1_22' title='bbox 1633 917 2236 1001; x_wconf 88' lang='lat' dir='ltr'><strong>complacentiam.</strong></span> <span class='ocrx_word' id='word_1_23' title='bbox 2171 923 2236 958; x_wconf 73' lang='grc'><strong>’-</strong></span> 
     </span>
     <span class='ocr_line' id='line_1_5' title="bbox 717 1023 2240 1110; baseline 0.004 -25"><span class='ocrx_word' id='word_1_24' title='bbox 717 1045 748 1085; x_wconf 70' lang='grc' dir='ltr'><em>α</em></span> <span class='ocrx_word' id='word_1_25' title='bbox 762 1023 1003 1091; x_wconf 85' lang='lat' dir='ltr'><strong>Pilatus</strong></span> <span class='ocrx_word' id='word_1_26' title='bbox 1046 1029 1260 1091; x_wconf 87' lang='lat' dir='ltr'><strong>autem</strong></span> <span class='ocrx_word' id='word_1_27' title='bbox 1305 1026 1526 1092; x_wconf 83' lang='lat' dir='ltr'><strong>volens</strong></span> <span class='ocrx_word' id='word_1_28' title='bbox 1574 1026 1810 1110; x_wconf 91' lang='lat' dir='ltr'><strong>populo</strong></span> <span class='ocrx_word' id='word_1_29' title='bbox 1863 1027 2240 1106; x_wconf 77' lang='lat' dir='ltr'><strong>satisfacere,</strong></span> 
     </span>
     <span class='ocr_line' id='line_1_6' title="bbox 708 1131 2241 1214; baseline -0.001 -18"><span class='ocrx_word' id='word_1_30' title='bbox 708 1131 946 1198; x_wconf 82' lang='lat' dir='ltr'><strong>dimisit</strong></span> <span class='ocrx_word' id='word_1_31' title='bbox 963 1132 1088 1197; x_wconf 91' lang='lat' dir='ltr'><strong>illis</strong></span> <span class='ocrx_word' id='word_1_32' title='bbox 1099 1132 1474 1214; x_wconf 89' lang='lat' dir='ltr'><strong>Barabbam,</strong></span> <span class='ocrx_word' id='word_1_33' title='bbox 1492 1137 1555 1198; x_wconf 85' lang='lat' dir='ltr'><strong>et</strong></span> <span class='ocrx_word' id='word_1_34' title='bbox 1579 1133 1834 1198; x_wconf 78' lang='lat' dir='ltr'><strong>tradidit</strong></span> <span class='ocrx_word' id='word_1_35' title='bbox 1847 1133 1938 1198; x_wconf 92' lang='lat' dir='ltr'><strong>eis</strong></span> <span class='ocrx_word' id='word_1_36' title='bbox 1950 1131 2165 1197; x_wconf 68' lang='lat' dir='ltr'><strong>lesum</strong></span> <span class='ocrx_word' id='word_1_37' title='bbox 2176 1179 2190 1195; x_wconf 95' lang='lat'><strong>.</strong></span> <span class='ocrx_word' id='word_1_38' title='bbox 2209 1155 2241 1193; x_wconf 77' lang='grc' dir='ltr'><strong>ιι</strong></span> 
     </span>
     <span class='ocr_line' id='line_1_7' title="bbox 709 1237 2241 1324; baseline 0.001 -22"><span class='ocrx_word' id='word_1_39' title='bbox 709 1237 758 1302; x_wconf 88' lang='grc' dir='ltr'><strong>Ο</strong></span> <span class='ocrx_word' id='word_1_40' title='bbox 789 1242 946 1320; x_wconf 85' lang='lat' dir='ltr'><strong>quot</strong></span> <span class='ocrx_word' id='word_1_41' title='bbox 986 1239 1176 1305; x_wconf 88' lang='lat' dir='ltr'><strong>bodie</strong></span> <span class='ocrx_word' id='word_1_42' title='bbox 1208 1242 1468 1306; x_wconf 90' lang='lat' dir='ltr'><strong>tradunt</strong></span> <span class='ocrx_word' id='word_1_43' title='bbox 1493 1241 1738 1324; x_wconf 85' lang='lat' dir='ltr'><strong>ipsum,</strong></span> <span class='ocrx_word' id='word_1_44' title='bbox 1765 1244 1830 1305; x_wconf 87' lang='lat' dir='ltr'><strong>et</strong></span> <span class='ocrx_word' id='word_1_45' title='bbox 1867 1240 1987 1322; x_wconf 89' lang='lat' dir='ltr'><strong>ipsi</strong></span> <span class='ocrx_word' id='word_1_46' title='bbox 2024 1259 2064 1303; x_wconf 89' lang='grc'><strong>3</strong></span> <span class='ocrx_word' id='word_1_47' title='bbox 2107 1239 2241 1305; x_wconf 88' lang='lat' dir='ltr'><strong>dia-</strong></span> 
     </span>
     <span class='ocr_line' id='line_1_8' title="bbox 711 1345 2241 1431; baseline -0.001 -21"><span class='ocrx_word' id='word_1_48' title='bbox 711 1345 860 1410; x_wconf 91' lang='lat' dir='ltr'><strong>bolo</strong></span> <span class='ocrx_word' id='word_1_49' title='bbox 885 1345 1243 1426; x_wconf 85' lang='lat' dir='ltr'><strong>traduntur,</strong></span> <span class='ocrx_word' id='word_1_50' title='bbox 1286 1350 1545 1431; x_wconf 83' lang='lat' dir='ltr'><strong>propter</strong></span> <span class='ocrx_word' id='word_1_51' title='bbox 1573 1350 1712 1430; x_wconf 87' lang='lat' dir='ltr'><strong>jam</strong></span> <span class='ocrx_word' id='word_1_52' title='bbox 1747 1347 1947 1413; x_wconf 88' lang='lat' dir='ltr'><strong>dictas</strong></span> <span class='ocrx_word' id='word_1_53' title='bbox 1982 1349 2241 1411; x_wconf 75' lang='lat' dir='ltr'><strong>causas!</strong></span> 
     </span>
     <span class='ocr_line' id='line_1_9' title="bbox 793 1450 2248 1519; baseline 0.001 -3"><span class='ocrx_word' id='word_1_54' title='bbox 793 1450 882 1516; x_wconf 89' lang='lat' dir='ltr'><strong>De</strong></span> <span class='ocrx_word' id='word_1_55' title='bbox 909 1453 1186 1518; x_wconf 86' lang='lat' dir='ltr'><strong>secundo</strong></span> <span class='ocrx_word' id='word_1_56' title='bbox 1212 1454 1303 1517; x_wconf 87' lang='lat' dir='ltr'><strong>ait</strong></span> <span class='ocrx_word' id='word_1_57' title='bbox 1329 1452 1736 1519; x_wconf 84' lang='lat' dir='ltr'><strong>Psalmista.</strong></span> <span class='ocrx_word' id='word_1_58' title='bbox 1676 1459 1736 1496; x_wconf 83' lang='lat'><strong>⁸·</strong></span> <span class='ocrx_word' id='word_1_59' title='bbox 1775 1475 1806 1515; x_wconf 71' lang='grc' dir='ltr'><em>α</em></span> <span class='ocrx_word' id='word_1_60' title='bbox 1823 1453 1996 1518; x_wconf 82' lang='lat' dir='ltr'><strong>Facti</strong></span> <span class='ocrx_word' id='word_1_61' title='bbox 2022 1470 2248 1518; x_wconf 87' lang='lat' dir='ltr'><strong>sumus</strong></span> 
     </span>
     <span class='ocr_line' id='line_1_10' title="bbox 711 1559 2249 1643; baseline -0.001 -17"><span class='ocrx_word' id='word_1_62' title='bbox 711 1559 1127 1643; x_wconf 89' lang='lat' dir='ltr'><strong>opprobrium</strong></span> <span class='ocrx_word' id='word_1_63' title='bbox 1172 1561 1398 1626; x_wconf 84' lang='lat' dir='ltr'><strong>vicinis</strong></span> <span class='ocrx_word' id='word_1_64' title='bbox 1440 1562 1708 1639; x_wconf 88' lang='lat' dir='ltr'><strong>uostris,</strong></span> <span class='ocrx_word' id='word_1_65' title='bbox 1734 1565 1797 1627; x_wconf 89' lang='lat' dir='ltr'><strong>et</strong></span> <span class='ocrx_word' id='word_1_66' title='bbox 1836 1562 2249 1627; x_wconf 83' lang='lat' dir='ltr'><strong>subsannatio</strong></span> 
     </span>
     <span class='ocr_line' id='line_1_11' title="bbox 710 1666 2244 1751; baseline 0.002 -20"><span class='ocrx_word' id='word_1_67' title='bbox 710 1669 814 1746; x_wconf 88' lang='lat' dir='ltr'><strong>iis,</strong></span> <span class='ocrx_word' id='word_1_68' title='bbox 843 1666 1050 1751; x_wconf 80' lang='lat' dir='ltr'><strong>quiin</strong></span> <span class='ocrx_word' id='word_1_69' title='bbox 1076 1669 1348 1734; x_wconf 89' lang='lat' dir='ltr'><strong>circuitu</strong></span> <span class='ocrx_word' id='word_1_70' title='bbox 1375 1672 1592 1733; x_wconf 87' lang='lat' dir='ltr'><strong>nostro</strong></span> <span class='ocrx_word' id='word_1_71' title='bbox 1621 1672 1791 1749; x_wconf 88' lang='lat' dir='ltr'><strong>sunt,</strong></span> <span class='ocrx_word' id='word_1_72' title='bbox 1814 1690 1846 1729; x_wconf 73' lang='lat' dir='ltr'><strong>n</strong></span> <span class='ocrx_word' id='word_1_73' title='bbox 1875 1668 1938 1733; x_wconf 90' lang='lat' dir='ltr'><strong>id</strong></span> <span class='ocrx_word' id='word_1_74' title='bbox 1965 1672 2082 1748; x_wconf 89' lang='lat' dir='ltr'><strong>est,</strong></span> <span class='ocrx_word' id='word_1_75' title='bbox 2112 1668 2244 1734; x_wconf 81' lang='lat' dir='ltr'><strong>dae-</strong></span> 
     </span>
     <span class='ocr_line' id='line_1_12' title="bbox 714 1773 2251 1859; baseline 0 -20"><span class='ocrx_word' id='word_1_76' title='bbox 714 1773 1015 1839; x_wconf 88' lang='lat' dir='ltr'><strong>monibus</strong></span> <span class='ocrx_word' id='word_1_77' title='bbox 1027 1774 1593 1841; x_wconf 80' lang='lat' dir='ltr'><strong>circumeuntibus.</strong></span> <span class='ocrx_word' id='word_1_78' title='bbox 1613 1779 1637 1815; x_wconf 74' lang='lat'>⁸</span> <span class='ocrx_word' id='word_1_79' title='bbox 1660 1798 1691 1835; x_wconf 77' lang='grc' dir='ltr'>α</span> <span class='ocrx_word' id='word_1_80' title='bbox 1703 1775 1936 1842; x_wconf 87' lang='lat' dir='ltr'><strong>Circuit</strong></span> <span class='ocrx_word' id='word_1_81' title='bbox 1951 1792 2251 1859; x_wconf 79' lang='lat' dir='ltr'><strong>quaerens</strong></span> 
     </span>
     <span class='ocr_line' id='line_1_13' title="bbox 715 1881 2247 1965; baseline 0.001 -19"><span class='ocrx_word' id='word_1_82' title='bbox 715 1900 907 1965; x_wconf 86' lang='lat' dir='ltr'><strong>quem</strong></span> <span class='ocrx_word' id='word_1_83' title='bbox 936 1881 1217 1949; x_wconf 83' lang='lat' dir='ltr'><strong>devoret.</strong></span> <span class='ocrx_word' id='word_1_84' title='bbox 1241 1902 1273 1942; x_wconf 74' lang='lat' dir='ltr'><strong>n</strong></span> <span class='ocrx_word' id='word_1_85' title='bbox 1308 1882 1523 1947; x_wconf 87' lang='lat' dir='ltr'><strong>Illudit</strong></span> <span class='ocrx_word' id='word_1_86' title='bbox 1556 1885 1770 1947; x_wconf 88' lang='lat' dir='ltr'><strong>autem</strong></span> <span class='ocrx_word' id='word_1_87' title='bbox 1812 1882 2101 1947; x_wconf 90' lang='lat' dir='ltr'><strong>diabolus</strong></span> <span class='ocrx_word' id='word_1_88' title='bbox 2127 1881 2247 1947; x_wconf 89' lang='lat' dir='ltr'><strong>ho-</strong></span> 
     </span>
     <span class='ocr_line' id='line_1_14' title="bbox 716 1988 2247 2074; baseline 0.001 -20"><span class='ocrx_word' id='word_1_89' title='bbox 716 1989 877 2054; x_wconf 90' lang='lat' dir='ltr'><strong>mini</strong></span> <span class='ocrx_word' id='word_1_90' title='bbox 900 2007 1014 2072; x_wconf 88' lang='lat' dir='ltr'><strong>per</strong></span> <span class='ocrx_word' id='word_1_91' title='bbox 1031 1990 1536 2074; x_wconf 77' lang='lat' dir='ltr'><strong>prosperitatem,</strong></span> <span class='ocrx_word' id='word_1_92' title='bbox 1554 1990 1720 2055; x_wconf 85' lang='lat' dir='ltr'><strong>sicut</strong></span> <span class='ocrx_word' id='word_1_93' title='bbox 1738 1989 2027 2055; x_wconf 88' lang='lat' dir='ltr'><strong>illuditur</strong></span> <span class='ocrx_word' id='word_1_94' title='bbox 2054 1988 2247 2070; x_wconf 80' lang='lat' dir='ltr'><strong>muri,</strong></span> 
     </span>
     <span class='ocr_line' id='line_1_15' title="bbox 716 2096 2253 2181; baseline -0.001 -18"><span class='ocrx_word' id='word_1_95' title='bbox 716 2096 821 2163; x_wconf 81' lang='lat' dir='ltr'><strong>vel</strong></span> <span class='ocrx_word' id='word_1_96' title='bbox 846 2097 994 2177; x_wconf 82' lang='lat' dir='ltr'><strong>avi,</strong></span> <span class='ocrx_word' id='word_1_97' title='bbox 1021 2096 1126 2163; x_wconf 86' lang='lat' dir='ltr'><strong>vel</strong></span> <span class='ocrx_word' id='word_1_98' title='bbox 1151 2098 1305 2179; x_wconf 84' lang='lat' dir='ltr'><strong>pisci</strong></span> <span class='ocrx_word' id='word_1_99' title='bbox 1339 2114 1453 2181; x_wconf 88' lang='lat' dir='ltr'><strong>per</strong></span> <span class='ocrx_word' id='word_1_100' title='bbox 1476 2115 1724 2176; x_wconf 84' lang='lat' dir='ltr'><strong>escam,</strong></span> <span class='ocrx_word' id='word_1_101' title='bbox 1757 2097 1828 2160; x_wconf 89' lang='lat' dir='ltr'><strong>in</strong></span> <span class='ocrx_word' id='word_1_102' title='bbox 1853 2115 1984 2180; x_wconf 80' lang='lat' dir='ltr'><strong>qua</strong></span> <span class='ocrx_word' id='word_1_103' title='bbox 2021 2098 2253 2162; x_wconf 88' lang='lat' dir='ltr'><strong>hamus</strong></span> 
     </span>
    </p>
   </div>
   <div class='ocr_carea' id='block_1_3' title="bbox 493 2203 2256 2286">
    <p class='ocr_par' dir='ltr' id='par_1_3' title="bbox 493 2203 2256 2286">
     <span class='ocr_line' id='line_1_16' title="bbox 493 2203 2256 2286; baseline 0.002 -19"><span class='ocrx_word' id='word_1_104' title='bbox 493 2217 597 2260; x_wconf 68' lang='lat' dir='ltr'><strong>cnr·</strong></span> <span class='ocrx_word' id='word_1_105' title='bbox 601 2219 696 2258; x_wconf 73' lang='lat' dir='ltr'><strong>tm</strong></span> <span class='ocrx_word' id='word_1_106' title='bbox 719 2205 891 2269; x_wconf 88' lang='lat' dir='ltr'><strong>latet.</strong></span> <span class='ocrx_word' id='word_1_107' title='bbox 923 2203 1134 2270; x_wconf 83' lang='lat' dir='ltr'><strong>illudit</strong></span> <span class='ocrx_word' id='word_1_108' title='bbox 1160 2209 1376 2270; x_wconf 87' lang='lat' dir='ltr'><strong>autem</strong></span> <span class='ocrx_word' id='word_1_109' title='bbox 1403 2206 1471 2270; x_wconf 93' lang='lat' dir='ltr'><strong>in</strong></span> <span class='ocrx_word' id='word_1_110' title='bbox 1496 2206 1747 2270; x_wconf 90' lang='lat' dir='ltr'><strong>tribus.</strong></span> <span class='ocrx_word' id='word_1_111' title='bbox 1772 2206 1842 2269; x_wconf 91' lang='lat' dir='ltr'><strong>iu</strong></span> <span class='ocrx_word' id='word_1_112' title='bbox 1868 2221 2256 2286; x_wconf 87' lang='lat' dir='ltr'><strong>cognoscen-</strong></span> 
     </span>
    </p>
   </div>
   <div class='ocr_carea' id='block_1_4' title="bbox 481 2282 694 2322">
    <p class='ocr_par' dir='ltr' id='par_1_4' title="bbox 481 2282 694 2322">
     <span class='ocr_line' id='line_1_17' title="bbox 481 2282 694 2322; baseline 0 -1"><span class='ocrx_word' id='word_1_113' title='bbox 481 2290 560 2321; x_wconf 86' lang='lat' dir='ltr'><strong>cur</strong></span> <span class='ocrx_word' id='word_1_114' title='bbox 628 2282 694 2322; x_wconf 80' lang='lat' dir='ltr'><strong>ter</strong></span> 
     </span>
    </p>
   </div>
   <div class='ocr_carea' id='block_1_5' title="bbox 480 2310 2255 2396">
    <p class='ocr_par' dir='ltr' id='par_1_5' title="bbox 480 2310 2255 2396">
     <span class='ocr_line' id='line_1_18' title="bbox 480 2310 2255 2396; baseline -0.004 -12.932"><span class='ocrx_word' id='word_1_115' title='bbox 480 2341 651 2384; x_wconf 32' lang='lat' dir='ltr'><strong>Quum„</strong></span> <span class='ocrx_word' id='word_1_116' title='bbox 718 2312 838 2391; x_wconf 82' lang='lat' dir='ltr'><strong>dis,</strong></span> <span class='ocrx_word' id='word_1_117' title='bbox 870 2312 940 2375; x_wconf 90' lang='lat' dir='ltr'><strong>in</strong></span> <span class='ocrx_word' id='word_1_118' title='bbox 964 2312 1255 2394; x_wconf 81' lang='lat' dir='ltr'><strong>agendis,</strong></span> <span class='ocrx_word' id='word_1_119' title='bbox 1283 2313 1354 2376; x_wconf 92' lang='lat' dir='ltr'><strong>in</strong></span> <span class='ocrx_word' id='word_1_120' title='bbox 1370 2313 1761 2396; x_wconf 89' lang='lat' dir='ltr'><strong>appetendis.</strong></span> <span class='ocrx_word' id='word_1_121' title='bbox 1793 2310 1940 2377; x_wconf 88' lang='lat' dir='ltr'><strong>Ideo</strong></span> <span class='ocrx_word' id='word_1_122' title='bbox 1969 2311 2255 2376; x_wconf 88' lang='lat' dir='ltr'><strong>Christus</strong></span> 
     </span>
    </p>
   </div>
   <div class='ocr_carea' id='block_1_6' title="bbox 689 2419 2261 3579">
    <p class='ocr_par' dir='ltr' id='par_1_6' title="bbox 689 2419 2261 3579">
     <span class='ocr_line' id='line_1_19' title="bbox 718 2419 2254 2486; baseline 0.001 -3"><span class='ocrx_word' id='word_1_123' title='bbox 718 2419 923 2484; x_wconf 88' lang='lat' dir='ltr'><strong>tribus</strong></span> <span class='ocrx_word' id='word_1_124' title='bbox 950 2420 1198 2485; x_wconf 83' lang='lat' dir='ltr'><strong>vicibus</strong></span> <span class='ocrx_word' id='word_1_125' title='bbox 1217 2420 1444 2486; x_wconf 88' lang='lat' dir='ltr'><strong>illusus</strong></span> <span class='ocrx_word' id='word_1_126' title='bbox 1472 2423 1593 2485; x_wconf 88' lang='lat' dir='ltr'><strong>est.</strong></span> <span class='ocrx_word' id='word_1_127' title='bbox 1621 2419 1827 2485; x_wconf 83' lang='lat' dir='ltr'><strong>mudit</strong></span> <span class='ocrx_word' id='word_1_128' title='bbox 1848 2419 2138 2484; x_wconf 87' lang='lat' dir='ltr'><strong>diabolus</strong></span> <span class='ocrx_word' id='word_1_129' title='bbox 2153 2438 2254 2484; x_wconf 91' lang='lat' dir='ltr'><strong>er-</strong></span> 
     </span>
     <span class='ocr_line' id='line_1_20' title="bbox 718 2527 2258 2609; baseline 0 -18"><span class='ocrx_word' id='word_1_130' title='bbox 718 2527 1055 2593; x_wconf 84' lang='lat' dir='ltr'><strong>rantibus</strong></span> <span class='ocrx_word' id='word_1_131' title='bbox 1037 2546 1107 2593; x_wconf 79' lang='lat' dir='ltr'><strong>ln</strong></span> <span class='ocrx_word' id='word_1_132' title='bbox 1142 2528 1599 2609; x_wconf 84' lang='lat' dir='ltr'><strong>cognoscendis</strong></span> <span class='ocrx_word' id='word_1_133' title='bbox 1618 2576 1639 2607; x_wconf 96' lang='lat'><strong>,</strong></span> <span class='ocrx_word' id='word_1_134' title='bbox 1676 2527 1889 2608; x_wconf 88' lang='lat' dir='ltr'><strong>ligans</strong></span> <span class='ocrx_word' id='word_1_135' title='bbox 1921 2527 2182 2591; x_wconf 89' lang='lat' dir='ltr'><strong>oculos</strong></span> <span class='ocrx_word' id='word_1_136' title='bbox 2163 2546 2258 2591; x_wconf 88' lang='lat' dir='ltr'><strong>ln·</strong></span> 
     </span>
     <span class='ocr_line' id='line_1_21' title="bbox 718 2635 2259 2721; baseline 0.001 -21"><span class='ocrx_word' id='word_1_137' title='bbox 718 2635 1004 2702; x_wconf 88' lang='lat' dir='ltr'><strong>tellectus</strong></span> <span class='ocrx_word' id='word_1_138' title='bbox 1041 2655 1157 2721; x_wconf 87' lang='lat' dir='ltr'><strong>per</strong></span> <span class='ocrx_word' id='word_1_139' title='bbox 1206 2638 1500 2705; x_wconf 82' lang='lat' dir='ltr'><strong>velamen</strong></span> <span class='ocrx_word' id='word_1_140' title='bbox 1552 2638 1978 2721; x_wconf 76' lang='lat' dir='ltr'><strong>ignorantiae:</strong></span> <span class='ocrx_word' id='word_1_141' title='bbox 2039 2643 2259 2703; x_wconf 87' lang='lat' dir='ltr'><strong>contra</strong></span> 
     </span>
     <span class='ocr_line' id='line_1_22' title="bbox 721 2746 2254 2831; baseline 0 -20"><span class='ocrx_word' id='word_1_142' title='bbox 721 2746 892 2828; x_wconf 88' lang='lat' dir='ltr'><strong>quod</strong></span> <span class='ocrx_word' id='word_1_143' title='bbox 935 2746 1241 2813; x_wconf 88' lang='lat' dir='ltr'><strong>Dominus</strong></span> <span class='ocrx_word' id='word_1_144' title='bbox 1279 2748 1566 2815; x_wconf 89' lang='lat' dir='ltr'><strong>Christus</strong></span> <span class='ocrx_word' id='word_1_145' title='bbox 1605 2749 1672 2813; x_wconf 91' lang='lat' dir='ltr'><strong>in</strong></span> <span class='ocrx_word' id='word_1_146' title='bbox 1709 2749 1922 2831; x_wconf 89' lang='lat' dir='ltr'><strong>prima</strong></span> <span class='ocrx_word' id='word_1_147' title='bbox 1959 2748 2254 2812; x_wconf 88' lang='lat' dir='ltr'><strong>illusione</strong></span> 
     </span>
     <span class='ocr_line' id='line_1_23' title="bbox 720 2852 2260 2938; baseline 0.001 -20"><span class='ocrx_word' id='word_1_148' title='bbox 720 2852 921 2918; x_wconf 83' lang='lat' dir='ltr'><strong>oculis</strong></span> <span class='ocrx_word' id='word_1_149' title='bbox 937 2854 1292 2921; x_wconf 84' lang='lat' dir='ltr'><strong>velabatur.</strong></span> <span class='ocrx_word' id='word_1_150' title='bbox 1314 2854 1650 2938; x_wconf 80' lang='lat' dir='ltr'><strong>llluditque</strong></span> <span class='ocrx_word' id='word_1_151' title='bbox 1667 2854 1954 2920; x_wconf 86' lang='lat' dir='ltr'><strong>diadolus</strong></span> <span class='ocrx_word' id='word_1_152' title='bbox 1974 2855 2043 2918; x_wconf 90' lang='lat' dir='ltr'><strong>in</strong></span> <span class='ocrx_word' id='word_1_153' title='bbox 2061 2871 2260 2936; x_wconf 85' lang='lat' dir='ltr'><strong>agen-</strong></span> 
     </span>
     <span class='ocr_line' id='line_1_24' title="bbox 721 2959 2260 3044; baseline 0 -19"><span class='ocrx_word' id='word_1_154' title='bbox 721 2959 820 3025; x_wconf 89' lang='lat' dir='ltr'><strong>dis</strong></span> <span class='ocrx_word' id='word_1_155' title='bbox 855 2978 970 3042; x_wconf 90' lang='lat' dir='ltr'><strong>per</strong></span> <span class='ocrx_word' id='word_1_156' title='bbox 1008 2960 1396 3044; x_wconf 87' lang='lat' dir='ltr'><strong>hypocrisim</strong></span> <span class='ocrx_word' id='word_1_157' title='bbox 1414 3010 1435 3041; x_wconf 91' lang='lat'><strong>,</strong></span> <span class='ocrx_word' id='word_1_158' title='bbox 1477 2963 1643 3026; x_wconf 88' lang='lat' dir='ltr'><strong>sicut</strong></span> <span class='ocrx_word' id='word_1_159' title='bbox 1698 2961 1909 3026; x_wconf 89' lang='lat' dir='ltr'><strong>illusio</strong></span> <span class='ocrx_word' id='word_1_160' title='bbox 1964 2967 2161 3041; x_wconf 86' lang='lat' dir='ltr'><strong>esset,</strong></span> <span class='ocrx_word' id='word_1_161' title='bbox 2203 2962 2260 3025; x_wconf 90' lang='lat' dir='ltr'><strong>si</strong></span> 
     </span>
     <span class='ocr_line' id='line_1_25' title="bbox 721 3066 2258 3151; baseline 0.002 -20"><span class='ocrx_word' id='word_1_162' title='bbox 721 3066 1048 3132; x_wconf 88' lang='lat' dir='ltr'><strong>sordidum</strong></span> <span class='ocrx_word' id='word_1_163' title='bbox 1084 3067 1425 3151; x_wconf 87' lang='lat' dir='ltr'><strong>pulchrum</strong></span> <span class='ocrx_word' id='word_1_164' title='bbox 1446 3118 1465 3148; x_wconf 86' lang='lat'><strong>,</strong></span> <span class='ocrx_word' id='word_1_165' title='bbox 1524 3072 1588 3133; x_wconf 92' lang='lat' dir='ltr'><strong>et</strong></span> <span class='ocrx_word' id='word_1_166' title='bbox 1632 3069 1686 3132; x_wconf 90' lang='lat' dir='ltr'><strong>si</strong></span> <span class='ocrx_word' id='word_1_167' title='bbox 1728 3070 1993 3151; x_wconf 88' lang='lat' dir='ltr'><strong>nigrum</strong></span> <span class='ocrx_word' id='word_1_168' title='bbox 2038 3069 2258 3134; x_wconf 90' lang='lat' dir='ltr'><strong>album</strong></span> 
     </span>
     <span class='ocr_line' id='line_1_26' title="bbox 723 3173 2260 3255; baseline 0.003 -17"><span class='ocrx_word' id='word_1_169' title='bbox 723 3177 1072 3255; x_wconf 86' lang='lat' dir='ltr'><strong>appareret.</strong></span> <span class='ocrx_word' id='word_1_170' title='bbox 1109 3173 1184 3237; x_wconf 91' lang='lat' dir='ltr'><strong>In</strong></span> <span class='ocrx_word' id='word_1_171' title='bbox 1226 3175 1600 3242; x_wconf 76' lang='lat' dir='ltr'><strong>Matthoeo⁸t</strong></span> <span class='ocrx_word' id='word_1_172' title='bbox 1640 3197 1671 3236; x_wconf 79' lang='grc' dir='ltr'>α</span> <span class='ocrx_word' id='word_1_173' title='bbox 1689 3174 1941 3241; x_wconf 86' lang='lat' dir='ltr'><strong>Similes</strong></span> <span class='ocrx_word' id='word_1_174' title='bbox 1976 3177 2122 3241; x_wconf 85' lang='lat' dir='ltr'><strong>estis</strong></span> <span class='ocrx_word' id='word_1_175' title='bbox 2161 3195 2260 3242; x_wconf 90' lang='lat' dir='ltr'><strong>se-</strong></span> 
     </span>
     <span class='ocr_line' id='line_1_27' title="bbox 689 3280 2260 3366; baseline 0.002 -21"><span class='ocrx_word' id='word_1_176' title='bbox 689 3315 696 3324; x_wconf 92' lang='lat'><strong>·</strong></span> <span class='ocrx_word' id='word_1_177' title='bbox 722 3280 1006 3365; x_wconf 89' lang='lat' dir='ltr'><strong>pulchris</strong></span> <span class='ocrx_word' id='word_1_178' title='bbox 1037 3280 1360 3346; x_wconf 88' lang='lat' dir='ltr'><strong>dealbatis.</strong></span> <span class='ocrx_word' id='word_1_179' title='bbox 1384 3302 1416 3342; x_wconf 74' lang='lat' dir='ltr'><strong>n</strong></span> <span class='ocrx_word' id='word_1_180' title='bbox 1443 3282 1673 3347; x_wconf 85' lang='lat' dir='ltr'><strong>Contra</strong></span> <span class='ocrx_word' id='word_1_181' title='bbox 1694 3282 1866 3366; x_wconf 89' lang='lat' dir='ltr'><strong>quod</strong></span> <span class='ocrx_word' id='word_1_182' title='bbox 1893 3282 2176 3349; x_wconf 86' lang='lat' dir='ltr'><strong>Christus</strong></span> <span class='ocrx_word' id='word_1_183' title='bbox 2190 3285 2260 3348; x_wconf 92' lang='lat' dir='ltr'><strong>in</strong></span> 
     </span>
     <span class='ocr_line' id='line_1_28' title="bbox 724 3387 2261 3457; baseline 0.002 -4"><span class='ocrx_word' id='word_1_184' title='bbox 724 3387 1000 3453; x_wconf 84' lang='lat' dir='ltr'><strong>secunda</strong></span> <span class='ocrx_word' id='word_1_185' title='bbox 1039 3387 1333 3453; x_wconf 89' lang='lat' dir='ltr'><strong>illusione</strong></span> <span class='ocrx_word' id='word_1_186' title='bbox 1371 3406 1587 3453; x_wconf 89' lang='lat' dir='ltr'><strong>coram</strong></span> <span class='ocrx_word' id='word_1_187' title='bbox 1622 3389 1869 3455; x_wconf 88' lang='lat' dir='ltr'><strong>Herode</strong></span> <span class='ocrx_word' id='word_1_188' title='bbox 1903 3394 2080 3455; x_wconf 89' lang='lat' dir='ltr'><strong>veste</strong></span> <span class='ocrx_word' id='word_1_189' title='bbox 2117 3390 2261 3457; x_wconf 91' lang='lat' dir='ltr'><strong>alba</strong></span> 
     </span>
     <span class='ocr_line' id='line_1_29' title="bbox 724 3495 2261 3579; baseline 0.003 -20"><span class='ocrx_word' id='word_1_190' title='bbox 724 3495 1011 3560; x_wconf 87' lang='lat' dir='ltr'><strong>induitur</strong></span> <span class='ocrx_word' id='word_1_191' title='bbox 1036 3498 1102 3560; x_wconf 89' lang='lat' dir='ltr'><strong>et</strong></span> <span class='ocrx_word' id='word_1_192' title='bbox 1126 3496 1519 3579; x_wconf 86' lang='lat' dir='ltr'><strong>conspuitur.</strong></span> <span class='ocrx_word' id='word_1_193' title='bbox 1552 3496 1710 3561; x_wconf 89' lang='lat' dir='ltr'><strong>Item</strong></span> <span class='ocrx_word' id='word_1_194' title='bbox 1733 3498 1941 3563; x_wconf 89' lang='lat' dir='ltr'><strong>illudit</strong></span> <span class='ocrx_word' id='word_1_195' title='bbox 1966 3498 2261 3564; x_wconf 89' lang='lat' dir='ltr'><strong>diabolus</strong></span> 
     </span>
    </p>
   </div>
   <div class='ocr_carea' id='block_1_7' title="bbox 723 3603 2299 3687">
    <p class='ocr_par' dir='ltr' id='par_1_7' title="bbox 723 3603 2299 3687">
     <span class='ocr_line' id='line_1_30' title="bbox 723 3603 2299 3687; baseline 0.004 -21"><span class='ocrx_word' id='word_1_196' title='bbox 723 3604 794 3666; x_wconf 89' lang='lat' dir='ltr'><strong>iu</strong></span> <span class='ocrx_word' id='word_1_197' title='bbox 820 3603 1185 3687; x_wconf 89' lang='lat' dir='ltr'><strong>appetendis</strong></span> <span class='ocrx_word' id='word_1_198' title='bbox 1200 3652 1218 3684; x_wconf 86' lang='lat'><strong>,</strong></span> <span class='ocrx_word' id='word_1_199' title='bbox 1248 3603 1404 3669; x_wconf 91' lang='lat' dir='ltr'><strong>dum</strong></span> <span class='ocrx_word' id='word_1_200' title='bbox 1432 3608 1739 3687; x_wconf 86' lang='lat' dir='ltr'><strong>appetunt</strong></span> <span class='ocrx_word' id='word_1_201' title='bbox 1774 3605 2069 3670; x_wconf 88' lang='lat' dir='ltr'><strong>homines</strong></span> <span class='ocrx_word' id='word_1_202' title='bbox 2096 3610 2299 3672; x_wconf 87' lang='lat' dir='ltr'><strong>tem-·</strong></span> 
     </span>
    </p>
   </div>
   <div class='ocr_carea' id='block_1_8' title="bbox 725 3710 2266 4116">
    <p class='ocr_par' dir='ltr' id='par_1_8' title="bbox 725 3710 2266 4116">
     <span class='ocr_line' id='line_1_31' title="bbox 725 3710 2259 3797; baseline 0.005 -24"><span class='ocrx_word' id='word_1_203' title='bbox 725 3710 968 3793; x_wconf 89' lang='lat' dir='ltr'><strong>poralia</strong></span> <span class='ocrx_word' id='word_1_204' title='bbox 994 3728 1110 3792; x_wconf 91' lang='lat' dir='ltr'><strong>pro</strong></span> <span class='ocrx_word' id='word_1_205' title='bbox 1141 3711 1398 3775; x_wconf 82' lang='lat' dir='ltr'><strong>aeternis</strong></span> <span class='ocrx_word' id='word_1_206' title='bbox 1417 3759 1435 3790; x_wconf 92' lang='lat'><strong>,</strong></span> <span class='ocrx_word' id='word_1_207' title='bbox 1467 3711 1846 3794; x_wconf 84' lang='lat' dir='ltr'><strong>temporales</strong></span> <span class='ocrx_word' id='word_1_208' title='bbox 1887 3714 2108 3797; x_wconf 86' lang='lat' dir='ltr'><strong>utique</strong></span> <span class='ocrx_word' id='word_1_209' title='bbox 2145 3719 2259 3780; x_wconf 55' lang='lat' dir='ltr'><strong>ex*</strong></span> 
     </span>
     <span class='ocr_line' id='line_1_32' title="bbox 725 3816 2262 3905; baseline 0.004 -23"><span class='ocrx_word' id='word_1_210' title='bbox 725 3817 1045 3883; x_wconf 87' lang='lat' dir='ltr'><strong>cellentias</strong></span> <span class='ocrx_word' id='word_1_211' title='bbox 1068 3866 1089 3897; x_wconf 93' lang='lat'><strong>,</strong></span> <span class='ocrx_word' id='word_1_212' title='bbox 1143 3816 1395 3883; x_wconf 86' lang='lat' dir='ltr'><strong>delicias</strong></span> <span class='ocrx_word' id='word_1_213' title='bbox 1414 3866 1430 3895; x_wconf 87' lang='lat'><strong>,</strong></span> <span class='ocrx_word' id='word_1_214' title='bbox 1488 3819 1762 3885; x_wconf 84' lang='lat' dir='ltr'><strong>divitias.</strong></span> <span class='ocrx_word' id='word_1_215' title='bbox 1838 3819 2067 3886; x_wconf 83' lang='lat' dir='ltr'><strong>Contra</strong></span> <span class='ocrx_word' id='word_1_216' title='bbox 2115 3840 2262 3905; x_wconf 80' lang='lat' dir='ltr'><strong>quae</strong></span> 
     </span>
     <span class='ocr_line' id='line_1_33' title="bbox 727 3921 2261 4012; baseline 0.004 -24"><span class='ocrx_word' id='word_1_217' title='bbox 727 3921 1016 3988; x_wconf 89' lang='lat' dir='ltr'><strong>Christus</strong></span> <span class='ocrx_word' id='word_1_218' title='bbox 1029 3970 1051 4001; x_wconf 93' lang='lat'><strong>,</strong></span> <span class='ocrx_word' id='word_1_219' title='bbox 1087 3925 1157 3988; x_wconf 92' lang='lat' dir='ltr'><strong>in</strong></span> <span class='ocrx_word' id='word_1_220' title='bbox 1183 3924 1368 3989; x_wconf 87' lang='lat' dir='ltr'><strong>tertia</strong></span> <span class='ocrx_word' id='word_1_221' title='bbox 1405 3924 1724 4006; x_wconf 85' lang='lat' dir='ltr'><strong>illusione,</strong></span> <span class='ocrx_word' id='word_1_222' title='bbox 1756 3944 1990 3992; x_wconf 89' lang='lat' dir='ltr'><strong>corona</strong></span> <span class='ocrx_word' id='word_1_223' title='bbox 2019 3929 2261 4012; x_wconf 85' lang='lat' dir='ltr'><strong>spinea,</strong></span> 
     </span>
     <span class='ocr_line' id='line_1_34' title="bbox 730 4033 2266 4116; baseline 0.005 -20"><span class='ocrx_word' id='word_1_224' title='bbox 730 4036 902 4097; x_wconf 88' lang='lat' dir='ltr'><strong>veste</strong></span> <span class='ocrx_word' id='word_1_225' title='bbox 934 4049 1295 4116; x_wconf 87' lang='lat' dir='ltr'><strong>purpurea,</strong></span> <span class='ocrx_word' id='word_1_226' title='bbox 1325 4033 1636 4098; x_wconf 87' lang='lat' dir='ltr'><strong>arundine</strong></span> <span class='ocrx_word' id='word_1_227' title='bbox 1672 4033 1980 4102; x_wconf 88' lang='lat' dir='ltr'><strong>illuditur.</strong></span> <span class='ocrx_word' id='word_1_228' title='bbox 2022 4038 2266 4104; x_wconf 87' lang='lat' dir='ltr'><strong>Corona</strong></span> 
     </span>
    </p>
   </div>
   <div class='ocr_carea' id='block_1_9' title="bbox 595 4138 2264 4226">
    <p class='ocr_par' dir='ltr' id='par_1_9' title="bbox 595 4138 2264 4226">
     <span class='ocr_line' id='line_1_35' title="bbox 595 4138 2264 4226; baseline 0.005 -23"><span class='ocrx_word' id='word_1_229' title='bbox 595 4207 598 4210; x_wconf 72' lang='grc'><strong>,</strong></span> <span class='ocrx_word' id='word_1_230' title='bbox 728 4142 824 4204; x_wconf 83' lang='lat' dir='ltr'><strong>est</strong></span> <span class='ocrx_word' id='word_1_231' title='bbox 852 4138 1298 4204; x_wconf 86' lang='lat' dir='ltr'><strong>excellentium</strong></span> <span class='ocrx_word' id='word_1_232' title='bbox 1317 4189 1334 4221; x_wconf 89' lang='lat'><strong>‚</strong></span> <span class='ocrx_word' id='word_1_233' title='bbox 1365 4159 1653 4224; x_wconf 88' lang='lat' dir='ltr'><strong>purpura</strong></span> <span class='ocrx_word' id='word_1_234' title='bbox 1691 4143 2103 4210; x_wconf 87' lang='lat' dir='ltr'><strong>delicatorum</strong></span> <span class='ocrx_word' id='word_1_235' title='bbox 2147 4150 2264 4226; x_wconf 86' lang='lat' dir='ltr'><strong>est,</strong></span> 
     </span>
    </p>
   </div>
   <div class='ocr_carea' id='block_1_10' title="bbox 696 4246 2272 5307">
    <p class='ocr_par' dir='ltr' id='par_1_10' title="bbox 696 4246 2272 5307">
     <span class='ocr_line' id='line_1_36' title="bbox 731 4246 2271 4330; baseline 0.005 -20"><span class='ocrx_word' id='word_1_236' title='bbox 731 4246 979 4311; x_wconf 90' lang='lat' dir='ltr'><strong>arundo</strong></span> <span class='ocrx_word' id='word_1_237' title='bbox 1004 4247 1253 4312; x_wconf 85' lang='lat' dir='ltr'><strong>divitias</strong></span> <span class='ocrx_word' id='word_1_238' title='bbox 1279 4248 1621 4330; x_wconf 82' lang='lat' dir='ltr'><strong>significat.</strong></span> <span class='ocrx_word' id='word_1_239' title='bbox 1655 4250 1735 4315; x_wconf 87' lang='lat' dir='ltr'><strong>Et</strong></span> <span class='ocrx_word' id='word_1_240' title='bbox 1759 4252 1849 4316; x_wconf 87' lang='lat' dir='ltr'><strong>sic</strong></span> <span class='ocrx_word' id='word_1_241' title='bbox 1873 4252 2119 4318; x_wconf 89' lang='lat' dir='ltr'><strong>illusori</strong></span> <span class='ocrx_word' id='word_1_242' title='bbox 2141 4253 2271 4319; x_wconf 89' lang='lat' dir='ltr'><strong>dia-</strong></span> 
     </span>
     <span class='ocr_line' id='line_1_37' title="bbox 731 4353 2262 4447; baseline 0.005 -28"><span class='ocrx_word' id='word_1_243' title='bbox 731 4354 877 4419; x_wconf 88' lang='lat' dir='ltr'><strong>bolo</strong></span> <span class='ocrx_word' id='word_1_244' title='bbox 904 4353 1190 4419; x_wconf 88' lang='lat' dir='ltr'><strong>Christus</strong></span> <span class='ocrx_word' id='word_1_245' title='bbox 1211 4355 1348 4420; x_wconf 83' lang='lat' dir='ltr'><strong>suis</strong></span> <span class='ocrx_word' id='word_1_246' title='bbox 1371 4354 1772 4447; x_wconf 79' lang='lat' dir='ltr'><strong>illusionibus</strong></span> <span class='ocrx_word' id='word_1_247' title='bbox 1796 4359 1998 4425; x_wconf 90' lang='lat' dir='ltr'><strong>illusit</strong></span> <span class='ocrx_word' id='word_1_248' title='bbox 2015 4363 2040 4397; x_wconf 79' lang='lat'><strong>⁶</strong></span> <span class='ocrx_word' id='word_1_249' title='bbox 2067 4382 2082 4426; x_wconf 73' lang='grc' dir='ltr'><strong><em>ε</em></strong></span> <span class='ocrx_word' id='word_1_250' title='bbox 2125 4384 2154 4423; x_wconf 77' lang='grc' dir='ltr'><strong>α</strong></span> <span class='ocrx_word' id='word_1_251' title='bbox 2178 4360 2262 4426; x_wconf 92' lang='lat' dir='ltr'><strong>ll·-</strong></span> 
     </span>
     <span class='ocr_line' id='line_1_38' title="bbox 730 4460 1491 4544; baseline -0.004 -18"><span class='ocrx_word' id='word_1_252' title='bbox 730 4460 977 4526; x_wconf 82' lang='lat' dir='ltr'><strong>lusores</strong></span> <span class='ocrx_word' id='word_1_253' title='bbox 1001 4462 1137 4544; x_wconf 88' lang='lat' dir='ltr'><strong>ipse</strong></span> <span class='ocrx_word' id='word_1_254' title='bbox 1162 4462 1437 4527; x_wconf 86' lang='lat' dir='ltr'><strong>deludet.</strong></span> <span class='ocrx_word' id='word_1_255' title='bbox 1459 4483 1491 4523; x_wconf 73' lang='lat' dir='ltr'><strong>n</strong></span> 
     </span>
     <span class='ocr_line' id='line_1_39' title="bbox 815 4568 2264 4655; baseline 0.007 -22"><span class='ocrx_word' id='word_1_256' title='bbox 815 4569 902 4633; x_wconf 89' lang='lat' dir='ltr'><strong>De</strong></span> <span class='ocrx_word' id='word_1_257' title='bbox 927 4569 1186 4633; x_wconf 76' lang='lat' dir='ltr'><strong>tertio⁷t</strong></span> <span class='ocrx_word' id='word_1_258' title='bbox 1229 4590 1260 4630; x_wconf 73' lang='grc'><strong>1</strong></span> <span class='ocrx_word' id='word_1_259' title='bbox 1276 4568 1375 4634; x_wconf 91' lang='lat' dir='ltr'><strong>En</strong></span> <span class='ocrx_word' id='word_1_260' title='bbox 1399 4569 1625 4635; x_wconf 86' lang='lat' dir='ltr'><strong>famuli</strong></span> <span class='ocrx_word' id='word_1_261' title='bbox 1651 4573 1748 4637; x_wconf 90' lang='lat' dir='ltr'><strong>tui</strong></span> <span class='ocrx_word' id='word_1_262' title='bbox 1772 4573 2048 4655; x_wconf 87' lang='lat' dir='ltr'><strong>flagellis</strong></span> <span class='ocrx_word' id='word_1_263' title='bbox 2075 4577 2264 4643; x_wconf 83' lang='lat' dir='ltr'><strong>caedi-</strong></span> 
     </span>
     <span class='ocr_line' id='line_1_40' title="bbox 737 4669 2271 4768; baseline 0.007 -27"><span class='ocrx_word' id='word_1_264' title='bbox 737 4694 906 4741; x_wconf 89' lang='lat' dir='ltr'><strong>mur.</strong></span> <span class='ocrx_word' id='word_1_265' title='bbox 941 4697 973 4736; x_wconf 72' lang='lat' dir='ltr'><strong>n</strong></span> <span class='ocrx_word' id='word_1_266' title='bbox 1030 4676 1275 4742; x_wconf 87' lang='lat' dir='ltr'><strong>Pharao</strong></span> <span class='ocrx_word' id='word_1_267' title='bbox 1331 4676 1657 4743; x_wconf 84' lang='lat' dir='ltr'><strong>diabolum</strong></span> <span class='ocrx_word' id='word_1_268' title='bbox 1709 4680 2058 4763; x_wconf 83' lang='lat' dir='ltr'><strong>significat,</strong></span> <span class='ocrx_word' id='word_1_269' title='bbox 2114 4669 2271 4768; x_wconf 78' lang='lat' dir='ltr'><strong>quia</strong></span> 
     </span>
     <span class='ocr_line' id='line_1_41' title="bbox 737 4784 2272 4868; baseline 0.007 -19"><span class='ocrx_word' id='word_1_270' title='bbox 737 4784 1010 4868; x_wconf 87' lang='lat' dir='ltr'><strong>flagellis</strong></span> <span class='ocrx_word' id='word_1_271' title='bbox 1033 4784 1472 4850; x_wconf 83' lang='lat' dir='ltr'><strong>tribulationes</strong></span> <span class='ocrx_word' id='word_1_272' title='bbox 1500 4785 1732 4851; x_wconf 87' lang='lat' dir='ltr'><strong>multos</strong></span> <span class='ocrx_word' id='word_1_273' title='bbox 1760 4788 1879 4853; x_wconf 91' lang='lat' dir='ltr'><strong>sibi</strong></span> <span class='ocrx_word' id='word_1_274' title='bbox 1902 4792 2144 4857; x_wconf 85' lang='lat' dir='ltr'><strong>servire</strong></span> <span class='ocrx_word' id='word_1_275' title='bbox 2169 4812 2272 4858; x_wconf 87' lang='lat' dir='ltr'><strong>co·</strong></span> 
     </span>
     <span class='ocr_line' id='line_1_42' title="bbox 738 4893 2272 4980; baseline 0.007 -23"><span class='ocrx_word' id='word_1_276' title='bbox 738 4895 869 4977; x_wconf 91' lang='lat' dir='ltr'><strong>git,</strong></span> <span class='ocrx_word' id='word_1_277' title='bbox 901 4894 1057 4959; x_wconf 91' lang='lat' dir='ltr'><strong>dum</strong></span> <span class='ocrx_word' id='word_1_278' title='bbox 1081 4896 1339 4976; x_wconf 88' lang='lat' dir='ltr'><strong>propter</strong></span> <span class='ocrx_word' id='word_1_279' title='bbox 1370 4893 1653 4977; x_wconf 76' lang='lat' dir='ltr'><strong>inopiam</strong></span> <span class='ocrx_word' id='word_1_280' title='bbox 1678 4895 1787 4960; x_wconf 91' lang='lat' dir='ltr'><strong>alii</strong></span> <span class='ocrx_word' id='word_1_281' title='bbox 1807 4899 2139 4980; x_wconf 84' lang='lat' dir='ltr'><strong>furantur,</strong></span> <span class='ocrx_word' id='word_1_282' title='bbox 2167 4903 2272 4977; x_wconf 73' lang='lat' dir='ltr'><strong>vel</strong></span> 
     </span>
     <span class='ocr_line' id='line_1_43' title="bbox 696 5002 2267 5089; baseline 0.006 -24"><span class='ocrx_word' id='word_1_283' title='bbox 696 5004 924 5086; x_wconf 76' lang='lat' dir='ltr'><strong>&lt;pejus</strong></span> <span class='ocrx_word' id='word_1_284' title='bbox 962 5002 1205 5066; x_wconf 82' lang='lat' dir='ltr'><strong>faciunt</strong></span> <span class='ocrx_word' id='word_1_285' title='bbox 1220 5025 1238 5081; x_wconf 93' lang='lat'>;</span> <span class='ocrx_word' id='word_1_286' title='bbox 1269 5002 1375 5065; x_wconf 88' lang='lat' dir='ltr'><strong>alii</strong></span> <span class='ocrx_word' id='word_1_287' title='bbox 1417 5006 1678 5087; x_wconf 86' lang='lat' dir='ltr'><strong>propter</strong></span> <span class='ocrx_word' id='word_1_288' title='bbox 1722 5008 2054 5089; x_wconf 81' lang='lat' dir='ltr'><strong>angustias</strong></span> <span class='ocrx_word' id='word_1_289' title='bbox 2100 5010 2267 5075; x_wconf 88' lang='lat' dir='ltr'><strong>blas-</strong></span> 
     </span>
     <span class='ocr_line' id='line_1_44' title="bbox 740 5097 2265 5193; baseline 0.005 -19"><span class='ocrx_word' id='word_1_290' title='bbox 740 5110 1075 5193; x_wconf 84' lang='lat' dir='ltr'><strong>phemant3</strong></span> <span class='ocrx_word' id='word_1_291' title='bbox 1110 5109 1218 5175; x_wconf 89' lang='lat' dir='ltr'><strong>alii</strong></span> <span class='ocrx_word' id='word_1_292' title='bbox 1244 5113 1502 5193; x_wconf 85' lang='lat' dir='ltr'><strong>propter</strong></span> <span class='ocrx_word' id='word_1_293' title='bbox 1527 5097 1797 5193; x_wconf 76' lang='lat' dir='ltr'><strong>injurias</strong></span> <span class='ocrx_word' id='word_1_294' title='bbox 1818 5113 2041 5179; x_wconf 91' lang='lat' dir='ltr'><strong>odiunt</strong></span> <span class='ocrx_word' id='word_1_295' title='bbox 2068 5120 2134 5180; x_wconf 86' lang='lat' dir='ltr'><strong>et</strong></span> <span class='ocrx_word' id='word_1_296' title='bbox 2159 5135 2265 5181; x_wconf 92' lang='lat' dir='ltr'><strong>oc-</strong></span> 
     </span>
     <span class='ocr_line' id='line_1_45' title="bbox 739 5216 2272 5307; baseline 0.005 -25"><span class='ocrx_word' id='word_1_297' title='bbox 739 5217 980 5282; x_wconf 89' lang='lat' dir='ltr'><strong>cidunt.</strong></span> <span class='ocrx_word' id='word_1_298' title='bbox 1001 5217 1177 5284; x_wconf 89' lang='lat' dir='ltr'><strong>Unde</strong></span> <span class='ocrx_word' id='word_1_299' title='bbox 1202 5216 1583 5301; x_wconf 82' lang='lat' dir='ltr'><strong>quibusdam</strong></span> <span class='ocrx_word' id='word_1_300' title='bbox 1617 5221 1931 5302; x_wconf 83' lang='lat' dir='ltr'><strong>perversis</strong></span> <span class='ocrx_word' id='word_1_301' title='bbox 1966 5226 2272 5307; x_wconf 88' lang='lat' dir='ltr'><strong>tanquam</strong></span> 
     </span>
    </p>
   </div>
   <div class='ocr_carea' id='block_1_11' title="bbox 740 5415 2273 5557">
    <p class='ocr_par' dir='ltr' id='par_1_11' title="bbox 740 5415 2271 5545">
     <span class='ocr_line' id='line_1_46' title="bbox 801 5415 2271 5489; baseline 0.004 -21.171"><span class='ocrx_word' id='word_1_302' title='bbox 801 5415 1029 5478; x_wconf 65' lang='lat' dir='ltr'><strong>¹„Hare</strong></span> <span class='ocrx_word' id='word_1_303' title='bbox 1063 5425 1151 5481; x_wconf 71' lang='grc' dir='ltr'><strong>κν,</strong></span> <span class='ocrx_word' id='word_1_304' title='bbox 1192 5419 1268 5468; x_wconf 83' lang='grc'><strong>10.</strong></span> <span class='ocrx_word' id='word_1_305' title='bbox 1294 5415 1587 5481; x_wconf 69' lang='lat' dir='ltr'><strong>—21bid.,</strong></span> <span class='ocrx_word' id='word_1_306' title='bbox 1628 5420 1703 5469; x_wconf 78' lang='lat'><strong>15.</strong></span> <span class='ocrx_word' id='word_1_307' title='bbox 1745 5446 1800 5456; x_wconf 93' lang='lat'><strong>—</strong></span> <span class='ocrx_word' id='word_1_308' title='bbox 1830 5419 1853 5456; x_wconf 83' lang='lat'>⁸</span> <span class='ocrx_word' id='word_1_309' title='bbox 1889 5420 2271 5489; x_wconf 74' lang='lat' dir='ltr'><strong>Psal.1.xxvm,</strong></span> 
     </span>
     <span class='ocr_line' id='line_1_47' title="bbox 740 5487 2273 5557; baseline 0.006 -21"><span class='ocrx_word' id='word_1_310' title='bbox 740 5487 916 5536; x_wconf 72' lang='lat'><strong>4.-⁴</strong></span> <span class='ocrx_word' id='word_1_311' title='bbox 947 5488 1129 5537; x_wconf 74' lang='lat' dir='ltr'><strong>lPetr.</strong></span> <span class='ocrx_word' id='word_1_312' title='bbox 1178 5488 1662 5554; x_wconf 73' lang='lat' dir='ltr'><strong>v,.s-⁸Mau11.‚</strong></span> <span class='ocrx_word' id='word_1_313' title='bbox 1684 5502 1836 5557; x_wconf 83' lang='lat' dir='ltr'><strong>xxm</strong></span> <span class='ocrx_word' id='word_1_314' title='bbox 1860 5492 2076 5542; x_wconf 75' lang='grc'><strong>27-</strong></span> <span class='ocrx_word' id='word_1_315' title='bbox 2105 5493 2273 5556; x_wconf 73' lang='lat' dir='ltr'><strong>prov„</strong></span> 
     </span>
    </p>
   </div>
   <div class='ocr_carea' id='block_1_12' title="bbox 741 5499 2268 5630">
    <p class='ocr_par' dir='ltr' id='par_1_12' title="bbox 741 5499 2268 5630">
     <span class='ocr_line' id='line_1_48' title="bbox 741 5499 2268 5630; baseline 0.005 -22"><span class='ocrx_word' id='word_1_316' title='bbox 741 5569 824 5623; x_wconf 86' lang='grc' dir='ltr'><strong>ιιι,</strong></span> <span class='ocrx_word' id='word_1_317' title='bbox 852 5560 932 5611; x_wconf 77' lang='lat'><strong>34.</strong></span> <span class='ocrx_word' id='word_1_318' title='bbox 960 5584 1020 5596; x_wconf 95' lang='lat'><strong>—-</strong></span> <span class='ocrx_word' id='word_1_319' title='bbox 1057 5499 1286 5623; x_wconf 69' lang='grc' dir='ltr'><strong>7Ε’ωοῖί.,</strong></span> <span class='ocrx_word' id='word_1_320' title='bbox 1317 5571 1366 5626; x_wconf 86' lang='lat' dir='ltr'><strong>v,</strong></span> <span class='ocrx_word' id='word_1_321' title='bbox 1415 5562 1631 5613; x_wconf 78' lang='lat'><strong>16.--⁸</strong></span> <span class='ocrx_word' id='word_1_322' title='bbox 1651 5562 1845 5630; x_wconf 77' lang='lat' dir='ltr'><strong>Job,v,</strong></span> <span class='ocrx_word' id='word_1_323' title='bbox 1878 5567 1959 5618; x_wconf 81' lang='lat'><strong>21.</strong></span> <span class='ocrx_word' id='word_1_324' title='bbox 1992 5589 2055 5603; x_wconf 90' lang='lat'><strong>--</strong></span> <span class='ocrx_word' id='word_1_325' title='bbox 2080 5564 2268 5618; x_wconf 71' lang='lat' dir='ltr'><strong>¹’.Psal</strong></span> 
     </span>
    </p>
   </div>
   <div class='ocr_carea' id='block_1_13' title="bbox 1804 564 2797 666">
    <p class='ocr_par' dir='ltr' id='par_1_13' title="bbox 1804 564 2797 666">
     <span class='ocr_line' id='line_1_49' title="bbox 1804 564 2797 666; baseline 0.004 -36"><span class='ocrx_word' id='word_1_326' title='bbox 1804 564 2220 632; x_wconf 78' lang='lat' dir='ltr'><strong>SERMONES</strong></span> <span class='ocrx_word' id='word_1_327' title='bbox 2264 567 2363 634; x_wconf 87' lang='lat' dir='ltr'><strong>DE</strong></span> <span class='ocrx_word' id='word_1_328' title='bbox 2404 568 2797 666; x_wconf 68' lang='lat' dir='ltr'><strong>TEMPORE.</strong></span> 
     </span>
    </p>
   </div>
   <div class='ocr_carea' id='block_1_14' title="bbox 2350 703 3922 4872">
    <p class='ocr_par' dir='ltr' id='par_1_14' title="bbox 2350 703 3899 2913">
     <span class='ocr_line' id='line_1_50' title="bbox 2350 703 3860 792; baseline 0.007 -24"><span class='ocrx_word' id='word_1_329' title='bbox 2350 703 2618 786; x_wconf 87' lang='lat' dir='ltr'><strong>flagellis</strong></span> <span class='ocrx_word' id='word_1_330' title='bbox 2642 704 2847 770; x_wconf 87' lang='lat' dir='ltr'><strong>utitur</strong></span> <span class='ocrx_word' id='word_1_331' title='bbox 2871 705 3196 772; x_wconf 84' lang='lat' dir='ltr'><strong>diabolus:</strong></span> <span class='ocrx_word' id='word_1_332' title='bbox 3227 712 3289 772; x_wconf 94' lang='lat' dir='ltr'><strong>et</strong></span> <span class='ocrx_word' id='word_1_333' title='bbox 3315 707 3547 792; x_wconf 87' lang='lat' dir='ltr'><strong>lingua</strong></span> <span class='ocrx_word' id='word_1_334' title='bbox 3568 712 3731 777; x_wconf 83' lang='lat' dir='ltr'><strong>mala</strong></span> <span class='ocrx_word' id='word_1_335' title='bbox 3752 713 3860 778; x_wconf 83' lang='lat' dir='ltr'><strong>uti-</strong></span> 
     </span>
     <span class='ocr_line' id='line_1_51' title="bbox 2350 811 3859 899; baseline 0.006 -24"><span class='ocrx_word' id='word_1_336' title='bbox 2350 829 2478 893; x_wconf 85' lang='lat' dir='ltr'><strong>que</strong></span> <span class='ocrx_word' id='word_1_337' title='bbox 2506 811 2834 893; x_wconf 91' lang='lat' dir='ltr'><strong>flagellum</strong></span> <span class='ocrx_word' id='word_1_338' title='bbox 2875 812 3106 878; x_wconf 89' lang='lat' dir='ltr'><strong>diaboli</strong></span> <span class='ocrx_word' id='word_1_339' title='bbox 3131 817 3303 880; x_wconf 77' lang='lat' dir='ltr'><strong>est⁸z</strong></span> <span class='ocrx_word' id='word_1_340' title='bbox 3340 836 3374 877; x_wconf 75' lang='grc' dir='ltr'><strong>ι</strong></span> <span class='ocrx_word' id='word_1_341' title='bbox 3398 815 3455 880; x_wconf 88' lang='lat' dir='ltr'><strong>A</strong></span> <span class='ocrx_word' id='word_1_342' title='bbox 3470 817 3723 899; x_wconf 89' lang='lat' dir='ltr'><strong>flagello</strong></span> <span class='ocrx_word' id='word_1_343' title='bbox 3747 819 3859 884; x_wconf 90' lang='lat' dir='ltr'><strong>lin·</strong></span> 
     </span>
     <span class='ocr_line' id='line_1_52' title="bbox 2355 921 3865 1009; baseline 0.006 -26"><span class='ocrx_word' id='word_1_344' title='bbox 2355 938 2508 1001; x_wconf 82' lang='lat' dir='ltr'><strong>guae</strong></span> <span class='ocrx_word' id='word_1_345' title='bbox 2584 921 3054 986; x_wconf 75' lang='lat' dir='ltr'><strong>absconderis.»</strong></span> <span class='ocrx_word' id='word_1_346' title='bbox 3116 921 3344 989; x_wconf 85' lang='lat' dir='ltr'><strong>Contra</strong></span> <span class='ocrx_word' id='word_1_347' title='bbox 3420 925 3559 991; x_wconf 77' lang='lat' dir='ltr'><strong>haec</strong></span> <span class='ocrx_word' id='word_1_348' title='bbox 3622 928 3865 1009; x_wconf 88' lang='lat' dir='ltr'><strong>flagella</strong></span> 
     </span>
     <span class='ocr_line' id='line_1_53' title="bbox 2353 1007 3865 1114; baseline 0.007 -25"><span class='ocrx_word' id='word_1_349' title='bbox 2353 1023 2637 1091; x_wconf 85' lang='lat' dir='ltr'><strong>Christus</strong></span> <span class='ocrx_word' id='word_1_350' title='bbox 2661 1007 3017 1109; x_wconf 83' lang='lat' dir='ltr'><strong>flagellatus</strong></span> <span class='ocrx_word' id='word_1_351' title='bbox 3043 1033 3164 1107; x_wconf 83' lang='lat' dir='ltr'><strong>est,</strong></span> <span class='ocrx_word' id='word_1_352' title='bbox 3190 1034 3267 1094; x_wconf 90' lang='lat' dir='ltr'><strong>ut</strong></span> <span class='ocrx_word' id='word_1_353' title='bbox 3296 1034 3357 1095; x_wconf 90' lang='lat' dir='ltr'><strong>te</strong></span> <span class='ocrx_word' id='word_1_354' title='bbox 3382 1050 3422 1096; x_wconf 88' lang='lat' dir='ltr'><strong>a</strong></span> <span class='ocrx_word' id='word_1_355' title='bbox 3456 1013 3723 1114; x_wconf 83' lang='lat' dir='ltr'><strong>flagellis</strong></span> <span class='ocrx_word' id='word_1_356' title='bbox 3745 1035 3865 1100; x_wconf 81' lang='lat' dir='ltr'><strong>dae-</strong></span> 
     </span>
     <span class='ocr_line' id='line_1_54' title="bbox 2354 1135 3871 1222; baseline 0.006 -25"><span class='ocrx_word' id='word_1_357' title='bbox 2354 1152 2621 1199; x_wconf 90' lang='lat' dir='ltr'><strong>monum</strong></span> <span class='ocrx_word' id='word_1_358' title='bbox 2642 1141 2911 1200; x_wconf 89' lang='lat' dir='ltr'><strong>erueret.</strong></span> <span class='ocrx_word' id='word_1_359' title='bbox 2931 1135 3091 1201; x_wconf 88' lang='lat' dir='ltr'><strong>Nota</strong></span> <span class='ocrx_word' id='word_1_360' title='bbox 3103 1138 3273 1220; x_wconf 87' lang='lat' dir='ltr'><strong>quod</strong></span> <span class='ocrx_word' id='word_1_361' title='bbox 3300 1138 3587 1204; x_wconf 86' lang='lat' dir='ltr'><strong>diabolus</strong></span> <span class='ocrx_word' id='word_1_362' title='bbox 3608 1141 3871 1222; x_wconf 84' lang='lat' dir='ltr'><strong>flagellis</strong></span> 
     </span>
     <span class='ocr_line' id='line_1_55' title="bbox 2355 1242 3868 1328; baseline 0.005 -24"><span class='ocrx_word' id='word_1_363' title='bbox 2355 1242 2487 1305; x_wconf 89' lang='lat' dir='ltr'><strong>suis</strong></span> <span class='ocrx_word' id='word_1_364' title='bbox 2548 1242 2792 1307; x_wconf 90' lang='lat' dir='ltr'><strong>inducit</strong></span> <span class='ocrx_word' id='word_1_365' title='bbox 2849 1243 3227 1326; x_wconf 82' lang='lat' dir='ltr'><strong>pronitatem</strong></span> <span class='ocrx_word' id='word_1_366' title='bbox 3258 1293 3277 1322; x_wconf 90' lang='lat'><strong>‚</strong></span> <span class='ocrx_word' id='word_1_367' title='bbox 3330 1245 3868 1328; x_wconf 84' lang='lat' dir='ltr'><strong>multiplicitatem,</strong></span> 
     </span>
     <span class='ocr_line' id='line_1_56' title="bbox 2354 1348 3875 1435; baseline 0.005 -22"><span class='ocrx_word' id='word_1_368' title='bbox 2354 1348 2834 1414; x_wconf 86' lang='lat' dir='ltr'><strong>diuturnitatem</strong></span> <span class='ocrx_word' id='word_1_369' title='bbox 2864 1352 2934 1415; x_wconf 90' lang='lat' dir='ltr'><strong>in</strong></span> <span class='ocrx_word' id='word_1_370' title='bbox 2962 1352 3253 1435; x_wconf 87' lang='lat' dir='ltr'><strong>peccatis.</strong></span> <span class='ocrx_word' id='word_1_371' title='bbox 3282 1351 3429 1417; x_wconf 91' lang='lat' dir='ltr'><strong>ldeo</strong></span> <span class='ocrx_word' id='word_1_372' title='bbox 3452 1352 3737 1418; x_wconf 89' lang='lat' dir='ltr'><strong>Christus</strong></span> <span class='ocrx_word' id='word_1_373' title='bbox 3758 1403 3776 1433; x_wconf 85' lang='lat'>‚</span> <span class='ocrx_word' id='word_1_374' title='bbox 3801 1357 3875 1420; x_wconf 90' lang='lat' dir='ltr'><strong>ad</strong></span> 
     </span>
     <span class='ocr_line' id='line_1_57' title="bbox 2358 1455 3878 1545; baseline 0.003 -24"><span class='ocrx_word' id='word_1_375' title='bbox 2358 1455 2865 1521; x_wconf 86' lang='lat' dir='ltr'><strong>satisfaciendum</strong></span> <span class='ocrx_word' id='word_1_376' title='bbox 2891 1462 3109 1523; x_wconf 84' lang='lat' dir='ltr'><strong>eontra</strong></span> <span class='ocrx_word' id='word_1_377' title='bbox 3136 1460 3538 1541; x_wconf 84' lang='lat' dir='ltr'><strong>pronitatem,</strong></span> <span class='ocrx_word' id='word_1_378' title='bbox 3555 1467 3878 1545; x_wconf 88' lang='lat' dir='ltr'><strong>promptus</strong></span> 
     </span>
     <span class='ocr_line' id='line_1_58' title="bbox 2357 1563 3880 1652; baseline 0.005 -25"><span class='ocrx_word' id='word_1_379' title='bbox 2357 1563 2481 1628; x_wconf 83' lang='lat' dir='ltr'><strong>ruit</strong></span> <span class='ocrx_word' id='word_1_380' title='bbox 2523 1563 2604 1628; x_wconf 91' lang='lat' dir='ltr'><strong>ad</strong></span> <span class='ocrx_word' id='word_1_381' title='bbox 2630 1563 2901 1645; x_wconf 86' lang='lat' dir='ltr'><strong>flagella.</strong></span> <span class='ocrx_word' id='word_1_382' title='bbox 2933 1569 2958 1606; x_wconf 74' lang='lat'><em>⁶</em></span> <span class='ocrx_word' id='word_1_383' title='bbox 2990 1565 3183 1648; x_wconf 75' lang='lat' dir='ltr'><strong>«Ego</strong></span> <span class='ocrx_word' id='word_1_384' title='bbox 3222 1568 3291 1631; x_wconf 92' lang='lat' dir='ltr'><strong>in</strong></span> <span class='ocrx_word' id='word_1_385' title='bbox 3332 1568 3594 1650; x_wconf 85' lang='lat' dir='ltr'><strong>flagella</strong></span> <span class='ocrx_word' id='word_1_386' title='bbox 3635 1573 3880 1652; x_wconf 86' lang='lat' dir='ltr'><strong>paratus</strong></span> 
     </span>
     <span class='ocr_line' id='line_1_59' title="bbox 2359 1669 3879 1757; baseline 0.005 -24"><span class='ocrx_word' id='word_1_387' title='bbox 2359 1687 2529 1734; x_wconf 87' lang='lat' dir='ltr'><strong>sum.</strong></span> <span class='ocrx_word' id='word_1_388' title='bbox 2550 1691 2582 1730; x_wconf 73' lang='grc' dir='ltr'><strong>υ</strong></span> <span class='ocrx_word' id='word_1_389' title='bbox 2619 1669 2777 1735; x_wconf 87' lang='lat' dir='ltr'><strong>Item</strong></span> <span class='ocrx_word' id='word_1_390' title='bbox 2802 1674 3024 1736; x_wconf 88' lang='lat' dir='ltr'><strong>contra</strong></span> <span class='ocrx_word' id='word_1_391' title='bbox 3049 1672 3576 1756; x_wconf 89' lang='lat' dir='ltr'><strong>multiplicitatem</strong></span> <span class='ocrx_word' id='word_1_392' title='bbox 3605 1681 3879 1757; x_wconf 80' lang='lat' dir='ltr'><strong>peccato·</strong></span> 
     </span>
     <span class='ocr_line' id='line_1_60' title="bbox 2357 1777 3886 1863; baseline 0.005 -23"><span class='ocrx_word' id='word_1_393' title='bbox 2357 1794 2509 1842; x_wconf 90' lang='lat' dir='ltr'><strong>rum</strong></span> <span class='ocrx_word' id='word_1_394' title='bbox 2525 1825 2545 1856; x_wconf 94' lang='lat'><strong>,</strong></span> <span class='ocrx_word' id='word_1_395' title='bbox 2596 1777 3007 1860; x_wconf 85' lang='lat' dir='ltr'><strong>multiplicata</strong></span> <span class='ocrx_word' id='word_1_396' title='bbox 3044 1784 3192 1844; x_wconf 87' lang='lat' dir='ltr'><strong>sunt</strong></span> <span class='ocrx_word' id='word_1_397' title='bbox 3243 1797 3438 1863; x_wconf 88' lang='lat' dir='ltr'><strong>super</strong></span> <span class='ocrx_word' id='word_1_398' title='bbox 3488 1799 3642 1846; x_wconf 90' lang='lat' dir='ltr'><strong>eum</strong></span> <span class='ocrx_word' id='word_1_399' title='bbox 3696 1783 3886 1848; x_wconf 83' lang='lat' dir='ltr'><strong>verba</strong></span> 
     </span>
     <span class='ocr_line' id='line_1_61' title="bbox 2359 1885 3887 1972; baseline 0.005 -24"><span class='ocrx_word' id='word_1_400' title='bbox 2359 1885 2764 1968; x_wconf 86' lang='lat' dir='ltr'><strong>flagellorum</strong></span> <span class='ocrx_word' id='word_1_401' title='bbox 2782 1886 2871 1949; x_wconf 77' lang='lat'><strong>¹⁶:</strong></span> <span class='ocrx_word' id='word_1_402' title='bbox 2911 1908 2944 1946; x_wconf 73' lang='grc' dir='ltr'>α</span> <span class='ocrx_word' id='word_1_403' title='bbox 2959 1885 3365 1970; x_wconf 81' lang='lat' dir='ltr'><strong>Multiplicata</strong></span> <span class='ocrx_word' id='word_1_404' title='bbox 3388 1892 3538 1954; x_wconf 90' lang='lat' dir='ltr'><strong>sunt</strong></span> <span class='ocrx_word' id='word_1_405' title='bbox 3566 1906 3763 1972; x_wconf 90' lang='lat' dir='ltr'><strong>super</strong></span> <span class='ocrx_word' id='word_1_406' title='bbox 3792 1908 3887 1955; x_wconf 89' lang='lat' dir='ltr'><strong>me</strong></span> 
     </span>
     <span class='ocr_line' id='line_1_62' title="bbox 2358 1992 3890 2075; baseline 0.002 -18"><span class='ocrx_word' id='word_1_407' title='bbox 2358 1992 2640 2074; x_wconf 89' lang='lat' dir='ltr'><strong>flagella.</strong></span> <span class='ocrx_word' id='word_1_408' title='bbox 2661 2015 2693 2053; x_wconf 73' lang='grc' dir='ltr'><strong>ι</strong></span> <span class='ocrx_word' id='word_1_409' title='bbox 2744 1992 2903 2058; x_wconf 84' lang='lat' dir='ltr'><strong>Item</strong></span> <span class='ocrx_word' id='word_1_410' title='bbox 2957 1998 3174 2059; x_wconf 87' lang='lat' dir='ltr'><strong>contra</strong></span> <span class='ocrx_word' id='word_1_411' title='bbox 3227 1994 3747 2075; x_wconf 84' lang='lat' dir='ltr'><strong>diuturnitatem,</strong></span> <span class='ocrx_word' id='word_1_412' title='bbox 3785 1995 3890 2061; x_wconf 91' lang='lat' dir='ltr'><strong>diu</strong></span> 
     </span>
     <span class='ocr_line' id='line_1_63' title="bbox 2358 2100 3889 2183; baseline 0.002 -18"><span class='ocrx_word' id='word_1_413' title='bbox 2358 2100 2721 2183; x_wconf 87' lang='lat' dir='ltr'><strong>flagellatus</strong></span> <span class='ocrx_word' id='word_1_414' title='bbox 2749 2104 2846 2166; x_wconf 88' lang='lat' dir='ltr'><strong>est</strong></span> <span class='ocrx_word' id='word_1_415' title='bbox 2880 2101 3249 2167; x_wconf 85' lang='lat' dir='ltr'><strong>verberibus</strong></span> <span class='ocrx_word' id='word_1_416' title='bbox 3274 2107 3338 2166; x_wconf 90' lang='lat' dir='ltr'><strong>et</strong></span> <span class='ocrx_word' id='word_1_417' title='bbox 3362 2102 3580 2168; x_wconf 79' lang='lat' dir='ltr'><strong>verbis</strong></span> <span class='ocrx_word' id='word_1_418' title='bbox 3603 2104 3692 2167; x_wconf 80' lang='lat'><strong>²¹:</strong></span> <span class='ocrx_word' id='word_1_419' title='bbox 3731 2102 3889 2168; x_wconf 73' lang='lat' dir='ltr'><strong>«Fui</strong></span> 
     </span>
     <span class='ocr_line' id='line_1_64' title="bbox 2361 2206 3891 2291; baseline 0.001 -20"><span class='ocrx_word' id='word_1_420' title='bbox 2361 2207 2722 2289; x_wconf 87' lang='lat' dir='ltr'><strong>flagellatus</strong></span> <span class='ocrx_word' id='word_1_421' title='bbox 2752 2210 2883 2271; x_wconf 90' lang='lat' dir='ltr'><strong>tota</strong></span> <span class='ocrx_word' id='word_1_422' title='bbox 2919 2207 3043 2273; x_wconf 86' lang='lat' dir='ltr'><strong>die.</strong></span> <span class='ocrx_word' id='word_1_423' title='bbox 3065 2227 3097 2267; x_wconf 68' lang='grc' dir='ltr'><strong>ι</strong></span> <span class='ocrx_word' id='word_1_424' title='bbox 3130 2206 3427 2290; x_wconf 83' lang='lat' dir='ltr'><strong>Flagellis</strong></span> <span class='ocrx_word' id='word_1_425' title='bbox 3452 2207 3627 2273; x_wconf 89' lang='lat' dir='ltr'><strong>enim</strong></span> <span class='ocrx_word' id='word_1_426' title='bbox 3652 2209 3891 2291; x_wconf 83' lang='lat' dir='ltr'><strong>linguae</strong></span> 
     </span>
     <span class='ocr_line' id='line_1_65' title="bbox 2362 2314 3888 2397; baseline 0.001 -18"><span class='ocrx_word' id='word_1_427' title='bbox 2362 2314 2718 2396; x_wconf 85' lang='lat' dir='ltr'><strong>flagellatus</strong></span> <span class='ocrx_word' id='word_1_428' title='bbox 2749 2317 2844 2378; x_wconf 87' lang='lat' dir='ltr'><strong>est</strong></span> <span class='ocrx_word' id='word_1_429' title='bbox 2866 2316 2947 2378; x_wconf 89' lang='lat' dir='ltr'><strong>ab</strong></span> <span class='ocrx_word' id='word_1_430' title='bbox 2973 2315 3135 2379; x_wconf 90' lang='lat' dir='ltr'><strong>hora</strong></span> <span class='ocrx_word' id='word_1_431' title='bbox 3157 2314 3541 2397; x_wconf 84' lang='lat' dir='ltr'><strong>captivitatis</strong></span> <span class='ocrx_word' id='word_1_432' title='bbox 3571 2333 3712 2381; x_wconf 80' lang='lat' dir='ltr'><strong>suae</strong></span> <span class='ocrx_word' id='word_1_433' title='bbox 3734 2363 3753 2393; x_wconf 85' lang='lat'>‚</span> <span class='ocrx_word' id='word_1_434' title='bbox 3783 2334 3888 2380; x_wconf 92' lang='lat' dir='ltr'><strong>us·</strong></span> 
     </span>
     <span class='ocr_line' id='line_1_66' title="bbox 2365 2419 3896 2504; baseline 0 -19"><span class='ocrx_word' id='word_1_435' title='bbox 2365 2438 2490 2504; x_wconf 85' lang='lat' dir='ltr'><strong>que</strong></span> <span class='ocrx_word' id='word_1_436' title='bbox 2532 2420 2611 2485; x_wconf 85' lang='lat' dir='ltr'><strong>ad</strong></span> <span class='ocrx_word' id='word_1_437' title='bbox 2654 2421 2881 2486; x_wconf 90' lang='lat' dir='ltr'><strong>horam</strong></span> <span class='ocrx_word' id='word_1_438' title='bbox 2917 2422 3163 2486; x_wconf 88' lang='lat' dir='ltr'><strong>mortis.</strong></span> <span class='ocrx_word' id='word_1_439' title='bbox 3211 2419 3373 2499; x_wconf 88' lang='lat' dir='ltr'><strong>Sed,</strong></span> <span class='ocrx_word' id='word_1_440' title='bbox 3415 2422 3587 2487; x_wconf 78' lang='lat' dir='ltr'><strong>heu!</strong></span> <span class='ocrx_word' id='word_1_441' title='bbox 3637 2441 3680 2486; x_wconf 91' lang='lat' dir='ltr'><strong>a</strong></span> <span class='ocrx_word' id='word_1_442' title='bbox 3717 2421 3896 2487; x_wconf 88' lang='lat' dir='ltr'><strong>malis</strong></span> 
     </span>
     <span class='ocr_line' id='line_1_67' title="bbox 2364 2510 3895 2609; baseline 0 -20"><span class='ocrx_word' id='word_1_443' title='bbox 2364 2523 2732 2589; x_wconf 87' lang='lat' dir='ltr'><strong>Christianis</strong></span> <span class='ocrx_word' id='word_1_444' title='bbox 2750 2524 3018 2605; x_wconf 83' lang='lat' dir='ltr'><strong>flagellis</strong></span> <span class='ocrx_word' id='word_1_445' title='bbox 3042 2524 3366 2607; x_wconf 87' lang='lat' dir='ltr'><strong>pejoribus</strong></span> <span class='ocrx_word' id='word_1_446' title='bbox 3390 2510 3680 2605; x_wconf 64' lang='lat' dir='ltr'><strong>caeditu&#39;r,</strong></span> <span class='ocrx_word' id='word_1_447' title='bbox 3704 2541 3895 2609; x_wconf 85' lang='lat' dir='ltr'><strong>quam</strong></span> 
     </span>
     <span class='ocr_line' id='line_1_68' title="bbox 2365 2630 3897 2715; baseline 0.001 -20"><span class='ocrx_word' id='word_1_448' title='bbox 2365 2650 2404 2695; x_wconf 93' lang='lat' dir='ltr'><strong>a</strong></span> <span class='ocrx_word' id='word_1_449' title='bbox 2437 2631 2471 2697; x_wconf 89' lang='lat' dir='ltr'>J</span> <span class='ocrx_word' id='word_1_450' title='bbox 2478 2632 2694 2697; x_wconf 80' lang='lat' dir='ltr'><strong>udaeiS.</strong></span> <span class='ocrx_word' id='word_1_451' title='bbox 2732 2630 3116 2713; x_wconf 85' lang='lat' dir='ltr'><strong>Flagellatus</strong></span> <span class='ocrx_word' id='word_1_452' title='bbox 3155 2634 3251 2696; x_wconf 88' lang='lat' dir='ltr'><strong>est</strong></span> <span class='ocrx_word' id='word_1_453' title='bbox 3296 2630 3583 2696; x_wconf 83' lang='lat' dir='ltr'><strong>Christus</strong></span> <span class='ocrx_word' id='word_1_454' title='bbox 3623 2632 3897 2715; x_wconf 86' lang='lat' dir='ltr'><strong>flagellis</strong></span> 
     </span>
     <span class='ocr_line' id='line_1_69' title="bbox 2363 2738 3899 2821; baseline 0 -16"><span class='ocrx_word' id='word_1_455' title='bbox 2363 2739 2397 2805; x_wconf 88' lang='lat' dir='ltr'>J</span> <span class='ocrx_word' id='word_1_456' title='bbox 2400 2740 2762 2820; x_wconf 82' lang='lat' dir='ltr'><strong>udaeorum3</strong></span> <span class='ocrx_word' id='word_1_457' title='bbox 2791 2738 3153 2821; x_wconf 87' lang='lat' dir='ltr'><strong>flagellatur</strong></span> <span class='ocrx_word' id='word_1_458' title='bbox 3194 2755 3369 2803; x_wconf 91' lang='lat' dir='ltr'><strong>nunc</strong></span> <span class='ocrx_word' id='word_1_459' title='bbox 3393 2738 3669 2820; x_wconf 79' lang='lat' dir='ltr'><strong>flagellis</strong></span> <span class='ocrx_word' id='word_1_460' title='bbox 3711 2739 3899 2805; x_wconf 83' lang='lat' dir='ltr'><strong>falso-</strong></span> 
     </span>
     <span class='ocr_line' id='line_1_70' title="bbox 2366 2847 3066 2913; baseline -0.001 -1"><span class='ocrx_word' id='word_1_461' title='bbox 2366 2866 2517 2913; x_wconf 89' lang='lat' dir='ltr'><strong>rum</strong></span> <span class='ocrx_word' id='word_1_462' title='bbox 2543 2847 3066 2912; x_wconf 87' lang='lat' dir='ltr'><strong>Christianorum.</strong></span> 
     </span>
    </p>

    <p class='ocr_par' dir='ltr' id='par_1_15' title="bbox 2366 2953 3922 4872">
     <span class='ocr_line' id='line_1_71' title="bbox 2447 2953 3902 3037; baseline 0.001 -18"><span class='ocrx_word' id='word_1_463' title='bbox 2447 2955 2535 3019; x_wconf 89' lang='lat' dir='ltr'><strong>De</strong></span> <span class='ocrx_word' id='word_1_464' title='bbox 2574 2959 2803 3037; x_wconf 86' lang='lat' dir='ltr'><strong>quarto</strong></span> <span class='ocrx_word' id='word_1_465' title='bbox 2832 2955 2878 2991; x_wconf 82' lang='lat'><strong>¹¹</strong></span> <span class='ocrx_word' id='word_1_466' title='bbox 2912 2975 2928 3018; x_wconf 73' lang='grc' dir='ltr'><em>ε</em></span> <span class='ocrx_word' id='word_1_467' title='bbox 2975 2974 3009 3015; x_wconf 75' lang='grc' dir='ltr'><strong>ι</strong></span> <span class='ocrx_word' id='word_1_468' title='bbox 3040 2953 3110 3018; x_wconf 90' lang='lat' dir='ltr'><strong>Si</strong></span> <span class='ocrx_word' id='word_1_469' title='bbox 3137 2956 3318 3037; x_wconf 88' lang='lat' dir='ltr'><strong>pater</strong></span> <span class='ocrx_word' id='word_1_470' title='bbox 3340 2955 3483 3037; x_wconf 79' lang='lat' dir='ltr'><strong>ejus</strong></span> <span class='ocrx_word' id='word_1_471' title='bbox 3530 2954 3807 3037; x_wconf 86' lang='lat' dir='ltr'><strong>spuisset</strong></span> <span class='ocrx_word' id='word_1_472' title='bbox 3837 2955 3902 3021; x_wconf 87' lang='lat' dir='ltr'><strong>in</strong></span> 
     </span>
     <span class='ocr_line' id='line_1_72' title="bbox 2368 3060 3901 3147; baseline 0.001 -21"><span class='ocrx_word' id='word_1_473' title='bbox 2368 3063 2594 3126; x_wconf 89' lang='lat' dir='ltr'><strong>faciem</strong></span> <span class='ocrx_word' id='word_1_474' title='bbox 2620 3064 2795 3144; x_wconf 86' lang='lat' dir='ltr'><strong>ejus,</strong></span> <span class='ocrx_word' id='word_1_475' title='bbox 2825 3078 3037 3125; x_wconf 91' lang='lat' dir='ltr'><strong>nonne</strong></span> <span class='ocrx_word' id='word_1_476' title='bbox 3060 3060 3364 3126; x_wconf 80' lang='lat' dir='ltr'><strong>debuerat</strong></span> <span class='ocrx_word' id='word_1_477' title='bbox 3411 3060 3636 3126; x_wconf 87' lang='lat' dir='ltr'><strong>saltem</strong></span> <span class='ocrx_word' id='word_1_478' title='bbox 3665 3067 3901 3147; x_wconf 84' lang='lat' dir='ltr'><strong>septem</strong></span> 
     </span>
     <span class='ocr_line' id='line_1_73' title="bbox 2366 3167 3905 3254; baseline 0 -18"><span class='ocrx_word' id='word_1_479' title='bbox 2366 3171 2589 3236; x_wconf 87' lang='lat' dir='ltr'><strong>diebus</strong></span> <span class='ocrx_word' id='word_1_480' title='bbox 2636 3170 2871 3234; x_wconf 84' lang='lat' dir='ltr'><strong>rubore</strong></span> <span class='ocrx_word' id='word_1_481' title='bbox 2939 3167 3222 3233; x_wconf 79' lang='lat' dir='ltr'><strong>suffundi</strong></span> <span class='ocrx_word' id='word_1_482' title='bbox 3242 3169 3277 3230; x_wconf 72' lang='lat'><strong>⁸?</strong></span> <span class='ocrx_word' id='word_1_483' title='bbox 3305 3190 3337 3228; x_wconf 71' lang='lat' dir='ltr'><strong>n</strong></span> <span class='ocrx_word' id='word_1_484' title='bbox 3397 3168 3589 3234; x_wconf 86' lang='lat' dir='ltr'><strong>Pater</strong></span> <span class='ocrx_word' id='word_1_485' title='bbox 3637 3169 3905 3254; x_wconf 84' lang='lat' dir='ltr'><strong>leprosae</strong></span> 
     </span>
     <span class='ocr_line' id='line_1_74' title="bbox 2366 3271 3906 3359; baseline 0.001 -17"><span class='ocrx_word' id='word_1_486' title='bbox 2366 3279 2605 3343; x_wconf 82' lang='lat' dir='ltr'><strong>animae</strong></span> <span class='ocrx_word' id='word_1_487' title='bbox 2623 3276 2910 3342; x_wconf 90' lang='lat' dir='ltr'><strong>diabolus</strong></span> <span class='ocrx_word' id='word_1_488' title='bbox 2935 3280 3052 3356; x_wconf 89' lang='lat' dir='ltr'><strong>est,</strong></span> <span class='ocrx_word' id='word_1_489' title='bbox 3077 3275 3190 3359; x_wconf 88' lang='lat' dir='ltr'><strong>qui</strong></span> <span class='ocrx_word' id='word_1_490' title='bbox 3211 3278 3475 3358; x_wconf 88' lang='lat' dir='ltr'><strong>sputum</strong></span> <span class='ocrx_word' id='word_1_491' title='bbox 3496 3276 3686 3342; x_wconf 79' lang='lat' dir='ltr'><strong>malae</strong></span> <span class='ocrx_word' id='word_1_492' title='bbox 3712 3271 3906 3343; x_wconf 80' lang='lat' dir='ltr'><strong>delec&#39;·</strong></span> 
     </span>
     <span class='ocr_line' id='line_1_75' title="bbox 2367 3384 3905 3470; baseline -0.001 -19"><span class='ocrx_word' id='word_1_493' title='bbox 2367 3388 2623 3451; x_wconf 87' lang='lat' dir='ltr'><strong>tationis</strong></span> <span class='ocrx_word' id='word_1_494' title='bbox 2652 3386 2906 3469; x_wconf 88' lang='lat' dir='ltr'><strong>projicit</strong></span> <span class='ocrx_word' id='word_1_495' title='bbox 2930 3384 3001 3448; x_wconf 88' lang='lat' dir='ltr'><strong>in</strong></span> <span class='ocrx_word' id='word_1_496' title='bbox 3045 3384 3329 3448; x_wconf 85' lang='lat' dir='ltr'><strong>animam</strong></span> <span class='ocrx_word' id='word_1_497' title='bbox 3370 3402 3485 3467; x_wconf 89' lang='lat' dir='ltr'><strong>per</strong></span> <span class='ocrx_word' id='word_1_498' title='bbox 3512 3385 3766 3467; x_wconf 85' lang='lat' dir='ltr'><strong>visum,</strong></span> <span class='ocrx_word' id='word_1_499' title='bbox 3799 3404 3905 3470; x_wconf 85' lang='lat' dir='ltr'><strong>per</strong></span> 
     </span>
     <span class='ocr_line' id='line_1_76' title="bbox 2371 3492 3907 3578; baseline 0 -18"><span class='ocrx_word' id='word_1_500' title='bbox 2371 3495 2672 3572; x_wconf 87' lang='lat' dir='ltr'><strong>verbum,</strong></span> <span class='ocrx_word' id='word_1_501' title='bbox 2722 3511 2834 3575; x_wconf 89' lang='lat' dir='ltr'><strong>per</strong></span> <span class='ocrx_word' id='word_1_502' title='bbox 2878 3495 3139 3557; x_wconf 87' lang='lat' dir='ltr'><strong>tactum.</strong></span> <span class='ocrx_word' id='word_1_503' title='bbox 3189 3492 3310 3558; x_wconf 90' lang='lat' dir='ltr'><strong>Per</strong></span> <span class='ocrx_word' id='word_1_504' title='bbox 3352 3493 3565 3558; x_wconf 83' lang='lat' dir='ltr'><strong>visum</strong></span> <span class='ocrx_word' id='word_1_505' title='bbox 3584 3543 3605 3574; x_wconf 93' lang='lat'><strong>,</strong></span> <span class='ocrx_word' id='word_1_506' title='bbox 3650 3493 3907 3578; x_wconf 84' lang='lat' dir='ltr'><strong>quando</strong></span> 
     </span>
     <span class='ocr_line' id='line_1_77' title="bbox 2369 3599 3909 3676; baseline -0.001 -9"><span class='ocrx_word' id='word_1_507' title='bbox 2369 3603 2564 3667; x_wconf 90' lang='lat' dir='ltr'><strong>homo</strong></span> <span class='ocrx_word' id='word_1_508' title='bbox 2594 3602 2818 3666; x_wconf 83' lang='lat' dir='ltr'><strong>faeiem</strong></span> <span class='ocrx_word' id='word_1_509' title='bbox 2856 3619 2985 3666; x_wconf 90' lang='lat' dir='ltr'><strong>non</strong></span> <span class='ocrx_word' id='word_1_510' title='bbox 3013 3599 3284 3676; x_wconf 85' lang='lat' dir='ltr'><strong>avertit,</strong></span> <span class='ocrx_word' id='word_1_511' title='bbox 3314 3617 3398 3665; x_wconf 89' lang='lat' dir='ltr'><strong>ne</strong></span> <span class='ocrx_word' id='word_1_512' title='bbox 3424 3601 3636 3667; x_wconf 80' lang='lat' dir='ltr'><strong>videat</strong></span> <span class='ocrx_word' id='word_1_513' title='bbox 3662 3603 3909 3669; x_wconf 83' lang='lat' dir='ltr'><strong>vanita-</strong></span> 
     </span>
     <span class='ocr_line' id='line_1_78' title="bbox 2369 3706 3905 3792; baseline -0.001 -18"><span class='ocrx_word' id='word_1_514' title='bbox 2369 3715 2501 3774; x_wconf 88' lang='lat' dir='ltr'><strong>tem</strong></span> <span class='ocrx_word' id='word_1_515' title='bbox 2530 3730 2545 3774; x_wconf 75' lang='grc' dir='ltr'><strong>ε</strong></span> <span class='ocrx_word' id='word_1_516' title='bbox 2575 3726 2692 3792; x_wconf 91' lang='lat' dir='ltr'><strong>pro</strong></span> <span class='ocrx_word' id='word_1_517' title='bbox 2721 3725 2850 3791; x_wconf 84' lang='lat' dir='ltr'><strong>quo</strong></span> <span class='ocrx_word' id='word_1_518' title='bbox 2877 3706 3157 3773; x_wconf 86' lang='lat' dir='ltr'><strong>Christus</strong></span> <span class='ocrx_word' id='word_1_519' title='bbox 3180 3707 3517 3790; x_wconf 77' lang='lat' dir='ltr'><strong>satisfecit,</strong></span> <span class='ocrx_word' id='word_1_520' title='bbox 3550 3709 3723 3775; x_wconf 89' lang='lat' dir='ltr'><strong>sicut</strong></span> <span class='ocrx_word' id='word_1_521' title='bbox 3751 3709 3905 3775; x_wconf 89' lang='lat' dir='ltr'><strong>dici-</strong></span> 
     </span>
     <span class='ocr_line' id='line_1_79' title="bbox 2372 3815 3911 3882; baseline 0.001 -2"><span class='ocrx_word' id='word_1_522' title='bbox 2372 3819 2481 3881; x_wconf 86' lang='lat' dir='ltr'><strong>tur</strong></span> <span class='ocrx_word' id='word_1_523' title='bbox 2494 3817 2578 3880; x_wconf 85' lang='lat'><strong>¹⁸:</strong></span> <span class='ocrx_word' id='word_1_524' title='bbox 2620 3815 2918 3881; x_wconf 77' lang='lat' dir='ltr'><strong>«Faciem</strong></span> <span class='ocrx_word' id='word_1_525' title='bbox 2954 3832 3168 3879; x_wconf 90' lang='lat' dir='ltr'><strong>meam</strong></span> <span class='ocrx_word' id='word_1_526' title='bbox 3207 3832 3338 3880; x_wconf 90' lang='lat' dir='ltr'><strong>non</strong></span> <span class='ocrx_word' id='word_1_527' title='bbox 3369 3815 3571 3880; x_wconf 82' lang='lat' dir='ltr'><strong>averti</strong></span> <span class='ocrx_word' id='word_1_528' title='bbox 3592 3817 3678 3882; x_wconf 87' lang='lat' dir='ltr'><strong>ab</strong></span> <span class='ocrx_word' id='word_1_529' title='bbox 3700 3817 3911 3882; x_wconf 88' lang='lat' dir='ltr'><strong>iucre-</strong></span> 
     </span>
     <span class='ocr_line' id='line_1_80' title="bbox 2370 3922 3916 4008; baseline 0.001 -19"><span class='ocrx_word' id='word_1_530' title='bbox 2370 3925 2669 4008; x_wconf 89' lang='lat' dir='ltr'><strong>pantibus</strong></span> <span class='ocrx_word' id='word_1_531' title='bbox 2693 3929 2759 3989; x_wconf 91' lang='lat' dir='ltr'><strong>et</strong></span> <span class='ocrx_word' id='word_1_532' title='bbox 2778 3923 3270 4007; x_wconf 87' lang='lat' dir='ltr'><strong>conspuentibus</strong></span> <span class='ocrx_word' id='word_1_533' title='bbox 3294 3922 3364 3988; x_wconf 88' lang='lat' dir='ltr'><strong>in</strong></span> <span class='ocrx_word' id='word_1_534' title='bbox 3396 3941 3522 3988; x_wconf 89' lang='lat' dir='ltr'><strong>me.</strong></span> <span class='ocrx_word' id='word_1_535' title='bbox 3541 3946 3573 3984; x_wconf 73' lang='grc' dir='ltr'><strong>ιι</strong></span> <span class='ocrx_word' id='word_1_536' title='bbox 3614 3923 3776 3990; x_wconf 75' lang='lat' dir='ltr'><strong>Item</strong></span> <span class='ocrx_word' id='word_1_537' title='bbox 3803 3943 3916 4007; x_wconf 90' lang='lat' dir='ltr'><strong>per</strong></span> 
     </span>
     <span class='ocr_line' id='line_1_81' title="bbox 2372 4030 3914 4116; baseline -0.001 -19"><span class='ocrx_word' id='word_1_538' title='bbox 2372 4031 2817 4097; x_wconf 87' lang='lat' dir='ltr'><strong>contritionem</strong></span> <span class='ocrx_word' id='word_1_539' title='bbox 2865 4030 3300 4095; x_wconf 86' lang='lat' dir='ltr'><strong>innocentium</strong></span> <span class='ocrx_word' id='word_1_540' title='bbox 3336 4030 3377 4066; x_wconf 82' lang='lat'><strong>¹⁸</strong></span> <span class='ocrx_word' id='word_1_541' title='bbox 3412 4052 3429 4095; x_wconf 75' lang='lat' dir='ltr'><em>z</em></span> <span class='ocrx_word' id='word_1_542' title='bbox 3470 4034 3693 4096; x_wconf 87' lang='lat' dir='ltr'><strong>contra</strong></span> <span class='ocrx_word' id='word_1_543' title='bbox 3744 4031 3914 4116; x_wconf 79' lang='lat' dir='ltr'><strong>quod</strong></span> 
     </span>
     <span class='ocr_line' id='line_1_82' title="bbox 2376 4136 3915 4222; baseline -0.001 -15"><span class='ocrx_word' id='word_1_544' title='bbox 2376 4141 2661 4207; x_wconf 84' lang='lat' dir='ltr'><strong>Christus</strong></span> <span class='ocrx_word' id='word_1_545' title='bbox 2680 4139 2748 4202; x_wconf 91' lang='lat' dir='ltr'><strong>in</strong></span> <span class='ocrx_word' id='word_1_546' title='bbox 2774 4137 3048 4203; x_wconf 89' lang='lat' dir='ltr'><strong>secunda</strong></span> <span class='ocrx_word' id='word_1_547' title='bbox 3072 4136 3368 4203; x_wconf 89' lang='lat' dir='ltr'><strong>illusione</strong></span> <span class='ocrx_word' id='word_1_548' title='bbox 3398 4140 3780 4222; x_wconf 86' lang='lat' dir='ltr'><strong>conspuitur</strong></span> <span class='ocrx_word' id='word_1_549' title='bbox 3804 4159 3915 4206; x_wconf 89' lang='lat' dir='ltr'><strong>co-</strong></span> 
     </span>
     <span class='ocr_line' id='line_1_83' title="bbox 2375 4246 3914 4331; baseline 0.001 -20"><span class='ocrx_word' id='word_1_550' title='bbox 2375 4265 2517 4312; x_wconf 88' lang='lat' dir='ltr'><strong>ram</strong></span> <span class='ocrx_word' id='word_1_551' title='bbox 2544 4246 2799 4331; x_wconf 88' lang='lat' dir='ltr'><strong>Caipha,</strong></span> <span class='ocrx_word' id='word_1_552' title='bbox 2830 4247 2944 4330; x_wconf 88' lang='lat' dir='ltr'><strong>qui</strong></span> <span class='ocrx_word' id='word_1_553' title='bbox 2970 4246 3422 4328; x_wconf 85' lang='lat' dir='ltr'><strong>interpretatur</strong></span> <span class='ocrx_word' id='word_1_554' title='bbox 3447 4247 3729 4314; x_wconf 76' lang='lat' dir='ltr'><strong>vomitus</strong></span> <span class='ocrx_word' id='word_1_555' title='bbox 3758 4249 3914 4315; x_wconf 80' lang='lat' dir='ltr'><strong>on‘s.</strong></span> 
     </span>
     <span class='ocr_line' id='line_1_84' title="bbox 2377 4351 3917 4439; baseline 0 -19"><span class='ocrx_word' id='word_1_556' title='bbox 2377 4355 2536 4421; x_wconf 90' lang='lat' dir='ltr'><strong>ltem</strong></span> <span class='ocrx_word' id='word_1_557' title='bbox 2573 4372 2686 4439; x_wconf 90' lang='lat' dir='ltr'><strong>per</strong></span> <span class='ocrx_word' id='word_1_558' title='bbox 2714 4358 2958 4418; x_wconf 86' lang='lat' dir='ltr'><strong>tactum</strong></span> <span class='ocrx_word' id='word_1_559' title='bbox 2998 4353 3069 4416; x_wconf 94' lang='lat' dir='ltr'><strong>in</strong></span> <span class='ocrx_word' id='word_1_560' title='bbox 3106 4351 3441 4416; x_wconf 82' lang='lat' dir='ltr'><strong>violentia:</strong></span> <span class='ocrx_word' id='word_1_561' title='bbox 3484 4357 3707 4418; x_wconf 83' lang='lat' dir='ltr'><strong>contra</strong></span> <span class='ocrx_word' id='word_1_562' title='bbox 3746 4354 3917 4439; x_wconf 86' lang='lat' dir='ltr'><strong>quod</strong></span> 
     </span>
     <span class='ocr_line' id='line_1_85' title="bbox 2378 4457 3920 4545; baseline 0 -18"><span class='ocrx_word' id='word_1_563' title='bbox 2378 4461 2663 4527; x_wconf 87' lang='lat' dir='ltr'><strong>Christus</strong></span> <span class='ocrx_word' id='word_1_564' title='bbox 2685 4460 2755 4524; x_wconf 91' lang='lat' dir='ltr'><strong>in</strong></span> <span class='ocrx_word' id='word_1_565' title='bbox 2780 4458 2966 4524; x_wconf 83' lang='lat' dir='ltr'><strong>tertia</strong></span> <span class='ocrx_word' id='word_1_566' title='bbox 2988 4457 3285 4524; x_wconf 88' lang='lat' dir='ltr'><strong>illusione</strong></span> <span class='ocrx_word' id='word_1_567' title='bbox 3306 4507 3325 4538; x_wconf 92' lang='lat'>‚</span> <span class='ocrx_word' id='word_1_568' title='bbox 3353 4458 3512 4523; x_wconf 90' lang='lat' dir='ltr'><strong>dum</strong></span> <span class='ocrx_word' id='word_1_569' title='bbox 3541 4462 3920 4545; x_wconf 84' lang='lat' dir='ltr'><strong>conspuitur</strong></span> 
     </span>
     <span class='ocr_line' id='line_1_86' title="bbox 2377 4564 3918 4648; baseline -0.001 -14"><span class='ocrx_word' id='word_1_570' title='bbox 2377 4569 2718 4648; x_wconf 89' lang='lat' dir='ltr'><strong>arundine,</strong></span> <span class='ocrx_word' id='word_1_571' title='bbox 2761 4567 2920 4632; x_wconf 90' lang='lat' dir='ltr'><strong>dure</strong></span> <span class='ocrx_word' id='word_1_572' title='bbox 2957 4565 3265 4647; x_wconf 78' lang='lat' dir='ltr'><strong>tangitur.</strong></span> <span class='ocrx_word' id='word_1_573' title='bbox 3318 4564 3467 4630; x_wconf 89' lang='lat' dir='ltr'><strong>Post</strong></span> <span class='ocrx_word' id='word_1_574' title='bbox 3511 4565 3653 4631; x_wconf 78' lang='lat' dir='ltr'><strong>haec</strong></span> <span class='ocrx_word' id='word_1_575' title='bbox 3701 4571 3918 4633; x_wconf 83' lang='lat' dir='ltr'><strong>autem</strong></span> 
     </span>
     <span class='ocr_line' id='line_1_87' title="bbox 2379 4672 3922 4758; baseline -0.002 -15"><span class='ocrx_word' id='word_1_576' title='bbox 2379 4678 2616 4757; x_wconf 89' lang='lat' dir='ltr'><strong>omnia,</strong></span> <span class='ocrx_word' id='word_1_577' title='bbox 2645 4676 2862 4742; x_wconf 89' lang='lat' dir='ltr'><strong>anima</strong></span> <span class='ocrx_word' id='word_1_578' title='bbox 2885 4691 3000 4758; x_wconf 89' lang='lat' dir='ltr'><strong>per</strong></span> <span class='ocrx_word' id='word_1_579' title='bbox 3048 4688 3427 4737; x_wconf 88' lang='lat' dir='ltr'><strong>consensum</strong></span> <span class='ocrx_word' id='word_1_580' title='bbox 3470 4672 3823 4738; x_wconf 85' lang='lat' dir='ltr'><strong>occiditur:</strong></span> <span class='ocrx_word' id='word_1_581' title='bbox 3856 4677 3922 4740; x_wconf 88' lang='lat' dir='ltr'><strong>et</strong></span> 
     </span>
     <span class='ocr_line' id='line_1_88' title="bbox 2377 4781 3673 4872; baseline -0.005 -19"><span class='ocrx_word' id='word_1_582' title='bbox 2377 4789 2522 4855; x_wconf 91' lang='lat' dir='ltr'><strong>ideo</strong></span> <span class='ocrx_word' id='word_1_583' title='bbox 2548 4791 2689 4872; x_wconf 89' lang='lat' dir='ltr'><strong>post</strong></span> <span class='ocrx_word' id='word_1_584' title='bbox 2712 4785 3011 4869; x_wconf 79' lang='lat' dir='ltr'><strong>praedicta</strong></span> <span class='ocrx_word' id='word_1_585' title='bbox 3035 4782 3320 4848; x_wconf 85' lang='lat' dir='ltr'><strong>Christus</strong></span> <span class='ocrx_word' id='word_1_586' title='bbox 3345 4781 3673 4847; x_wconf 86' lang='lat' dir='ltr'><strong>occiditur.</strong></span> 
     </span>
    </p>
   </div>
   <div class='ocr_carea' id='block_1_15' title="bbox 2922 4962 3368 5034">
    <p class='ocr_par' dir='ltr' id='par_1_16' title="bbox 2922 4962 3368 5034">
     <span class='ocr_line' id='line_1_89' title="bbox 2922 4962 3368 5034; baseline -0.004 0"><span class='ocrx_word' id='word_1_587' title='bbox 2922 4962 3210 5034; x_wconf 80' lang='lat' dir='ltr'>SERMO</span> <span class='ocrx_word' id='word_1_588' title='bbox 3251 4962 3368 5032; x_wconf 85' lang='lat' dir='ltr'><strong>HJ.</strong></span> 
     </span>
    </p>
   </div>
   <div class='ocr_carea' id='block_1_16' title="bbox 2380 5104 3914 5298">
    <p class='ocr_par' dir='ltr' id='par_1_17' title="bbox 2380 5104 3914 5298">
     <span class='ocr_line' id='line_1_90' title="bbox 2465 5104 3914 5192; baseline -0.002 -16"><span class='ocrx_word' id='word_1_589' title='bbox 2465 5110 2676 5177; x_wconf 81' lang='lat' dir='ltr'><strong>Coecus</strong></span> <span class='ocrx_word' id='word_1_590' title='bbox 2701 5107 2972 5192; x_wconf 76' lang='lat' dir='ltr'><strong>quidam</strong></span> <span class='ocrx_word' id='word_1_591' title='bbox 2991 5105 3245 5174; x_wconf 77' lang='lat' dir='ltr'><strong>sedebat</strong></span> <span class='ocrx_word' id='word_1_592' title='bbox 3259 5105 3326 5170; x_wconf 85' lang='lat'><strong>¹⁸.</strong></span> <span class='ocrx_word' id='word_1_593' title='bbox 3352 5104 3639 5183; x_wconf 77' lang='lat' dir='ltr'><strong>Quatuor</strong></span> <span class='ocrx_word' id='word_1_594' title='bbox 3662 5123 3745 5173; x_wconf 85' lang='lat' dir='ltr'><strong>ex</strong></span> <span class='ocrx_word' id='word_1_595' title='bbox 3761 5125 3914 5173; x_wconf 89' lang='lat' dir='ltr'><strong>cau-</strong></span> 
     </span>
     <span class='ocr_line' id='line_1_91' title="bbox 2380 5212 3913 5298; baseline -0.001 -16"><span class='ocrx_word' id='word_1_596' title='bbox 2380 5216 2467 5283; x_wconf 89' lang='lat' dir='ltr'><strong>sis</strong></span> <span class='ocrx_word' id='word_1_597' title='bbox 2506 5217 2818 5298; x_wconf 86' lang='lat' dir='ltr'><strong>contingit</strong></span> <span class='ocrx_word' id='word_1_598' title='bbox 2860 5214 3108 5278; x_wconf 81' lang='lat' dir='ltr'><strong>caecitas</strong></span> <span class='ocrx_word' id='word_1_599' title='bbox 3149 5212 3354 5295; x_wconf 68' lang='lat' dir='ltr'><strong>culpan</strong></span> <span class='ocrx_word' id='word_1_600' title='bbox 3392 5212 3463 5277; x_wconf 87' lang='lat' dir='ltr'><strong>in</strong></span> <span class='ocrx_word' id='word_1_601' title='bbox 3489 5214 3709 5279; x_wconf 88' lang='lat' dir='ltr'><strong>anima</strong></span> <span class='ocrx_word' id='word_1_602' title='bbox 3734 5215 3913 5281; x_wconf 86' lang='lat' dir='ltr'><strong>vide-</strong></span> 
     </span>
    </p>
   </div>
   <div class='ocr_carea' id='block_1_17' title="bbox 2380 5412 3915 5630">
    <p class='ocr_par' dir='ltr' id='par_1_18' title="bbox 2380 5412 3915 5630">
     <span class='ocr_line' id='line_1_92' title="bbox 2380 5412 3913 5483; baseline -0.003 -11"><span class='ocrx_word' id='word_1_603' title='bbox 2380 5431 2591 5483; x_wconf 80' lang='lat' dir='ltr'><strong>xxxvu,</strong></span> <span class='ocrx_word' id='word_1_604' title='bbox 2622 5419 2698 5469; x_wconf 68' lang='grc'><strong>18.</strong></span> <span class='ocrx_word' id='word_1_605' title='bbox 2735 5442 2797 5455; x_wconf 94' lang='grc'><strong>-</strong></span> <span class='ocrx_word' id='word_1_606' title='bbox 2830 5416 2875 5453; x_wconf 82' lang='lat'><strong>¹⁰</strong></span> <span class='ocrx_word' id='word_1_607' title='bbox 2899 5412 3036 5464; x_wconf 71' lang='lat' dir='ltr'><strong>Psal.</strong></span> <span class='ocrx_word' id='word_1_608' title='bbox 3071 5424 3253 5474; x_wconf 81' lang='lat' dir='ltr'><strong>xxxw,</strong></span> <span class='ocrx_word' id='word_1_609' title='bbox 3291 5415 3367 5463; x_wconf 82' lang='lat'><strong>15.</strong></span> <span class='ocrx_word' id='word_1_610' title='bbox 3397 5439 3461 5451; x_wconf 91' lang='lat'><em>-</em></span> <span class='ocrx_word' id='word_1_611' title='bbox 3493 5413 3533 5449; x_wconf 79' lang='lat'><strong>1¹</strong></span> <span class='ocrx_word' id='word_1_612' title='bbox 3572 5413 3712 5466; x_wconf 68' lang='lat' dir='ltr'><strong>Paul.</strong></span> <span class='ocrx_word' id='word_1_613' title='bbox 3747 5426 3913 5480; x_wconf 70' lang='lat' dir='ltr'><strong>mxu,</strong></span> 
     </span>
     <span class='ocr_line' id='line_1_93' title="bbox 2387 5485 3915 5552; baseline -0.013 -8"><span class='ocrx_word' id='word_1_614' title='bbox 2387 5495 2463 5544; x_wconf 74' lang='lat'><strong>14.</strong></span> <span class='ocrx_word' id='word_1_615' title='bbox 2495 5518 2556 5530; x_wconf 90' lang='lat'>-</span> <span class='ocrx_word' id='word_1_616' title='bbox 2589 5494 2628 5528; x_wconf 77' lang='lat'><strong>¹⁸</strong></span> <span class='ocrx_word' id='word_1_617' title='bbox 2654 5488 2828 5550; x_wconf 72' lang='lat' dir='ltr'><strong>Num„</strong></span> <span class='ocrx_word' id='word_1_618' title='bbox 2863 5497 2959 5550; x_wconf 67' lang='grc' dir='ltr'><strong>ιιι,</strong></span> <span class='ocrx_word' id='word_1_619' title='bbox 2990 5489 3067 5537; x_wconf 74' lang='lat'><strong>14.</strong></span> <span class='ocrx_word' id='word_1_620' title='bbox 3094 5511 3156 5523; x_wconf 91' lang='lat'><strong>—</strong></span> <span class='ocrx_word' id='word_1_621' title='bbox 3191 5485 3235 5521; x_wconf 83' lang='lat'><strong>¹⁸</strong></span> <span class='ocrx_word' id='word_1_622' title='bbox 3272 5486 3390 5547; x_wconf 70' lang='lat' dir='ltr'><strong>Im„</strong></span> <span class='ocrx_word' id='word_1_623' title='bbox 3423 5498 3485 5552; x_wconf 80' lang='grc'><strong>1.,</strong></span> <span class='ocrx_word' id='word_1_624' title='bbox 3513 5487 3563 5536; x_wconf 80' lang='grc'><strong>6.</strong></span> <span class='ocrx_word' id='word_1_625' title='bbox 3592 5512 3655 5525; x_wconf 90' lang='grc'><strong>--</strong></span> <span class='ocrx_word' id='word_1_626' title='bbox 3681 5486 3721 5527; x_wconf 72' lang='lat'><strong>2⁴</strong></span> <span class='ocrx_word' id='word_1_627' title='bbox 3749 5488 3915 5538; x_wconf 55' lang='lat' dir='ltr'><strong>Locus</strong></span> 
     </span>
     <span class='ocr_line' id='line_1_94' title="bbox 2382 5557 3265 5630; baseline -0.01 -13"><span class='ocrx_word' id='word_1_628' title='bbox 2382 5566 2666 5630; x_wconf 83' lang='lat' dir='ltr'><strong>corruptus.</strong></span> <span class='ocrx_word' id='word_1_629' title='bbox 2689 5587 2749 5600; x_wconf 94' lang='lat'>—</span> <span class='ocrx_word' id='word_1_630' title='bbox 2778 5560 2821 5598; x_wconf 85' lang='lat'><strong>¹⁸</strong></span> <span class='ocrx_word' id='word_1_631' title='bbox 2845 5559 2981 5622; x_wconf 63' lang='lat' dir='ltr'><strong>Luc„</strong></span> <span class='ocrx_word' id='word_1_632' title='bbox 3007 5566 3160 5622; x_wconf 80' lang='lat' dir='ltr'><strong>xvm,</strong></span> <span class='ocrx_word' id='word_1_633' title='bbox 3187 5557 3265 5608; x_wconf 78' lang='lat'><strong>35.</strong></span> 
     </span>
    </p>
   </div>
  </div>
 </body>
</html>
