4059 6317
0 5159 8 5274 ¹

847 562 1224 631 DOMINICA
1260 564 1285 628 1
1325 560 1526 630 POST
1566 560 1735 629 OGT.
1780 559 2260 629 EPIPRANIAE.
2299 562 2561 631 SERMO
2603 566 2711 633 111.

82 720 198 779 qm·
225 692 404 760 versio
427 711 616 778 aquae
641 695 714 760 in
740 696 986 762 vinum.
1009 697 1494 764 considerandas
1510 699 1730 761 autem

13 847 16 872 ‚
81 782 197 875 ΣΞ
224 804 350 865 sunt
377 801 476 866 hae
509 811 794 886 quatuor
825 807 1269 872 conversiones
1300 804 1621 871 mirabiles
1650 805 1730 870 ad

13 885 133 1014 {¹⁸

225 927 282 973 se
315 910 577 975 invicem
611 913 944 979 ordinatas.
984 915 1304 981 Conversa
1344 914 1518 980 enim
1545 918 1726 992 sunt,

222 1016 391 1081 homo
416 1017 483 1081 in
515 1018 825 1101 lapidem,
859 1021 1019 1105 lapis
1056 1024 1123 1087 in
1150 1041 1416 1106 aquam,
1461 1040 1629 1104 aqua
1667 1022 1735 1084 in

223 1123 450 1204 vinnm,
477 1126 709 1190 vinnm
736 1127 806 1191 in
834 1130 1242 1210 sangninem.
1273 1129 1360 1195 De
1384 1128 1625 1212 prime,
1655 1129 1736 1193 de

223 1248 397 1295 uxore
411 1230 632 1297 Lotw.
665 1233 755 1298 De
783 1236 1094 1312 secundo,
1122 1236 1490 1301 Psalmista¹
1519 1254 1537 1299 :
1566 1233 1737 1312 «Qui

223 1340 501 1404 convertit
526 1344 777 1422 petram
803 1343 872 1406 in
900 1347 1155 1424 stagna.
1182 1365 1214 1403 n
1237 1341 1326 1408 De
1353 1344 1573 1421 tertio,
1607 1343 1730 1407 hic.

221 1444 294 1509 De
315 1450 534 1529 quarto
561 1449 585 1485 ⁸
617 1469 635 1514 :
677 1471 708 1510 ι
732 1448 850 1515 Hic
875 1454 972 1515 est
1011 1451 1280 1533 sanguis
1309 1468 1516 1516 meus.
1548 1471 1580 1510 n
1613 1449 1738 1514 lsta

222 1553 602 1636 spiritualiter
655 1558 940 1639 qnotidie
978 1561 1165 1624 fiunt.
1202 1558 1409 1625 Homo
1454 1559 1524 1622 in
1571 1558 1734 1641 lapi-

220 1660 344 1724 dem
377 1662 672 1742 vertitur,
736 1665 891 1729 dum
937 1665 1003 1729 in
1047 1667 1321 1749 peccatis
1366 1666 1729 1745 induratur,

221 1766 306 1830 vel
343 1771 584 1833 enormi
635 1775 895 1852 peccato
948 1776 1280 1854 gravatur.
1328 1772 1515 1857 Lapis
1563 1774 1735 1838 enim

219 1874 396 1939 durus
438 1879 536 1940 ent
557 1881 624 1941 et
652 1877 895 1958 gravis.
927 1878 1185 1944 Utinam
1212 1877 1381 1945 Deus
1417 1881 1737 1947 1111163111·-

219 1981 372 2063 pides
393 1982 584 2048 hodie
622 1984 946 2051 mollificet
964 1987 1018 2050 1*
1043 2009 1074 2048 α
1103 1987 1408 2052 Auferam
1435 2006 1544 2054 cor
1568 1989 1736 2074 lapi-

220 2087 387 2152 deum
420 2090 498 2155 de
541 2109 736 2157 carne
771 2098 1005 2159 vestra.
1045 2117 1077 2155 n
1115 2093 1292 2161 Sicut
1324 2098 1541 2159 autem
1576 2095 1738 2178 lapis

219 2195 424 2261 missus
449 2198 517 2261 in
545 2216 760 2279 mare,
795 2198 888 2264 ita
913 2205 1201 2283 peccator
1231 2202 1618 2284 profundum
1645 2203 1741 2268 in-

220 2303 358 2367 ferni
400 2305 560 2387 petit
603 2305 676 2369 in
719 2310 927 2371 morte
967 2308 989 2343 ⁸
1038 2328 1055 2372 ε
1097 2330 1128 2369 α
1163 2307 1633 2374 Descenderunt
1670 2311 1738 2376 in

219 2411 584 2492 profimdnm
622 2414 810 2496 qnasi
849 2412 1031 2498 lapiS.
1059 2437 1092 2475 n
1132 2414 1180 2480 Ο
1222 2419 1462 2499 quanto
1497 2417 1740 2500 impetu

223 2519 505 2600 mergitur
545 2521 617 2583 in
650 2520 978 2586 infernum
1025 2523 1240 2586 anima
1290 2524 1610 2605 peccatrix
1645 2528 1660 2588 1
1715 2531 1738 2567 ⁸

228 2646 254 2684 ι
274 2626 530 2691 Sustulit
555 2645 734 2692 unus
756 2627 1029 2709 angelus
1060 2628 1334 2711 lapidem
1372 2631 1556 2712 quasi
1591 2650 1739 2697 mo-

221 2732 392 2798 larem
423 2751 785 2816 magnum,
827 2739 892 2799 et
929 2734 1104 2798 misit
1131 2735 1198 2799 in
1227 2754 1434 2814 mare,
1474 2738 1687 2804 dicens
1719 2764 1736 2805 :

231 2864 254 2900 ι
275 2840 391 2906 Hoc
433 2843 691 2924 impetu
733 2840 1022 2907 mittetur
1068 2842 1386 2927 Babylon,
1421 2869 1453 2907 11
1489 2846 1554 2911 id
1602 2853 1736 2928 est,

222 2949 614 3030 congregatio
641 2949 1021 3031 impiorum,
1046 2951 1148 3015 vel
1177 2952 1392 3018 anima
1421 2954 1740 3036 peccatrix

222 3055 448 3119 confusa
465 3074 692 3120 coram
718 3054 847 3121 Deo
874 3061 937 3122 et
952 3057 1223 3140 angelis.
1254 3057 1538 3143 Babylon
1566 3061 1740 3125 enim

221 3165 482 3244 warzoeto
539 3167 1020 3247 interpretatur.
1101 3165 1457 3234 Periculum
1524 3172 1741 3234 autem

224 3271 656 3338 submersionis
708 3277 974 3337 cavetur
995 3323 1013 3354 ‚
1069 3274 1123 3337 si
1175 3274 1336 3357 lapis
1375 3277 1443 3340 in
1506 3295 1741 3359 aquam

223 3381 484 3444 vertitur.
527 3379 726 3463 Lapis
765 3384 986 3445 autem
1031 3380 1099 3445 in
1143 3399 1378 3464 aquam
1419 3384 1693 3448 vertitur
1719 3432 1737 3461 ,

219 3485 352 3550 dum
377 3505 485 3552 cor
517 3487 900 3552 induratum
939 3488 1004 3551 in
1039 3506 1272 3570 aquam
1310 3487 1740 3573 lacrymarum

221 3611 317 3673 per
339 3596 786 3660 contritionem
814 3596 1214 3661 resolvitur⁷z
1235 3619 1266 3659 α
1296 3599 1520 3664 Exitus
1547 3617 1741 3682 aqua-

219 3716 347 3764 rum
365 3751 382 3781 ‚
407 3727 439 3762 »
469 3707 596 3767 616.
649 3700 777 3767 Sed
815 3706 969 3768 nota
1009 3702 1344 3769 historiam
1379 3710 1426 3786 ⁸,
1473 3706 1744 3788 qualiter

220 3825 366 3890 aqua
389 3810 468 3875 de
505 3815 693 3893 petra
736 3811 1110 3902 ejiciebatur
1145 3812 1297 3876 bina
1339 3814 1743 3895 percussione

219 3914 422 3997 virgas.
451 3917 773 3981 Dominus
800 3917 973 3981 enim
992 3935 1100 3981 cor
1115 3917 1441 3999 lapideum
1470 3919 1570 3983 bis
1598 3938 1742 4003 per-

220 4023 356 4085 cutit
374 4071 391 4101 ,
421 4024 638 4106 primo
676 4023 1108 4106 corporaliter,
1138 4025 1416 4089 secundo
1441 4025 1741 4108 spiritua-

220 4127 377 4195 liter:
397 4131 614 4214 primo
640 4130 950 4207 exterius,
978 4129 1352 4195 infirmitate
1379 4132 1481 4196 vel
1509 4133 1744 4198 damno

221 4251 413 4302 remm
430 4285 452 4315 ,
485 4236 596 4302 vel
622 4240 832 4301 morte
857 4237 1235 4316 charorum3
1263 4239 1540 4304 secundo
1569 4240 1740 4305 inte-

221 4349 370 4427 rius,
390 4350 629 4414 timore
651 4347 991 4431 gehennae.
1036 4347 1231 4432 Cujus
1262 4350 1437 4415 enim
1469 4369 1579 4416 cor
1611 4371 1745 4418 non

223 4462 662 4536 percuteretur,
693 4457 749 4521 si
767 4457 1080 4538 cogitaret
1105 4476 1326 4541 poenas
1350 4460 1586 4525 inferni
1614 4481 1744 4526 non

223 4564 404 4629 solum
432 4564 869 4631 intolerabiles
895 4565 1232 4630 acerbitate
1252 4615 1273 4645 ‚
1304 4567 1417 4632 sed
1448 4568 1741 4633 intermi-

221 4674 440 4738 nabiles
479 4674 892 4740 aeternitate?
915 4678 939 4714 ⁹
970 4697 1000 4732 «
1032 4672 1336 4740 Discedite
1361 4695 1401 4740 a
1428 4694 1565 4754 me,
1606 4696 1745 4742 ma-

223 4776 448 4860 ledicti,
484 4802 519 4840 ι
554 4785 680 4845 etc.
724 4778 772 4846 Ο
817 4798 1011 4863 quarn
1056 4781 1362 4846 sanativae
1408 4788 1562 4848 sunt
1606 4784 1745 4850 istae

225 4888 676 4965 pemussionesl
700 4884 744 4921 ¹⁰
766 4910 797 4946 (ι
815 4885 1198 4967 Percutiam‚
1214 4892 1278 4952 et
1294 4907 1423 4970 ego
1441 4892 1735 4955 sanabo.»

227 4990 365 5059 Ecce
380 4994 479 5059 bis
495 5012 807 5077 percussa
827 4998 921 5058 est
940 4997 1022 5059 ab
1043 4996 1311 5060 homine
1337 5001 1516 5080 petra
1542 4996 1746 5062 duris-

230 5100 406 5181 sima,
450 5108 518 5167 et
541 5119 811 5184 egressa
835 5107 929 5165 cst
955 5121 1122 5186 aqua
1144 5104 1528 5184 largissima.
1561 5103 1701 5169 Heu
1725 5108 1741 5167 1

287 5266 299 5292 ¹
337 5263 473 5320 Gen..
501 5276 625 5327 xxx,
654 5266 735 5315 26.
779 5290 833 5300 -
879 5263 902 5298 ²
942 5263 1074 5313 Psal.
1109 5275 1267 5325 exin,
1315 5267 1362 5314 8.
1401 5291 1462 5303 —
1491 5266 1515 5302 ⁸
1542 5265 1745 5329 Manli„

233 5344 360 5396 xxvi,
385 5338 466 5385 28.
493 5361 560 5373 -
597 5341 619 5366 ·
656 5334 856 5397 Ezeth„
893 5347 1070 5399 xxm,
1099 5339 1177 5387 26.
1210 5363 1266 5373 -
1303 5337 1325 5373 ⁸
1359 5336 1543 5402 Exod„
1579 5348 1667 5399 xv,
1699 5339 1745 5389 5.

235 5429 286 5440 —
309 5405 328 5440 ⁸
344 5408 515 5470 Apoe..
539 5419 694 5470 xvni,
716 5410 798 5459 21.
817 5432 882 5443 -
901 5406 923 5443 “¹
945 5406 1080 5457 Psal.
1104 5419 1288 5470 cxviii,
1317 5411 1424 5460 136.
1441 5435 1502 5447 -
1528 5407 1551 5443 ⁸
1573 5409 1747 5472 Num„

235 5485 321 5538 11,
347 5482 418 5527 11.
444 5503 508 5516 —-
535 5478 560 5513 ⁸
591 5477 802 5540 nauh„
837 5489 958 5534 xxv,
992 5479 1068 5529 41.
1097 5504 1155 5515 —
1200 5480 1241 5509 ¹·
1265 5478 1433 5543 Dent„
1466 5491 1638 5543 xxxu,
1669 5482 1747 5530 19.

238 5569 289 5581 -
321 5548 356 5582 ¹¹
393 5550 501 5600 11116
536 5553 722 5600 auctor
757 5547 872 5599 libri
904 5548 963 5598 de
998 5564 1096 5600 ver.
1130 5551 1178 5600 et
1206 5550 1323 5613 sals.
1360 5552 1559 5615 Poenit„
1593 5564 1640 5602 c.
1669 5563 1745 5614 ix,

3294 567 3375 628 89

1839 694 2103 762 Domine
2124 697 2292 764 Deus
2311 748 2331 778 ‚
2378 719 2574 783 quam
2610 701 2848 768 durum
2892 706 2988 768 est
3031 704 3182 766 eorl
3232 698 3375 765 Non

1837 803 1919 867 ab
1943 804 2202 870 homine
2224 854 2242 885 ,
2287 807 2394 872 sed
2428 826 2467 871 a
2492 807 2617 873 Deo
2653 828 2782 873 non
2813 813 3061 874 tantum
3095 808 3232 886 bis,
3266 806 3376 871 sed

1839 910 2076 975 centies
2099 931 2471 995 percussum
2503 919 2636 991 est3
2673 918 2738 979 61
2762 933 2891 981 11611
2934 915 3142 980 emisit
3176 930 3376 978 unam

1839 1021 2132 1099 guttam:
2165 1039 2363 1085 unam
2395 1022 2627 1087 scilicet
2656 1021 3160 1105 compunctionis
3179 1021 3379 1104 lacry-

1841 1142 2035 1189 mam.
2068 1125 2472 1208 Augustinus
2500 1130 2545 1170 ¹¹
2578 1151 2594 1194 :
2633 1153 2664 1192 α
2691 1129 2857 1194 Satis
2888 1129 3088 1194 durus
3111 1132 3227 1208 est,
3258 1146 3374 1192 cu-

1835 1234 1946 1313 jus
1986 1233 2220 1297 mentis
2264 1234 2546 1300 dolorem
2584 1237 2752 1301 oculi
2800 1236 3010 1300 carnis
3054 1238 3382 1318 nequeunt

1841 1338 2184 1404 declarare.
2209 1361 2241 1400 11
2267 1340 2390 1405 Sed
2410 1342 2568 1406 sciat
2593 1361 2662 1408 se
2691 1343 3089 1426 culpabiliter
3116 1342 3378 1421 durum,

1840 1446 1949 1527 qui
1976 1445 2086 1510 flet
2111 1446 2346 1511 damna
2373 1450 2701 1532 temporis,
2731 1450 2835 1515 vel
2866 1450 3055 1514 amici
3079 1453 3375 1528 mortem,

1840 1557 1905 1615 et
1948 1552 2231 1618 dolorem
2275 1556 2513 1636 peccati
2555 1575 2686 1620 non
2727 1557 3001 1622 ostendit
3053 1555 3375 1639 lacrymis.

1841 1662 2027 1744 Aqua
2065 1661 2136 1726 in
2176 1662 2408 1727 vinum
2453 1665 2746 1745 vertitur,
2781 1666 2937 1730 dum
2978 1663 3270 1730 contritio
3312 1664 3381 1727 in

1840 1768 2242 1834 dilectionem
2264 1820 2284 1850 ‚
2329 1771 2631 1855 lacrymae
2667 1773 2916 1838 timoris
2946 1772 3012 1835 in
3063 1771 3383 1854 lacrymas

1842 1875 2081 1940 amoris
2107 1882 2465 1943 mutantur.
2497 1876 2829 1945 Servivisti
2850 1878 3231 1962 quandoque
3254 1877 3382 1941 Deo

1842 1982 2070 2047 timore
2090 2030 2106 2062 ,
2157 1985 2361 2049 servis
2402 2004 2578 2050 nunc
2616 2003 2835 2051 amore
2883 2008 2898 2049 :
2951 1984 3267 2049 servivisti
3312 1985 3381 2046 in

1842 2108 2118 2156 moerore
2137 2140 2155 2172 ,
2202 2092 2404 2157 servis
2442 2110 2619 2157 nunc
2659 2092 2728 2156 in
2759 2092 3158 2174 jucunditate
3190 2113 3205 2156 :
3239 2109 3383 2156 ecce

1843 2217 2009 2281 aqua
2037 2199 2105 2263 in
2132 2198 2361 2263 vinum
2390 2205 2679 2264 mustum
2718 2217 2904 2265 versa
2929 2199 3018 2281 (a)
3035 2202 3154 2263 est.
3203 2197 3384 2263 Psal-

1846 2308 2035 2370 mista
2073 2305 2117 2343 ¹¹
2147 2329 2162 2370 ε
2204 2330 2236 2369 n
2264 2306 2505 2373 Vinum·
2542 2306 2824 2372 laetiflcat
2860 2324 2970 2370 cor
3021 2306 3319 2371 hominis.
3342 2328 3374 2367 1

1845 2413 2015 2479 Β6116
2041 2418 2258 2479 autem
2286 2414 2565 2478 charitas
2582 2414 2984 2496 significatur
3001 2434 3115 2497 per
3132 2415 3380 2496 vinum,

1846 2522 1999 2605 quia
2027 2521 2162 2587 vini
2191 2520 2381 2586 modo
2417 2525 2663 2586 mentes
2703 2521 2974 2586 inebriat
2999 2523 3377 2588 amantium.

1843 2627 2203 2692 Bernartius
2222 2627 2265 2664 ¹⁸
2299 2649 2314 2691 ε
2355 2649 2385 2688 α
2414 2628 2813 2711 Quicumque
2837 2632 3034 2710 gustu
3058 2629 3385 2694 charitatis

1845 2733 2042 2799 semel
2068 2734 2337 2818 perfecte
2367 2735 2715 2799 inebriatus
2739 2735 2930 2800 fuerit
2951 2785 2966 2815 ‚
3010 2736 3090 2801 ad
3123 2754 3383 2801 omnem

1844 2842 2130 2907 laborem
2156 2841 2476 2907 hilarescit
2507 2864 2523 2907 ε
2555 2841 2754 2923 dolet,
2787 2847 2852 2907 et
2875 2861 3004 2908 non
3031 2843 3258 2908 sentit:
3294 2844 3384 2908 la-

1846 2949 2028 3015 borat
2050 2999 2068 3028 ,
2116 2953 2182 3014 et
2225 2967 2359 3015 non
2404 2948 2682 3014 lassescit
2712 2972 2728 3013 :
2758 2949 3101 3028 deridetur,
3144 2953 3210 3015 et
3251 2969 3384 3016 non

1846 3057 2140 3122 advertit.
2170 3078 2201 3117 n
2236 3055 2370 3121 Hoc
2412 3061 2510 3122 est
2536 3056 2806 3136 vinum,
2850 3057 3023 3141 qnod
3062 3058 3130 3120 in
3176 3058 3379 3123 tribus

1847 3163 2312 3245 propaginibus
2337 3181 2622 3228 crescens
2640 3212 2659 3244 ,
2689 3164 2757 3227 in
2785 3163 3045 3228 calicem
3071 3164 3378 3246 exprimi-

1848 3275 1954 3334 tur
1978 3270 2024 3306 ¹⁸
2059 3292 2073 3335 :
2113 3294 2145 3332 (ι
2166 3270 2471 3337 Videbam
2500 3290 2716 3336 coram
2744 3290 2848 3335 me
2876 3272 3093 3349 vitem,
3143 3273 3210 3336 in
3255 3292 3386 3356 qua

1848 3382 2029 3441 erant
2068 3378 2453 3460 propagines
2475 3425 2491 3456 ,
2543 3399 2573 3438 »1
2626 3383 2745 3442 616.
2777 3378 2936 3444 Vitis
2977 3377 3262 3443 Christus
3288 3381 3333 3417 ¹⁸
3366 3403 3380 3443 ε

1856 3508 1887 3547 ι
1906 3484 2046 3567 Ego
2065 3486 2211 3551 vitis
2236 3505 2407 3552 vera.
2426 3509 2458 3546 11
2477 3486 2632 3551 Tres
2651 3486 3050 3569 propagineS,
3080 3492 3209 3552 tres
3236 3494 3388 3552 sunt

1848 3593 2217 3659 substantiae
2246 3596 2308 3657 in
2337 3594 2585 3660 Christo
2609 3643 2627 3672 ,
2658 3613 2925 3678 corpu5‚
2955 3595 3174 3660 anima
3193 3643 3210 3673 ‚
3252 3597 3391 3661 dei-

1848 3708 1965 3767 tas.
1996 3702 2235 3784 Collige
2261 3721 2423 3785 ergo
2449 3704 2757 3769 beneficia
2800 3720 2947 3786 quae
2972 3704 3044 3768 in
3087 3723 3206 3769 suo
3248 3724 3389 3770 cor-

1849 3827 2004 3893 pore
2029 3810 2310 3876 Christus
2336 3811 2519 3876 nobis
2548 3811 2842 3875 exhibuit
2860 3858 2881 3891 ‚
2926 3810 3160 3876 scilicet
3190 3812 3257 3876 in
3285 3815 3386 3879 in-

1851 3917 2214 3982 carnatione
2233 3965 2254 3996 ,
2282 3919 2350 3982 in
2390 3919 2677 4001 passione
2700 3920 2859 3985 etin
2896 3921 3386 4000 communione;

1850 4029 1914 4088 et
1939 4025 2122 4089 mirae
2152 4024 2501 4089 dilectionis
2544 4025 2772 4089 vinum
2799 4026 3159 4108 exprimere
3186 4031 3388 4109 potes,

1853 4131 2011 4196 Item
2040 4132 2266 4214 collige
2296 4131 2600 4195 beneficia
2618 4178 2640 4210 ,
2671 4149 2819 4214 quae
2850 4133 2919 4195 in
2955 4132 3170 4197 anima
3205 4133 3394 4198 exhi-

1852 4238 2011 4317 buit,
2041 4238 2153 4321 qui
2182 4258 2297 4322 pro
2325 4239 2510 4305 nobis
2539 4240 2889 4322 hospitium
2914 4241 3389 4306 sanctissimum

1852 4365 2085 4429 eorpus
2113 4346 2367 4430 reliquit
2387 4347 2456 4410 in
2484 4347 2762 4427 mundo,
2795 4347 3041 4411 animas
3068 4348 3290 4412 eduxit
3316 4348 3395 4413 de

1851 4454 2101 4519 inferno
2118 4503 2136 4534 ,
2182 4473 2300 4537 pro
2345 4454 2530 4519 nobis
2573 4454 2928 4538 interpellat
2973 4455 3041 4518 in
3086 4454 3244 4520 coelo
3284 4455 3329 4491 ¹⁸
3374 4475 3389 4518 ε

1856 4584 1886 4622 α
1918 4560 2041 4639 Qui
2065 4566 2161 4626 est
2199 4562 2277 4625 ad
2324 4561 2649 4626 dexteram
2681 4561 2833 4641 Dei,
2878 4561 2991 4644 qui
3036 4561 3398 4644 interpellat

1852 4685 1970 4750 pro
1998 4668 2186 4734 nobis
2208 4690 2224 4747 ;
2246 4689 2277 4728 11
2308 4672 2373 4732 61
2396 4667 2471 4750 (b)
2492 4667 2614 4732 hoc
2637 4669 2866 4733 vinum
2892 4668 3194 4734 ferventis
3221 4685 3395 4733 amo-

1853 4775 1941 4839 ris
1967 4776 2325 4859 exprimere
2353 4783 2531 4859 potes
2560 4777 2656 4858 (6).
2693 4776 2853 4841 Item
2899 4776 3127 4859 collige
3152 4777 3392 4842 benefl-

1853 4883 1951 4946 cia
1976 4882 2344 4958 divinitatis,
2375 4882 2665 4947 videlicet
2689 4882 3062 4965 corporalia,
3092 4884 3392 4967 spiritua-

1850 4992 1939 5056 lia
1961 5038 1984 5070 ,
2008 4989 2334 5054 aeternalia
2366 5010 2382 5053 ε
2413 4993 2478 5053 61
2517 4990 2748 5054 vinum
2790 4990 3175 5054 dulcissimas
3201 4991 3395 5056 dilec-

1853 5099 2070 5177 tioniS,
2098 5097 2284 5179 quasi
2308 5096 2386 5161 de
2410 5095 2597 5161 tertia
2628 5097 3000 5180 propagine,
3031 5097 3393 5180 exprimere

1857 5263 1910 5299 n.
1952 5251 2041 5305 24.
2081 5248 2214 5298 inter
2259 5249 2413 5311 Oper.
2454 5248 2743 5313 Augustin„
2790 5248 3023 5313 Append.
3055 5251 3180 5300 tom.
3219 5249 3307 5301 Vl.
3335 5276 3398 5288 —

1858 5321 1898 5356 ¹²
1925 5319 2066 5372 Psal.
2112 5331 2236 5383 6111,
2282 5322 2360 5370 15.
2395 5345 2458 5359 -
2504 5320 2538 5351 ¹³
2582 5322 2733 5371 Bern.
2776 5346 2832 5356 —
2876 5320 2915 5355 ¹⁴
2956 5319 3100 5385 Gen„
3129 5332 3228 5384 xz,
3259 5322 3308 5374 9.
3334 5347 3399 5360 -

1858 5393 1902 5429 ¹⁸
1928 5392 2097 5453 loun„
2123 5403 2211 5456 n,
2242 5395 2287 5444 1.
2315 5417 2379 5431 -
2408 5392 2451 5428 ²⁸
2476 5393 2638 5459 Rom„
2665 5405 2792 5457 vm,
2823 5394 2900 5445 34.

1924 5478 1986 5541 (α)
2019 5477 2142 5526 Coet.
2171 5475 2292 5528 edit.
2325 5490 2546 5529 versum.
2574 5503 2636 5517 —
2668 5477 2737 5544 (b)
2766 5476 2942 5544 Suppl.
2969 5490 3055 5531 ex.
3086 5504 3150 5518 —
3169 5478 3232 5545 (c)
3274 5477 3397 5530 cent.

1857 5548 1978 5600 edit.
2008 5552 2196 5614 potest.

3423 3387 3625 3433 Christus

3416 3452 3532 3495 vitiu.
