4059 6317
626 425 747 488 548

624 557 812 618 alters
836 559 1089 623 exterior
1103 601 1125 632 ,
1160 574 1298 635 qnae
1334 558 1675 636 resplendet
1703 562 1767 621 in
1794 578 1972 623 carne
1993 605 2014 635 ,
2043 562 2170 622 sive

625 652 898 712 exteriori
938 654 1406 713 conversatione.
1459 654 1652 717 Prima
1692 655 1831 716 facit
1864 658 2171 718 hominem

626 751 894 821 gramm3
935 748 1202 809 secunda
1235 749 1374 809 facit
1425 750 1734 811 hominem
1779 753 2008 815 mundo
2048 752 2172 810 for-

625 857 883 903 mosum.
915 843 1110 902 Prima
1135 844 1410 903 secundm
1435 849 1523 904 est
1541 844 2037 919 fundamentum
2065 845 2173 904 sed

627 935 890 994 secunda
932 940 1018 994 est
1060 937 1269 1012 primae
1309 938 1568 1012 signum.
1616 943 1766 1013 Ergo
1808 940 2176 999 sanctissima

625 1031 819 1103 Agnes
839 1028 904 1088 in
929 1031 1235 1105 praemisso
1256 1031 1384 1105 jam
1417 1031 1601 1090 verbo
1628 1033 1706 1091 ab
1733 1032 1846 1091 bae
1873 1032 2174 1092 sanctitate

628 1121 855 1198 duplici
909 1124 1379 1183 commendatur.
1427 1128 1577 1184 Nam
1622 1126 1817 1200 primo
1867 1142 2177 1186 commen-

629 1215 805 1275 datur
838 1216 917 1275 ab
945 1217 1291 1278 excellentia
1325 1223 1539 1277 sanctie
1577 1219 1712 1279 vitae
1729 1263 1746 1291 ‚
1774 1236 1898 1295 qua
1920 1219 2086 1281 fulsit
2112 1220 2175 1279 in

629 1311 811 1371 corde
824 1329 843 1385 3
873 1311 1160 1384 secunde,
1180 1313 1258 1371 ab
1287 1312 1605 1372 eminentia
1631 1313 1804 1373 claroe
1825 1313 2020 1387 famas,
2042 1332 2176 1391 quas

627 1404 816 1463 nimia
838 1404 1140 1464 honestate
1175 1404 1338 1464 fulsit
1364 1405 1427 1464 in
1463 1422 1660 1464 carne.
1697 1411 1939 1466 Notatur
1975 1411 2175 1468 autem

629 1499 764 1557 vitas
802 1498 1075 1557 sanctitas
1094 1541 1113 1571 ,
1150 1515 1272 1575 qua
1317 1500 1623 1575 perficitur
1669 1501 1856 1560 homo
1899 1503 2175 1575 interior,

630 1609 769 1652 cum
796 1592 1010 1651 dicitur
1041 1610 1057 1650 ε
1092 1593 1298 1651 Civitas
1340 1597 1460 1652 Dei.
1491 1596 1733 1653 Notatur
1775 1596 1956 1655 etiam
1996 1597 2175 1657 famae

631 1685 1000 1744 luminositas
1019 1728 1036 1756 ,
1093 1702 1216 1760 qna
1266 1686 1567 1761 perficitur
1634 1688 1818 1746 bomo
1874 1689 2128 1748 exterior
2153 1731 2175 1762 ,

632 1796 770 1841 cum
828 1778 1188 1839 subinfertur
1236 1799 1251 1837 :
1307 1780 1551 1839 Gloriosa
1601 1781 1750 1839 dicta
1797 1788 1927 1840 sunt
1980 1784 2047 1841 de
2101 1789 2173 1842 te.

633 1872 935 1948 Quidquid
970 1872 1131 1931 enim
1170 1873 1251 1933 ab
1281 1873 1629 1933 hominibus
1664 1874 1741 1933 de
1784 1876 1990 1951 aliquo
2029 1876 2179 1935 dici-

634 1975 763 2044 tur,
827 1968 1158 2028 secundum
1214 1970 1399 2031 vitam
1448 1971 1801 2029 exteriorem
1854 1971 2176 2047 accipitur,

638 2080 711 2122 60
738 2064 906 2139 quod
934 2064 1012 2123 ab
1041 2065 1126 2123 616
1150 2063 1407 2123 exterior
1433 2064 1563 2123 sola
1583 2064 1875 2123 videatur.
1907 2065 2180 2124 Dicamus

414 2168 495 2213 niv
496 2165 612 2211 tias·
638 2173 820 2231 ergo:
852 2158 1061 2216 Civitas
1086 2161 1206 2217 Dei.
1247 2161 1344 2217 Est
1384 2162 1583 2218 autem
1619 2157 1981 2226 notandum,
2010 2158 2181 2233 quod

421 2230 586 2288 perfec·

455 2293 565 2336 110111

413 2368 502 2411 qu.
476 2358 602 2398 atuor
639 2360 735 2404 me
762 2344 1162 2419 requiruntur.
1193 2345 1454 2405 Primum
1483 2350 1568 2404 est
1595 2345 1764 2420 quod
1790 2346 1865 2404 sit
1889 2345 2030 2418 alta,
2058 2346 2181 2405 sive

425 2429 585 2522 232„ss
639 2440 702 2501 in
738 2438 853 2497 alto
879 2438 1156 2512 fundata,
1184 2441 1251 2496 ut
1287 2440 1368 2497 ad
1415 2455 1550 2497 eam
1593 2439 1941 2499 difficillime
1975 2456 2181 2499 ascen-

637 2255 703 2309 ut
728 2250 1048 2310 materialis
1074 2250 1280 2310 civitas
1307 2250 1380 2309 sit
1402 2249 1682 2326 perfecta,
1708 2256 1964 2327 quatuor
1989 2252 2181 2310 maxi·

640 2533 834 2592 datur.
887 2535 1035 2591 Nam
1087 2547 1211 2591 non
1263 2532 1515 2591 libenter
1562 2534 1847 2593 exercitus
1917 2534 2184 2594 ascendit

639 2630 905 2686 montem
919 2667 940 2697 ,
966 2630 1025 2685 et
1048 2630 1292 2702 propter
1336 2626 1747 2686 difficultatem
1761 2670 1783 2698 ‚
1803 2633 1860 2686 et
1887 2626 2184 2687 defectum

640 2739 810 2799 aquae
824 2765 846 2795 ,
865 2723 968 2798 qui
1001 2722 1076 2799 (a)
1105 2727 1172 2781 ut
1198 2722 1525 2798 plurimum
1551 2722 1846 2782 invenitur
1871 2724 1934 2781 in
1956 2727 2179 2783 monte.

639 2816 974 2878 Secundum
1001 2820 1119 2885 est,
1153 2819 1219 2875 ut
1253 2815 1326 2874 sit
1359 2816 1560 2874 clausa
1576 2856 1598 2886 ,
1624 2817 1845 2875 scilicet
1871 2817 2044 2892 aquis
2070 2816 2183 2876 cir-

641 2912 940 2980 cumdata,
949 2910 1225 2970 velfossis
1235 2911 1538 2986 murisque
1548 2912 1788 2985 vallata,
1806 2929 1881 2972 ne
1897 2914 2183 2973 subitoab

638 3004 909 3064 hostibus
936 3004 1000 3062 in
1017 3020 1150 3062 eam
1167 3005 1432 3063 intretur.
1462 3005 1715 3064 Tertium
1743 3011 1848 3078 est,
1877 3010 1942 3065 ut
1967 3006 2187 3066 611101·-

640 3098 714 3157 tis
740 3103 797 3156 et
816 3097 1013 3169 firma,
1033 3113 1156 3155 non
1174 3112 1353 3171 super
1372 3112 1634 3171 arenam,
1655 3099 1760 3157 sed
1779 3116 1955 3173 super
1972 3117 2184 3159 saxum

639 3194 907 3260 fundata,
927 3197 994 3251 ut
1019 3208 1142 3250 non
1172 3191 1344 3251 facile
1364 3192 1632 3253 diruatur
1653 3194 1749 3268 (b).
1780 3195 2063 3267 Quartum
2077 3198 2183 3265 est,

642 3290 706 3344 ut
738 3286 880 3344 fidei
922 3288 979 3343 et
1022 3284 1297 3359 prudenti
1327 3284 1574 3343 consilio
1602 3286 1675 3343 sit
1710 3288 2041 3359 gubernata
2060 3330 2081 3358 ,
2109 3304 2184 3346 ne

642 3381 720 3439 ab
747 3380 915 3437 hoste
941 3377 1256 3437 falleretur.
1281 3382 1458 3437 Beata
1483 3378 1662 3452 igitur
1688 3384 1903 3453 Agne8‚
1934 3388 1998 3438 ut
2015 3381 2185 3457 spiri-

641 3475 875 3537 tualiter
897 3474 1133 3550 loquar,
1153 3473 1263 3533 fuit
1287 3478 1483 3533 civitas
1504 3474 1623 3533 alta
1648 3490 1754 3548 per
1782 3480 2184 3550 contemptum

640 3567 982 3643 temporalis
1002 3567 1359 3640 substantiae,
1389 3571 1582 3625 civitas
1598 3568 1801 3626 clausa
1817 3584 1924 3643 per
1942 3585 2185 3627 murum

643 3661 946 3736 virginalis
972 3661 1377 3732 continentiae,
1399 3665 1595 3719 civitas
1631 3661 1795 3720 fortis
1821 3679 1929 3736 per
1957 3662 2185 3720 viriutis

643 3755 1025 3814 donationem
1073 3754 1412 3813 constantiae
1431 3796 1449 3825 ,
1504 3758 1701 3813 civitas
1754 3755 2077 3830 prudenter
2128 3761 2187 3824 et

642 3847 897 3907 fideliter
939 3848 1270 3922 gubernata
1304 3863 1413 3922 per
1440 3848 1737 3907 dictamen
1773 3848 2090 3923 sapientias.
2124 3848 2183 3908 Si

644 3941 779 4016 quis
802 3941 964 4000 enim
989 3941 1147 4015 legat
1181 3940 1435 4016 perfecte
1461 3941 1589 4014 eJ’us
1616 3941 1984 4015 Legendnm,
2017 3942 2183 4001 inve-

643 4034 764 4095 niet
792 4037 1047 4110 quatuor
1074 4034 1184 4093 ista
1209 4038 1478 4110 patenter
1503 4035 1568 4093 in
1595 4050 1685 4093 ea.

716 4127 854 4187 Dico
884 4144 1025 4200 ergo
1050 4128 1215 4202 quod
1230 4135 1419 4201 Agnes
1437 4126 1773 4187 beamsima
1800 4143 1839 4186 a
1855 4143 1997 4186 vero
2019 4132 2185 4202 Agno

646 4224 730 4282 sic
777 4225 864 4281 est
905 4220 1220 4296 appellata.
1278 4237 1349 4279 eo
1406 4219 1573 4296 quod
1606 4220 1782 4279 fuerit
1818 4220 2189 4281 nobilissima

645 4317 857 4390 virgo,
886 4319 943 4374 et
968 4315 1255 4389 speciosa.
1285 4314 1414 4373 Fuit
1450 4314 1654 4372 civitas
1682 4313 1824 4385 alta,
1849 4314 1911 4372 in
1941 4315 2188 4374 summis

647 4413 706 4469 et
720 4409 948 4468 oeternis
973 4407 1277 4467 montibus
1305 4406 1589 4465 collocata
1604 4450 1624 4480 ,
1649 4423 1759 4482 per
1786 4412 2189 4482 contemptum

647 4502 858 4562 mundi
903 4506 960 4560 et
994 4501 1190 4561 omnis
1225 4501 1571 4576 temporalis
1616 4500 1974 4560 substantias.
2027 4502 2188 4561 Unde

648 4613 786 4655 cum
810 4595 1063 4671 praefecti
1099 4595 1257 4655 filius
1301 4611 1543 4654 omnem
1580 4595 1791 4654 mundi
1839 4595 2094 4669 gloriam
2134 4600 2191 4654 et

650 4690 883 4750 divitias
907 4688 1292 4765 promitteret,
1312 4687 1390 4746 ab
1411 4704 1482 4747 ea
1499 4688 1702 4746 omnia
1725 4689 1887 4745 velut
1915 4689 2191 4764 quaedam

649 4787 907 4843 stercora
948 4784 1084 4841 sunt
1121 4784 1392 4856 reputata
1413 4823 1433 4853 ,
1463 4785 1520 4839 et
1559 4780 1697 4841 ideo
1739 4780 1815 4840 de
1863 4797 1934 4840 ea
1973 4798 2190 4841 conve-

649 4878 876 4937 nienter
894 4879 1089 4952 potest
1107 4873 1326 4949 exponi
1351 4873 1504 4933 illud
1527 4873 1577 4932 ¹:
1615 4893 1645 4928 α
1670 4877 1798 4933 Non
1824 4878 2019 4950 potest
2043 4877 2189 4935 civi·

650 4977 739 5032 tas
776 4969 1063 5031 abscondi
1097 4984 1280 5043 supra
1313 4969 1577 5027 montem
1612 4968 1836 5043 posita,
1860 4990 1909 5055 θ»
1961 4969 2027 5028 111
2072 4975 2158 5030 est
2169 5012 2191 5043 ‚

722 5145 734 5173 ¹
763 5140 966 5202 Manli..
993 5153 1044 5203 v,
1077 5144 1153 5192 ¹5.
1183 5164 1242 5178 —-
1270 5141 1292 5175 ⁸
1317 5138 1454 5190 Psal.
1481 5151 1643 5206 nm,
1672 5143 1749 5191 25.
1778 5167 1844 5179 -
1867 5141 1891 5176 ⁸
1912 5141 2188 5207 Plutarch„

647 5214 708 5265 111
755 5213 959 5276 Solone3
999 5213 1148 5277 Diog.
1196 5213 1386 5275 baert„
1427 5209 1488 5261 de
1533 5211 1743 5277 Thalen„
1780 5214 1867 5265 lib.
1920 5215 1966 5278 {3
2017 5214 2192 5267 Valet.

656 5285 814 5347 Max„
848 5282 940 5334 lib.
971 5284 1056 5343 Ν,
1091 5298 1138 5333 c.
1171 5296 1216 5346 1,
1246 5286 1444 5334 extem.
1473 5297 1526 5334 n.
1562 5286 1611 5334 ’1.
1640 5309 1702 5323 -
1729 5286 1752 5323 δ
1779 5286 1921 5336 Brev.
1954 5287 2109 5351 Rom„
2136 5286 2191 5345 in

658 5354 788 5409 festo
814 5357 866 5408 S.
899 5358 1101 5421 Agnet„
1129 5355 1248 5406 lect.
1282 5360 1327 5422 ¹,
1353 5358 1494 5406 noct.
1528 5357 1576 5409 2.

1659 424 2077 495 SERMONES
2118 425 2220 491 DE
2261 422 2612 491 SANCTIS.
2655 422 2790 495 xli.

2278 577 2463 637 supra
2490 560 2799 623 obrisum.
2838 562 2906 621 ln
2936 559 3065 621 alto
3087 559 3337 621 mndata
3360 559 3473 621 fuit
3496 561 3630 625 hoc
3649 561 3819 636 vino

2278 655 2644 715 sanctissima
2663 697 2685 727 ‚
2714 671 2850 729 quae
2874 658 3116 731 propter
3142 671 3411 714 amorem
3437 655 3651 729 sponsi
3674 671 3818 715 oon·

2278 750 2516 824 tempsit
2539 747 2890 823 temporalia
2915 748 3139 807 omnia.
3162 748 3328 807 Unde
3345 764 3473 807 non
3488 749 3682 824 potuit
3696 765 3823 809 esse

2281 843 2607 915 absconsa,
2634 858 2746 901 nec
2770 843 3003 901 mundo
3031 841 3208 901 celari
3236 842 3444 905 civitas
3466 842 3575 901 illa
3591 885 3613 915 ,
3637 843 3723 901 sic
3744 844 3819 902 ab

2280 952 2485 996 amore
2527 936 2949 1012 temporalium
2990 936 3237 997 elevata.
3292 936 3409 995 Sed
3464 937 3600 1013 quis
3645 936 3823 997 hodie

2279 1047 2406 1089 non
2431 1031 2644 1091 cecidit
2666 1031 2743 1091 ab
2769 1031 2887 1091 hoc
2907 1036 3107 1090 monte
3126 1073 3148 1103 ,
3172 1031 3278 1106 qui
3316 1033 3476 1090 totus
3502 1034 3823 1106 prosu-atus

2276 1125 2437 1198 J’acet
2470 1127 2535 1185 in
2573 1125 2771 1198 valle,
2812 1125 3123 1184 adhaerens
3173 1125 3429 1184 totaliter
3467 1126 3583 1201 ipsi
3617 1126 3822 1184 terras?

2280 1220 2519 1277 Terram
2544 1234 2885 1294 operamur,
2904 1218 2980 1277 de
3000 1222 3156 1278 terra
3181 1218 3513 1294 loquimur,
3531 1224 3592 1277 et
3612 1224 3823 1278 terram

2283 1311 2606 1387 sequimur.
2629 1310 2958 1372 Psalmus²:
2993 1332 3021 1367 11
3050 1313 3364 1372 Humiliata
3390 1317 3479 1372 est
3495 1314 3559 1371 in
3586 1311 3823 1388 pulvere

2283 1405 2485 1465 anima
2512 1409 2744 1465 nostra:
2776 1406 3213 1480 conglutinatus
3240 1407 3417 1466 estin
3440 1410 3605 1466 terra
3632 1411 3823 1465 venter

2281 1503 2500 1559 noster.
2531 1520 2561 1553 11
2604 1500 3048 1573 Οοηριυείωεω,
3085 1501 3229 1576 quia
3273 1503 3358 1560 sic
3397 1501 3631 1560 fortiter
3666 1504 3825 1559 term

2284 1593 2653 1667 conjunctus,
2680 1594 2830 1653 sicut
2855 1594 2989 1653 sorti
3015 1595 3301 1654 bitumine
3326 1595 3565 1671 lapides
3589 1595 3825 1669 conium·

2286 1690 2543 1760 guntur,
2569 1690 2635 1745 ut
2657 1688 2759 1745 vix
2796 1688 3053 1763 amplius
3092 1689 3511 1749 dissolvantur.
3550 1689 3698 1759 Quis
3721 1704 3827 1747 un·

2286 1795 2471 1855 quam
2522 1780 2783 1857 populus
2820 1781 2904 1840 sic
2951 1783 3062 1843 fuit
3101 1783 3363 1842 avaritias
3378 1822 3399 1854 ,
3439 1784 3527 1842 sic
3569 1782 3829 1858 poe-min

2288 1890 2527 1948 servus,
2560 1879 2626 1933 ut
2665 1879 2754 1934 est
2792 1875 2975 1935 hodie
3008 1876 3272 1951 populus
3308 1877 3710 1936 christianus?
3746 1875 3829 1936 ad

2284 1966 2403 2027 hoc
2427 1968 2556 2041 J'am
2583 1967 2853 2039 devenit,
2882 1974 3096 2028 utnon
3122 1970 3316 2029 solum
3342 1970 3671 2045 populares
3704 1985 3830 2044 per·

2286 2079 2449 2121 sonoe
2472 2063 2642 2135 viles,
2669 2064 2776 2122 sed
2813 2064 3027 2123 milites
3042 2107 3062 2137 ,
3088 2065 3366 2134 comites,
3394 2064 3678 2134 barones,
3700 2064 3830 2122 tacti

2287 2158 2423 2214 sunt
2445 2161 2839 2229 mercatores,-
2870 2157 3078 2216 saltem
3112 2173 3222 2232 per
3258 2157 3669 2233 interpositam
3694 2173 3827 2232 per-

2287 2267 2519 2310 sonam.
2547 2254 2675 2309 Non
2694 2252 2839 2311 tales
2859 2252 3097 2311 fuerunt
3116 2251 3408 2325 sapientes
3428 2250 3684 2326 antiqui,
3712 2267 3832 2309 non

2289 2345 2434 2404 tales
2459 2345 2840 2422 philosophi,
2871 2347 2978 2422 qui
3022 2351 3266 2422 propter
3305 2345 3679 2407 mundanam
3702 2344 3831 2418 glo·

2285 2439 2439 2499 riam
2465 2439 2668 2498 omnia
2692 2445 3187 2514 contempserunt.
3239 2442 3430 2499 Unum
3458 2443 3661 2499 autem
3686 2438 3835 2498 refe-
3904 2453 4025 2495 axe-

2289 2547 2443 2604 ram,
2470 2533 2637 2608 quod
2680 2531 2838 2591 circa
2865 2536 3053 2591 Coum
3078 2549 3244 2592 mare
3269 2532 3528 2591 accidit
3512 2548 3578 2590 m
3605 2532 3837 2591 11616616
3856 2513 3979 2570 ¹¹¹²

2289 2626 2557 2700 regione,
2583 2626 2740 2685 ubi⁸
2766 2626 3015 2702 quidam
3040 2627 3120 2685 ab
3157 2625 3439 2686 omnibns
3463 2625 3693 2685 ibidem
3716 2626 3834 2700 pis-

2293 2723 2564 2781 cantibus
2602 2739 2790 2782 unum
2826 2724 3052 2796 jactum
3090 2722 3264 2794 retis,
3290 2722 3413 2781 sive
3440 2726 3732 2797 quantum
3761 2720 3836 2778 de

2291 2815 2554 2890 piscibus
2588 2831 2711 2874 uno
2729 2816 2893 2889 jactu
2933 2818 3196 2890 caperet,
3226 2814 3387 2873 emit.
3418 2817 3687 2888 Cumque
3716 2831 3837 2873 cre-

2293 2909 2501 2969 derent
2509 2910 2812 2967 extrahere
2824 2909 3072 2983 piscem,
3084 2924 3354 2969 mensam
3370 2924 3620 2967 mirsam
3633 2908 3838 2981 magni

2289 3002 2573 3078 ponderis
2598 3006 2991 3061 exuaxerunt.
3023 3005 3175 3061 inter
3216 2997 3539 3077 piscatores
3564 3001 3745 3076 igitur
3782 3006 3839 3061 et

2293 3100 2622 3171 emptorem
2666 3095 3068 3155 controversia
3107 3100 3236 3154 orta
3278 3100 3409 3154 est:
3457 3099 3515 3154 et
3563 3096 3841 3156 dicebant

2293 3189 2613 3264 piscatores
2654 3205 2719 3247 se
2747 3193 3055 3265 capturam
3088 3188 3344 3265 piscium
3368 3189 3714 3249 vendidisse
3734 3232 3755 3261 ,
3782 3194 3841 3250 et

2293 3282 2464 3340 illum
2485 3285 2816 3357 emptorem
2841 3284 3033 3358 pisces
3053 3324 3073 3356 ,
3103 3299 3228 3341 non
3255 3299 3473 3345 aurum
3507 3299 3707 3343 emere
3730 3300 3841 3342 vo·

2292 3374 2493 3434 luisse.
2538 3376 2739 3434 Deleta
2762 3380 2851 3434 est
2885 3377 3064 3450 igitur
3090 3393 3185 3435 res
3212 3376 3295 3435 ad
3320 3375 3619 3452 populum
3643 3377 3841 3435 civita-

2294 3470 2401 3540 tis‚
2428 3472 2485 3527 et
2516 3468 2740 3544 placuit
2772 3470 2997 3527 cunctis
3015 3511 3035 3542 ,
3075 3473 3142 3528 ut
3184 3473 3299 3527 Deo
3327 3469 3589 3545 Apollini
3610 3514 3628 3542 ,
3660 3486 3842 3544 quern

2294 3563 2592 3637 colebant,
2617 3581 2729 3640 pro
2757 3564 3003 3623 consilio
3028 3563 3312 3622 habendo
3331 3579 3511 3639 super
3532 3563 3649 3625 boc
3679 3579 3843 3622 com-

2294 3656 2655 3729 mitteretur,
2684 3658 2927 3716 cuinam
2954 3656 3195 3716 deberet
3230 3672 3413 3715 aurea
3439 3672 3648 3715 mensa
3689 3657 3839 3715 dari.

2293 3753 2453 3810 Tunc
2504 3754 2655 3809 Deus
2701 3768 2913 3810 eorum
2955 3750 3284 3826 respondit,
3324 3749 3411 3808 1111
3455 3766 3729 3811 mensam
3768 3751 3843 3810 de

2294 3848 2521 3919 septem
2563 3861 2773 3905 eorum
2815 3845 3178 3920 sapientibus
3216 3859 3345 3903 esse
3388 3844 3695 3917 dandam,
3740 3845 3842 3920 qui

2296 3937 2585 4013 sapientia
2601 3943 2842 3997 coeteros
2870 3940 3133 3999 anteiret.
3162 3938 3374 3997 Habito
3397 3954 3540 4012 ergo
3568 3938 3843 4011 consilio,

2295 4034 2668 4093 tradiderunt
2699 4049 2834 4092 eam
2864 4034 3086 4093 Thaleti
3122 4040 3413 4111 tanquam
3449 4035 3727 4094 omnium
3752 4051 3842 4094 sa-

2296 4128 2590 4204 pientiori.
2626 4132 2697 4189 At
2734 4128 2835 4187 ille
2868 4128 3252 4204 contempdb
3278 4144 3405 4188 non
3436 4129 3705 4204 accepit3
3736 4130 3842 4189 sed

2299 4221 2562 4281 secundo
2602 4238 2639 4280 a
2673 4238 2737 4281 se
2776 4222 3027 4298 sapienti
3068 4221 3421 4293 transmisit,
3450 4227 3509 4282 et
3532 4223 3636 4282 ille
3668 4224 3839 4283 tertio

2303 4315 2659 4375 destinavit:
2698 4319 2755 4373 et
2790 4315 2875 4373 sic
2917 4315 3063 4374 dum
3096 4331 3206 4390 per
3246 4331 3456 4374 omnes
3508 4317 3837 4385 1160616661.

2299 4408 2542 4467 ultimus
2569 4408 2650 4467 ad
2675 4408 3009 4483 Apollinem
3035 4409 3277 4479 detulit,
3304 4413 3362 4469 et
3395 4410 3643 4471 camilli
3666 4411 3842 4470 obtu-

2300 4501 2385 4559 lit.
2417 4502 2556 4572 Quis
2584 4502 2659 4560 de
2685 4501 2989 4560 hodiernis
3007 4502 3343 4563 Christianis
3368 4504 3552 4565 talem
3572 4520 3843 4565 mensam

2301 4596 2525 4655 Christo
2554 4595 2811 4666 offerret,
2843 4600 2900 4654 et
2924 4611 3050 4653 non
3075 4598 3272 4672 potius
3290 4598 3405 4657 sibi
3429 4600 3745 4659 retineret?

2372 4688 2640 4777 Secundo
2685 4689 2863 4747 beata
2897 4692 3092 4763 Agnes
3132 4689 3240 4749 fuit
3279 4691 3485 4749 civitas
3524 4692 3749 4765 clausa,
3784 4697 3845 4752 et

2300 4798 2476 4843 muro
2495 4782 2774 4858 valloque
2793 4783 3108 4858 praecincta
3122 4782 3428 4856 virginalis
3451 4787 3840 4849 continentius.

2301 4879 2448 4935 Nam
2475 4876 2628 4935 adeo
2656 4875 2907 4935 fortibus
2931 4876 3076 4935 seris
3100 4875 3369 4951 undique
3395 4876 3600 4937 clausa
3625 4878 3756 4953 fuit,
3777 4884 3845 4939 ut

2300 4985 2426 5028 non
2464 4968 2661 5028 solum
2707 4968 2879 5042 166111,
2923 4968 3031 5027 sed
3075 4983 3189 5027 nec
3231 4985 3270 5028 a
3308 4970 3439 5031 viro
3468 4972 3843 5033 nobilissimo

2302 5061 2510 5121 audire
2549 5077 2724 5139 passa
2748 5066 2834 5123 est
2859 5062 3083 5133 verba,
3108 5062 3214 5121 sed
3255 5064 3373 5127 ait:
3404 5068 3629 5125 Discede
3662 5086 3700 5125 o
3721 5083 3841 5137 ns,

2300 5158 2560 5230 pabulum
2606 5159 2819 5226 mortis,
2863 5161 2929 5213 ut
2970 5158 3132 5230 patet
3182 5156 3339 5216 clare
3385 5159 3450 5217 in
3502 5160 3773 5233 Legenda
3792 5162 3839 5218 ⁸.

2368 5285 2437 5346 (a)
2465 5284 2587 5333 Coet.
2609 5283 2733 5334 edit.
2757 5297 2891 5348 qnae.
2913 5311 2974 5324 -
2997 5284 3067 5351 (ὁ)
3096 5285 3237 5338 edit.
3269 5287 3380 5338 Vat.
3406 5286 3697 5351 diiimetur5
3718 5287 3837 5341 edil.

2316 5354 2428 5405 Ven.
2456 5354 2737 5409 diducatur.
