4059 6317
658 461 779 525 ⁴06

658 594 723 652 in
747 605 919 653 crues
944 590 1234 668 spirimali
1260 593 1518 666 quatuor
1542 590 1661 650 alia
1695 590 1815 650 illis
1850 604 2199 667 correspon-

659 685 861 746 dentia
915 686 1262 762 probamus.
1322 688 1472 745 Nam
1523 683 1588 743 in
1640 684 1933 745 materiali
1991 700 2195 758 cruce,

657 780 853 856 primo
882 779 1170 839 debemus
1198 779 1573 840 considerare
1599 778 1750 854 ligni
1774 779 1960 855 ipsius
1985 779 2197 850 imum,

658 874 783 934 sive
802 873 1202 950 protundum3
1235 874 1530 947 secundo,
1557 873 1707 948 ligni
1747 872 1963 946 altum3
1996 873 2196 946 tertio,

658 966 844 1043 ipsius
865 968 1013 1042 ligni
1037 969 1224 1027 latum
1236 988 1254 1041 3
1285 970 1498 1044 quarto
1521 983 1689 1041 vero,
1716 966 1902 1043 ipsius
1920 967 2197 1040 longum.

659 1064 832 1122 Juxta
852 1061 977 1121 haec
1002 1067 1280 1138 quatuor,
1302 1079 1448 1122 crux
1470 1062 1788 1138 spiritualis
1815 1064 2071 1135 quatuor
2095 1060 2203 1119 ha-

658 1155 825 1228 buit,
856 1173 1041 1232 quam
1068 1172 1303 1216 crucem
1331 1157 1458 1233 ipse
1488 1156 1803 1232 Apostolus
1827 1155 2033 1216 Christi
2058 1169 2199 1230 por-

658 1250 825 1315 tevit.
854 1255 1002 1311 Nam
1025 1252 1238 1312 habuit
1261 1252 1325 1311 in
1351 1268 1414 1311 se
1438 1250 1808 1328 profundum
1831 1248 2198 1322 humilitatis,

658 1344 870 1405 habuit
894 1345 1265 1405 altitudinem
1290 1345 1651 1421 paupertatis
1664 1388 1682 1417 ,
1710 1344 1919 1403 habuit
1941 1342 2202 1402 latitudi-

659 1455 799 1499 nem
825 1440 1121 1501 charitatis
1131 1482 1154 1513 ‚
1184 1444 1244 1500 et
1268 1440 1479 1499 habuit
1515 1437 1954 1513 longitudinem
1993 1437 2198 1511 longa·

659 1535 955 1594 nimitatis.

728 1629 869 1688 Dico
895 1628 1064 1705 qnod
1091 1645 1238 1687 crux
1263 1629 1600 1703 spiritualia,
1621 1644 1805 1704 quam
1827 1627 1909 1688 ad
1929 1626 2201 1686 imltatio-

658 1739 799 1783 nem
827 1724 1057 1783 Domini
1084 1724 1403 1785 Salvatoris
1439 1724 1794 1784 venerabilis
1834 1724 1932 1782 hic
1957 1728 2202 1799 Aposto-

657 1819 753 1878 lus
777 1834 1011 1894 semper
1030 1820 1227 1893 gessit,
1253 1820 1451 1894 primo
1479 1818 1689 1877 habuit
1707 1818 2073 1894 profundum
2090 1817 2200 1875 hu-

656 1911 935 1971 militatis.
975 1913 1132 1972 Sicut
1171 1912 1331 1972 enim
1367 1913 1432 1971 in
1455 1912 1745 1971 materiali
1771 1926 1943 1971 cruce
1968 1911 2199 1985 lignum

657 2005 848 2067 imum
874 2008 1051 2065 totius
1074 2006 1264 2065 crucis
1290 2010 1376 2064 est
1400 2006 1852 2064 fundamentum
1879 2010 1937 2064 et
1977 2009 2199 2064 susten-

656 2103 1005 2172 tamentum,
1032 2100 1116 2158 sic
1154 2099 1501 2158 humilitatis
1541 2098 1772 2158 bonum
1798 2099 1986 2157 crucis
2011 2097 2202 2173 poeni-

659 2196 852 2255 tentiae
880 2197 967 2254 est
991 2193 1439 2253 fundamentale
1467 2192 1864 2269 principium:
1886 2194 2030 2268 quia
2052 2194 2202 2253 sicut

657 2305 818 2365 aqua
838 2304 1072 2364 semper
1096 2289 1225 2347 fluit
1249 2288 1330 2347 ad
1355 2287 1566 2359 valles,
1594 2289 1678 2346 sic
1710 2287 1806 2346 Dei
1833 2289 2024 2361 gratia
2047 2303 2200 2346 sem·

659 2399 764 2459 per
789 2383 870 2442 ad
897 2382 1172 2442 humiles.
1202 2382 1363 2441 Unde
1400 2385 1697 2457 peccator,
1728 2382 1831 2457 qui
1856 2398 1919 2439 se
1944 2396 2070 2439 non
2094 2381 2202 2438 hu-

658 2477 867 2551 miliat,
896 2483 1042 2536 etse
1067 2477 1147 2536 ad
1174 2478 1425 2550 gratiam
1445 2476 1658 2534 humili
1682 2479 1877 2534 mente
1903 2492 2027 2534 non
2053 2492 2200 2550 prae-

658 2576 853 2649 parat,
887 2576 1174 2647 quantum
1203 2574 1288 2629 est
1313 2570 1390 2629 de
1421 2570 1552 2643 lege
1592 2568 1923 2641 communi,
1950 2568 2200 2643 gratiam

662 2668 763 2725 Dei
797 2681 921 2724 non
946 2665 1192 2741 accipit,
1229 2663 1372 2739 quia
1395 2663 1460 2721 in
1487 2679 1561 2722 eo
1588 2663 1785 2735 locus,
1815 2662 1920 2721 ubi
1949 2663 2202 2735 gratiam

662 2764 882 2833 teneat,
911 2776 1035 2819 non
1064 2759 1272 2818 existit.
1301 2760 1414 2816 Vas
1439 2757 1599 2817 enim
1626 2757 1792 2832 quod
1818 2772 1941 2816 uno
1964 2756 2199 2831 liquore

662 2857 750 2914 est
779 2853 1060 2929 plenum,
1085 2867 1211 2911 non
1249 2852 1408 2926 capit
1432 2850 1714 2924 alterum,
1743 2850 1856 2909 nisi
1890 2850 2058 2926 prius
2092 2849 2199 2908 illo

660 2949 835 3008 tuerit
859 2952 1196 3007 vacuatum.
1233 2949 1362 3006 mc
1388 2948 1576 3005 sciens
1596 2951 1657 3005 B.
1682 2947 2023 3023 Apostolus,
2050 2963 2111 3005 se
2137 2947 2200 3005 in

660 3042 954 3117 principio
981 3058 1102 3100 suoe
1130 3040 1484 3116 poenitentiae
1524 3043 1716 3099 totum
1761 3056 1867 3115 per
1904 3040 2203 3099 humilita-

664 3139 783 3195 tem
801 3135 1131 3208 evacuavit,
1148 3139 1214 3194 ut
1227 3135 1309 3193 sic
1325 3134 1540 3209 repleri
1560 3137 1761 3209 posset
1779 3135 2060 3193 omnibus
2087 3134 2205 3209 spi-

662 3229 975 3289 ritualibus
1023 3228 1214 3287 donis.
1260 3228 1493 3289 Sciebat
1536 3228 1698 3286 enim
1743 3227 1961 3287 dixisse
2002 3229 2202 3287 Domi-

661 3338 811 3382 num
838 3327 857 3362 ¹
881 3342 897 3382 z
937 3340 966 3377 «t
990 3323 1100 3393 Qui
1125 3321 1254 3380 vult
1275 3322 1479 3382 venire
1508 3327 1646 3397 post
1668 3338 1797 3395 me,
1835 3322 2090 3396 abneget
2114 3338 2202 3380 se-

662 3417 1014 3493 metipsum,
1045 3421 1103 3476 et
1126 3416 1297 3475 tollat
1323 3432 1556 3474 crucem
1583 3430 1788 3488 suam,
1829 3420 1886 3473 et
1922 3419 2203 3491 sequatur

664 3527 782 3570 me.
810 3532 839 3567 n
872 3512 1027 3583 Quid
1047 3514 1134 3569 est
1158 3527 1220 3568 se
1243 3509 1565 3584 abnegare,
1591 3510 1708 3567 nisi
1733 3523 1976 3568 omnem
2001 3526 2203 3586 super-

665 3605 828 3665 biam
868 3605 1067 3664 cordis
1109 3605 1364 3677 abjicere
1388 3624 1403 3676 3
1452 3607 1511 3662 et
1550 3608 1687 3679 post
1728 3604 2039 3662 Dominum
2083 3605 2200 3678 ire,

663 3699 778 3758 nisi
803 3703 939 3775 post
963 3699 1181 3757 dictam
1202 3699 1331 3772 jam
1356 3698 1765 3769 humilitatem,
1805 3698 2054 3771 gratiam
2078 3713 2203 3773 poe·

664 3793 1027 3853 nitentialem
1054 3792 1350 3867 accipere,
1380 3794 1436 3850 et
1465 3791 1548 3849 sic
1577 3807 1811 3866 semper
1835 3795 1970 3867 post
2008 3791 2202 3850 Domi·

663 3903 811 3947 num
844 3886 1194 3946 ambulare?
1222 3890 1368 3945 Nam
1396 3887 1603 3961 etipse
1629 3887 1691 3943 in
1716 3890 1984 3945 nostrum
2007 3902 2205 3944 exem-

662 3982 832 4057 plum
858 3981 1022 4056 prius
1047 3996 1111 4039 se
1136 3979 1499 4052 humiliavit,
1540 3979 1725 4052 pedes
1771 3978 2202 4054 discipulorum

664 4074 827 4146 lavit,
847 4078 953 4134 etc.
985 4075 1074 4133 Sic
1101 4090 1240 4132 cum
1266 4088 1503 4131 crucem
1528 4072 1890 4145 ascenderet,
1913 4073 2069 4131 hane
2094 4074 2207 4132 hu-

666 4169 972 4228 militatem
999 4170 1055 4228 S.
1082 4167 1393 4243 Apostolus
1420 4183 1482 4225 se
1508 4166 1732 4225 habere
1760 4164 2033 4239 ostendit,
2061 4184 2203 4225 cum

667 4262 936 4336 Egeas.de
959 4278 1131 4320 cruce
1157 4263 1241 4320 sic
1269 4261 1351 4320 ait
1379 4278 1394 4318 ε
1431 4278 1461 4315 α
1489 4265 1611 4332 Ego
1641 4260 1831 4318 crucis
1854 4261 2060 4319 Christi
2091 4277 2206 4319 ser-

665 4374 777 4416 vus
802 4373 957 4428 sum,
985 4360 1042 4415 et
1062 4355 1221 4414 cruci
1247 4356 1578 4430 trophaeum
1602 4353 1848 4427 diligere
1875 4354 2074 4429 potius
2101 4354 2201 4413 de-

666 4451 815 4521 beo,
854 4465 1039 4526 quam
1066 4450 1291 4508 timere.
1322 4470 1351 4502 »
1384 4447 1498 4507 Sed
1531 4448 1666 4523 quis
1700 4447 1883 4506 hodie
1926 4447 2205 4506 humilis?

666 4546 789 4605 imo
826 4544 960 4619 quis
1005 4560 1128 4603 non
1159 4547 1283 4602 toto
1327 4542 1508 4601 corde
1547 4540 1880 4617 superbus?
1923 4541 2018 4600 Vis
2058 4541 2206 4601 scire

626 4675 640 4690 -
666 4644 867 4701 utrum
902 4638 984 4697 sis
1025 4636 1305 4695 humilis?
1344 4637 1538 4710 cogita
1576 4636 1740 4711 apud
1780 4640 1838 4695 te
1873 4636 1922 4693 si
1948 4636 2205 4710 gloriam

667 4732 924 4809 appetis,
963 4732 1013 4789 si
1055 4730 1323 4791 oblatam
1347 4730 1607 4805 respuis,
1648 4730 1698 4787 si
1738 4728 1907 4788 doles
1951 4729 2202 4804 injuriis.

668 4826 1059 4901 Hieronymus
1083 4829 1108 4864 ⁸
1136 4845 1152 4884 t
1190 4844 1220 4881 α
1247 4825 1306 4884 Si
1342 4824 1593 4899 gloriam
1625 4838 1751 4882 non
1791 4823 2035 4898 quoeris,
2081 4838 2208 4883 non

670 4920 901 4981 dolebis
926 4936 1065 4979 cum
1090 4920 1366 4994 injuriam
1391 4919 1609 4993 pateris
1638 4935 1654 4977 τ
1687 4918 1830 4993 quia
1859 4919 1966 4994 qui
1994 4918 2208 4977 laudes

667 5031 793 5091 non
819 5018 1076 5091 appetit,
1102 5012 1489 5074 contumelias
1515 5028 1636 5071 non
1678 5013 1873 5072 sentit.
1900 5032 1932 5069 »
1965 5017 2120 5089 Ergo
2157 5015 2207 5073 si

667 5109 749 5170 ad
788 5108 1038 5182 iniurias
1074 5106 1278 5166 dolere
1316 5110 1374 5165 te
1414 5106 1629 5178 sentis,
1659 5122 1786 5167 non
1829 5122 1891 5165 es
1932 5106 2205 5182 humilis,

671 5202 779 5263 sed
800 5206 979 5284 vento
1008 5200 1300 5279 superbias
1320 5200 1535 5278 plenus
1562 5200 1780 5261 existis.

697 5382 704 5387 ⁶
735 5400 972 5463 ἱΠαιιΙι..
994 5413 1102 5463 xvi,
1124 5402 1203 5451 24.
1234 5427 1285 5436 -
1310 5400 1332 5434 ²
1355 5398 1565 5452 Hieron.
1583 5424 1646 5438 —
1669 5400 1693 5438 ⁸
1712 5403 1863 5454 Rern.
1882 5426 1948 5441 —
1967 5403 1985 5433 ⁴
2007 5404 2206 5467 Horat„

1710 450 2132 522 SERMONES
2152 450 2276 520 -ΒΕ
2313 450 2664 522 SANc'rls.
2708 452 2786 520 ll.

2378 592 2650 651 Secundo
2692 606 2840 650 cmx
2889 589 3209 665 spiritualis
3251 589 3436 649 habet
3476 588 3849 649 altitudinem

2306 688 2684 765 paupertatIs.
2728 691 2798 747 Et
2839 686 3017 746 debet
3046 688 3365 762 paupertas
3412 702 3540 745 esse
3587 685 3711 745 alta
3752 686 3848 759 (a),

2309 797 2383 840 eo
2409 782 2577 857 quod
2606 785 2857 854 aterra,
2897 798 3030 856 quas
3069 781 3206 840 loco
3238 784 3325 839 est
3357 780 3599 852 infima,
3628 781 3755 838 tota
3780 777 3852 836 sit

2309 874 2557 948 elevata,
2596 879 2652 934 et
2687 876 2913 934 Christo
2958 876 3033 935 sit
3070 875 3366 952 proxima.
3403 879 3554 934 Nam
3595 872 3853 932 altitudo

2307 971 2669 1045 paupertatis
2705 971 2902 1046 primo
2946 971 3011 1028 in
3053 970 3278 1029 Christo
3313 985 3452 1043 rege
3487 973 3698 1027 nostro
3732 983 3854 1025 res-

2307 1063 2600 1138 plenduit,
2626 1064 2676 1123 si
2703 1065 3038 1124 attendatur
3058 1063 3368 1140 quomodo
3385 1062 3450 1121 in
3467 1061 3766 1137 presepio
3780 1061 3854 1117 sit

2309 1158 2661 1233 collocatus,
2701 1159 3010 1235 quomodo
3047 1174 3226 1233 super
3265 1157 3495 1217 foenum
3516 1153 3853 1232 pannicula

2308 1250 2631 1326 involutus,
2658 1253 2969 1329 quomodo
2986 1252 3224 1311 modico
3239 1251 3390 1310 lacte
3402 1249 3686 1322 nutritus,
3708 1263 3853 1322 quo-

2307 1346 2494 1407 modo
2519 1347 2584 1406 in
2607 1350 2732 1407 tota
2772 1348 2899 1422 eius
2941 1347 3062 1406 vita
3093 1345 3299 1422 paucis
3325 1348 3642 1404 contentus
3656 1386 3677 1415 ,
3705 1357 3853 1417 quo·

2308 1440 2494 1499 modo
2521 1457 2772 1516 corpore
2798 1440 2993 1500 nudus
3018 1441 3082 1499 in
3108 1456 3278 1498 cruce
3298 1438 3584 1498 clavatus.
3609 1440 3852 1495 Bernar-

2309 1534 2424 1593 dus
2456 1537 2480 1572 ⁸
2508 1550 2576 1593 t«
2618 1535 2675 1594 Si
2712 1539 2897 1594 totam
2938 1535 3121 1593 vitam
3167 1533 3399 1592 Domini
3437 1531 3784 1607 aspexeris,
3820 1547 3855 1587 a

2306 1634 2480 1705 partu
2505 1630 2757 1704 Virginis
2791 1647 2978 1706 usque
3008 1630 3089 1689 ad
3121 1629 3459 1705 patibulum
3488 1627 3711 1698 crucis,
3732 1641 3855 1683 non

2308 1724 2572 1784 invenies
2594 1724 2707 1783 nisi
2730 1727 3005 1799 stigmata
3026 1722 3407 1800 paupertatis.
3433 1742 3462 1779 n
3487 1724 3622 1779 flaec
3651 1719 3857 1779 chrisa

2308 1817 2620 1892 Apostolus
2647 1817 2792 1876 dum
2827 1816 3101 1890 attendit,
3142 1818 3345 1875 omnia
3377 1820 3629 1891 propter
3666 1813 3858 1872 Chris-

2308 1914 2433 1969 tum
2477 1910 2747 1985 reliquit,
2791 1915 2849 1970 et
2889 1910 3089 1969 nudus
3127 1911 3311 1968 vitam
3344 1909 3407 1967 in
3435 1923 3612 1966 cruce
3642 1905 3856 1964 finivit.

2309 2004 2473 2061 Unde
2498 2004 2711 2063 dicitur
2736 2005 2797 2063 in
2824 2003 3099 2079 Legenda
3139 2002 3306 2079 quod
3334 2000 3670 2078 expoliavit
3694 2017 3783 2070 se,
3805 2002 3859 2056 et

2308 2098 2657 2157 vestimenta
2673 2114 2782 2157 sua
2800 2098 3044 2157 tradidit
3064 2097 3454 2156 carnificibus.
3476 2098 3729 2171 Propter
3744 2093 3860 2150 hoe

2308 2192 2462 2250 bene
2487 2196 2720 2267 poterat
2757 2192 2953 2251 dicere
2989 2191 3142 2250 illud
3185 2209 3201 2249 ε
3248 2193 3391 2248 Mihi
3430 2190 3576 2247 absit
3621 2191 3863 2261 glou-im

2308 2289 2424 2344 nisi
2448 2291 2510 2344 in
2528 2303 2682 2345 cruce
2708 2289 2960 2354 Domini,
2991 2290 3124 2357 etc.,
3147 2301 3247 2359 per
3272 2301 3427 2358 quem
3451 2285 3596 2340 mihi
3623 2282 3861 2339 mandras

2308 2383 2598 2451 crucifixus
2624 2385 2727 2453 est,
2767 2388 2818 2437 et
2854 2396 2948 2452 eqo
2970 2380 3190 2438 mundo.
3221 2378 3330 2450 llli,
3362 2377 3466 2452 qui
3494 2392 3641 2434 eum
3670 2374 3865 2433 cruci-

2306 2474 2601 2548 figebant,
2646 2475 2731 2534 sic
2770 2475 2966 2548 longis
3001 2474 3182 2533 clavis
3238 2490 3378 2532 eum
3423 2472 3592 2546 ligno
3657 2471 3865 2545 affige-

2310 2568 2455 2628 bant
2468 2611 2488 2641 ,
2515 2572 2581 2627 ut
2608 2585 2719 2628 nec
2749 2568 2982 2642 lignum
3024 2571 3316 2642 tangeret,
3350 2582 3547 2641 neque
3574 2583 3691 2640 per
3715 2581 3859 2624 con·

2308 2680 2563 2740 sequens
2604 2665 2960 2738 tangebatur
2990 2682 3005 2721 ε
3035 2668 3092 2722 et
3124 2663 3207 2721 sic
3249 2661 3432 2721 fiebat
3472 2677 3584 2737 per
3613 2661 3771 2732 hoc,
3797 2664 3863 2719 ut

2309 2759 2518 2819 fortius
2543 2776 2650 2835 per
2673 2759 2790 2817 hoc
2814 2759 2877 2816 in
2909 2773 3159 2832 corpore
3177 2758 3571 2832 torqueretur,
3599 2755 3753 2813 dum
3772 2758 3859 2813 to-

2310 2858 2436 2912 tum
2476 2869 2694 2928 corpus
2728 2867 2905 2927 super
2950 2851 3153 2910 clavos
3192 2849 3457 2926 pendere
3505 2849 3854 2922 cogebatur.

2307 2947 2463 3019 Quid
2491 2951 2576 3006 est
2611 2962 2756 3020 ergo
2784 2946 2952 3021 quod
2986 2944 3335 3021 Apostolus,
3377 2947 3436 3003 et
3468 2943 3705 3001 mundo
3732 2945 3857 3001 erat

2309 3040 2660 3114 crucifixus,
2706 3046 2764 3099 et
2806 3040 3073 3099 similiter
3115 3037 3411 3110 mundus,
3461 3037 3577 3095 nisi
3618 3037 3764 3111 quia
3796 3036 3855 3093 in

2308 3135 2537 3194 mundo
2571 3133 2682 3192 fuit
2705 3134 3120 3209 pauperrimus
3136 3134 3166 3190 ‘1
3193 3130 3307 3190 Sed
3335 3130 3469 3205 quis
3494 3130 3685 3188 hodie
3715 3145 3852 3187 eum

2309 3230 2616 3307 Apostolo,
2662 3230 2785 3289 imo
2826 3245 2961 3288 cum
2998 3228 3130 3304 ipso
3164 3228 3413 3286 Domino
3456 3241 3692 3301 pauper
3734 3225 3854 3282 est?

2307 3325 2447 3395 Quis
2472 3327 2558 3383 est
2582 3324 2688 3399 qui
2714 3327 2838 3383 toto
2867 3339 3041 3398 posse
3080 3320 3344 3393 divitias,
3375 3323 3434 3378 et
3472 3319 3633 3378 ultra
3658 3333 3853 3394 posse,

2305 3435 2433 3479 non
2460 3421 2732 3495 quaerat?
2758 3421 2934 3478 Poeta
2967 3418 2990 3454 ⁸
3023 3437 3038 3477 ε

2341 3572 2563 3638 lmpiger
2594 3573 2854 3622 extremos
2879 3568 3038 3620 currit
3062 3570 3318 3620 mercator
3344 3566 3412 3617 ad
3440 3565 3627 3628 indos,

2341 3646 2439 3695 Per
2465 3656 2606 3695 mare
2638 3641 2937 3708 pauperiem
2960 3640 3189 3707 fugiens,
3208 3652 3299 3705 per
3322 3652 3473 3703 saxa,
3492 3651 3589 3703 per
3622 3639 3792 3704 ignes.

2377 3796 2424 3855 0
2449 3810 2682 3853 summa
2707 3792 2977 3865 fatuitas,
3006 3795 3063 3851 et
3085 3806 3303 3867 corpus
3327 3789 3642 3849 laboribus
3684 3789 3853 3848 tantis

2309 3891 2576 3961 atterere,
2609 3891 2667 3946 et
2710 3887 2880 3962 quod
2923 3891 3008 3946 est
3049 3886 3218 3961 pejus
3236 3927 3255 3957 ,
3302 3885 3565 3943 animam
3601 3882 3850 3942 diabolo

2305 3983 2567 4042 vendere
2583 4024 2604 4055 ,
2626 3983 2783 4039 utin
2810 3980 3251 4040 damnationem
3274 3983 3436 4037 tuam
3466 3978 3661 4037 lutum
3690 3982 3852 4037 terre

2310 4076 2512 4135 valeas
2539 4077 2942 4149 congregare!
2980 4094 3010 4129 ι
3036 4074 3374 4148 Usquequo,
3395 4071 3693 4147 propheta
3718 4069 3852 4142 ait‘,

2309 4184 2637 4243 congregas
2679 4171 2888 4228 contra
2921 4174 2977 4227 te
3024 4165 3369 4242 depressum
3414 4164 3607 4223 lutum
3622 4166 3657 4222 i·
3690 4184 3720 4220 s
3766 4162 3854 4221 Di·

2310 4270 2522 4325 cuntur
2551 4262 2768 4322 divitias
2797 4263 3103 4335 depressum
3137 4262 3330 4333 lutum,
3359 4259 3501 4336 quia
3525 4259 3680 4318 sicut
3698 4258 3853 4317 bene

2311 4359 2655 4434 depressum
2682 4372 2806 4415 non
2831 4355 3002 4415 facile
3029 4357 3368 4429 separatur,
3398 4353 3481 4411 sic
3510 4354 3613 4412 vix
3640 4368 3679 4411 a
3704 4351 3856 4411 divi·

2309 4452 2403 4511 tiis
2435 4468 2540 4510 cor
2583 4450 2747 4511 avari
2789 4449 3040 4525 perfecte
3089 4452 3413 4523 separatur.
3460 4447 3550 4506 Ad
3589 4462 3853 4521 pauper·

2308 4549 2488 4605 tatem
2517 4561 2659 4618 ergo
2704 4543 2906 4618 accipe
2947 4542 3288 4618 exemplum
3330 4539 3605 4613 Diogenis
3650 4537 3854 4611 magni

2310 4638 2652 4715 philosophi
2668 4681 2690 4711 ,
2718 4637 2824 4713 qui
2860 4637 2884 4673 ⁸
2911 4653 3023 4713 pro
3060 4637 3245 4695 domo
3284 4634 3517 4694 dolium
3544 4632 3853 4708 quoddam

2310 4735 2592 4808 habebat,
2620 4751 2837 4810 panem
2866 4734 3123 4794 ostiatim
3158 4731 3478 4809 quaerebat,
3506 4746 3649 4789 cum
3674 4744 3857 4789 manu

2311 4845 2532 4905 aquam
2566 4828 2832 4888 bibebat.
2865 4831 3011 4887 Cum
3043 4826 3228 4886 semel
3268 4823 3604 4886 Alexander
3647 4838 3853 4881 coram

2313 4922 2478 4983 dolio
2518 4923 2644 4997 eius
2673 4922 2960 4995 uansiret,
2990 4921 3077 4979 ibi
3118 4918 3557 4996 aliquantulum
3597 4916 3853 4990 gradum

2310 5015 2442 5075 fixit
2455 5060 2472 5089 ,
2503 5021 2561 5076 et
2584 5017 2775 5076 multa
2818 5016 2977 5075 dona
3008 5015 3063 5074 ei
3089 5013 3361 5090 promisit
3394 5032 3410 5072 ε
3448 5026 3710 5086 cumque
3755 5006 3852 5066 ille

2311 5107 2462 5168 nihil
2486 5108 2813 5185 temporale
2834 5108 3101 5184 accipere
3125 5108 3343 5181 vellet,
3372 5108 3431 5166 et
3455 5109 3526 5164 ut
3563 5104 3853 5179 acciperet

2314 5246 2402 5299 lib.
2424 5248 2467 5310 l,
2489 5246 2658 5312 Epist.
2688 5257 2727 5298 1.
2752 5272 2805 5283 —
2837 5246 2860 5282 ⁸
2881 5243 3092 5309 Babae„
3118 5255 3176 5309 ιι,
3195 5244 3244 5295 6.
3263 5242 3456 5293 -uts
3482 5239 3635 5305 Diog.
3666 5240 3849 5302 Lm,

2312 5320 2368 5375 in
2394 5322 2489 5370 vit.
2520 5320 2691 5384 Πίσᾳ,
2718 5317 2807 5369 lib.
2835 5318 2924 5369 vl.

2332 5434 2339 5441 -
2378 5404 2446 5469 (a)
2476 5402 2602 5457 Cot.
2631 5403 2756 5457 edit.
2787 5401 2966 5455 altera.
