4059 6317
686 540 768 602 90
1776 529 2201 599 SERMONES
2240 530 2343 596 DE
2381 529 2779 600 TEMPORE.

684 674 865 754 potes
914 670 985 734 in
1034 670 1292 736 calicem
1346 671 1651 754 corporis.
1703 667 2068 735 Bernardns
2110 667 2130 703 ¹
2203 688 2221 731 :

695 800 728 840 a
751 777 908 846 Vide
933 778 1256 861 quomodo
1271 826 1288 854 ‚
1318 769 1449 843 imo
1470 796 1669 862 quam
1698 794 1950 842 summe
1978 794 2019 838 a
2042 773 2228 839 nobis

688 885 856 950 Deus
898 884 1103 949 amari
1140 885 1375 950 meruit
1406 906 1421 949 ε
1452 885 1568 968 qui
1607 884 1781 968 prior
1824 883 1960 967 ipse
2006 881 2227 945 dilexit

684 1010 825 1072 nos,
854 996 1072 1056 tantus
1096 996 1161 1056 et
1183 992 1327 1056 talis
1344 993 1568 1074 gratis,
1597 990 1877 1056 tantillos
1900 992 1965 1054 et
1983 989 2164 1053 tales.
2185 1008 2217 1047 ιι

682 1098 921 1164 Vinum
937 1102 1158 1163 autem
1175 1099 1243 1163 in
1259 1099 1648 1180 sanguinem
1668 1098 1898 1163 Christi
1921 1096 2221 1174 vertitur,

682 1207 838 1272 dum
892 1205 1143 1271 dilectio
1186 1206 1297 1270 Dei
1340 1223 1564 1270 veram
1608 1204 1842 1270 animoe
1907 1204 2109 1268 vitam
2156 1202 2227 1266 in

684 1312 929 1379 Christo
972 1316 1292 1395 operatur.
1349 1311 1492 1380 Vita
1538 1313 1710 1378 enim
1769 1310 2113 1394 corporalis
2153 1309 2224 1374 in

682 1420 1002 1501 sanguine
1038 1420 1268 1484 Christi
1313 1425 1410 1485 est
1439 1442 1456 1486 ι
1488 1425 1552 1486 et
1599 1421 1690 1484 sic
1734 1420 1870 1486 vita
1913 1419 2219 1501 spiritua-

682 1525 762 1590 lis
787 1529 850 1592 et
888 1527 1205 1592 aeternalis
1231 1526 1298 1591 in
1336 1528 1652 1610 sanguine
1693 1526 1846 1592 Jesu
1892 1525 2124 1592 Christi
2149 1526 2172 1561 ¹
2202 1546 2218 1589 :

690 1656 721 1695 ι
747 1632 869 1711 Qui
893 1633 1054 1697 bibit
1096 1652 1313 1700 meum
1352 1634 1760 1716 sangninem,
1800 1634 1872 1697 in
1925 1650 2030 1697 me
2084 1649 2222 1698 ma-

682 1744 812 1806 net.
844 1761 875 1804 n
910 1739 1074 1818 Quid
1122 1741 1367 1806 mirum
1412 1731 1472 1805 si‘
1515 1741 1649 1806 vita
1691 1743 1911 1805 nostra
1958 1739 2027 1803 in
2075 1757 2227 1803 san-

682 1847 886 1929 guine
911 1852 1007 1913 est
1033 1847 1295 1927 Christi,
1317 1865 1466 1913 cum
1493 1847 1700 1912 simus
1719 1847 2010 1912 membra
2039 1845 2226 1910 Chri-

682 1956 764 2020 sti
780 1956 812 2019 ?
864 1956 888 1992 ⁸
917 1978 949 2017 σι
998 1954 1284 2020 Membra
1335 1974 1561 2020 sumus
1630 1957 1775 2038 ejus
1800 2002 1819 2035 ,
1892 1953 1971 2018 de
2035 1971 2224 2018 carne

679 2066 737 2146 ej
745 2081 843 2142 us,
878 2067 997 2128 etc.
1027 2084 1058 2121 ι
1079 2061 1203 2127 Sed
1220 2080 1363 2127 ecee
1390 2062 1650 2146 quando
1675 2079 1880 2127 unum
1907 2060 2225 2126 membro-

679 2188 828 2235 rum
856 2168 1285 2249 abscinditur,
1332 2168 1603 2250 sanguis
1640 2168 2009 2233 effunditur.
2060 2165 2220 2232 San·

678 2278 948 2358 guinem
974 2294 1137 2358 ergo
1174 2275 1406 2342 Christi
1434 2274 1875 2340 miserabiliter
1915 2274 2185 2340 effundit
2199 2323 2216 2356 ,

679 2385 792 2467 qui
817 2385 897 2450 de
923 2401 1185 2467 corpore
1206 2382 1436 2449 Christi
1456 2382 1724 2465 mystico
1753 2400 1843 2462 se,
1874 2381 1979 2448 vel
1996 2381 2220 2461 alium,

679 2510 794 2574 per
807 2490 1075 2557 mortale
1093 2494 1425 2574 peccatum
1442 2489 1770 2554 abscindit,
1791 2487 2072 2553 Bernard
2080 2508 2155 2553 us
2166 2488 2218 2553 ἰ

687 2622 719 2660 α
745 2597 886 2663 Non
914 2598 1027 2662 tibi
1056 2597 1309 2662 videtur
1328 2596 1636 2663 Dominus
1655 2596 2022 2678 graviorem
2040 2596 2120 2660 ab
2147 2614 2223 2661 eo

677 2705 995 2770 sustinere
1041 2704 1546 2786 persecutionem
1566 2750 1583 2781 ,
1631 2703 1742 2787 qui
1775 2703 2006 2767 avertit
2033 2703 2115 2766 ab
2140 2719 2218 2768 eo

675 2812 960 2890 animas,
1012 2828 1175 2893 quas
1219 2810 1481 2893 proprio
1533 2810 1854 2891 sanguine
1910 2810 2219 2890 redemit,

678 2935 874 3001 quam
903 2917 985 2981 ab
1009 2917 1141 2994 illo,
1170 2917 1285 3000 qui
1313 2917 1702 2998 sanguinem
1729 2935 1924 2983 suum
1950 2918 2161 2983 fudit?
2178 2939 2211 2978 »2

1135 3091 1426 3163 senno
1471 3093 1565 3163 1v
1601 3093 1685 3186 (a)
1719 3096 1763 3162 ⁸.

750 3241 883 3308 Hoc
895 3240 1043 3321 fecit
1051 3240 1320 3307 initium
1330 3240 1661 3321 siqnorum
1668 3240 1851 3305 lesus
1863 3239 1937 3305 in
1953 3238 2130 3305 Cana
2141 3238 2217 3322 (b)

688 3349 971 3425 Galum,
1004 3352 1066 3414 et
1107 3345 1555 3426 manifestavit
1597 3345 1872 3428 aleriam
1912 3362 2100 3412 suam
2115 3394 2138 3425 ,
2167 3353 2224 3414 et

679 3455 1091 3524 crediderunt
1101 3456 1176 3521 in
1195 3471 1338 3521 eum
1354 3453 1665 3536 discipuli
1684 3454 1822 3536 ejus
1844 3452 1886 3518 ⁸.
1905 3453 2222 3532 Quoniam

681 3582 796 3648 per
837 3562 1266 3644 cognitionem
1311 3560 1573 3626 effectus
1617 3560 1953 3625 devenitur
1993 3560 2063 3623 in
2103 3578 2216 3625 co-

681 3672 1038 3755 gnitionem
1063 3685 1275 3733 causae
1289 3715 1311 3747 ,
1346 3667 1488 3732 ideo
1513 3667 1547 3733 J
1551 3685 1786 3731 oannes
1815 3667 2224 3750 Evangelista

678 3782 747 3846 in
775 3778 973 3845 verbo
1005 3776 1327 3861 proposito
1349 3824 1369 3856 ,
1399 3775 1569 3858 quod
1617 3779 1714 3839 est
1755 3777 1938 3859 quasi
1965 3776 2221 3841 conclu·

679 3889 774 3954 sio
812 3891 874 3953 et
911 3886 1250 3970 epilogatio
1282 3884 1482 3949 totius
1508 3881 1844 3964 Evangelii
1877 3883 2219 3965 hodierni,

679 3995 962 4060 insinuat
1008 3992 1180 4075 quod
1223 3996 1257 4057 J
1262 4009 1410 4056 esus
1462 3989 1747 4055 Christus
1795 3991 2226 4056 manifestavit

676 4101 1063 4166 eminentem
1113 4098 1465 4182 potentiam
1529 4114 1714 4162 suam
1762 4115 1876 4180 per
1922 4098 2222 4162 effectum

678 4207 1133 4272 miraculosum
1173 4210 1237 4270 et
1279 4222 1472 4281 super
1514 4205 1875 4270 facultatem
1922 4208 2176 4270 naturae
2194 4252 2218 4285 ,

675 4315 746 4379 in
789 4314 1003 4379 subita
1045 4311 1576 4377 transmutatione
1621 4328 1807 4394 aquae
1845 4311 1916 4375 in
1942 4312 2168 4375 vinum
2200 4358 2220 4391 ‚

677 4422 858 4487 nulla
888 4418 1299 4503 dispositione
1343 4418 1739 4501 praecedente
1760 4468 1776 4499 ‚
1835 4438 1986 4484 cum
2024 4420 2173 4485 dicit
2202 4441 2218 4484 ε

680 4530 812 4597 Hoc
852 4530 1008 4610 fecit
1048 4530 1321 4595 initium
1362 4527 1696 4610 stauarum
1716 4574 1735 4606 ‚
1786 4532 1908 4592 etc.
1938 4526 2116 4592 Unde
2157 4527 2225 4591 in

679 4637 880 4701 verbo
906 4635 1230 4719 proposito
1252 4633 1460 4717 primo
1485 4637 1742 4699 notatur
1769 4633 2224 4699 miraculorum

681 4744 913 4810 Christi
940 4760 1252 4829 apparens
1291 4742 1589 4824 incoeptio
1608 4789 1628 4819 ,
1672 4760 1819 4806 cum
1863 4741 2013 4806 dicit
2044 4763 2060 4806 z
2093 4742 2224 4809 Hoc

682 4855 958 4922 initium
982 4854 1312 4935 siqnoram
1336 4850 1497 4938 fecit
1510 4850 1725 4926 Jesas;
1756 4849 2056 4929 secundo,
2088 4867 2223 4914 suae

681 4963 983 5047 potentiae
1009 4980 1124 5045 per
1153 4962 1416 5044 signum
1461 4958 1719 5024 evidens
1759 4958 2180 5024 manifestatio
2201 5006 2220 5039 ‚

681 5087 832 5135 cum
847 5069 1063 5135 subdit
1092 5090 1108 5133 ε
1142 5069 1224 5136 Et
1239 5066 1686 5149 manifestavit
1702 5065 1976 5148 aleriam
2001 5082 2218 5146 suam3

684 5176 877 5241 tertio
906 5176 1365 5259 discipulorum
1391 5176 1531 5257 ejus
1579 5173 2016 5239 manuducens
2066 5173 2223 5240 illu-

748 5374 766 5408 1
800 5373 970 5436 Rern„
997 5373 1057 5423 de
1083 5373 1237 5438 dilig.
1268 5372 1384 5435 Deo,
1413 5376 1532 5423 ante
1558 5371 1776 5422 med.—
1802 5371 1825 5406 ¹
1846 5371 2012 5436 Joan„
2040 5383 2113 5436 vi,
2143 5374 2220 5424 55.

685 5469 747 5483 -
781 5443 801 5474 ³
845 5442 1045 5509 Eploes„
1082 5455 1133 5505 v,
1170 5447 1248 5495 30.
1286 5468 1349 5481 —
1388 5442 1406 5474 ⁴
1447 5443 1621 5504 Bern„
1661 5443 1714 5490 in
1756 5440 1906 5491 Cone.
1952 5441 2006 5492 S.
2053 5441 2221 5505 Paul„

684 5527 843 5568 serm.
890 5524 937 5579 1,
988 5527 1043 5564 n.
1088 5518 1136 5566 2.
1178 5540 1242 5553 —
1285 5519 1303 5548 ⁸
1350 5515 1496 5567 Hunc
1536 5526 1642 5564 non
1691 5511 1846 5563 babet
1886 5511 2009 5566 edit.
2062 5513 2219 5566 Paris.

1009 5669 1193 5682 -ffl--d

2338 666 2631 748 minatio,
2660 687 2813 734 cum
2836 669 3215 752 subjungit:
3248 670 3331 738 Et
3352 671 3746 743 crediderint
3768 679 3832 744 in

2337 789 2480 840 eam
2506 773 2820 859 discipuli
2845 777 2986 858 ejus
3008 825 3026 856 ,
3052 777 3287 843 scilicet
3316 784 3571 863 propter
3597 781 3831 849 ἱιιῐιιεὶο-

2333 899 2487 945 nem
2515 901 2813 966 supernae
2840 884 3069 966 gratia}
3093 884 3366 951 interius
3379 935 3397 967 ‚
3428 890 3492 951 et
3519 890 3835 955 manuduc-

2334 986 2577 1053 tionem
2604 990 2898 1055 miraculi
2923 991 3223 1057 exterius.

2416 1095 2635 1163 Primo
2662 1117 2818 1182 ergo
2845 1104 3104 1166 notatur
3141 1100 3598 1167 miraculorum
3641 1103 3839 1169 Christi

2334 1223 2647 1288 apparens
2672 1208 3004 1290 incoeptio,
3035 1226 3183 1272 cum
3210 1208 3359 1273 dicit
3391 1227 3409 1274 ε
3440 1210 3572 1278 Hoc
3602 1213 3842 1279 initiam

2335 1312 2666 1394 danorum
2681 1313 2838 1394 fecit
2854 1315 3059 1380 Jesus.
3080 1313 3223 1379 Non
3236 1315 3411 1378 enim
3430 1314 3584 1380 illud
3607 1317 3843 1398 signum

2332 1418 2564 1484 subitae
2599 1422 3145 1486 transmutationis
3175 1440 3361 1505 aquae
3394 1423 3462 1486 in
3492 1422 3713 1488 vinum
3742 1425 3848 1490 fuit

2333 1524 2588 1591 initium
2615 1527 2954 1608 signorum
2985 1527 3217 1593 Christi
3244 1532 3561 1612 quantum
3586 1531 3668 1595 ad
3691 1533 3840 1596 exis-

2331 1633 2597 1697 tentiam
2621 1680 2638 1708 ,
2667 1634 2778 1699 sed
2821 1635 3032 1699 solum
3072 1638 3387 1718 quantum
3427 1637 3509 1701 ad
3553 1655 3842 1721 apparen-

2330 1738 2509 1803 tiam.
2539 1738 2617 1806 Et
2643 1744 2984 1823 praeterea,
3012 1741 3067 1804 si
3097 1740 3393 1807 volumus
3426 1741 3589 1807 bene
3616 1748 3679 1808 et
3701 1747 3839 1809 arti·

2333 1847 2547 1913 flciose
2586 1848 2927 1931 procedere
2946 1895 2965 1928 ,
3007 1865 3347 1931 pommus
3389 1850 3599 1914 dicere
3645 1868 3852 1915 secun·

2332 1954 2492 2019 dum
2533 1956 2865 2021 veritatem
2887 2004 2910 2035 ,
2951 1955 3126 2038 quod
3154 1955 3375 2021 eadem
3413 1956 3515 2022 die
3532 2004 3552 2036 ,
3593 1957 3736 2022 lieet
3770 1958 3854 2023 di·

2334 2065 2538 2130 versis
2582 2065 3009 2147 temporibus,
3072 2064 3305 2147 triplex
3362 2065 3527 2131 fecit.
3560 2066 3851 2149 signum,

2333 2189 2448 2254 per
2474 2172 2645 2255 quod
2661 2171 3102 2236 excellentiam
3133 2189 3272 2237 suae
3297 2172 3563 2255 triplicis
3592 2176 3856 2258 proprie-

2334 2279 2480 2344 tatis
2505 2280 2974 2360 manifestavit3
3001 2279 3148 2344 fecit
3160 2326 3181 2359 ,
3206 2280 3495 2364 inquam,
3527 2281 3749 2347 eadem
3768 2281 3859 2346 die

2332 2385 2739 2469 Epiphaniae:
2765 2387 2996 2470 primo,
3028 2387 3289 2467 signum
3317 2387 3658 2470 spectabile
3681 2388 3749 2452 in
3775 2389 3860 2453 in-

2333 2492 2518 2558 solita
2539 2493 2936 2576 apparitione
2962 2492 3160 2558 stellae
3189 2492 3532 2575 fulgentis3
3565 2498 3857 2573 secundo,

2330 2600 2602 2682 signum
2650 2600 2939 2665 mirabile
2983 2601 3053 2664 in
3083 2599 3295 2664 subita
3337 2601 3862 2666 transmutatione

2330 2710 2581 2773 naturae
2607 2707 2988 2786 obedientis3
3019 2708 3207 2773 tertio
3220 2754 3243 2786 ,
3289 2707 3553 2788 signum
3594 2707 3861 2772 admira·

2329 2815 2456 2880 bile
2494 2816 2563 2878 in
2599 2816 2888 2897 gratuita
2922 2814 3415 2880 sanctificatione
3450 2833 3642 2898 aquae
3680 2833 3866 2897 rege-

2331 2924 2641 2989 nerantis,
2673 2924 2753 2989 Et
2777 2925 2898 2990 hoc
2923 2928 3021 2989 est
3045 2922 3219 3007 quod
3248 2925 3458 2987 cantat
3484 2927 3710 2988 sancta
3738 2942 3869 2988 ma-

2330 3035 2427 3096 ter
2476 3029 2752 3096 Ecclesia
2777 3030 2799 3066 '¹
2830 3053 2845 3095 ε
2886 3053 2918 3092 «ι
2945 3029 3176 3095 Tribus
3203 3028 3527 3094 miraculis
3584 3035 3869 3096 sanctum

2331 3138 2500 3202 diem
2526 3138 2797 3203 colimus
2820 3141 3140 3217 ornatum,
3177 3157 3208 3197 υ
3242 3140 3362 3201 etc.
3395 3135 3664 3219 Propter
3703 3136 3873 3221 quod

2329 3251 2465 3310 erat
2508 3245 2873 3310 institutum
2892 3293 2914 3324 ,
2952 3244 3245 3309 videlicet
3291 3244 3372 3308 ad
3412 3244 3866 3310 manifestatio·

2330 3370 2480 3417 nem
2510 3352 2647 3417 veri
2687 3351 2991 3429 luminis,
3044 3352 3280 3416 festum
3326 3351 3703 3434 Epiphaniae
3744 3371 3870 3418 non

2330 3460 2682 3541 incongrue
2726 3459 2957 3522 dicitur
2990 3457 3098 3521 illo
3149 3458 3251 3522 die
3294 3458 3532 3522 factum
3552 3506 3575 3537 ,
3617 3463 3688 3524 et
3735 3461 3870 3542 ejus

2332 3566 2644 3632 memoria
2679 3565 2989 3631 celebrata
3017 3567 3148 3637 est,
3182 3582 3333 3629 cum
3360 3567 3873 3649 unumquodque

2330 3694 2371 3740 a
2409 3693 2527 3740 suo
2575 3674 2706 3739 fine
2749 3673 2947 3755 digne
2988 3676 3052 3736 et
3101 3670 3502 3736 laudabiliter
3543 3690 3871 3738 commen·

2333 3782 2543 3847 datur.

2411 3887 2629 3952 Primo
2656 3902 2818 3967 ergo
2845 3876 3102 3949 notatu'r
3130 3883 3391 3965 signum
3422 3886 3771 3966 spectabile
3807 3886 3875 3950 in

2332 3994 2584 4059 insolita
2606 3991 2996 4076 apparitione
3023 3990 3222 4055 stellae
3236 3988 3564 4071 fulgentiS.
3577 3990 3763 4057 Unde
3788 3993 3876 4058 di-

2332 4101 2499 4167 citur
2530 4102 2552 4137 ⁸
2586 4122 2602 4164 ε
2640 4123 2672 4162 «ι
2699 4098 2961 4164 Levabit
2985 4096 3293 4161 Dominus
3342 4096 3606 4179 signum
3648 4099 3721 4164 in
3758 4119 3873 4181 na7

2332 4209 2558 4287 tiones,
2580 4210 2644 4272 et
2691 4204 3108 4287 congregabit
3153 4203 3460 4286 profugos
3517 4202 3719 4269 Israel
3747 4254 3766 4286 ,
3812 4208 3876 4270 et

2331 4315 2647 4399 dispersos
2671 4312 2837 4378 luda
2861 4312 3119 4393 colliget
3143 4330 3183 4375 a
3209 4315 3482 4394 quatuor
3508 4310 3731 4393 plagis
3760 4317 3881 4377 ter-

2331 4440 2444 4487 rae.
2490 4444 2522 4482 ι)
2558 4419 2871 4485 Dominus
2930 4418 3162 4486 levabit
3209 4418 3470 4500 sianum
3504 4417 3701 4484 stelloe
3743 4417 3881 4500 fal·

2329 4530 2539 4612 flentis
2586 4529 2657 4595 ἰπ
2708 4528 3001 4593 nationes
3026 4575 3042 4605 ,
3092 4525 3159 4589 id
3198 4529 3295 4588 est
3347 4529 3605 4605 gentes,
3650 4530 3729 4590 ut
3768 4543 3882 4609 per

2330 4636 2454 4700 hoc
2480 4634 2906 4699 manifestaret
2933 4632 3027 4697 eis
3044 4680 3066 4712 ,
3097 4631 3267 4713 quod
3294 4632 3431 4713 ipse
3456 4634 3553 4695 est
3578 4649 3739 4696 vera
3764 4631 3883 4697 lux

2331 4743 2625 4806 omnium
2654 4741 2963 4805 mentium
2992 4737 3439 4802 illuminatrix,
3482 4734 3661 4801 Unde
3695 4739 3883 4803 stella

2330 4866 2518 4914 novae
2545 4848 2884 4927 claritatis,
2927 4863 3076 4930 quae
3123 4844 3333 4926 Magis
3376 4843 3720 4926 apparuit,
3767 4846 3883 4912 de-

2332 4954 2595 5020 claravit
2623 4972 2850 5019 verum
2891 4953 3114 5019 lumen
3140 4956 3364 5016 natum
3405 4949 3475 5014 in
3518 4952 3877 5018 mundum.

2331 5065 2413 5132 Et
2438 5063 2838 5150 oonqreqabtt
2873 5062 3175 5145 protaqos
3201 5058 3441 5137 Israel,
3472 5056 3538 5122 id
3564 5064 3702 5139 est,
3736 5060 3882 5125 dis-

2329 5190 2549 5258 persos
2584 5170 2821 5251 diriget
2849 5168 2918 5231 in
2944 5168 3118 5231 viam
3162 5166 3419 5231 bonam.
3468 5165 3629 5231 Nam
3674 5165 3886 5233 Israel

2329 5303 2415 5339 an.
2448 5291 2586 5338 1521.
2612 5313 2668 5324 -
2690 5288 2710 5318 ⁸
2732 5285 2897 5344 loan„
2923 5294 2980 5347 11,
3013 5287 3086 5334 Η.
3105 5307 3170 5319 -
3193 5283 3217 5318 '¹
3238 5281 3465 5348 Antipb..
3488 5281 3558 5331 ad
3575 5282 3887 5349 Haqnifioat

2330 5360 2383 5410 in
2417 5359 2496 5410 die
2526 5357 2709 5423 Epiph.
2733 5384 2795 5396 —
2821 5355 2844 5391 ⁸
2871 5358 2993 5417 Isa„
3030 5366 3105 5418 xi,
3143 5358 3218 5405 12.

2397 5439 2614 5498 (a)Coe1.
2654 5438 2776 5488 edit.
2806 5433 3075 5494 Dominica
3113 5434 3339 5485 secunda
3380 5438 3500 5498 post
3532 5434 3883 5499 Epiphaniam

2332 5524 2500 5564 sermo
2531 5516 2577 5563 1.
2608 5539 2662 5549 —
2697 5510 2761 5576 (ὁ)
2796 5511 2915 5561 Coet.
2946 5506 3067 5559 edit.
3098 5506 3284 5571 chana,
3313 5507 3465 5558 etsie
3489 5506 3758 5572 deinceps.
