4059 6317
726 528 846 587 204

723 657 960 735 nitate;
1005 660 1244 739 quanto
1286 674 1400 739 pro
1458 675 1561 721 me
1603 657 1829 736 vilior,
1873 662 2051 725 tanto
2103 659 2263 725 mihi

724 764 999 829 charior.
1023 783 1055 823 ι

1271 922 1561 993 SERMO
1605 924 1723 995 IV.

831 1083 1127 1168 Spiritus
1199 1089 1332 1154 oris
1400 1089 1528 1153 mei
1597 1087 1889 1154 Christus
1955 1089 2265 1155 Dominus

725 1199 952 1275 captus
1021 1199 1113 1261 est
1180 1196 1255 1261 in
1308 1197 1591 1276 peccatis
1662 1196 1906 1262 nostris
1977 1198 2020 1262 ¹.
2082 1195 2265 1261 Chri·

724 1306 864 1366 stus
900 1300 1227 1381 Dominus,
1276 1303 1462 1384 cujus
1511 1302 1828 1379 doctrina,
1877 1306 2066 1386 cujus
2110 1322 2262 1385 gra-

727 1409 852 1486 113,
909 1411 1096 1492 qu'us
1165 1410 1435 1491 sanguis
1493 1413 1586 1472 est
1649 1409 1835 1473 nohis
1888 1410 2151 1491 spiritus
2205 1414 2268 1474 et

725 1515 891 1596 vita,
922 1516 992 1580 in
1017 1516 1251 1580 nostris
1270 1564 1291 1595 ,
1322 1535 1453 1581 non
1478 1516 1549 1581 in
1574 1515 1711 1579 suis
1738 1516 2007 1598 peccatis
2046 1521 2268 1599 captus

726 1626 841 1688 est.
878 1622 1420 1688 Considerandum
1461 1627 1677 1688 autem
1711 1624 1883 1707 quod
1927 1623 2268 1706 capiuntur

724 1730 989 1813 qnidam
1015 1730 1084 1794 in
1110 1729 1234 1794 viis
1255 1776 1272 1805 ‚
1304 1731 1469 1793 sicut
1506 1733 1890 1795 mercatores
1916 1734 1978 1795 et
2006 1730 2264 1811 divites;

725 1838 984 1921 quidam
1028 1836 1097 1901 in
1140 1836 1344 1914 bellis,
1401 1836 1567 1901 sicut
1617 1836 1829 1900 hostes
1885 1839 1949 1899 et
1995 1835 2264 1916 milites;

724 1946 986 2029 quidam
1014 1946 1081 2010 in
1108 1945 1407 2028 peccatis,
1447 1943 1613 2008 31631
1649 1946 1824 2009 fures
1861 1948 1925 2009 et
1964 1944 2263 2009 latrones.

724 2054 1106 2136 Capiuntur,
1149 2052 1447 2134 inquam,
1496 2051 1604 2115 alii
1654 2070 1771 2134 pro
1812 2052 2120 2134 pecuniiS,
2156 2052 2267 2116 alii

724 2179 841 2243 pro
869 2160 1215 2225 maleficiis·
1248 2159 1355 2224 Sic
1385 2159 1670 2224 Christus
1705 2163 1929 2242 captus
1971 2162 2069 2223 est
2105 2159 2269 2225 sicut

723 2267 921 2348 dives,
953 2285 1069 2350 pro
1090 2266 1330 2332 divitiis
1346 2266 1834 2350 extorquendis3
1867 2265 2031 2329 sicut
2057 2265 2262 2345 miles,

722 2393 839 2457 pro
892 2374 1242 2439 inimicitiis
1294 2373 1792 2456 componendis;
1849 2374 2017 2438 sieut
2072 2372 2260 2455 latro,

724 2499 841 2563 pro
869 2480 1194 2546 maleficiis
1218 2480 1583 2564 puniendis,

802 2588 890 2653 De
913 2588 1137 2671 primis
1166 2590 1189 2624 ¹
1223 2611 1236 2653 :
1278 2611 1310 2650 11
1336 2588 1502 2652 Arca
1539 2587 1647 2652 Dei
1674 2591 1859 2669 capta
1887 2591 2004 2653 est.
2035 2609 2066 2648 n
2101 2587 2267 2651 Arca

721 2696 899 2761 dives
916 2744 937 2776 ,
979 2714 1127 2760 arca
1172 2694 1505 2759 thesauros
1538 2693 1864 2777 sapientias
1909 2697 1974 2758 et
2019 2693 2265 2775 gratia-

718 2822 868 2870 rum
895 2797 1238 2868 continens‘
1259 2806 1356 2867 est
1383 2802 1688 2868 Christus.
1722 2799 1892 2865 Bene
1934 2805 2153 2865 autem
2181 2800 2267 2866 le-

721 2914 904 2995 gitur
943 2911 1031 2975 ibi
1057 2912 1102 2989 ⁸,
1143 2911 1315 2994 quod
1364 2909 1504 2974 Heli
1546 2908 1811 2974 audiens
1863 2927 2080 2974 arcam
2129 2927 2268 2974 esse

721 3024 969 3103 captam
987 3067 1004 3099 ‚
1051 3018 1261 3083 fractis
1298 3017 1653 3082 cervicibus
1681 3066 1698 3092 ,
1754 3022 2072 3080 mortuus.
2125 3016 2266 3081 Heli

722 3129 896 3195 euim
936 3129 1330 3211 peccatorem
1374 3123 1724 3209 quemlibet
1763 3123 2087 3206 significat
2103 3171 2124 3204 ‚
2153 3125 2267 3207 qui

724 3235 953 3300 merito
974 3234 1251 3299 cervices
1277 3231 1620 3315 superhiae‚
1649 3234 1713 3295 et
1740 3230 2072 3295 obstinatae
2092 3249 2269 3295 men-

723 3346 805 3409 tis
825 3393 847 3425 ‚
879 3349 942 3409 et
967 3343 1240 3408 aliorum
1269 3344 1668 3424 peccatorum
1698 3336 2064 3402 mortalium
2094 3338 2267 3403 fran-

725 3471 883 3534 gere
924 3470 1040 3534 per
1084 3448 1524 3515 contritionem
1558 3445 1854 3525 deberet,
1903 3445 2060 3509 dum
2088 3444 2265 3510 Chri-

724 3566 896 3626 stum
940 3559 1031 3625 sie
1067 3562 1323 3642 captum
1352 3556 1622 3623 audiret.
1664 3553 1991 3635 Sanguine
2018 3554 2267 3619 hircino

725 3668 986 3733 adamas
1029 3666 1240 3748 frangi
1275 3665 1546 3744 dieitur3
1586 3662 1718 3741 sed,
1749 3662 1908 3726 heu!
1950 3663 2268 3743 sanguine

725 3774 952 3840 Christi
1008 3792 1116 3839 cor
1181 3779 1368 3838 tuum
1420 3790 1551 3836 non
1600 3770 1943 3851 frangitur.
1996 3766 2265 3834 Bernar-

724 3884 847 3949 dus
872 3884 893 3918 ⁸
926 3903 941 3947 ε
982 3904 1012 3943 11
1039 3880 1086 3946 Ο
1116 3881 1283 3960 duri,
1303 3886 1368 3945 et
1383 3879 1680 3944 obdurati
1704 3877 1905 3942 Adam
1938 3876 2074 3956 filii,
2104 3895 2265 3959 quos

723 4009 857 4055 non
896 3988 1094 4054 mollit
1129 3992 1307 4052 131113
1343 3987 1710 4068 benignitas
1732 4035 1749 4064 ,
1781 3989 1955 4049 tanta
1980 3984 2263 4064 flamma,

723 4104 858 4163 tam
914 4100 1148 4180 ingens
1190 4097 1380 4160 ardor
1424 4094 1684 4173 31110113,
1737 4098 1869 4157 1331
1920 4093 2268 4157 vehemens

726 4209 974 4271 amator
991 4252 1012 4284 ,
1045 4204 1161 4286 qui
1187 4221 1303 4286 pro
1331 4202 1567 4268 vilibus
1602 4199 1934 4265 sarcinulis
1960 4205 2092 4263 tam
2118 4218 2263 4282 pre-

725 4314 920 4378 tiosas
947 4330 1187 4376 merces
1212 4310 1553 4393 expendit!
1584 4330 1616 4368 1>
1649 4307 1825 4372 Sicut
1850 4311 2069 4371 3111631
2087 4306 2266 4371 dives

724 4426 947 4503 captus
991 4422 1231 4501 quanto
1283 4417 1508 4482 durius
1560 4418 1849 4490 tenetur,
1895 4416 2073 4477 tanto
2126 4413 2268 4495 plus

722 4530 875 4595 dare
913 4527 1196 4608 cogitur;
1228 4526 1319 4590 sic
1344 4530 1408 4590 et
1435 4523 1716 4589 Christus
1742 4522 1900 4587 dure
1931 4521 2269 4585 tenebatur

721 4637 790 4701 111
832 4634 1006 4699 cibis,
1041 4633 1372 4698 psalmista
1398 4635 1466 4696 ⁸:
1510 4655 1540 4692 α
1569 4631 1887 4696 Dederunt
1938 4631 2005 4693 in
2056 4648 2264 4693 escam

723 4760 937 4807 meam
962 4740 1067 4805 fel.
1098 4739 1300 4804 »item
1331 4740 1400 4803 in
1420 4738 1775 4816 1011363113,
1790 4737 1942 4819 quia
1957 4754 2188 4800 manns
2201 4738 2267 4799 et

718 4852 908 4932 pedes
934 4851 1101 4913 ferro
1126 4848 1312 4932 ligati
1339 4852 1510 4911 sunt.
1540 4845 1817 4910 Maxime
1843 4861 2002 4925 ergo
2035 4847 2260 4920 101133,

717 4957 1003 5022 maxima
1048 4957 1261 5022 dedit:
1297 4954 1470 5022 dedit
1512 4953 1682 5017 enim
1728 4952 2093 5035 paradisum
2120 4969 2262 5015 ma·

716 5066 899 5130 lefico
927 5064 950 5100 ⁸
983 5087 998 5129 z
1040 5088 1071 5127 11
1100 5062 1300 5128 Hodie
1336 5078 1593 5125 mecum
1620 5060 1746 5124 eris
1790 5061 1856 5123 in
1892 5058 2205 5141 paradiso.
2226 5078 2257 5117 1>

718 5172 1109 5254 Largissime
1136 5169 1307 5235 dedit
1334 5185 1616 5250 regnum
1646 5166 1886 5230 mundo
1912 5171 1935 5205 ⁷
1967 5183 1983 5228 2
2023 5187 2055 5226 11
2086 5162 2267 5229 Sicut

782 5304 798 5336 ¹
839 5302 1037 5365 Thr-en„
1076 5311 1148 5363 ιν,
1189 5301 1269 5350 20.
1297 5322 1357 5335 -
1388 5298 1454 5345 81
1491 5295 1626 5360 Req„
1657 5297 1833 5357 1ν,11.
1868 5318 1920 5331 -
1958 5291 1977 5322 ³
2008 5289 2158 5349 ibid„
2185 5294 2262 5340 21.

713 5399 776 5411 -
811 5373 833 5409 Β
857 5376 1008 5425 Bern.
1041 5400 1104 5412 —
1129 5373 1151 5408 ⁸
1181 5370 1321 5423 Psal.
1350 5381 1546 5432 vam,
1576 5371 1653 5418 22.
1689 5393 1741 5404 —
1773 5367 1796 5402 ⁶
1822 5366 1956 5428 Luc„
1988 5373 2154 5424 xxm,
2184 5366 2263 5412 43.

717 5472 778 5484 —
815 5445 838 5481 '¹
869 5447 1031 5501 loon..
1062 5457 1140 5506 111,
1168 5446 1248 5494 14.
1280 5469 1343 5480 -
1368 5440 1391 5476 ⁸
1423 5439 1556 5490 Psal.
1585 5450 1673 5502 xv,
1706 5442 1782 5488 10.
1809 5461 1872 5474 -
1898 5437 1920 5472 ⁸
1947 5434 2099 5494 Nah„
2131 5445 2188 5495 11,
2216 5434 2263 5482 7.

716 5543 781 5555 -
819 5518 864 5553 ¹⁰
890 5517 1057 5577 Cant„
1086 5527 1135 5580 ν,
1170 5519 1244 5565 12.
1272 5541 1329 5551 -
1374 5514 1411 5549 ¹¹
1441 5515 1603 5573 loon„
1637 5522 1698 5574 11,
1732 5510 1808 5560 19.
1845 5533 1907 5544 -
1944 5507 1981 5536 ¹²
2022 5507 2174 5555 Bern.
2204 5524 2265 5540 --

1827 523 2244 590 SERMONES
2288 525 2387 589 DE
2431 524 2824 592 TEMPORE.

2377 659 2626 742 Moyses
2658 660 2962 726 exaltavit
2994 666 3376 746 serpentem,
3404 685 3437 724 11
3487 668 3637 745 616.,
3662 683 3882 748 usque:

2386 789 2418 826 α
2443 766 2720 833 habeant
2746 769 2946 833 vitam
2974 776 3304 835 aeternam.
3349 792 3380 831 n
3419 770 3598 836 Dedit
3624 771 3887 853 spiritum

2375 871 2646 952 inferno,
2675 875 2787 940 sed
2813 894 2946 940 303
2960 877 3262 955 ituantem
3298 876 3703 942 Psalmista⁸z
3729 876 3889 943 «Non

2377 979 2696 1063 relinques
2718 982 2798 1065 (a)
2816 983 3098 1047 animam
3123 1001 3333 1048 meam
3351 984 3420 1047 in
3443 984 3715 1062 inferno,
3736 1008 3762 1043 n
3785 989 3888 1049 etc.

2457 1086 2545 1150 De
2570 1089 2886 1154 secundo⁹
2920 1111 2936 1154 :
2972 1114 3004 1151 α
3039 1089 3240 1155 Portae
3275 1091 3633 1156 fluviorum
3674 1098 3884 1175 apertae

2376 1198 2550 1273 sunt,
2581 1196 2893 1278 templum
2921 1215 3124 1279 usque
3158 1197 3235 1262 ad
3266 1198 3473 1263 solum
3502 1199 3815 1277 dirutum,
3838 1203 3893 1263 et

2377 1301 2560 1365 miles
2589 1304 2882 1385 captivus
2921 1303 3232 1369 abductus
3275 1305 3350 1388 (b)
3402 1310 3527 1384 est,
3574 1311 3637 1369 61
3672 1305 3894 1370 ancillae

2378 1410 2516 1490 ejus
2547 1410 2957 1475 minabantur
2999 1416 3350 1492 gementes,
3394 1436 3424 1471 n
3463 1412 3537 1476 ln
3568 1412 3672 1475 his
3716 1411 3899 1475 verbis

2376 1521 2652 1599 quatuor
2678 1518 3132 1583 consideranda
3153 1522 3343 1599 sunt,
3376 1518 3669 1583 videlicet
3699 1517 3894 1581 vulne·

2376 1641 2527 1687 rum
2556 1624 2781 1690 Christi
2810 1625 3041 1706 gratia,
3063 1642 3213 1688 cum
3241 1625 3473 1689 dicitur
3506 1647 3520 1688 ε
3558 1626 3761 1691 Portae
3784 1624 3896 1706 fiu-

2378 1733 2630 1798 viorum
2661 1738 2893 1814 apertoe
2937 1738 3116 1799 sunt.
3148 1730 3427 1796 Vulnera
3474 1733 3645 1796 enim
3696 1730 3900 1796 Christi

2378 1844 2580 1921 portae
2610 1840 2741 1904 coeli
2771 1844 2943 1918 sunt,
2976 1841 3055 1904 de
3100 1841 3344 1922 quihus
3386 1859 3516 1904 non
3563 1841 3770 1904 solum
3802 1840 3904 1903 113-

2379 1946 2526 2010 vius
2570 1946 2910 2027 sanguinis
2954 1949 3018 2009 et
3063 1964 3283 2029 aquae,
3337 1946 3445 2009 sed
3495 1947 3563 2009 in
3604 1947 3903 2029 sanguine

2379 2053 2738 2134 gratiarum
2760 2053 3067 2136 profluxit
3090 2053 3434 2136 plenitudo.
3470 2053 3543 2117 ln
3569 2053 3676 2117 his
3694 2055 3904 2118 animae

2377 2160 2625 2225 devotas
2672 2163 2884 2224 sedem
2914 2161 2993 2243 (o)
3029 2160 3265 2224 habere
3299 2160 3560 2239 debent,
3608 2162 3775 2225 sieut
3812 2178 3905 2224 eo·

2377 2269 2616 2334 lumhae
2641 2288 2812 2352 quas,
2845 2269 3008 2333 sieut
3033 2268 3355 2348 dicitur¹⁰,
3383 2292 3413 2329 α
3441 2269 3722 2334 resident
3738 2272 3908 2352 juxte

2374 2374 2614 2439 fluenta
2634 2375 3025 2457 plenissima.
3048 2397 3079 2434 ο
3111 2375 3269 2439 11631
3289 2394 3626 2458 poenarum
3646 2376 3906 2454 saevitia,

2376 2500 2524 2547 cum
2558 2483 2790 2548 dicitur
2821 2504 2835 2547 ;
2882 2483 3205 2566 Templum
3234 2498 3431 2566 usque
3461 2483 3552 2549 ad
3578 2483 3783 2548 solum
3819 2482 3909 2547 di·

2376 2597 2595 2659 rutum
2631 2598 2750 2658 est.
2781 2590 3118 2673 Templum
3158 2593 3332 2655 enim
3359 2596 3454 2655 est
3493 2589 3786 2654 Christus
3820 2592 3859 2629 ¹¹
3892 2612 3905 2654 ε

2385 2721 2415 2759 11
2443 2697 2680 2762 Solvite
2694 2697 3003 2780 templum
3026 2698 3167 2777 hoe,
3191 2720 3221 2756 1)
3243 2703 3361 2762 616.
3379 2697 3719 2779 Templum
3744 2715 3893 2779 ergo

2378 2822 2579 2887 usque
2604 2803 2913 2870 adsolum
2941 2805 3224 2870 dirutum
3260 2809 3378 2885 est,
3408 2805 3666 2887 quando
3697 2821 3911 2888 corpus

2376 2911 2607 2976 Christi
2634 2932 2674 2976 a
2706 2913 2907 2994 capite
2930 2929 3135 2995 usque
3158 2911 3238 2976 ad
3267 2912 3457 2993 pedes
3481 2911 3831 2976 laceratum
3853 2914 3911 2975 et

2375 3020 2663 3084 attritum
2709 3024 2826 3084 est.
2877 3018 3237 3085 Bernardus
3283 3021 3328 3060 ¹¹
3376 3042 3392 3082 z
3449 3041 3480 3080 11
3514 3018 3777 3103 Respice
3816 3041 3833 3083 2
3876 3037 3911 3081 3

2375 3124 2592 3209 planta
2617 3126 2815 3208 pedis,
2843 3145 3047 3210 usque
3072 3127 3153 3192 ad
3183 3127 3482 3192 verticem
3510 3128 3757 3209 capitis,
3785 3126 3912 3192 ubi·

2376 3253 2502 3316 que
2529 3250 2793 3312 moeror,
2810 3233 3052 3316 ubique
3079 3232 3317 3298 dolor.»
3346 3233 3505 3298 ltem
3534 3235 3910 3318 capientium

2377 3341 2707 3420 violentia,
2739 3341 2997 3424 quando
3038 3341 3295 3406 additur
3327 3363 3342 3404 ε
3377 3343 3461 3410 Et
3497 3344 3683 3410 miles
3717 3343 3914 3425 capti·

2374 3466 2491 3516 vus
2518 3448 2828 3517 abductus
2857 3449 2935 3532 (b)
2967 3453 3083 3515 est.
3113 3447 3160 3513 Ο
3191 3467 3388 3532 quam
3412 3453 3715 3514 strenuus
3744 3449 3913 3513 miles

2375 3556 2497 3621 fuit
2524 3555 2842 3634 ChristuS‚
2875 3556 2991 3637 qui
3027 3557 3363 3638 gigantem
3396 3556 3614 3639 gladio
3662 3556 3910 3634 invasit,

2377 3663 2441 3728 id
2470 3667 2587 3741 est,
2618 3663 2825 3726 crucis
2852 3663 3111 3727 baculol
3152 3661 3340 3729 Valde
3363 3663 3801 3728 verecundum
3828 3666 3915 3726 est

2378 3771 2595 3846 militi,
2637 3770 2693 3833 si
2733 3770 3184 3853 colaphizatur.
3241 3769 3351 3850 Et,
3396 3771 3563 3834 heul
3606 3770 3689 3834 de
3730 3769 3917 3833 milite

2377 3896 2522 3943 meo
2551 3877 2796 3943 Christo
2822 3878 3053 3942 dicitur
3082 3880 3125 3919 ¹⁸
3158 3899 3219 3939 :ci
3248 3875 3540 3960 Colaphis
3566 3895 3723 3941 eum
3751 3875 3917 3941 caeci·

2375 3985 2642 4064 derunt,
2687 3990 2806 4049 616.
2868 3985 3068 4050 Istum
3117 3984 3383 4048 militem
3438 4001 3572 4068 prae
3621 3985 3916 4050 omnihus

2375 4093 2700 4172 militibuS,
2734 4110 2895 4176 quos
2923 4093 3148 4157 habuit
3173 4093 3242 4156 in
3271 4091 3430 4156 eoelo
3456 4096 3518 4156 61
3553 4093 3624 4155 in
3653 4090 3912 4168 mundo,

2374 4199 2595 4263 dilexit
2625 4198 2792 4263 Deus
2829 4198 3038 4264 Pater.
3075 4198 3248 4263 Unde
3278 4217 3391 4281 per
3421 4200 3562 4281 ejus
3588 4198 3913 4282 captivita-

2376 4310 2502 4371 tem
2532 4306 2862 4388 paciflcata
2889 4310 3041 4369 sunt
3067 4305 3284 4370 omnia
3314 4309 3362 4346 ¹⁸
3394 4323 3455 4368 :a
3484 4304 3644 4370 Cum
3676 4304 3917 4369 inimici

2373 4431 2680 4491 essemus,
2707 4413 3093 4477 reconciliati
3118 4431 3344 4477 sumus
3364 4411 3494 4477 Deo
3515 4430 3628 4496 per
3648 4417 3915 4476 mortem

2372 4518 2515 4584 Filii
2554 4523 2717 4602 ejus,
2758 4543 2788 4580 1)
2827 4518 2875 4586 Ο
2918 4519 3277 4584 maximum
3316 4520 3735 4585 beneficium!
3790 4521 3917 4584 Au-

2376 4627 2681 4709 gustinus
2695 4628 2739 4664 ¹⁸
2759 4650 2773 4690 :
2790 4650 2822 4688 11
2837 4627 2999 4704 Quid
3021 4632 3154 4692 tam
3175 4644 3493 4709 magnum
3512 4628 3917 4704 beneficium,

2374 4753 2572 4818 quam
2634 4734 2797 4798 mori
2848 4753 2966 4818 pro
3027 4734 3240 4816 impiis
3265 4781 3282 4812 ‚
3341 4752 3540 4817 quam
3604 4734 3921 4816 sanguine

2365 4843 2545 4925 justo
2591 4841 2800 4906 delere
2856 4841 3365 4924 chirographum
3423 4844 3776 4925 peccatoris
3800 4843 3831 4905 ⁴?
3883 4861 3912 4900 n

2374 4947 2533 5014 Item
2556 4949 3076 5031 compatientium
3103 4948 3429 5030 angustia,
3456 4967 3608 5012 cum
3637 4948 3874 5013 dicitur
3902 4969 3917 5009 :

2374 5056 2647 5122 Ancilla?
2673 5056 2810 5140 effus
2839 5056 3254 5123 minabantur
3279 5062 3613 5139 qementes.
3654 5055 3922 5139 Augus-

2372 5165 2552 5229 tinus
2593 5164 2636 5200 ¹⁸
2677 5184 2694 5228 ε
2751 5188 2783 5226 a
2821 5164 3154 5230 Gementes
3200 5171 3350 5230 sunt
3394 5165 3630 5230 animae
3676 5165 3922 5230 Christo

2373 5363 2414 5397 ¹⁸
2448 5362 2653 5427 Manli„
2697 5374 2852 5426 xxv1,
2879 5364 2958 5413 67.
2986 5388 3047 5400 -
3089 5363 3133 5397 ¹⁸
3160 5362 3316 5422 Rom„
3348 5373 3399 5426 ν,
3437 5364 3514 5412 10.
3554 5389 3607 5399 -
3640 5363 3679 5396 ¹⁵
3702 5366 3836 5427 Aug.
3863 5388 3922 5399 —

2371 5433 2412 5468 ¹⁸
2446 5433 2585 5483 ld.—
2622 5434 2689 5498 (α)
2738 5434 2882 5497 Vulq.
2915 5433 3257 5499 derelinques
3284 5460 3349 5472 —
3400 5433 3470 5497 (ὁ)
3511 5435 3630 5486 Coet.
3675 5434 3803 5487 edit.
3842 5432 3923 5485 ad·

2375 5504 2576 5557 ductus.
2606 5533 2663 5543 —
2696 5508 2753 5570 (c)
2788 5508 2911 5557 Item
2938 5508 3180 5556 mentem.
