4059 6317
708 464 829 531 630

708 596 1068 657 sandonibus
1091 596 1370 657 omnibus
1385 597 1775 672 renuntiavit,
1798 598 1942 674 quia
1972 596 2246 658 dieitur¹:

717 709 747 748 ιι
773 693 831 752 si
859 692 1090 752 dederit
1121 694 1306 753 homo
1343 709 1586 752 omnem
1620 694 2006 753 substantiam
2036 694 2252 752 domus

711 802 832 845 suoe
856 802 968 863 pro
987 787 1320 861 dilectione,
1350 789 1520 864 quasi
1545 788 1696 847 nihil
1720 788 2015 864 reputabit
2042 803 2195 846 eam.
2217 809 2247 843 n

712 879 877 938 Unde
902 896 1047 955 ergo
1072 880 1182 940 fuit
1205 881 1436 941 famosa
1469 882 1533 941 in
1576 882 1921 941 sanctitate?
1956 881 2106 953 Quia
2139 898 2252 957 pu-

711 973 943 1033 rissima
969 974 1033 1033 in
1071 976 1539 1048 conversatione,
1571 976 1837 1051 piissima
1876 976 1941 1035 in
1983 991 2254 1051 compas-

712 1067 901 1140 sione,
930 1070 990 1126 et
1014 1068 1426 1128 ardentissima
1453 1070 1515 1128 in
1543 1069 1876 1128 dilectione.

782 1162 850 1221 Π.
886 1162 1160 1237 Sequitur
1185 1162 1262 1221 de
1291 1162 1500 1223 timore
1528 1163 1724 1223 cordis
1754 1184 1770 1223 z
1807 1164 2055 1223 timebat
2096 1164 2256 1223 enim

716 1255 1036 1315 Dominum
1062 1255 1240 1316 valde
1262 1257 1473 1317 timore
1500 1262 1682 1332 casto,
1718 1274 1841 1334 quo
1865 1258 2080 1317 muller
2098 1260 2257 1317 casta

717 1351 904 1424 timet,
931 1352 991 1408 et
1007 1349 1198 1425 diligit
1219 1368 1501 1427 sponsum
1519 1371 1536 1425 ;
1566 1369 1689 1412 non
1708 1352 1927 1425 servili,
1948 1369 2071 1427 quo
2091 1352 2261 1412 adul-

717 1448 844 1504 tera
869 1445 1036 1503 timet
1062 1461 1221 1503 eum.
1251 1445 1568 1505 Timendus
1595 1447 1754 1505 enim
1783 1450 1869 1505 est
1895 1447 2172 1517 Christus,
2194 1449 2261 1505 ut

719 1543 887 1615 pater
910 1538 1229 1614 piissimus,
1258 1541 1537 1614 magister
1563 1540 2045 1616 sapientissimae,
2064 1540 2262 1599 Domi-

721 1649 835 1691 nus
857 1632 1213 1706 justissimus
1227 1653 1246 1708 3
1277 1649 1388 1691 nos
1414 1638 1612 1693 autem
1632 1634 1761 1707 filii,
1789 1634 2086 1709 discipuli,
2106 1635 2260 1693 servi

722 1728 869 1801 ejus.
893 1728 1056 1785 Pater
1070 1726 1244 1800 igitur
1264 1732 1367 1801 est,
1398 1728 1630 1802 quinos
1654 1729 1783 1787 vult
1802 1729 2256 1788 reconciliare¹z

728 1839 757 1875 ι
767 1820 1084 1892 Quomodo
1098 1822 1406 1880 miseretur
1417 1826 1580 1896 pater
1595 1821 2163 1894 filiorum,misertus
2178 1826 2265 1882 est

724 1914 1009 1973 Dominus
1030 1914 1371 1973 timentibus
1398 1932 1521 1974 se.»
1552 1919 1620 1975 Ut
1642 1918 1939 1991 magister,
1967 1918 2111 1994 quia
2137 1917 2267 1977 vult

724 2022 836 2066 nos
862 2007 1100 2080 docere,
1134 2010 1192 2067 et
1227 2009 1538 2067 eonsilium
1576 2010 1718 2069 dare
1745 2014 1768 2048 ⁸
1803 2029 1818 2069 ε
1849 2030 1878 2065 ιι
1905 2012 2015 2082 Qui
2059 2013 2266 2072 timent

729 2102 1063 2175 Dominum,
1092 2103 1514 2177 praeparabunt
1545 2104 1729 2163 eorda
1755 2120 1883 2163 sua.
1916 2126 1945 2161 n
1976 2108 2046 2164 Ut
2070 2106 2265 2164 Domi-

725 2213 859 2269 nus,
907 2198 1052 2272 quia
1093 2204 1293 2256 nostra
1338 2198 1520 2258 habet
1556 2199 1824 2273 iudicare
1851 2200 2009 2260 mala
2037 2203 2059 2238 ⁸
2094 2220 2108 2259 ε
2157 2220 2189 2257 α
2208 2201 2267 2261 Si

728 2308 872 2366 ergo
887 2290 1189 2363 Dominus»,
1207 2291 1313 2349 ubi
1338 2296 1426 2350 est
1437 2293 1612 2351 timor
1626 2296 1831 2353 meus?
1847 2315 1876 2351 n
1893 2298 2081 2366 Quem
2098 2296 2269 2356 timo·

726 2402 856 2445 rem
882 2385 1156 2460 exprimit
1179 2385 1289 2444 Job
1316 2387 1378 2444 ⁸:
1415 2387 1631 2457 «Quasi
1653 2391 1941 2447 tumentes
1965 2406 2144 2465 super
2171 2408 2270 2451 me

729 2484 941 2542 fluctus
960 2524 980 2554 ,
1025 2480 1196 2540 timui
1231 2479 1569 2555 Dominum,
1601 2483 1658 2539 et
1685 2481 1924 2556 pondus
1957 2485 2086 2559 ejus
2114 2483 2267 2546 ferre

730 2591 854 2635 nou
880 2574 1067 2650 potui.
1097 2594 1126 2630 n

803 2672 894 2730 ln.
917 2667 1193 2743 Sequitur
1214 2667 1290 2726 de
1308 2666 1643 2727 testimonio
1671 2669 1812 2742 oria,
1844 2686 1981 2730 cum
2018 2672 2265 2734 dicitur:

733 2768 844 2825 Nee
878 2770 1019 2837 erat,
1049 2767 1156 2822 etc.
1183 2767 1312 2821 Non
1339 2763 1497 2821 enim
1536 2763 1894 2838 loquebatur
1929 2765 2035 2826 illa
2062 2769 2136 2827 de
2160 2770 2270 2829 ali-

737 2874 860 2933 quo
887 2858 1140 2917 verbum
1164 2858 1413 2930 malum,
1444 2857 1586 2932 quia
1608 2862 1875 2932 noverat,
1906 2861 2077 2935 quod
2102 2865 2124 2900 ⁶
2155 2865 2273 2924 «de

737 2938 902 3010 omni
923 2951 1109 3010 verbo
1129 2952 1337 3023 otioso,
1360 2950 1527 3025 quod
1547 2950 1728 3011 locuti
1750 2951 1964 3011 fuerint
1979 2954 2275 3031 homineS,

735 3044 987 3105 reddent
1029 3045 1106 3119 (a)
1146 3044 1439 3104 rationem
1476 3044 1540 3102 in
1569 3044 1667 3103 die
1697 3045 1924 3118 judicii.
1957 3068 1986 3103 w
2021 3052 2086 3107 Et
2110 3053 2278 3110 Jaco-

737 3140 897 3198 bus⁷
926 3158 941 3198 ε
978 3139 1117 3197 «Sic
1141 3138 1487 3214 loquimini,
1525 3142 1584 3197 et
1621 3137 1703 3197 sic
1737 3140 1942 3212 facite,
1983 3142 2132 3203 sicut
2172 3161 2278 3218 per

738 3233 938 3306 legem
974 3232 1259 3292 libertatis
1296 3234 1637 3310 incipientes
1667 3235 1940 3308 iudicari.
1974 3259 2001 3293 ι»
2033 3242 2161 3299 Non
2187 3242 2277 3300 lo-

741 3327 1033 3404 quebatur
1075 3327 1234 3385 enim
1279 3327 1334 3385 ei
1373 3328 1507 3402 quis
1551 3328 1801 3388 verbum
1840 3330 2087 3401 malum,
2136 3336 2279 3410 quia

738 3438 862 3480 non
889 3421 1232 3493 sustinebat,
1275 3421 1380 3479 sed
1419 3422 1887 3498 interrumpebat
1914 3443 1928 3483 :
1955 3443 2280 3489 consueve-

738 3519 830 3575 rat
855 3515 1014 3573 enim
1041 3515 1265 3574 dicere:
1289 3515 1435 3573 «Ubi
1462 3531 1587 3574 non
1606 3520 1692 3574 est
1707 3518 1984 3578 Dominus
2001 3523 2075 3579 2»
2110 3524 2281 3598 quasi

740 3609 996 3668 diceret:
1025 3612 1153 3668 Non
1180 3608 1396 3682 deficit,
1426 3610 1572 3684 quin
1595 3609 1886 3671 habeatur
1901 3628 2137 3690 semper
2150 3632 2278 3677 ma-

739 3704 887 3763 teria
911 3702 1198 3779 loquendi
1227 3704 1302 3763 de
1331 3704 1482 3779 ipso.

811 3796 975 3856 Unde
1001 3813 1110 3873 per
1132 3812 1264 3856 eam
1288 3798 1312 3835 ⁸
1342 3816 1371 3852 ι
1398 3798 1765 3858 obstructum
1806 3804 1893 3859 est
1919 3804 1998 3861 ‘os
2033 3802 2282 3879 loquen-

741 3890 888 3949 tium
911 3891 1137 3966 iniqua.
1166 3912 1195 3947 ιι
1226 3893 1581 3952 Erubescant
1608 3909 1773 3967 ergo,
1801 3894 1905 3969 qui
1924 3896 2193 3955 sedentes
2218 3897 2282 3959 in

742 4001 966 4058 mensa,
1009 3985 1325 4044 detrahunt
1368 3987 1731 4058 absentibus,
1766 3986 2077 4063 loquentes
2114 3993 2282 4067 quod

741 4094 867 4139 non
902 4078 1069 4137 decet
1094 4079 1118 4115 ⁰
1147 4098 1162 4137 z
1199 4100 1229 4132 α
1250 4078 1469 4137 Sedens
1507 4080 1792 4139 adversus
1836 4081 2076 4143 fratrem
2112 4089 2281 4145 tuum

741 4172 1105 4249 loquebariS‚
1136 4177 1192 4231 et
1219 4171 1501 4231 adversus
1521 4172 1713 4232 filium
1740 4176 1940 4234 matris
1959 4180 2073 4236 tuoe
2101 4194 2285 4253 pone·

740 4270 852 4328 bas
863 4266 1230 4326 scandalum.
1246 4286 1274 4320 n
1295 4269 1351 4326 N
1352 4282 1420 4324 on
1447 4268 1757 4340 loquebatur
1774 4269 1841 4327 de
1853 4286 1917 4327 ea
1938 4273 2143 4344 aliquis
2167 4290 2285 4332 ver-

740 4366 864 4422 bum
888 4363 1112 4432 malum,
1129 4359 1270 4434 quia
1291 4374 1417 4418 non
1441 4363 1688 4434 poterat.
1712 4362 1755 4400 ¹⁰
1776 4366 1920 4421 «Est
1943 4368 2141 4424 tacens
2158 4383 2281 4426 non

739 4456 967 4515 habens
995 4468 1233 4513 sensum
1253 4453 1524 4529 loquelae.
1551 4474 1580 4510 n
1613 4456 1678 4513 Et
1704 4454 1766 4513 in
1793 4457 2029 4529 signum
2057 4461 2281 4533 purita-

742 4551 812 4608 tis
829 4549 899 4626 (b)
919 4550 973 4607 ei
1001 4547 1244 4608 aviculae
1268 4564 1377 4606 suo
1396 4548 1582 4607 modo
1609 4546 1817 4609 locutae
1841 4552 2062 4610 suntin
2088 4555 2280 4629 sepul·

739 4648 872 4702 tura
900 4643 1047 4715 eius,
1091 4645 1388 4700 cantantes
1429 4642 1582 4700 mira
1608 4642 1922 4703 dulcedine
1967 4661 2147 4720 supra
2192 4648 2282 4707 lo-

741 4746 878 4792 cum
903 4732 1010 4791 ubi
1053 4730 1477 4806 sepeliebatur,
1521 4736 1578 4790 et
1607 4733 1869 4808 exequiae
1896 4735 2283 4797 celebraban-

739 4833 851 4888 tur.
882 4827 990 4898 Qui
1017 4827 1177 4885 enim
1194 4825 1427 4883 locutus
1454 4825 1628 4884 estin
1654 4827 1840 4901 asina,
1856 4829 1935 4888 ad
1961 4831 2283 4907 corripien-

741 4923 884 4982 dam
922 4921 1226 4999 prophetae
1269 4919 1592 4993 vesaniam,
1632 4920 1802 4996 loqui
1845 4924 2038 4999 potuit
2060 4926 2124 4983 in
2148 4927 2278 4985 avi-

738 5021 875 5096 bus,
915 5018 997 5080 ad
1017 5016 1506 5077 manifestandam
1543 5016 1765 5076 Sanctae
1797 5017 2275 5082 innocentiam¹¹:

804 5198 822 5232 ¹
853 5196 1025 5256 Cant..
1059 5204 1186 5255 vm,
1220 5192 1268 5242 7.
1304 5218 1358 5228 -
1397 5191 1416 5222 ²
1451 5189 1584 5241 Paul.
1614 5201 1715 5254 cn,
1751 5192 1827 5243 13.
1864 5216 1928 5229 -
1954 5191 1972 5223 ⁸
1999 5193 2181 5258 Beda
2211 5208 2278 5262 n,

746 5272 824 5319 20.
850 5293 914 5305 —
944 5266 962 5297 ⁴
991 5264 1196 5327 Halae..
1227 5277 1265 5325 ι,
1294 5266 1345 5314 6.
1372 5290 1432 5300 -
1460 5264 1482 5299 ⁸
1506 5262 1616 5326 lob,
1645 5274 1792 5326 1111,
1827 5264 1905 5316 13.
1938 5290 1992 5302 -
2029 5265 2052 5300 ⁶
2076 5266 2279 5330 matth..

745 5350 842 5402 xn,
882 5340 961 5389 30.
1000 5364 1064 5376 —
1107 5337 1125 5368 ⁷
1164 5337 1288 5396 Jac„
1341 5347 1414 5399 11,
1461 5339 1538 5386 ¹2.
1577 5361 1641 5374 —
1683 5334 1702 5365 ⁸
1736 5335 1876 5387 Psal.
1916 5348 2047 5401 Lm,
2096 5343 2279 5390 ¹2.

747 5413 768 5447 ⁹
797 5410 931 5464 Paul.
961 5418 1107 5474 xux,
1136 5409 1214 5460 20.
1239 5433 1301 5445 —
1329 5407 1369 5439 ¹·
1397 5405 1571 5473 Ecclj„
1603 5417 1693 5469 xx,
1724 5408 1773 5458 6.
1799 5434 1862 5446 --
1892 5408 1927 5444 ¹¹
1956 5409 1999 5459 ll
2022 5408 2180 5477 Patr„
2212 5424 2275 5477 11,

1742 456 2160 530 SERMONES
2202 458 2303 527 DE
2344 458 2695 529 SANCTIS.
2738 462 2862 529 LV.

2364 596 2849 673 «correptionem
2894 597 3103 658 habuit
3154 597 3396 659 Balaam
3437 613 3562 657 suae
3604 597 3876 669 vesanie,

2356 690 2668 766 subjugale
2698 696 2928 751 mutum
2975 693 3201 752 animal
3238 693 3302 751 in
3346 691 3613 751 bominis
3633 706 3774 752 voce
3796 690 3878 751 lo-

2359 801 2569 860 quens.
2599 806 2629 840 ι

2775 973 2882 1050 DE
2941 972 3008 1050 S.
3070 974 3485 1052 GAEGILIA.

2948 1134 3203 1197 SERMO
3244 1134 3311 1198 ¹¹.

2432 1260 2755 1317 Prostituta·
2771 1258 2951 1317 decori
2967 1274 3080 1315 meo
3101 1262 3358 1316 virtutem
3368 1258 3430 1317 ¹⁸.
3448 1259 3623 1318 Dives
3642 1263 3702 1319 et
3716 1260 3890 1335 largus

2363 1352 2643 1411 Dominus
2668 1368 2888 1426 magna
2914 1352 3148 1410 exhibet
3173 1353 3296 1411 suis
3312 1352 3610 1412 militibus
3627 1368 3892 1413 munera:

2362 1445 2523 1505 unde
2550 1445 2774 1505 confert
2807 1446 2892 1504 eis
2930 1447 3176 1518 decorati,
3216 1451 3282 1505 ut
3316 1446 3627 1520 placeant,
3655 1451 3715 1506 et
3744 1453 3895 1506 virtu-

2365 1544 2490 1611 tem,
2538 1555 2658 1613 qua
2703 1538 3071 1597 adversarios
3108 1538 3370 1598 vincant.
3418 1542 3538 1599 Ista
3581 1541 3748 1599 enim
3792 1542 3899 1601 duo

2364 1632 2518 1691 miro
2546 1632 2732 1690 modo
2759 1632 3069 1707 perficiunt
3097 1632 3384 1705 animam,
3423 1634 3530 1692 Dei
3558 1635 3901 1694 ancillamet

2363 1725 2673 1797 famulam,
2701 1726 2920 1785 scilicet
2945 1726 3125 1785 decor
3159 1727 3483 1802 pudicitiae,
3513 1734 3573 1787 et
3597 1729 3787 1787 virtus
3808 1742 3902 1805 pa-

2366 1818 2579 1878 tientiae
2611 1838 2626 1877 :
2656 1823 2721 1877 ut
2744 1835 2853 1895 per
2877 1819 3222 1893 pudicitiam
3246 1821 3497 1880 haberet
3522 1838 3589 1880 se
3624 1822 3708 1881 ad
3734 1823 3901 1896 bona,

2369 1912 2476 1971 sed
2511 1929 2620 1988 per
2662 1914 3008 1989 patientiam
3048 1914 3212 1973 fortis
3259 1913 3428 1974 fleret
3474 1918 3691 1974 contra
3734 1917 3899 1976 mala.

2368 2008 2533 2066 Unde
2559 2009 2621 2065 in
2648 2008 2835 2067 verbo
2870 2009 3173 2084 praemisso
3201 2014 3405 2068 sancta
3428 2014 3612 2085 virgo
3643 2012 3768 2070 baec
3795 2013 3901 2072 duo

2370 2100 2600 2175 tangit.
2632 2117 2840 2172 unum,
2866 2119 2939 2160 ex
2974 2108 3138 2177 parte
3170 2103 3298 2176 Dei3
3332 2103 3612 2178 alterum,
3653 2122 3728 2164 ex
3752 2110 3902 2180 parte

2372 2194 2484 2252 sui.
2513 2198 2658 2253 Nam
2684 2194 2879 2270 primo
2920 2196 3102 2269 tangit
3141 2197 3507 2256 dominicam
3546 2198 3903 2273 largitatem,

2375 2289 2703 2347 secundum
2729 2290 2896 2365 quod
2931 2291 3212 2367 accipitur
3248 2293 3309 2350 in
3353 2292 3670 2353 donante.
3702 2296 3905 2353 Prati-

2374 2386 2523 2455 tisti,
2558 2381 2768 2458 inquit.
2820 2384 3091 2443 Secundo
3130 2386 3313 2459 tangit
3356 2402 3529 2445 suam
3570 2387 3905 2462 utilitatem,

2377 2477 2498 2535 sive
2521 2477 2783 2535 muneris
2812 2478 3213 2552 quantitatem,
3239 2481 3575 2538 secundum
3603 2482 3776 2557 quod
3812 2482 3909 2540 luit

2378 2570 2440 2628 in
2467 2571 2806 2644 accipiente,
2836 2588 2974 2630 cum
3011 2572 3212 2631 addit:
3261 2575 3453 2632 Decor-i
3485 2591 3605 2632 meo
3640 2579 3907 2634 viv-tm

2380 2663 2483 2722 vel
2510 2662 2679 2723 aliter
2698 2668 2891 2739 potest
2918 2665 3057 2736 dici,
3087 2665 3228 2724 etin
3269 2665 3430 2725 idem
3465 2668 3625 2727 redit
3646 2674 3686 2725 :'
3712 2667 3912 2726 videli-

2381 2762 2495 2833 cet,
2521 2759 2690 2835 quod
2716 2760 2909 2835 primo
2935 2765 3171 2820 notatur
3195 2762 3521 2822 liberalitas
3546 2765 3783 2823 Domini
3820 2763 3911 2822 tri·

2380 2854 2634 2927 buentiS‚
2673 2871 2809 2913 cum
2837 2854 3047 2913 dicitur
3077 2874 3093 2913 ε
3122 2859 3472 2925 hastilia&
3511 2858 3781 2916 secundo
3816 2874 3913 2918 no-

2381 2950 2534 3006 tatur
2571 2948 2848 3008 honestas
2887 2952 2944 3007 et
2985 2950 3256 3008 sanctitas
3309 2949 3555 3024 virginis
3602 2953 3911 3028 capientis,

2385 3057 2522 3099 cum
2550 3040 2828 3102 additur:
2859 3044 3054 3101 Decori
3077 3059 3189 3101 meo
3213 3047 3487 3101 virtutem.
3520 3046 3741 3104 Verum
3784 3046 3913 3122 qula

2383 3135 2566 3194 virtus
2606 3138 2694 3194 est
2738 3135 2921 3194 decor
2960 3136 3200 3210 animae,
3239 3138 3423 3196 virtus
3473 3139 3914 3213 comprehendit

2388 3229 2685 3302 decorem,
2717 3233 2775 3288 et
2799 3229 2938 3288 ideo
2967 3230 3043 3288 de
3071 3231 3199 3289 sola
3219 3233 3430 3290 virtute
3462 3231 3681 3291 sufficit
3708 3234 3911 3292 dicere.

2458 3328 2554 3383 Est
2578 3340 2722 3398 ergo
2765 3324 3118 3396 notandum,
3154 3324 3318 3400 quod
3361 3325 3707 3400 indigemus
3732 3327 3913 3387 multi·

2386 3420 2526 3495 plici
2542 3420 2771 3493 virtute,
2793 3434 2975 3494 quam
2996 3420 3211 3478 scimus
3235 3420 3412 3479 fuisse
3440 3421 3506 3480 in
3527 3423 3734 3483 anima
3760 3439 3917 3483 sanc-

2389 3518 2461 3573 tae
2482 3513 2742 3587 Caeciliae,
2759 3513 3035 3573 videlicet
3059 3519 3108 3572 1.
3126 3513 3336 3573 virtute
3347 3515 3731 3589 peanitentiae,
3746 3518 3919 3577 virtm

2386 3608 2742 3684 poenitentiae
2780 3612 2866 3666 est
2891 3607 3103 3666 animae
3126 3609 3473 3683 purgativa3
3500 3613 3557 3667 2.
3588 3614 3806 3671 vii-uite
3820 3627 3917 3688 pa-

2387 3702 2623 3774 tientiae,
2648 3701 2835 3759 virtus
2857 3701 3151 3777 patientiae
3176 3705 3261 3759 est
3292 3701 3479 3759 virtus
3507 3702 3573 3762 in
3600 3704 3802 3764 dubiis
3839 3706 3921 3764 di·

2387 3797 2634 3869 rectiva3
2672 3798 2725 3853 3.
2756 3794 2963 3854 virtute
3002 3795 3473 3870 perseverantiae,
3502 3797 3690 3857 virtus
3735 3814 3921 3875 perse-

2388 3889 2665 3947 verantiae
2690 3874 2778 3948 est
2801 3888 2987 3948 virtus
3007 3889 3070 3947 in
3095 3890 3273 3949 bonis
3296 3892 3718 3952 continuativa.

2461 3983 2600 4042 Dico
2626 3983 2821 4058 primo
2848 3984 2938 4057 (c),
2968 3983 3134 4058 quod
3158 4001 3294 4043 cum
3315 3984 3495 4044 beata
3520 3987 3757 4046 Coecilia
3779 3988 3921 4047 indi·

2388 4093 2597 4154 gemus
2620 4075 2831 4135 virtute
2866 4079 3238 4151 pernitentiis,
3270 4094 3405 4154 quaa
3428 4083 3516 4138 est
3548 4082 3765 4141 animai
3788 4098 3920 4158 pur-

2390 4172 2605 4247 gativa.
2641 4171 2807 4230 Unde
2845 4171 3097 4231 habetur
3120 4171 3185 4230 in
3210 4173 3335 4247 ejus
3366 4175 3647 4249 Legenda
3668 4179 3749 4250 ¹⁸,
3773 4192 3921 4252 quo-

2390 4266 2575 4325 modo
2602 4265 2714 4325 sub
2749 4266 3013 4325 vestibus
3052 4266 3346 4327 deauratis
3382 4268 3645 4328 cilicium
3674 4269 3808 4345 ipsa
3846 4270 3923 4330 fe-

2388 4361 2579 4433 rebat,
2616 4364 2674 4419 et
2699 4361 3009 4435 quomodo
3032 4376 3271 4420 carnem
3288 4362 3531 4436 jejuniis
3559 4364 3919 4424 edomabat:

2391 4472 2524 4530 quse
2550 4453 2753 4513 omnia
2788 4458 2924 4514 sunt
2964 4470 3147 4530 opera
3182 4454 3557 4530 poenitentiae.
3602 4456 3734 4533 ipsa
3773 4461 3923 4518 enim

2390 4550 2613 4608 sciebat
2635 4547 2970 4623 apostolum
2993 4551 3220 4607 Petrum
3239 4548 3457 4608 dixisse
3470 4550 3551 4608 ¹⁸:
3581 4552 3920 4612 «ninistrate

2390 4643 2453 4700 in
2474 4642 2594 4702 fide
2621 4646 2817 4701 vestra
2842 4642 3136 4717 vil-tutem,
3167 4661 3196 4698 n
3228 4641 3295 4701 id
3320 4647 3409 4702 est
3432 4644 3577 4703 fidei
3598 4650 3803 4705 vestra
3825 4648 3921 4707 ad-

2391 4736 2512 4795 dite
2533 4752 2717 4812 opera
2741 4736 3129 4813 poenitentioe:
3152 4736 3285 4796 vel:
3315 4737 3475 4799 Sicut
3490 4739 3720 4800 habetis
3744 4742 3916 4801 fidem

2390 4831 2454 4890 in
2493 4831 2673 4889 corde
2688 4875 2707 4899 ,
2753 4831 2838 4888 sic
2871 4830 3275 4906 poenitentiam
3319 4831 3592 4892 habeatis
3632 4834 3694 4892 in
3728 4851 3911 4912 opere.

2390 4926 2580 4994 Quare
2609 4924 2871 4999 credere,
2899 4928 2957 4983 et
2981 4940 3105 4984 non
3143 4940 3341 5000 agere,
3380 4942 3506 4986 non
3546 4932 3635 4988 est
3650 4944 3854 4988 assecu

2394 5105 2471 5154 16.
2504 5126 2569 5141 -
2608 5101 2653 5139 ¹²
2690 5103 2834 5153 Hunc
2864 5110 2977 5153 non
3010 5098 3169 5152 babet
3198 5101 3326 5154 cod.
3365 5104 3529 5156 Aesis·
3561 5116 3683 5157 soc.
3723 5114 3834 5156 xm.
3862 5134 3915 5144 -

2392 5176 2436 5212 ¹⁸
2476 5175 2613 5225 Psal.
2641 5187 2792 5239 xxix,
2818 5177 2866 5226 8.
2898 5201 2958 5213 —
2991 5175 3035 5210 ¹⁸
3067 5175 3261 5239 surius,
3288 5176 3372 5227 die
3400 5180 3457 5228 2¹
3488 5180 3643 5244 Nom,
3670 5179 3765 5231 sub
3790 5180 3917 5244 init,

2392 5246 2816 5312 οῑιερεηάαδδ.
2848 5248 3039 5312 Vorag.
3072 5212 3463 5312 -ssllPetr-.,
3490 5262 3530 5315 1,
3562 5252 3614 5302 5.

2454 5334 2526 5399 (α)
2556 5336 2680 5387 Coet.
2725 5334 2849 5388 edu.
2893 5334 3126 5388 reddant.
3155 5361 3217 5376 -
3269 5336 3343 5402 (ὁ)
3385 5336 3551 5391 Forte
3592 5338 3685 5407 leq.
3722 5341 3832 5408 ejus
3860 5367 3916 5383 —

2396 5407 2455 5475 (c)
2483 5407 2605 5460 Ost.
2637 5406 2760 5459 edit.
2788 5422 2886 5460 noa
2911 5408 3094 5460 liabent
3120 5406 3311 5473 primo.
