4059 6317
360 2025 502 2083 plum.

603 506 723 569 556

602 637 770 713 quod
791 637 980 711 magis
998 641 1105 710 est,
1124 637 1302 697 etiam
1318 638 1714 714 spiritualiter.
1735 640 1899 699 Unde
1918 639 2139 713 anima,

599 733 721 791 vita
758 732 960 806 gratim
1002 732 1274 807 spoliata,
1316 733 1530 793 dicitur
1578 740 1832 793 mortua.
1873 738 2049 809 Ergo,
2095 735 2145 791 si

600 825 798 883 vivere
827 825 1120 900 cupimus,
1155 842 1391 885 crucem
1433 828 1662 886 Domini
1697 828 2140 903 amplectemur,

600 922 735 993 quia
759 921 970 991 liqnum
994 909 1122 978 vitoe
1150 926 1227 979 est
1261 923 1368 992 his,
1396 928 1493 993 qui
1527 922 1978 995 apprehenderint
2004 938 2140 979 eam.

599 1017 664 1073 ln
679 1015 772 1072 his
791 1015 946 1073 enim
965 1017 1171 1091 paucis
1189 1016 1389 1075 verbis
1407 1019 1662 1076 maxime
1685 1017 1806 1077 duo
1830 1021 2141 1077 notantur:

599 1124 739 1167 nam
761 1109 957 1183 primo
973 1109 1275 1168 dominica
1292 1127 1437 1167 crux
1455 1111 1534 1169 ab
1553 1111 1785 1184 effectu,
1810 1112 1934 1171 sive
1951 1113 2144 1171 fructu

601 1201 974 1273 describitur,
1009 1202 1254 1277 quando
1296 1203 1509 1262 dicitur
1538 1221 1552 1261 ε
1595 1208 1828 1276 Liqnum
1863 1210 2020 1278 vitoe5
2051 1221 2144 1264 se-

601 1296 824 1368 cundo,
869 1297 1090 1372 quibus
1133 1297 1230 1355 hic
1276 1298 1499 1356 fructus
1541 1299 1749 1374 prosit,
1795 1300 2141 1371 ostenditur,

602 1389 749 1448 dum
791 1390 1038 1448 infertur
1068 1408 1085 1448 ε
1123 1392 1222 1448 Est
1263 1392 1349 1447 his
1376 1396 1475 1464 qui
1512 1393 1966 1466 apprehenderint
2003 1408 2138 1450 eam.

601 1483 882 1553 Quamvis
908 1483 1068 1541 enim
1102 1484 1287 1542 virtus
1323 1485 1534 1557 cruciS,
1562 1502 1695 1560 quae
1729 1501 1851 1544 non
1889 1490 1974 1543 est
2002 1486 2141 1558 alia,

603 1592 786 1652 quam
822 1576 980 1634 illius
1019 1576 1222 1648 virtuS,
1256 1578 1358 1653 qui
1394 1578 1505 1635 fuit
1529 1579 1588 1635 in
1618 1594 1791 1638 cruce
1827 1594 2145 1653 suspensus

601 1673 659 1728 et
697 1687 926 1745 passus,
974 1670 1049 1728 sit
1090 1671 1371 1729 omnibus
1414 1672 1757 1730 hominibus
1793 1673 1854 1731 in
1894 1674 2147 1731 salutem

601 1768 844 1840 propter
887 1780 1056 1823 suam
1092 1765 1535 1839 sufficientiam,
1566 1782 1689 1824 non
1733 1771 1930 1825 tamen
1966 1767 2150 1825 habet

603 1856 926 1915 efficaciam
946 1902 967 1931 ,
1014 1858 1127 1917 nisi
1181 1860 1242 1917 in
1301 1860 1639 1923 volentibus
1701 1860 2147 1936 apprehendere

603 1967 759 2011 eam.
792 1954 1072 2023 Quamvis
1096 1954 1254 2012 enim
1274 1955 1458 2013 virtus
1483 1956 1625 2014 solis
1645 1972 1852 2015 omnes
1874 1958 2147 2016 homines

601 2046 893 2105 illustrare
938 2047 1212 2121 sufficiat,
1250 2064 1373 2106 non
1419 2054 1614 2108 tamen
1661 2049 1867 2109 oculos
1912 2051 2146 2110 clausos

599 2141 915 2215 illuminat,
944 2157 1070 2201 non
1097 2142 1302 2201 oculos
1339 2139 1608 2203 infirmos
1643 2143 1917 2216 laetificat,
1946 2160 2056 2203 nec
2083 2144 2147 2203 in

602 2235 851 2295 domum
891 2237 1039 2316 eius,
1084 2237 1188 2311 qui
1225 2236 1393 2295 illam
1429 2238 1482 2295 ei
1525 2254 1648 2296 non
1688 2238 1896 2313 aperit,
1942 2239 2147 2297 radios

600 2346 722 2390 suae
748 2332 899 2391 lucis
934 2333 1206 2391 immittit.
1250 2336 1403 2391 Bene
1436 2349 1580 2407 ergo
1614 2333 1827 2391 dicitur
1858 2352 1873 2391 :
1919 2335 2146 2406 Liqnum

599 2430 728 2484 vitoe
765 2434 843 2485 est
880 2429 986 2497 his,
1025 2432 1123 2501 qui
1159 2428 1617 2502 apprehenderint
1652 2444 1787 2485 eam.
1829 2429 2147 2501 Nunquam

599 2521 977 2594 medicinam,
998 2526 1542 2597 quantumcumque
1563 2520 1820 2595 perfecta
1855 2521 1949 2591 sit,
1970 2520 2057 2579 illi
2083 2519 2148 2577 in

599 2614 806 2690 aliquo
833 2616 1088 2689 proficit,
1128 2617 1231 2691 qui
1267 2632 1402 2673 eam
1435 2632 1559 2674 non
1595 2617 1774 2687 amat,
1805 2614 1912 2672 sed
1947 2614 2146 2689 potius

601 2708 919 2767 detestatur
945 2715 1003 2767 et
1031 2709 1177 2767 odit.
1217 2713 1312 2767 Est
1348 2709 1527 2782 igitur
1563 2708 1917 2779 notandum,
1953 2708 2143 2783 quod,

601 2801 751 2860 sicut
792 2803 1186 2861 communiter
1225 2802 1375 2861 solet
1415 2801 1552 2873 dici,
1595 2801 1809 2876 triplex
1848 2807 1934 2861 est
1975 2801 2142 2861 vita:

599 2895 794 2969 prima
847 2899 933 2955 est
984 2896 1299 2966 naturalis3
1354 2896 1617 2954 secunda
1662 2899 1749 2953 est
1794 2894 2113 2970 spiritualis
2122 2913 2143 2968 3

599 2988 772 3048 tertia
814 2994 898 3048 cst
941 2989 1251 3048 aeternalis.
1295 2993 1361 3047 Et
1397 2990 1727 3048 secundum
1765 2989 1900 3057 hoc,
1938 2992 2025 3046 est
2049 2989 2147 3047 tri-

599 3083 742 3159 plex
778 3083 1009 3156 lignum
1053 3083 1219 3153 vitae,
1258 3083 1426 3157 cujus
1465 3083 1729 3141 efficacia
1766 3088 2148 3143 conservatur

599 3178 768 3235 vita:
811 3178 1069 3252 primum
1113 3177 1347 3251 lignum
1383 3177 1516 3235 vitoe
1558 3176 1667 3233 fuit
1709 3176 2039 3251 plantatum
2084 3177 2146 3235 in

599 3273 802 3332 medio
856 3274 1119 3349 paradisi
1170 3273 1484 3343 terrestris;
1542 3272 1872 3331 secundum
1913 3271 2145 3345 lignum

599 3369 709 3427 fuit
741 3369 1071 3443 plantatum
1111 3368 1173 3423 in
1215 3366 1417 3425 medio
1461 3365 1674 3424 mundi
1718 3365 1963 3446 coelestis
1981 3385 1999 3439 ;
2031 3369 2144 3425 ter-

603 3464 749 3521 tium
770 3462 1000 3535 lignum
1023 3461 1157 3518 vitae
1178 3459 1287 3518 fuit
1311 3464 1370 3519 et
1395 3464 1481 3517 est
1506 3459 1834 3533 plantatum
1853 3460 1916 3516 in
1943 3459 2145 3517 medio

599 3555 863 3631 paradisi
908 3553 1353 3630 supercoelestis
1403 3555 1566 3612 ltem·
1583 3569 1655 3612 ex
1704 3552 1935 3610 defectu
1969 3553 2147 3626 hujus

601 3649 845 3724 triplicis
875 3648 1026 3720 ligni
1062 3647 1217 3714 vites,
1260 3647 1406 3704 dum
1450 3646 1661 3721 triplex
1699 3646 1819 3704 vita
1855 3645 2145 3721 perditur,

599 3759 764 3801 mors
799 3741 1012 3816 triplex
1050 3740 1349 3799 inducitur
1380 3757 1395 3797 :
1424 3739 1655 3814 primo,
1683 3755 1844 3797 mors
1880 3743 2105 3798 naturae
2123 3760 2141 3814 ;

599 3837 884 3909 secundo,
931 3852 1093 3894 mors
1137 3835 1357 3911 culpae3
1410 3834 1579 3894 tertio
1629 3850 1773 3892 vero
1826 3849 1988 3892 mors
2043 3850 2142 3907 ge·

597 3932 829 3990 hennae.

672 4027 941 4086 Dicamus
986 4041 1166 4098 ergo,
1210 4022 1551 4097 incipientes
1598 4038 1633 4080 a
1675 4022 1916 4098 primis,
1967 4020 2138 4097 quod

597 4122 793 4196 prima
821 4120 944 4178 vita
968 4122 1055 4177 est
1081 4118 1202 4178 vita
1239 4134 1373 4192 quae
1413 4116 1627 4175 dicitur
1667 4116 1975 4182 naturalia,
2006 4132 2142 4191 quae

597 4229 722 4274 non
745 4219 830 4273 est
858 4212 1022 4272 aliud
1054 4229 1237 4288 quam
1264 4211 1484 4283 anima,
1514 4226 1648 4285 quoe
1675 4214 1763 4268 est
1782 4209 1904 4268 vita
1931 4226 2142 4284 corpo·

596 4310 697 4368 ris.
726 4312 792 4366 Et
816 4308 894 4366 de
920 4308 1033 4365 hac
1062 4305 1274 4365 dicitur
1304 4309 1346 4377 ¹,
1377 4305 1543 4381 quod
1566 4324 1598 4359 ι(
1614 4303 1752 4362 fecit
1779 4307 1926 4362 Deus
1953 4303 2145 4361 homi-

597 4419 736 4463 nem
764 4401 839 4460 de
868 4402 1014 4460 limo
1043 4404 1210 4458 terras
1222 4443 1245 4474 ,
1273 4404 1330 4458 et
1354 4398 1661 4474 inspiravit
1685 4397 1749 4455 in
1773 4397 1986 4455 faciem
2014 4398 2143 4470 ejus

597 4496 963 4572 spiraculum
984 4496 1137 4565 vitae,
1168 4498 1224 4552 et
1248 4494 1432 4551 factus
1461 4495 1546 4550 est
1573 4492 1757 4549 homo
1786 4491 1847 4548 in
1877 4490 2140 4549 animam

596 4591 912 4649 viventem.
946 4610 974 4643 s
1020 4587 1120 4646 Dei
1161 4586 1320 4646 enim
1364 4586 1651 4661 inspirare
1696 4584 1835 4657 fuit,
1878 4585 2143 4642 animam

598 4699 822 4756 creare,
851 4686 909 4741 et
925 4682 1159 4756 corpori
1188 4680 1498 4739 infundere
1513 4697 1531 4750 ;
1563 4681 1629 4736 ut
1653 4677 1736 4735 sic
1762 4678 1930 4735 fieret
1952 4677 2138 4735 homo

597 4778 660 4836 in
686 4777 949 4835 animam
976 4776 1301 4842 viventem,
1338 4774 1402 4831 id
1446 4777 1530 4831 est
1569 4772 1798 4831 habens
1845 4769 2138 4843 animam,

597 4888 721 4947 qua
746 4871 987 4930 viveret.
1017 4869 1148 4929 Sine
1176 4868 1299 4926 vita
1323 4867 1458 4942 quis
1498 4870 1650 4924 esset
1683 4864 1877 4923 omnis
1915 4864 2142 4922 homo?

597 4965 750 5038 Quid
779 4968 868 5023 est
908 4965 1066 5023 enim
1111 4979 1330 5038 corpus
1367 4959 1626 5019 hominis
1666 4959 1791 5018 sine
1827 4958 1977 5029 vita,
2025 4957 2141 5015 nisi

598 5076 738 5119 caro
773 5060 1012 5129 foetida,
1043 5057 1325 5116 deformis
1371 5058 1428 5114 et
1470 5054 1728 5130 pallida,
1770 5054 1893 5110 sive
1939 5052 2138 5125 nigra,

597 5154 776 5213 nullis
807 5154 1010 5212 usibus
1035 5156 1208 5227 apta,
1253 5151 1365 5209 nisi
1406 5148 1612 5207 redeat
1656 5147 1714 5205 in
1762 5150 2012 5218 terram,
2063 5146 2138 5204 de

598 5264 721 5320 qua
746 5246 855 5305 fuit
881 5248 1220 5321 assumpta?
1239 5248 1305 5304 Et
1328 5244 1466 5303 ideo
1495 5248 1579 5302 est
1600 5242 1752 5302 adeo
1780 5256 1918 5299 cara
1945 5239 2138 5299 homi·

661 5449 849 5508 ¹Gen.‚
885 5460 941 5511 ιι,
969 5450 1015 5500 7.
1038 5474 1098 5485 -
1129 5448 1147 5479 ²
1170 5447 1299 5507 lac„
1329 5458 1397 5510 iv,
1431 5448 1505 5496 15.

1575 502 1995 571 SERMONES
2038 504 2139 570 DE
2176 503 2531 573 SANCTIS.
2574 505 2813 571 xxvn.

2253 640 2430 699 nibus
2454 640 2575 699 vita
2588 682 2607 712 ,
2635 643 2702 699 ut
2726 656 2837 716 pro
2861 655 2934 700 ea
2962 642 3267 703 servanda
3296 659 3514 703 omnes
3558 647 3799 708 humani

2251 734 2518 806 labores,
2547 749 2751 792 omnes
2778 736 3201 811 temporalium
3228 741 3719 814 aggregationes,
3748 747 3800 802 et

2254 842 2461 885 omnes
2516 827 2932 900 comestiones,
2983 831 3243 888 vestium
3303 834 3798 907 compositiones,

2253 920 2600 987 domorum,
2638 925 2696 979 et
2730 937 3032 980 armorum
3070 922 3505 984 fabricationes
3530 926 3679 987 flant
3708 950 3723 988 :
3750 935 3801 989 et

2253 1014 2523 1089 quamvis
2549 1014 2632 1072 sic
2657 1014 2849 1072 omnis
2873 1016 3137 1074 humana
3166 1022 3385 1077 natura
3412 1020 3487 1077 sit
3520 1022 3601 1079 ad
3626 1023 3800 1082 vitam

2251 1106 2627 1178 servandam,
2645 1124 2768 1165 non
2793 1111 2991 1166 tamen
3018 1115 3215 1183 potest
3241 1114 3365 1170 vita
3390 1114 3663 1172 hominis
3684 1133 3797 1175 esse

2250 1200 2465 1274 longa,
2493 1202 2600 1259 sed
2628 1206 2716 1261 est
2740 1203 2938 1261 brevis
2979 1208 3036 1262 et
3077 1220 3265 1277 vana,
3296 1212 3729 1268 momentanea
3750 1215 3805 1268 et

2252 1294 2497 1367 caduca,
2524 1311 2690 1353 more
2712 1298 2970 1371 vaporis.
2991 1300 3192 1373 vapor
3218 1299 3409 1371 enim,
3428 1301 3561 1360 sive
3589 1303 3804 1377 tumim,

2250 1387 2485 1446 videtur
2508 1405 2792 1462 magnum
2819 1390 2998 1465 quid,
3032 1391 3181 1449 dum
3210 1394 3545 1453 ascendere
3575 1397 3803 1472 incipit,

2252 1480 2359 1540 sed
2397 1481 2545 1539 dum
2583 1482 2789 1541 adesse
2831 1483 3120 1554 creditur,
3152 1487 3459 1544 evanescit
3504 1506 3521 1544 z
3551 1489 3640 1546 sic
3670 1493 3803 1564 vita,

2254 1575 2400 1632 dum
2424 1574 2638 1633 florere
2667 1576 2929 1647 videtur,
2954 1578 3196 1653 modica
3221 1577 3392 1636 febre
3423 1582 3801 1656 extinguitur.

2253 1669 2415 1727 Unde
2446 1669 2471 1707 ²
2498 1687 2512 1726 ε
2548 1688 2577 1722 ι
2603 1668 2756 1739 Quid
2785 1674 2869 1727 est
2890 1670 3049 1728 enim
3080 1671 3204 1729 vita
3229 1676 3480 1732 nostra?
3506 1690 3705 1750 vapor
3728 1683 3805 1736 est

2252 1762 2334 1821 ad
2360 1762 2665 1821 modicum
2691 1778 2925 1836 parenS.
2952 1784 2980 1817 ι
3016 1763 3129 1821 Sed
3159 1781 3349 1838 quare
3380 1767 3469 1825 ita
3506 1771 3640 1826 est?
3676 1771 3804 1831 ldeo

2252 1856 2333 1913 ita
2360 1861 2474 1929 est,
2497 1855 2640 1931 quia
2665 1872 2822 1914 nunc
2849 1858 2969 1915 vita
2994 1863 3198 1917 nostra
3236 1860 3409 1933 ligno
3440 1862 3585 1921 vitae
3623 1872 3805 1938 caret,

2255 1966 2376 2025 quo
2400 1950 2531 2009 solo
2560 1950 2896 2008 conservari
2917 1955 3129 2025 potest.
3159 1953 3250 2010 Ad
3277 1956 3448 2028 quod
3476 1957 3807 2033 intelligen-

2255 2043 2438 2115 dum,
2466 2046 2552 2101 est
2586 2043 2684 2102 hic
2727 2043 3087 2116 notandum,
3144 2047 3314 2120 quod
3375 2050 3654 2110 humana
3695 2054 3808 2113 vita

2254 2137 2513 2217 maxime
2543 2138 2804 2195 consistit
2827 2136 2890 2194 in
2914 2137 3168 2197 humido
3195 2140 3476 2201 radicati.
3502 2148 3603 2204 Est
3630 2147 3805 2220 enim,
3872 2165 3981 2207 sm-

2253 2223 2584 2290 secundum
2610 2231 2941 2289 doctrInam
2961 2233 3236 2291 omnium
3264 2235 3673 2312 medicorum,
3704 2241 3804 2299 du·
3826 2226 3935 2281 μ

2252 2324 2391 2399 plex
2417 2324 2738 2383 humiditas
2766 2326 2827 2383 in
2855 2327 3210 2400 corporibus
3230 2331 3450 2388 nostris
3478 2350 3494 2389 ι
3524 2348 3651 2392 una
3678 2352 3805 2409 quie

2254 2417 2469 2477 dicitur
2494 2417 2800 2491 radicalis3
2826 2419 3032 2491 altera,
3062 2436 3203 2495 quae
3230 2422 3449 2482 dicitur
3480 2429 3803 2487 nutrimen·

2253 2511 2403 2569 talis‚
2430 2511 2753 2571 Humiditas
2774 2512 3052 2571 radicalis
3080 2520 3168 2572 est
3193 2515 3332 2589 illa,
3358 2535 3496 2593 quia
3524 2522 3803 2581 radicali-
3853 2528 3989 2599 ‘aus-

2252 2607 2340 2661 ter
2365 2621 2426 2663 se
2454 2609 2610 2663 tenet
2635 2621 2774 2664 cum
2800 2606 2929 2681 ipsa
2954 2611 3204 2681 natura,
3230 2627 3372 2668 cum
3398 2628 3526 2686 qua
3556 2632 3801 2689 genera-
3825 2590 3989 2695 ᾞ

2252 2700 2348 2757 tur
2373 2699 2591 2771 homo,
2621 2697 2748 2759 sine
2776 2716 2899 2774 qua
2925 2701 3126 2760 vivere
3154 2706 3216 2761 et
3241 2719 3370 2762 esse
3417 2722 3545 2765 non
3580 2714 3773 2782 potest
3782 2733 3800 2784 ;
3828 2716 3930 2769 vid-

2254 2794 2397 2867 quia
2421 2794 2485 2851 in
2512 2794 2625 2851 hac
2650 2797 2772 2852 tota
2797 2793 3013 2853 veritas
3033 2796 3317 2856 humanoe
3344 2804 3571 2859 naturae
3596 2809 3702 2862 est.
3742 2809 3804 2864 Et

2254 2885 2390 2944 ideo
2420 2887 2631 2946 dicitur
2647 2887 2946 2959 radicalis,
2965 2890 3129 2966 quia,
3149 2891 3305 2950 sicut
3329 2893 3504 2951 radix
3530 2900 3620 2954 est
3646 2898 3800 2971 prin-

2253 2980 2474 3055 cipium
2499 2980 2917 3055 productivum
2935 2985 2993 3039 et
3008 2987 3489 3045 conservativum
3511 2990 3684 3048 totius
3706 3007 3800 3050 ar-

2254 3074 2447 3145 boriS,
2486 3075 2569 3132 sic
2614 3074 2935 3134 humiditas
2977 3077 3258 3135 radicalis
3299 3080 3664 3156 principium
3688 3084 3801 3143 hu-

2253 3168 2416 3226 mani
2445 3168 2730 3243 corporis.
2762 3170 3088 3228 Humiditas
3122 3179 3325 3231 autem
3367 3177 3802 3237 nutrimentalis
3857 3187 4006 3260 ‚nnuf-

2254 3268 2339 3321 est
2365 3263 2499 3332 illa,
2527 3280 2661 3338 quae
2696 3268 3007 3337 generatur
3044 3281 3121 3323 ex
3162 3266 3346 3340 cibiS,
3379 3285 3516 3343 quas
3550 3287 3677 3330 non
3718 3280 3803 3332 est
3828 3250 4006 3355 m

2255 3356 2330 3414 de
2361 3358 2608 3415 essentia
2628 3357 2813 3415 nostri
2842 3359 3131 3431 corporis,
3159 3360 3268 3418 sed
3288 3362 3351 3419 in
3376 3364 3671 3423 auxilium
3704 3385 3801 3425 ra-
3875 3376 3965 3445 &lja

2255 3449 2462 3509 dicalis
2484 3449 2867 3509 humiditatis
2897 3451 3070 3510 Calor
3095 3454 3291 3526 enim,
3318 3454 3442 3514 sive
3470 3457 3660 3532 ignis,
3698 3462 3805 3536 qui
3871 3437 3975 3492 (μ’

2253 3542 2315 3601 in
2346 3543 2700 3618 corporibus
2725 3545 2939 3602 nostris
2968 3546 3195 3619 existit,
3234 3564 3374 3607 cum
3407 3551 3634 3611 otiosus
3676 3570 3803 3612 esse

2252 3652 2376 3696 non
2402 3639 2618 3711 possit,
2646 3653 2880 3711 semper
2909 3638 3141 3714 aliquid
3168 3641 3246 3700 de
3274 3642 3379 3701 illa
3403 3645 3655 3705 radicali
3692 3647 3806 3705 hu-

2252 3732 2516 3790 miditate
2545 3732 2840 3790 consumit
2872 3751 2888 3791 :
2924 3736 2980 3791 et
3000 3734 3105 3805 sic,
3137 3751 3279 3794 cum
3306 3737 3483 3797 datur
3510 3739 3574 3797 in
3614 3742 3807 3815 pabu-

2250 3827 2406 3897 lum,
2443 3825 2768 3884 humiditas
2812 3826 3248 3886 nutrimentalis
3292 3831 3493 3889 minus
3538 3834 3601 3890 in
3650 3835 3808 3893 radi-

2252 3921 2379 3979 cale
2406 3922 2548 3996 agit,
2581 3923 2724 3997 quia
2751 3923 2898 3982 dum
2924 3925 3354 3985 nutrimentum
3379 3928 3645 3988 radicale
3682 3932 3805 3990 vim

2250 4031 2421 4073 suam
2447 4017 2753 4088 convertit,
2783 4018 2979 4076 minus
3009 4019 3083 4076 de
3111 4019 3362 4079 radicali
3388 4024 3705 4083 consumit.
3740 4028 3805 4084 Et
3878 4036 4017 4077 Em-

2250 4120 2336 4173 est
2360 4115 2698 4188 exemplum
2721 4115 2983 4174 notabile
3024 4117 3087 4174 in
3121 4117 3403 4190 lucerna,
3446 4121 3511 4178 in
3552 4139 3678 4197 qua
3721 4095 3962 4182 θείῃ

2248 4207 2518 4283 lychnus,
2538 4212 2596 4266 et
2625 4209 2828 4267 oleum
2855 4225 2892 4268 a
2917 4207 3138 4285 lychno
3166 4212 3534 4286 imbibitum,
3558 4221 3618 4274 et
3638 4216 3807 4276 aliud

2249 4300 2448 4358 oleum
2495 4300 2877 4360 circumstans
2923 4303 3249 4379 lychnum,
3294 4309 3353 4364 et
3396 4308 3555 4381 ignis
3604 4310 3807 4368 incen·
3842 4342 3847 4346 -

2249 4394 2434 4453 dium.
2482 4396 2754 4470 Lychnus
2812 4401 2900 4455 est
2954 4397 3107 4455 sicut
3148 4414 3369 4474 corpus
3411 4400 3748 4462 humanum
3784 4423 3801 4463 ε

2248 4489 2450 4548 oleum
2483 4504 2521 4546 a
2565 4489 2785 4565 lychno
2830 4491 3172 4550 imbibitum
3220 4495 3279 4551 et
3321 4493 3412 4551 illi
3454 4494 3805 4574 incorpora-

2246 4587 2407 4654 tum,
2448 4588 2531 4641 est
2572 4584 2721 4642 sicut
2758 4584 3017 4643 radicale
3055 4586 3420 4645 humidum:
3464 4589 3672 4649 oleum
3698 4594 3807 4651 cir-

2247 4680 2544 4734 cumstans
2569 4677 2856 4752 lychnum
2886 4682 2975 4736 est
3000 4679 3150 4738 sicut
3174 4682 3628 4743 nutrimentum.
3654 4689 3805 4744 Dum
3882 4677 3897 4687 ’

2246 4768 2424 4843 igitur
2448 4770 2605 4845 ignis
2632 4772 2752 4845 agit
2779 4772 2841 4829 in
2869 4772 3181 4848 lychnum,
3210 4791 3573 4836 consumens
3600 4780 3805 4839 oleum

2246 4864 2399 4922 illud
2442 4864 2818 4937 imbibitum,
2866 4873 2925 4924 et
2967 4867 3115 4925 dum
3163 4869 3550 4930 circumstans
3596 4873 3802 4933 oleum

2245 4958 2470 5033 praebet
2492 4959 2919 5018 nutrimentum
2944 4959 3067 5034 igni
3085 5003 3104 5033 ,
3134 4969 3444 5025 conservat
3473 4968 3679 5041 ignem
3694 5011 3715 5039 ,
3744 4973 3804 5026 et

2244 5056 2479 5127 praestat
2510 5052 3035 5128 impedimentum,
3065 5071 3141 5113 ne
3179 5062 3303 5115 tam
3328 5059 3443 5117 cito
3486 5067 3803 5119 consumat

2242 5146 2547 5221 lychnum.
2573 5149 2737 5219 Nam,
2762 5147 3009 5222 quando
3038 5148 3193 5206 illud
3221 5149 3424 5208 oleum
3454 5153 3796 5212 imbibitum

2245 5244 2332 5299 est
2357 5243 2807 5315 consumptum,
2843 5246 3231 5316 consumptus
3269 5248 3359 5303 est
3396 5249 3455 5303 et
3492 5246 3791 5320 lychnus:

2244 5334 2417 5409 quia,
2447 5335 2699 5394 humore
2723 5336 3359 5415 radicaliconsumpto
3398 5341 3461 5398 in
3509 5358 3791 5417 corpore,

2243 5434 2301 5487 et
2332 5428 2448 5487 vita
2477 5428 2741 5493 similiter
2767 5434 2853 5490 est
2889 5437 3240 5508 consumpta
3270 5451 3286 5492 :
3328 5433 3446 5497 hoc
3482 5436 3641 5497 enim
3671 5436 3786 5497 hu-
