4059 6317
1239 475 1340 543 DE
1381 476 1446 541 S.
1494 474 1926 542 MtanELE..

179 612 279 669 cut
325 610 486 670 enim
524 610 854 686 baptismus
901 614 990 671 est
1029 613 1166 685 post
1206 614 1550 686 peccatum,
1591 610 1717 669 sive

163 708 314 778 ,post
337 704 733 779 naufragium,
761 705 958 781 prima
990 705 1197 765 tabula
1221 721 1342 780 qua
1370 704 1654 781 eripimur
1681 720 1718 764 a

176 798 464 873 procella,
491 798 616 857 sive
642 815 681 858 a
704 799 904 874 culpa,
944 815 1080 873 quse
1117 802 1204 858 est
1246 798 1426 857 maris
1462 803 1719 873 tempes-

177 896 303 967 tas3
350 891 436 951 sic
472 892 817 969 poenitentia
845 893 929 951 eis
968 893 1074 968 qui
1106 892 1453 952 relabuntur
1494 892 1561 951 in
1592 892 1719 951 cul-

175 1002 343 1060 pam,
372 989 458 1045 est
491 986 754 1045 secunda
782 985 1014 1058 tabula,
1042 1002 1165 1061 qua
1195 986 1483 1045 liberatur
1519 986 1720 1045 anima

175 1097 216 1138 a
249 1081 532 1140 recidivo.
579 1085 727 1141 Nam
768 1081 919 1140 sicut
963 1081 1261 1155 baptismo
1307 1081 1635 1140 liberamur
1682 1098 1720 1141 a

174 1174 354 1248 culpa
381 1173 685 1248 originali,
711 1173 794 1233 sic
819 1190 931 1250 per
962 1174 1368 1248 poenitentiam
1395 1174 1720 1234 liberamur

174 1268 256 1325 ab
284 1268 498 1326 actuali
529 1287 544 1325 ε
588 1284 727 1341 ergo
762 1269 870 1344 qui
912 1272 1048 1344 post
1088 1269 1456 1328 ablutionem
1498 1269 1721 1344 baptis-

172 1362 353 1420 matis
373 1361 660 1421 recidivat
681 1362 745 1420 in
771 1362 1032 1437 culpam,
1050 1378 1174 1422 non
1193 1362 1374 1421 debet
1394 1363 1721 1421 secundam

175 1459 555 1515 contemnere
583 1455 964 1528 medicinam,
995 1474 1130 1515 cum
1154 1457 1281 1531 jam
1308 1456 1565 1516 amiserit
1601 1457 1720 1532 pri·

174 1550 452 1609 mariam.
479 1553 751 1623 AEgrotus
768 1550 947 1622 enim,
978 1551 1026 1606 si
1052 1565 1176 1610 non
1193 1550 1269 1609 sit
1290 1551 1520 1624 stultus,
1548 1551 1600 1608 si
1625 1566 1719 1609 re·

176 1643 413 1711 cidivet,
441 1648 760 1719 postquam
786 1660 825 1703 a
860 1644 1096 1703 medico
1124 1648 1211 1703 est
1237 1649 1493 1712 curatus,
1532 1644 1721 1703 medi-

179 1755 317 1797 cum
344 1738 600 1798 advocat
626 1743 683 1797 et
705 1741 903 1812 rogat,
926 1742 993 1797 ut
1011 1739 1336 1798 secundam
1363 1738 1720 1797 medicinam

177 1836 463 1908 apponat,
492 1849 601 1907 per
626 1848 811 1908 quam
835 1832 1118 1891 morbum
1142 1832 1362 1906 ejiciat:
1396 1850 1534 1891 cum
1560 1833 1720 1891 enim

175 1925 510 2000 {egritudini
536 1925 611 1987 sit
649 1927 943 1985 contraria
967 1925 1293 1999 medicina,
1338 1932 1395 1985 et
1426 1926 1723 1986 contraria

177 2023 458 2078 curentur
493 2019 827 2092 contrariis,
875 2020 1024 2078 sicut
1057 2019 1255 2079 calido
1299 2019 1584 2094 trigidum
1604 2063 1625 2091 ,
1665 2026 1723 2080 et

174 2111 396 2187 frigido
424 2112 707 2186 calidum,
738 2115 967 2189 quoties
993 2113 1312 2189 replicatur
1339 2115 1607 2186 morbus,
1635 2118 1723 2174 to·

176 2209 282 2266 ties
332 2208 653 2284 repetenda
697 2212 785 2267 est
822 2209 1122 2269 medicina
1167 2229 1182 2269 ε
1245 2210 1446 2287 sicque
1489 2213 1722 2285 quoties

175 2302 418 2361 iteratur
458 2304 636 2378 culpa
649 2344 671 2376 ,
712 2303 880 2363 toties
913 2303 1001 2362 illi
1044 2305 1340 2363 contraria
1385 2305 1721 2366 reiteranda

177 2405 263 2460 est
285 2399 648 2475 poenitentia.
670 2403 816 2459 Cum
839 2414 981 2473 ergo
1000 2405 1234 2458 sanctus
1254 2400 1571 2475 Apostolus
1586 2406 1724 2476 post

177 2494 632 2552 mundationem
655 2492 913 2568 primam
936 2495 998 2552 in
1016 2494 1460 2553 circumcisione
1479 2494 1719 2565 factam,

174 2587 370 2647 fuerat
391 2586 658 2662 relapsus
679 2587 742 2645 in
758 2587 1022 2662 culpam,
1049 2603 1174 2648 non
1197 2588 1417 2648 veritus
1445 2592 1533 2647 est
1547 2604 1725 2662 agere

175 2683 602 2758 poenitentiam.
625 2681 787 2740 Unde
808 2681 952 2740 dicit
973 2683 1223 2741 Domino
1244 2702 1258 2740 ε
1297 2685 1582 2757 Postquam
1602 2701 1723 2743 con·

173 2780 398 2834 antisti
447 2792 558 2842 me,
590 2779 675 2848 em·
712 2779 1113 2849 peonitentiam.
1145 2779 1210 2835 ln
1245 2793 1367 2852 quo
1399 2778 1582 2837 verbo
1612 2794 1723 2836 no·

177 2873 378 2928 tantur
392 2868 792 2944 principaliter
809 2869 932 2928 duo
959 2889 975 2928 ε
1003 2884 1191 2928 unum
1216 2886 1291 2929 ex
1315 2875 1480 2947 parte
1507 2872 1629 2944 Dei,
1649 2888 1722 2931 ex

177 2968 344 3040 parte
375 2963 475 3022 Dei
501 2966 737 3021 notatur
766 2962 863 3022 vel
900 2968 1258 3022 monstratur
1292 2965 1722 3038 misericordia,

176 3074 298 3133 qua
351 3056 698 3131 Apostolum
751 3057 898 3116 olim
943 3057 1334 3132 publicanum
1398 3061 1686 3119 convertit
1700 3080 1717 3132 3

178 3151 434 3211 alterum
475 3167 551 3209 ex
584 3155 750 3224 parte
788 3152 1084 3227 Apostoli,
1129 3168 1205 3211 ex
1248 3155 1414 3228 parte
1456 3154 1720 3230 Apostoli

177 3249 420 3303 notatur
452 3245 703 3319 Justitia,
752 3262 875 3321 qua
910 3262 974 3304 se
1020 3262 1131 3321 pro
1170 3252 1413 3322 peccato
1466 3248 1717 3322 punivit.

178 3339 516 3399 Ostenditur
542 3346 744 3400 antem
782 3340 986 3398 divina
1021 3340 1334 3400 clementia
1372 3342 1437 3399 in
1476 3345 1723 3418 Aposto-

179 3433 304 3492 lum
330 3434 754 3507 convertendo,
798 3450 936 3493 cum
965 3434 1179 3493 dicitur
1209 3453 1226 3493 ε
1269 3438 1560 3510 Postquam
1599 3453 1716 3494 con·

177 3531 400 3586 vertisti
415 3544 520 3587 me.
548 3528 817 3587 Secundo
844 3531 1082 3589 notatur
1108 3529 1371 3603 Apostoli
1392 3529 1635 3602 justitia,
1662 3530 1723 3588 in

179 3636 239 3679 se
268 3622 484 3680 acriter
516 3621 853 3697 puniendo,
902 3637 1038 3680 cum
1081 3621 1321 3681 additur
1350 3640 1366 3680 ε
1412 3625 1523 3696 Eqi
1549 3627 1723 3696 poeni·

182 3719 430 3772 tentiam.
461 3718 556 3774 Est
592 3714 767 3788 igitur
805 3715 1171 3788 notandum,
1210 3716 1380 3791 quod
1426 3717 1505 3776 ad
1539 3718 1726 3793 poeni-

179 3811 454 3883 tentiam,
501 3812 791 3884 quantum
837 3810 918 3869 ad
960 3825 1246 3884 praesens,
1290 3815 1548 3886 quatuor
1588 3817 1727 3873 sunt

178 3903 407 3962 motiva
438 3921 453 3961 :
493 3904 712 3962 scilicet
744 3904 1062 3962 mundialis
1107 3904 1472 3979 ignominia,
1498 3906 1563 3963 in
1603 3923 1726 3980 qua

181 4014 420 4071 sumus3
462 3997 762 4072 judicialis
805 3999 1129 4071 sententia,
1171 4016 1357 4075 quam
1415 4001 1721 4075 timemus3

181 4091 488 4151 infernalis
509 4091 766 4163 miseria,
792 4108 977 4168 quam
993 4094 1114 4169 pati
1141 4094 1494 4165 meruimus;
1523 4110 1726 4171 super-

182 4185 332 4243 nalis
353 4184 599 4259 gloria,
647 4201 685 4245 a
729 4202 851 4261 qua
893 4201 1005 4245 noe
1048 4188 1424 4246 exclusimus.
1467 4194 1726 4263 Agamus

182 4277 359 4352 igitur
393 4279 829 4354 poenitentiam,
868 4280 967 4339 vel
1004 4287 1071 4339 ut
1113 4282 1440 4341 evadamus
1474 4283 1728 4357 ignomi-

182 4372 368 4443 niam,
398 4372 499 4430 vel
538 4377 604 4431 ut
633 4373 948 4432 redeamus
974 4373 1039 4433 in
1064 4375 1312 4449 gratiam
1327 4418 1348 4449 ,
1384 4376 1483 4436 vel
1528 4381 1593 4435 ut
1620 4377 1726 4437 de·

186 4465 478 4524 clinemns
503 4471 778 4526 oeternam
801 4466 1122 4542 miseriam,
1142 4469 1241 4528 vel
1261 4474 1325 4528 ut
1346 4470 1728 4531 admittamur

186 4560 265 4618 ad
285 4558 543 4634 gloriam
570 4564 933 4636 perpetuam.

616 4757 716 4832 DE
761 4758 823 4837 S.
871 4758 1291 4837 MIGHAELE.

787 4914 1044 4977 SERMO
1084 4915 1127 4977 ¹.

261 5035 488 5108 Angelis
514 5035 629 5091 suis
656 5034 940 5091 mandauit
967 5035 1034 5093 de
1059 5039 1130 5102 te,
1155 5041 1219 5093 ut
1244 5037 1551 5095 custodiant
1593 5043 1646 5096 te
1669 5042 1734 5096 in

194 5130 436 5187 mnraibm
461 5130 572 5185 viis
595 5131 705 5186 tuis
730 5129 775 5201 ⁸,
793 5131 902 5186 etc.
931 5129 1189 5188 Verbum
1215 5132 1612 5207 propositum,
1641 5149 1734 5193 as·

262 5279 276 5312 ¹
305 5279 484 5343 Neque
509 5277 666 5341 bunc,
687 5291 854 5343 neque
880 5282 1178 5343 sequentem
1201 5281 1357 5333 hubet
1380 5282 1544 5334 codex
1572 5282 1729 5334 Aesis.

199 5362 313 5399 saec.
352 5361 476 5413 κιιις
513 5349 604 5399 sed
630 5349 783 5400 alium
811 5363 1023 5413 prorsus
1049 5352 1310 5404 diversum
1337 5353 1390 5404 in
1416 5354 1548 5405 testo
1579 5368 1733 5420 appa-

200 5419 397 5473 ritionis
434 5424 492 5475 S.
528 5420 819 5486 Michaelis,
846 5421 933 5488 qui
964 5422 1280 5477 desideratur
1309 5425 1364 5478 in
1387 5426 1510 5478 edit.
1534 5425 1647 5479 Vat.
1682 5430 1734 5478 et

3249 482 3385 545 603*

1820 614 2124 686 sumptum
2151 611 2229 672 de
2268 612 2500 673 Psalmo
2525 612 2607 673 ad
2624 612 2867 673 laudem
2904 615 2963 672 et
2985 612 3372 673 commenda-

1822 705 2052 764 tionem
2075 706 2448 780 angelorum,
2461 705 2639 764 simul
2657 722 2898 781 quoque
2917 706 3129 765 excitat
3153 722 3267 765 nos
3291 706 3371 766 ad

1822 814 2031 858 eorum
2060 799 2459 871 dilectionem,
2495 800 2659 859 etad
2701 799 2968 860 divinam
3003 799 3267 871 laudem,
3313 804 3372 859 et

1824 892 2146 967 gratiarum
2172 895 2486 954 actionem.
2533 898 2681 953 Deus
2709 895 2868 953 enim
2887 937 2905 965 ‚
2930 897 3173 969 propter
3198 909 3370 953 suam

1823 987 2122 1061 pietatem,
2166 988 2472 1063 deputavit
2510 989 2839 1062 angelicam
2881 988 3247 1060 dignitatem,
3287 987 3370 1045 ad

1824 1081 2229 1155 adJuvandam
2274 1087 2536 1141 nostram
2563 1082 2979 1140 infirmitatem.
3025 1081 3371 1140 Describun-

1824 1178 1917 1233 tur
1958 1178 2159 1234 autem
2199 1176 2385 1234 sancti
2433 1175 2631 1249 angeli
2677 1175 2739 1233 in
2785 1176 2971 1235 verbo
3019 1175 3324 1250 proposito
3349 1218 3367 1246 ,

1824 1270 2115 1343 quantum
2168 1269 2247 1327 ad
2273 1269 2384 1331 tria
2412 1288 2426 1327 ε
2459 1269 2680 1329 scilicet
2700 1268 2795 1327 vel
2824 1273 3111 1343 quantum
3138 1268 3219 1328 ad
3244 1267 3371 1327 offi-

1823 1363 2005 1434 cium,
2034 1362 2127 1421 vel
2158 1366 2449 1438 quantum
2480 1363 2563 1421 ad
2602 1363 2927 1436 injunctum
2954 1362 3372 1433 ministerium,

1822 1456 1919 1515 vel
1971 1462 2265 1531 quantum
2319 1458 2398 1516 ad
2434 1458 2771 1532 impensum
2808 1456 3205 1530 obsequium,
3245 1455 3371 1515 sive

1824 1550 2204 1623 beneficium,
2238 1551 2321 1609 ita
2347 1550 2516 1626 quod
2540 1551 2603 1608 in
2641 1549 2835 1609 officio
2863 1549 3159 1608 extollitur
3195 1564 3370 1622 ange·

1822 1643 1938 1703 lica
1968 1644 2245 1718 dignitas,
2272 1660 2412 1702 cum
2438 1644 2653 1703 dicitur
2681 1662 2697 1702 z
2728 1645 2960 1716 Anqelis
2985 1647 3118 1702 ruis.

1894 1740 2150 1814 Angelus
2176 1741 2337 1799 enim
2363 1743 2450 1799 est
2474 1756 2695 1800 nomen
2720 1738 2924 1810 officii,
2954 1754 3075 1798 non
3117 1740 3366 1796 naturas:

1823 1850 1966 1893 nam
1991 1835 2243 1907 Angelus
2261 1835 2421 1892 idem
2440 1837 2524 1894 est
2547 1833 2715 1908 quod
2733 1832 2992 1891 nuntius.
3015 1835 3145 1890 Non
3174 1845 3373 1905 parvae

1824 1931 1928 1989 aut
1942 1929 2169 2002 exiguae
2188 1928 2486 2001 dignitatis
2501 1933 2587 1987 est
2609 1943 2738 1987 esse
2753 1926 3026 1985 nuntium
3046 1925 3148 1985 Dei
3164 1944 3184 1997 3
3208 1925 3374 1984 unde

1824 2022 2179 2096 Augustinus
2205 2024 2230 2062 ⁸
2263 2040 2278 2080 ε
2329 2042 2359 2078 c
2381 2022 2565 2081 Habet
2606 2024 2786 2092 Deus,
2818 2042 2848 2077 n
2892 2020 3103 2095 inquit,
3157 2038 3188 2075 «t
3218 2034 3374 2077 nun-

1825 2115 1959 2189 tios,
1998 2116 2066 2175 id
2107 2119 2225 2187 est,
2253 2116 2528 2191 angelos,
2574 2131 2698 2175 non
2742 2115 2908 2190 quod
2955 2115 3009 2174 ei
3052 2113 3221 2190 quod
3262 2129 3370 2172 ne-

1826 2212 1935 2270 scit
1968 2210 2335 2281 annuntient,
2365 2210 2473 2269 sed
2498 2210 2728 2269 bonum
2776 2225 2985 2269 eorum
3011 2213 3099 2269 est
3126 2208 3254 2282 eJ'us
3296 2207 3375 2266 de

1827 2305 2109 2380 operibus
2152 2303 2459 2364 consulere
2503 2305 2889 2363 voluntatem.
2922 2322 2950 2356 n
2997 2307 3063 2363 ln
3108 2302 3374 2375 injuncto

1827 2397 2151 2458 ministerio
2170 2397 2500 2457 ostenditur
2514 2397 2720 2457 divina
2736 2397 2944 2472 pietas,
2965 2412 3102 2456 cum
3127 2395 3369 2454 dicitur:

1826 2493 2116 2551 Mandavit
2154 2492 2221 2550 de
2260 2498 2331 2551 te.
2369 2495 2592 2565 Magnae
2634 2491 2868 2566 pietatis
2904 2495 2962 2549 et
2994 2488 3376 2561 benignitatis

1828 2585 2115 2645 indicium
2150 2591 2237 2644 est
2263 2585 2547 2661 deputare
2585 2585 2731 2644 tales
2770 2585 3065 2644 ministros
3099 2585 3377 2643 humanas

1827 2681 2203 2752 infirmitatis,
2229 2680 2355 2751 sine
2385 2681 2605 2756 quibus
2629 2681 2799 2740 nullo
2826 2680 3012 2739 modo
3040 2683 3191 2739 esset
3229 2683 3373 2739 tuta.

1830 2779 1895 2835 ln
1921 2774 2190 2850 impenso
2218 2774 2510 2833 beneflcio
2549 2775 2895 2849 exprimitur
2933 2775 3197 2833 bumana
3222 2773 3379 2832 utili·

1828 2874 1937 2939 tas,
1963 2885 2103 2927 cum
2130 2868 2543 2941 subjungitur:
2594 2870 2662 2926 Ut
2690 2869 2998 2926 custodiant
3026 2875 3079 2926 te
3106 2873 3170 2926 in
3209 2872 3381 2927 omni-

1831 2965 1929 3022 bus
1945 2966 2056 3021 viis
2075 2966 2209 3022 tuis.
2236 2965 2313 3022 De
2334 2962 2549 3038 quibus
2570 2960 2916 3020 custodibus
2942 2961 3119 3020 lsaias
3147 2963 3202 3020 ⁴:
3232 2964 3379 3022 «Su-

1829 3074 1937 3133 per
1977 3074 2183 3117 muros
2222 3061 2356 3115 tuos
2373 3098 2394 3128 ,
2443 3055 2796 3126 Jerusalem,
2851 3056 3124 3115 constitui
3178 3059 3379 3116 custo·

1831 3153 2005 3222 dem
2039 3156 2148 3210 etc.
2180 3155 2260 3210 Ne
2291 3154 2494 3210 autem
2512 3151 2816 3224 contingat
2832 3166 2944 3209 nos
2969 3167 3096 3210 esse
3120 3151 3383 3225 ingratos

1832 3246 2048 3304 divinis
2082 3245 2401 3320 proesidiis,
2442 3244 2709 3303 dicamus
2737 3244 2968 3319 aliquid
2996 3245 3071 3302 de
3103 3246 3383 3319 angelicis

1831 3340 2196 3410 ministeriis,
2236 3343 2293 3398 et
2330 3339 2557 3399 collatis
2593 3338 2918 3397 beneficiis..
2968 3337 3172 3412 Angeli
3197 3339 3385 3398 sancti

1832 3433 2041 3492 divino
2063 3433 2315 3508 imperio
2333 3432 2685 3507 multiplicia
2702 3431 2879 3491 nobis
2902 3431 3255 3507 impendunt
3274 3432 3382 3491 ob·

1831 3528 2071 3602 sequia3
2111 3526 2459 3602 multiplicia
2499 3527 2675 3585 etiam
2700 3524 3009 3585 conterunt
3051 3525 3381 3600 beneficia,

1832 3637 1967 3696 quoe
2008 3620 2213 3679 omnia
2251 3621 2331 3679 ad
2379 3636 2600 3679 novem
2642 3619 2849 3679 reduci
2891 3622 3167 3694 possunt,
3212 3620 3382 3694 juxta

1831 3714 2224 3773 novenarium
2249 3713 2598 3787 angelorum
2621 3713 2915 3772 ordinem.

1905 3809 2100 3868 Primo
2143 3808 2304 3866 enim
2345 3807 2520 3866 nobis
2552 3807 2843 3866 obsistunt
2868 3807 2931 3865 in
2956 3806 3130 3865 malis
3158 3810 3214 3866 et
3239 3823 3381 3882 pec·

1832 3902 1993 3971 catis,
2023 3905 2312 3976 ponentes
2349 3901 2814 3976 impedimenta:
2845 3899 3185 3975 frequenter
3222 3900 3383 3960 enim

1833 4000 1958 4053 tum
1985 4012 2059 4053 ex
2089 4001 2301 4055 natura
2315 3997 2616 4070 corrupta,
2648 4000 2772 4052 tum
2796 3993 3219 4053 exinfirmitate
3238 4009 3381 4053 con·

1831 4093 2036 4161 tracta,
2065 4095 2191 4148 tum
2218 4105 2293 4147 ex
2318 4088 2544 4147 malitia
2584 4091 2871 4162 concepta
2887 4128 2909 4159 ,
2952 4086 3291 4145 laberemur
3316 4085 3381 4144 in

1833 4183 2187 4258 multiplicia
2213 4188 2272 4241 et
2305 4182 2576 4241 enormia
2599 4185 2864 4257 peccata,
2903 4180 3017 4239 nisi
3049 4179 3235 4239 sancti
3277 4195 3384 4239 an·

1834 4278 1955 4352 geli
1983 4277 2295 4336 obviarent
2332 4275 2531 4348 nobis,
2573 4279 2630 4334 et
2668 4274 3096 4349 impedimenta
3121 4290 3383 4350 appone-

1833 4375 1981 4431 rent.
2020 4370 2194 4442 Quod
2231 4371 2455 4446 optime
2496 4369 2792 4442 signatum
2828 4372 2915 4426 est
2947 4369 3301 4428 Numeros-um
3324 4368 3378 4441 ⁸,

1833 4467 1942 4527 ubi
1970 4467 2203 4540 dicitur,
2233 4465 2401 4542 quod
2426 4469 2635 4525 contra
2650 4466 2890 4526 Balaam
2908 4465 3167 4540 Angelus
3182 4464 3386 4540 evagi-

1835 4567 2041 4621 natum
2077 4561 2337 4620 habebat
2381 4559 2669 4633 gladium,
2716 4576 2897 4636 quem
2935 4576 3182 4620 cernens
3217 4559 3387 4619 asina

1837 4654 2049 4715 avertit
2076 4671 2163 4728 se,
2190 4658 2247 4714 et
2272 4655 2399 4713 ibat
2422 4671 2532 4729 per
2557 4670 2772 4728 agrum
2811 4673 2827 4712 :
2862 4671 3042 4729 quam
3080 4669 3215 4712 cum
3250 4669 3385 4712 ver-

1837 4751 2074 4831 beraret
2108 4750 2367 4821 Balaam,
2418 4752 2481 4806 ut
2520 4766 2654 4808 eam
2707 4749 2789 4807 ad
2838 4749 2997 4807 viam
3035 4747 3383 4820 reduceret,

1838 4847 1992 4906 stetit
2015 4845 2273 4919 Angelus
2298 4843 2362 4902 in
2385 4844 2667 4916 angustiis
2686 4843 2942 4902 duarum
2968 4841 3380 4914 maceriarum,

1839 4940 2057 5014 quibus
2093 4939 2277 4996 vineoe
2321 4936 2677 5010 cinguntur:
2726 4952 2906 5011 quem
2956 4934 3162 4994 videns
3215 4934 3385 4995 asina

1836 5034 2029 5107 iunxit
2053 5048 2116 5090 se
2143 5031 2349 5107 parieti
2375 5072 2395 5102 ,
2438 5034 2495 5090 ct
2526 5030 2745 5090 attrivit
2781 5029 3037 5088 sedentis
3062 5029 3245 5104 pedes
3274 5046 3289 5087 ε
3324 5032 3387 5088 at

1843 5208 2006 5267 ven„
2053 5217 2115 5255 ac
2160 5201 2374 5267 proinde
2418 5200 2471 5251 in
2513 5200 2613 5251 bac
2654 5202 2846 5253 nostra.
2897 5200 3176 5264 Utrumque
3226 5198 3386 5250 babet

1843 5277 1963 5329 edit.
1997 5277 2227 5340 Hageno.
2263 5288 2329 5324 an
2365 5274 2505 5323 1496.
2545 5296 2608 5309 -
2638 5273 2660 5308 ¹
2682 5270 2824 5324 Psal.
2853 5283 2949 5333 xe,
2980 5274 3056 5320 Η.
3084 5296 3148 5308 -
3171 5270 3195 5307 ⁸
3228 5272 3384 5335 Aug„

1841 5349 1902 5399 de
1929 5348 2103 5399 Gener.
2131 5345 2201 5397 ad
2225 5344 2351 5408 liu„
2379 5343 2466 5394 lib.
2484 5345 2547 5405 V,
2569 5359 2618 5395 c.
2651 5355 2758 5407 xlx,
2788 5358 2841 5394 n.
2873 5345 2952 5394 37.
2971 5343 3076 5383 —5
3101 5344 3225 5409 1sa.‚
3252 5353 3384 5407 uu,

1845 5429 1894 5477 6.
1923 5447 1983 5462 -
2008 5423 2033 5458 ⁸
2055 5419 2230 5483 Num„
2253 5430 2394 5480 xm,
2419 5419 2478 5469 23
2505 5421 2557 5470 et
2582 5430 2692 5485 ως.
