4059 6317
713 511 834 574 Mo

711 647 1021 712 steterunt
1045 663 1084 709 a
1113 644 1218 710 lon
1225 664 1334 727 ge,
1376 650 1439 712 et
1481 646 1857 711 levaverunt
1888 659 2133 708 vocem.
2181 638 2250 705 Si

712 750 940 834 leprosi
968 769 1101 815 non
1141 752 1456 818 audebant
1497 750 2005 835 appropinquare
2036 748 2116 813 ad
2137 746 2172 812 J
2176 766 2251 811 e-

710 875 880 937 snm,
923 859 1160 924 scilicet
1198 879 1239 925 a
1269 861 1468 943 longe
1502 859 1877 939 clamabant,
1928 857 2250 941 quomodo

707 964 942 1048 leprosi
967 966 1154 1031 bodie
1177 968 1247 1031 in
1275 968 1615 1033 animabus
1644 968 1886 1032 audent
1907 966 2254 1049 appropin-

709 1092 939 1156 quare,
988 1078 1053 1138 et
1088 1093 1218 1139 non
1260 1076 1469 1141 solum
1515 1075 2023 1159 appropinquare
2045 1122 2063 1153 ,
2120 1075 2254 1138 imo

710 1182 908 1246 etiam
958 1187 1228 1266 tangere
1279 1201 1510 1267 corpus
1562 1183 1814 1262 Christi,
1868 1200 2017 1246 cum
2077 1181 2256 1265 lepra

712 1288 945 1354 animae
974 1290 1178 1355 multo
1206 1291 1692 1355 abominabilior
1719 1289 1801 1353 sit
1824 1287 2000 1370 lepra
2026 1305 2251 1370 corpo-

712 1396 845 1462 ris!
873 1396 1168 1463 Levanda
1188 1403 1283 1462 est
1305 1417 1468 1479 ergo
1488 1416 1612 1463 vox
1641 1398 1708 1461 in
1739 1396 2024 1461 oratione
2042 1397 2061 1432 ¹
2096 1418 2111 1459 z
2138 1397 2254 1461 Le-

712 1505 895 1571 vavit
920 1508 1127 1572 onmis
1151 1506 1447 1589 populus,
1462 1507 1579 1589 qui
1595 1509 1734 1572 erat
1748 1520 1892 1569 cum
1909 1519 2001 1583 eo,
2022 1519 2252 1582 vocent,

713 1618 772 1679 et
792 1613 1216 1695 planxerunt,
1242 1614 1436 1682 donec
1463 1614 1805 1696 deficerent
1826 1613 1902 1678 in
1929 1614 2021 1678 eis
2047 1611 2261 1695 lacm-

713 1736 833 1786 moe
861 1739 885 1785 .·
919 1719 1041 1784 hoc
1066 1723 1238 1786 enim
1265 1722 1553 1786 fecerunt
1576 1717 1726 1800 viri,
1757 1720 1867 1802 qui
1897 1722 2081 1783 erant
2109 1737 2257 1783 cum

714 1827 936 1908 David,
966 1828 1222 1911 quando
1255 1828 1450 1892 Achis
1476 1828 1619 1893 fecit
1642 1846 1794 1892 eum
1821 1828 2077 1907 reverti,
2107 1827 2260 1911 quia

715 1954 845 2000 non
898 1935 1178 2018 placebat
1222 1935 1509 2018 satrapis,
1558 1939 1625 2000 et
1680 1935 1831 2019 quia
1877 1935 2259 2000 invenerunt

701 2027 995 2109 'Sicelech
1028 2043 1111 2125 (α)
1128 2043 1447 2108 civitatem
1467 2061 1649 2107 suam
1671 2047 1919 2125 captam
1939 2046 2002 2106 et
2019 2041 2261 2108 destru-

716 2156 880 2216 ctam
912 2151 994 2215 ab
1023 2151 1319 2226 inimicis,
1360 2154 1425 2215 et
1455 2152 1794 2229 fleverunt,
1825 2153 1889 2214 et
1916 2147 2263 2215 voluerunt

717 2257 915 2323 David
938 2258 1237 2341 lapidare,
1260 2258 1412 2342 quia
1424 2275 1662 2322 uxores
1680 2261 1745 2321 et
1763 2256 1929 2321 filios
1944 2257 2262 2322 duxerant

716 2365 955 2430 inimici
1000 2366 1305 2447 captivos.
1355 2363 1626 2432 sicelech
1670 2365 1759 2447 (a)
1810 2365 2263 2447 interpretatur

717 2473 1040 2540 defaecatio
1064 2474 1257 2540 vocis.
1291 2472 1522 2540 Civitas
1546 2491 1700 2537 vero
1728 2472 2008 2538 Sicelecb
2028 2472 2118 2555 (α)
2135 2472 2263 2536 ani—

718 2599 893 2648 mam
919 2587 1121 2660 tuam,
1150 2581 1255 2646 vel
1281 2599 1512 2666 corpus
1540 2584 1726 2644 tuum
1754 2580 2118 2661 significare
2147 2598 2263 2663 po-

716 2694 860 2769 test,
894 2707 1041 2772 quae
1066 2707 1290 2754 vocem
1320 2688 1625 2753 orationis
1652 2687 2018 2752 defaecatam
2047 2692 2111 2753 et
2138 2707 2259 2772 pu·

717 2815 858 2864 ram
883 2797 963 2861 ab
992 2795 1322 2860 affectibus
1347 2796 1655 2859 vitiorum
1677 2795 1865 2860 edere
1885 2794 2091 2876 debet,
2115 2814 2266 2860 con·

718 2910 820 2971 tra
843 2905 998 2970 illud
1026 2907 1050 2941 ¹
1081 2926 1097 2968 2
1129 2903 1410 2988 Populus
1450 2903 1556 2970 hic
1599 2902 1793 2969 labiis
1839 2919 1935 2970 me
1961 2903 2261 2982 honorem

719 3031 827 3084 cor
852 3020 1063 3082 autem
1089 3028 1302 3080 eorum
1331 3013 1510 3095 lonqe
1537 3018 1633 3080 est
1659 3028 1702 3078 a
1727 3028 1842 3078 me.
1872 3010 2024 3076 Haec
2050 3016 2266 3077 autem

722 3122 1130 3189 succenditur
1190 3122 1369 3204 igne.
1441 3118 1617 3184 Uxor
1681 3125 1896 3184 autem
1955 3123 2050 3184 est
2112 3138 2264 3184 con-

721 3231 997 3297 versatio
1042 3235 1192 3309 tua3
1240 3230 1410 3293 bona
1450 3229 1605 3308 vita,
1648 3245 1818 3292 uxor
1855 3227 2054 3305 bona;
2100 3228 2269 3292 mala

721 3339 876 3418 vita,
905 3357 1075 3403 uxor
1100 3340 1290 3402 mala.
1323 3335 1466 3400 Filii
1495 3335 1610 3415 tui,
1642 3338 1992 3418 operatua.
2018 3335 2042 3372 ⁸
2074 3357 2106 3396 α
2130 3334 2270 3400 Jus-

723 3448 805 3512 sit
845 3465 997 3511 eum
1056 3445 1365 3511 Dominus
1422 3441 1821 3519 venumdari,
1880 3445 1943 3506 et
1994 3460 2269 3508 uxorem

725 3557 887 3640 ejuS,
932 3559 998 3619 et
1047 3553 1231 3618 lilios.
1277 3572 1308 3612 n
1367 3551 1447 3617 Hi
1499 3550 1737 3616 etenim
1789 3552 2266 3630 venundantur,

725 3659 978 3743 quando
1015 3659 1264 3724 diabolo
1305 3658 1762 3743 relinquuntur
1810 3675 1828 3721 ε
1883 3657 2271 3721 venundan-

727 3771 856 3843 tur,
907 3766 1161 3850 quando
1214 3783 1334 3849 pro
1398 3765 1584 3848 culpa
1652 3768 1891 3829 aeterna
1957 3768 2274 3829 tormenta

726 3873 1099 3939 redduntur.
1149 3870 1272 3937 Pro
1319 3873 1425 3937 his
1464 3890 1646 3954 ergo,
1687 3871 1843 3937 dum
1889 3889 2006 3954 per
2048 3870 2272 3935 diabo-

726 3982 847 4047 lica
870 3984 1187 4046 tormenta
1213 3979 1662 4059 accenduntur,
1704 3979 1978 4045 levanda
2011 3984 2111 4044 est
2144 3998 2275 4044 vox

728 4090 1034 4157 orationis
1095 4107 1247 4154 cum
1303 4087 1607 4172 lacrymis
1671 4086 2088 4152 contritionis,
2154 4086 2270 4151 Le-

730 4197 941 4263 vanda
965 4200 1062 4263 est
1084 4200 1300 4261 autem
1329 4213 1461 4263 vox
1488 4194 1715 4273 cordis,
1746 4194 2089 4278 plusquam
2120 4194 2271 4258 oris.

731 4305 909 4372 Unde
925 4305 1275 4388 Gregorius
1300 4303 1322 4340 ⁸
1354 4320 1372 4366 t
1402 4327 1433 4365 α
1456 4301 1680 4367 Preces
1696 4295 2083 4367 valentiores
2105 4302 2276 4385 apud

733 4414 1156 4479 sanctissimas
1203 4429 1391 4477 aures
1443 4410 1551 4475 Dei
1601 4410 1840 4476 faciunt
1881 4428 2014 4474 non
2057 4416 2277 4475 nostra

735 4522 949 4602 verba,
979 4522 1088 4587 sed
1111 4519 1440 4586 desideria.
1471 4539 1502 4577 ι)

812 4629 900 4693 De
923 4629 1108 4694 tertio
1134 4626 1459 4693 psalmus·
1491 4625 1613 4692 :In
1639 4625 1895 4692 nomine
1923 4630 2030 4694 tuo
2060 4627 2277 4695 levabo

734 4753 965 4805 manus
989 4751 1183 4802 meas.
1214 4733 1335 4799 Sed
1363 4732 1445 4798 ad
1475 4732 1628 4816 quid
1646 4734 1679 4796 ’ἲ
1703 4732 1778 4797 Et
1808 4735 1978 4797 certe
2010 4734 2092 4798 ad
2116 4733 2278 4797 sub-

733 4842 1120 4910 veniendum
1153 4839 1485 4925 proximis,
1533 4837 1612 4903 ad
1650 4837 2049 4922 implendum
2089 4857 2280 4903 man-

734 4953 956 5019 datum
984 4948 1328 5015 charitatis.
1358 4944 1649 5011 Psalmus
1678 4946 1701 4980 ⁸
1735 4968 1751 5010 ε
1778 4946 2018 5013 Levavi
2045 4962 2280 5013 manus

733 5078 906 5130 meas
937 5061 1025 5128 ad
1049 5057 1365 5126 mandata
1387 5061 1523 5135 tua,
1547 5072 1692 5138 quoe
1709 5054 1940 5122 dilexi.
1962 5054 2279 5122 Levandae

735 5172 955 5237 autem
980 5173 1136 5234 sunt
1163 5183 1398 5232 manus
1434 5165 1502 5228 in
1536 5165 1800 5230 nomine
1836 5163 2111 5244 Domini,
2149 5183 2280 5231 non

801 5297 819 5333 ¹
860 5297 880 5347 1
919 5294 1057 5360 neq„
1095 5303 1229 5354 xxx,
1267 5293 1315 5342 4.
1343 5315 1407 5328 —
1441 5289 1467 5324 ²
1494 5289 1698 5352 Mutila„
1730 5301 1814 5351 Π,
1844 5292 1891 5341 8.
1921 5315 1984 5327 —
2022 5288 2046 5324 ⁸
2080 5289 2281 5355 Mutila„

739 5379 898 5432 xvm,
927 5367 1006 5418 25.
1043 5392 1097 5403 -
1136 5362 1160 5399 ⁸
1187 5365 1432 5428 Gregor.,
1472 5359 1675 5423 Mos-aL,
1709 5361 1798 5412 lib.
1840 5362 1973 5415 xxi!
1998 5399 2014 5426 ,
2059 5374 2106 5411 c.
2155 5373 2283 5427 xvn,

744 5438 811 5489 al.
839 5449 988 5500 xvm,
1017 5436 1101 5488 vel
1130 5446 1254 5496 xm,
1279 5448 1335 5488 n.
1363 5436 1441 5492 ⁴3.
1469 5459 1532 5470 —
1557 5436 1580 5470 ⁸
1606 5434 1745 5485 Psoi.
1774 5444 1912 5496 mxu,
1943 5436 1989 5484 5.
2010 5459 2075 5471 -
2100 5433 2121 5468 ⁸
2144 5433 2281 5483 Psoi.

744 5520 935 5573 cxvm,
966 5510 1045 5562 48.
1076 5534 1140 5551 -
1166 5509 1183 5540 ⁷
1211 5508 1386 5570 Bora„
1428 5504 1482 5555 in
1521 5508 1692 5569 cant„
1728 5519 1885 5562 serm.
1917 5516 2020 5569 vn,
2054 5517 2110 5558 n.
2143 5507 2194 5557 4.
2223 5529 2285 5543 ·-

1813 503 2228 572 SERMONES
2272 501 2374 571 DE
2418 502 2814 571 TEMPORE.

2359 640 2430 704 in
2473 639 2733 704 nomine
2777 639 3033 722 diaboli,
3082 642 3248 707 sicut
3293 649 3749 727 persecutores,
3796 665 3907 712 ra-

2362 751 2595 830 ptores,
2637 745 2955 811 luxuriosi
3004 753 3071 813 et
3116 752 3316 832 avari,
3358 757 3426 816 et
3468 752 3574 817 alii
3618 757 3907 838 perversi

2362 871 2532 937 saepe
2557 854 2769 919 illicite
2793 853 3009 920 levant
3045 875 3298 923 manus.
3340 858 3503 941 Noli,
3551 863 3774 943 miser,
3818 865 3905 929 le-

2364 980 2517 1026 vare
2553 979 2784 1026 manus
2808 963 2889 1027 ad
2919 964 3109 1043 mala,
3138 970 3213 1030 ut
3237 966 3306 1030 in
3329 975 3671 1051 conspectu
3705 990 3909 1053 ange-

2363 1068 2576 1134 lorum
2601 1069 2814 1136 levare
2839 1073 3043 1154 possis
3066 1092 3299 1139 manus
3323 1075 3404 1139 ad
3436 1076 3695 1142 coelum.
3732 1078 3915 1143 Unde

2365 1174 2728 1241 Bernardus
2766 1179 2791 1213 '¹
2834 1200 2849 1241 :
2903 1202 2935 1241 α
2979 1179 3305 1246 Credimus
3343 1183 3607 1266 angelos
3662 1190 3917 1250 sanctos

2363 1289 2572 1350 astare
2614 1286 2967 1367 orantibus,
3016 1288 3246 1353 offerre
3284 1289 3411 1355 Deo
3455 1309 3682 1374 preces
3710 1291 3918 1357 homi-

2366 1411 2550 1474 num,
2582 1395 2636 1457 si
2664 1394 2801 1459 sine
2828 1395 2926 1459 ira
2952 1399 3015 1461 et
3038 1395 3403 1480 deceptione
3441 1398 3658 1464 levare
3687 1418 3920 1467 manus

2366 1502 2832 1584 prospexerint.
2863 1526 2895 1563 ι
2931 1502 3173 1568 Levare
3212 1523 3371 1585 ergo
3411 1524 3636 1570 vocem
3684 1526 3919 1590 pamm

2368 1609 2643 1690 prodest,
2684 1610 2803 1674 nisi
2842 1629 3074 1676 manus
3122 1612 3202 1676 ad
3248 1613 3488 1676 bouum
3518 1616 3920 1696 operandum

2367 1715 2684 1782 leventur.
2728 1716 2906 1783 Unde
2942 1724 2965 1761 ⁸
3010 1741 3027 1783 ε
3072 1719 3346 1803 Cumque
3381 1720 3619 1786 levaret
3669 1721 3921 1806 Moyses

2370 1837 2625 1901 manus,
2665 1822 2955 1892 vincebat
2991 1825 3225 1903 Israel3
3256 1828 3320 1892 si
3343 1830 3555 1893 autem
3578 1829 3921 1910 paululum

2369 1932 2742 2010 remisisset,
2793 1933 3134 2014 superabat
3168 1934 3468 2004 Amalech
3512 1954 3537 2000 .·
3575 1937 3647 2000 in
3673 1955 3809 2019 quo
3832 1939 3919 2002 si·

2374 2039 2737 2122 gnificatur,
2783 2042 2955 2124 quod
3002 2042 3267 2107 victoria
3305 2049 3525 2107 contra
3550 2043 3769 2108 hostes
3796 2047 3923 2110 ani-

2371 2164 2499 2211 mae
2526 2145 2878 2227 obtinetur,
2908 2149 2964 2211 si
2991 2166 3139 2213 cum
3164 2167 3321 2214 voce
3355 2150 3664 2215 orationis
3690 2171 3924 2219 manus

2372 2250 2561 2315 bonae
2587 2251 2968 2334 operationis
2993 2251 3307 2317 leventur.

2456 2357 2540 2422 De
2582 2362 2813 2441 quarto
2840 2363 2863 2399 ⁸
2897 2381 2913 2423 ε
2945 2360 3170 2426 Levate
3212 2361 3434 2440 capita
3482 2367 3724 2442 vestra,
3777 2381 3926 2447 quo-

2372 2468 2556 2532 niam
2583 2467 3065 2549 appropinquat
3088 2467 3431 2551 redemptio
3458 2477 3696 2536 vestra.
3728 2470 3927 2555 Caput

2374 2572 2607 2637 mentis
2632 2573 2884 2639 levatur
2909 2593 3026 2658 pro
3053 2593 3165 2657 spe
3182 2580 3439 2641 aeternae
3459 2577 3922 2643 retributionis.

2375 2681 2775 2764 Quicumque
2821 2684 2996 2746 enim
3033 2687 3186 2748 sunt
3232 2683 3423 2748 bonae
3461 2684 3615 2748 vitae
3663 2689 3731 2749 et
3774 2704 3921 2751 oon-

2375 2790 2679 2870 scientiae,
2698 2792 2861 2855 bene
2877 2797 3146 2874 possunt
3161 2792 3377 2857 levare
3394 2797 3583 2876 caput
3597 2793 3678 2857 ad
3701 2793 3919 2874 Deum,

2376 2896 2659 2962 maxime
2696 2904 2954 2981 propter
3000 2900 3145 2978 tria,
3188 2900 3268 2964 de
3300 2900 3537 2983 quibus
3562 2900 3923 2966 Bernafflus

2376 3004 2467 3067 sic
2502 3005 2591 3068 ait
2614 3006 2662 3047 ¹·
2694 3028 2708 3068 :
2753 3029 2785 3067 α
2810 3004 2958 3070 Tria
2995 3006 3357 3084 considero,
3388 3007 3456 3069 in
3506 3007 3750 3091 quibus
3795 3013 3925 3074 tota

2377 3130 2521 3194 spos
2556 3117 2774 3178 nostra
2810 3114 3098 3179 consistit
3149 3136 3164 3178 :
3214 3114 3592 3179 charitatem
3634 3115 3923 3200 adoptio-
4014 3109 4029 3125 “

2376 3221 2479 3282 nis
2503 3219 2604 3303 (b),
2627 3221 2965 3286 veritatem
2992 3220 3449 3304 promissionis,
3470 3227 3534 3285 et
3551 3226 3921 3304 potestatem

2376 3327 2767 3392 redditionis.
2809 3348 2841 3386 ι
2884 3327 3006 3393 Sed
3033 3328 3294 3411 quidam
3322 3328 3411 3392 ita
3435 3331 3658 3412 turpes
3685 3332 3923 3397 suntin

2378 3436 2579 3517 capite
2590 3436 2633 3472 ¹¹
2655 3453 2673 3499 ε
2693 3436 2887 3503 Omne
2904 3443 3101 3518 caput
3118 3435 3524 3519 immutatum,
3545 3445 3608 3506 et
3624 3454 3807 3506 owine
3824 3456 3923 3507 cor

2377 3558 2666 3621 moermw,
2716 3542 2893 3625 quod
2937 3560 3072 3625 prae
3116 3542 3486 3608 contusione
3529 3547 3922 3612 conscientias

2380 3669 2509 3715 non
2538 3654 2808 3732 possunt
2834 3649 3043 3733 capita
3068 3648 3287 3714 levare
3312 3668 3427 3733 per
3450 3655 3738 3718 sanctam
3764 3654 3925 3719 fidu-

2380 3756 2566 3820 ciam.
2611 3754 2855 3820 Levant
2890 3760 3103 3820 tamen
3147 3773 3264 3838 per
3299 3758 3668 3840 superbiam
3711 3762 3762 3804 ¹⁸
3800 3784 3818 3825 ε
3850 3763 3929 3831 Si

2381 3864 2843 3932 ascendentia
2866 3866 3089 3932 coelum
3123 3865 3427 3948 superbia
3459 3866 3624 3948 ejus,
3654 3874 3719 3935 et
3744 3879 3929 3953 capvt

2382 3972 2523 4054 ejus
2549 3972 2742 4039 nubes
2779 3975 3086 4056 tetiqerit,
3116 3975 3309 4055 quasi
3346 3973 3839 4056 sterquilinium
3860 3980 3928 4045 in

2381 4082 2509 4163 tine
2546 4080 2868 4163 perdetur.
2915 4080 2997 4144 Ut
3041 4085 3257 4145 autem
3294 4080 3451 4145 boni
3486 4087 3679 4165 caput
3723 4084 3930 4151 levent

2382 4210 2499 4275 per
2522 4209 2724 4276 spem,
2754 4190 3071 4256 inclinant
3095 4191 3304 4273 primo
3330 4209 3447 4274 per
3472 4191 3925 4274 humilitatem,

2382 4299 2548 4363 sicut
2572 4297 2858 4364 Christus
2875 4347 2891 4379 ‚
2924 4298 3037 4381 qui
3068 4315 3185 4380 pro
3207 4297 3392 4362 nobis
3418 4298 3466 4335 ¹⁸
3491 4298 3811 4368 incuvum
3836 4317 3928 4367 ca·

2380 4408 2513 4490 pite
2540 4405 2821 4473 tradidit
2845 4407 3178 4488 spiritum.

2932 4582 3226 4655 SERMO
3270 4583 3388 4652 111.

2466 4731 2687 4799 Nonne
2707 4730 2920 4797 decem
2951 4725 3252 4794 mitridati
3285 4733 3442 4792 sunt
3475 4726 3569 4789 ¹⁸?
3602 4729 3728 4793 etc.
3758 4725 3930 4793 Sicut

2386 4839 2600 4903 decem
2618 4837 2853 4921 leprosi
2867 4835 3229 4917 significant
3245 4834 3464 4899 decem
3483 4831 3927 4900 mandatorum

2385 4950 2909 5027 transgressores,
2954 4943 3043 5006 ita
3083 4941 3300 5006 decem
3352 4938 3647 5004 mundati
3687 4941 3927 5023 signifi-

2387 5058 2533 5116 cant
2557 5069 2687 5131 eos,
2717 5051 2830 5135 qui
2853 5067 2969 5134 per
3004 5048 3325 5113 Christum
3349 5046 3433 5111 ad
3459 5046 3925 5112 observantiam

2390 5197 2410 5228 ⁸
2435 5194 2620 5256 Emi,
2649 5197 2894 5258 xv11,ll.
2923 5218 2984 5230 —
3024 5193 3047 5229 θ
3076 5191 3208 5255 Luc„
3238 5202 3361 5253 nt,
3394 5191 3473 5240 28.
3506 5214 3558 5225 -
3596 5189 3639 5225 ¹⁸
3667 5190 3837 5254 Rern„
3870 5189 3924 5240 in

2390 5270 2543 5320 Dom.
2574 5268 2665 5329 Vl,
2690 5271 2806 5331 post
2832 5266 2998 5326 Pent..
3026 5277 3183 5315 serm.
3217 5273 3309 5326 ιιι,
3337 5274 3390 5312 n.
3421 5263 3467 5312 6.
3501 5285 3561 5298 —
3594 5261 3635 5297 ²¹
3663 5261 3782 5323 Ira„
3813 5272 3847 5323 ι,
3871 5264 3919 5311 5.

2388 5340 2536 5463 {11¹¹
2564 5337 2675 5461 ³135,
2714 5351 2818 5401 xx,
2863 5340 2912 5390 6.
2952 5363 3015 5375 —
3049 5335 3090 5373 ²⁸
3130 5336 3299 5397 loon„
3339 5343 3461 5396 nx,
3505 5333 3583 5384 3⁰.
3616 5354 3680 5373 -
3715 5332 3753 5367 ¹⁴
3789 5332 3919 5394 ine„

2515 5445 2532 5474 ,
2626 5444 2641 5459 .

2452 5502 2525 5568 (a)
2550 5500 2703 5566 vulg.
2734 5499 2946 5565 Sioeiey.
2964 5523 3027 5539 -
3055 5497 3123 5565 (ὁ)
3157 5498 3280 5551 cot.
3310 5495 3435 5547 edit.
3464 5493 3786 5546 adorationis.
