4059 6317
928 472 1310 542 nomch
1347 473 1430 540 x1
1473 473 1673 540 pos‘r
1719 443 2300 545 PENTECOSTEN.
2343 478 2607 547 senno
2650 479 2752 550 Ν.

229 607 568 675 vinculum
593 612 689 676 est
712 609 966 676 diaboli.
989 609 1109 676 Sed
1131 609 1326 676 miser
1345 610 1540 676 homo
1567 628 1778 693 pecca-

229 719 328 780 tor
366 717 567 782 nescit
605 735 802 800 quam
843 718 1273 800 periculosum
1300 717 1530 782 sithoc
1549 717 1773 782 vincu-

226 825 390 906 lum,
421 845 553 910 quo
572 828 866 894 diabolus
890 828 1183 911 linguam
1220 847 1405 894 suam
1437 831 1634 908 tenet,
1660 847 1776 894 ne-

230 951 358 1016 que
386 934 687 1000 morbum
713 934 1012 1000 lethalem
1046 936 1282 1002 animae
1321 954 1457 1001 suae
1489 936 1663 1000 videt
1687 935 1775 999 si-

228 1040 460 1120 lendo;
512 1044 681 1108 videt
707 1046 924 1108 tamen
952 1044 1335 1126 accipiendo.
1381 1046 1400 1081 ²
1438 1043 1660 1109 «Vidit
1696 1043 1773 1127 (a)

227 1148 496 1214 Effraim
522 1149 904 1232 languorem
920 1169 1138 1230 suum,
1157 1155 1222 1215 et
1237 1151 1434 1218 Judas
1445 1151 1778 1217 vinculum

229 1274 448 1322 suum.
476 1279 511 1318 >n
543 1257 578 1323 J
584 1258 741 1324 udas
759 1260 1074 1340 confitens
1100 1259 1575 1343 interpretatur.

780 1385 1075 1508 snnMo
1118 1438 1237 1509 1v.

314 1582 485 1647 Bene
512 1584 732 1656 omnia
760 1584 908 1663 feeit
933 1587 980 1648 ².
1010 1584 1229 1650 Bonus
1246 1587 1341 1649 est
1358 1583 1687 1662 Dominus,
1718 1584 1783 1644 et

229 1688 375 1754 ideo
389 1690 553 1756 bene
571 1690 712 1756 fecit
735 1713 751 1756 z
777 1693 1179 1775 omnipotens
1192 1695 1308 1770 est,
1326 1695 1392 1756 et
1403 1691 1548 1756 ideo
1564 1691 1784 1756 omnia

232 1797 462 1877 iacere,
523 1800 740 1864 omnia
791 1802 1065 1882 trahere,
1128 1801 1346 1867 omnia
1401 1800 1780 1883 prospicere,

231 1904 456 1970 omnia
480 1907 794 1976 innovare
819 1911 1048 1990 potest.
1097 1907 1325 1973 Omnia
1349 1907 1501 1971 facit
1527 1924 1643 1988 per
1667 1924 1781 1988 po-

232 2014 526 2092 tentiam,
570 2016 786 2080 omnia
824 2016 1023 2080 trahit
1065 2034 1180 2099 per
1221 2017 1522 2097 gratiam,
1566 2014 1784 2079 omnia

234 2122 538 2204 prospicit
569 2141 684 2204 per
720 2124 1036 2204 notitiam,
1090 2124 1311 2189 omnia
1359 2123 1629 2189 innovat
1670 2140 1785 2205 per

237 2224 538 2305 gloriam.
1651 2297 1658 2304 .

318 2337 406 2404 De
430 2338 641 2420 primo
665 2338 957 2404 Psalmus
981 2339 1005 2376 ⁸
1039 2360 1054 2404 :
1087 2364 1119 2402 α
1144 2339 1265 2417 Qui
1294 2341 1440 2405 fecit
1463 2339 1698 2404 coelum
1723 2343 1787 2403 et

235 2452 498 2527 terram,
537 2467 738 2528 mare,
780 2453 844 2514 et
877 2449 1097 2514 omnia
1139 2467 1290 2535 quae
1323 2450 1392 2514 in
1424 2449 1517 2515 eis
1540 2452 1713 2514 sunt.
1746 2469 1778 2509 n

238 2556 356 2618 Hic
394 2555 635 2620 intrare
678 2560 885 2639 potest
924 2575 1038 2639 per
1082 2557 1430 2640 potentiam
1484 2556 1619 2637 Dei,
1673 2559 1784 2641 qui

237 2662 594 2728 considerat
637 2663 926 2745 singulas
965 2665 1292 2729 creaturas
1319 2664 1390 2727 in
1418 2665 1600 2743 coelo,
1632 2665 1787 2731 etin

237 2774 433 2849 terra,
462 2775 529 2834 et
549 2770 622 2834 in
651 2772 836 2835 mari.
868 2769 1030 2835 Nam
1055 2773 1221 2836 sicut
1258 2789 1580 2837 summam
1606 2791 1787 2837 crea-

238 2884 456 2943 turam
497 2879 643 2944 fecit
675 2880 742 2943 in
794 2880 975 2956 coelo,
1016 2880 1107 2944 sic
1144 2883 1498 2945 extremam
1540 2880 1688 2945 fecit
1722 2880 1790 2944 in

238 2989 434 3051 terra.
486 2986 608 3063 Qui
648 2986 796 3052 fecit
839 2986 1127 3069 angelos,
1175 2987 1320 3052 fecit
1377 2986 1784 3052 vermiculos.

241 3091 420 3158 Unde
446 3093 702 3176 quando
726 3112 844 3160 vos
874 3099 1198 3177 serpentes
1233 3099 1297 3159 et
1322 3095 1448 3159 alia
1472 3098 1792 3160 venenata

241 3201 505 3278 laedunt,
536 3220 772 3267 muscae
794 3205 860 3267 et
884 3202 1172 3284 ciniphes
1194 3206 1524 3285 pungunt,
1547 3220 1680 3266 non
1697 3201 1791 3266 di·

240 3310 422 3389 catis,
451 3310 626 3391 quod
652 3309 941 3374 diabolus
977 3309 1088 3374 illa
1120 3311 1382 3390 creavit,
1421 3310 1592 3376 Deus
1615 3309 1789 3375 enim

239 3417 390 3482 fecit
402 3417 622 3482 omnia
636 3418 660 3454 ⁴
678 3435 697 3481 ι
719 3440 751 3478 α
771 3417 997 3482 Omnia
1011 3418 1352 3501 peripsum
1367 3417 1530 3482 facta
1548 3421 1720 3497 sunt,
1750 3439 1781 3477 ι)

240 3528 366 3589 etc.
396 3523 804 3606 Augustinus
841 3527 866 3562 ⁸
906 3543 926 3590 t
985 3547 1015 3586 α
1067 3525 1189 3591 Per
1228 3543 1422 3609 quem
1463 3528 1663 3590 factus
1697 3530 1792 3590 est

239 3631 536 3713 angelus,
556 3636 620 3697 et
635 3650 750 3715 per
760 3631 976 3715 ipsum
990 3632 1196 3697 factus
1212 3637 1307 3697 est
1320 3633 1734 3698 vermiculus.
1749 3653 1781 3693 n

243 3736 428 3803 Unde
450 3756 673 3803 omnae
696 3757 903 3821 regeS,
940 3745 1002 3804 et
1028 3741 1379 3823 pontiflceS,
1414 3744 1480 3804 et
1513 3740 1787 3823 impera-

241 3850 414 3910 tores
439 3845 518 3911 de
542 3848 675 3911 tota
699 3846 977 3928 potentia
1004 3864 1124 3911 sua
1144 3863 1274 3911 non
1289 3850 1550 3929 possent
1573 3864 1791 3912 creare

243 3970 448 4016 unam
467 3971 777 4017 muscam.
795 3952 1116 4018 Creaturae
1133 3957 1371 4033 autem,
1390 3969 1538 4037 quae
1552 3953 1793 4020 loedunt

244 4058 563 4138 homines,
583 4058 812 4124 laedere
825 4066 1152 4143 coeperunt
1163 4064 1422 4143 propter
1433 4066 1789 4144 peccatum.

248 4168 374 4245 Qui
398 4186 560 4251 ergo
584 4168 802 4233 omnia
822 4168 988 4246 fecit,
1008 4168 1117 4232 ille
1133 4168 1442 4250 animam,
1460 4175 1524 4234 et
1535 4189 1790 4254 corpus,

245 4282 315 4341 et
339 4294 582 4356 sensus,
611 4280 819 4341 totum
848 4276 996 4341 facit
1021 4275 1127 4358 (b).
1157 4274 1480 4359 Quidquid
1503 4295 1666 4359 ergo
1692 4279 1796 4343 isti
1833 4310 1855 4330 ·

246 4384 446 4449 surdo
471 4388 534 4449 et
562 4388 740 4450 muto
784 4403 898 4469 per
935 4384 1317 4449 miraculum
1346 4386 1642 4467 restituit,
1671 4388 1796 4452 hoc

237 4493 368 4558 tibi
401 4510 512 4576 per
545 4497 845 4559 naturam
884 4495 1172 4560 contulit.
1224 4494 1378 4574 Sed,
1422 4496 1591 4561 heu!
1633 4497 1800 4562 sicut

248 4585 484 4666 dicitur
504 4601 571 4667 ⁸:
609 4625 641 4665 α
672 4601 873 4668 Deum
920 4604 1031 4685 qui
1065 4607 1129 4667 te
1166 4603 1416 4684 genuit,
1455 4601 1794 4688 dereliqui-

247 4709 359 4787 sti,
385 4729 417 4770 n
452 4714 571 4775 etc.

333 4815 421 4882 De
444 4819 721 4884 secundo
754 4826 777 4862 '¹
812 4841 829 4884 z
869 4840 901 4880 α
927 4818 1069 4902 Ego
1096 4821 1151 4884 si
1177 4821 1496 4887 exaltatus
1532 4822 1714 4888 fuero
1761 4842 1800 4888 a

251 4929 446 5004 terra,
488 4926 704 4991 omnia
742 4926 996 4991 trabam
1024 4927 1106 4993 ad
1132 4928 1473 5012 meipsum.
1512 4950 1546 4990 n
1580 4929 1804 4995 Traxit

177 5025 192 5037 '
257 5029 548 5097 Christus
567 5033 816 5099 animas
836 5035 1166 5116 justorum
1186 5036 1264 5101 de
1290 5035 1560 5102 inferno.
1582 5036 1804 5104 Trahit

254 5138 540 5221 quotidie
563 5140 858 5206 homines
896 5159 1012 5224 per
1054 5141 1406 5209 doctrinam
1431 5148 1496 5209 et
1522 5145 1801 5227 gratiam

279 5365 287 5371 -
321 5337 337 5372 ¹
372 5337 503 5396 Oce„
533 5349 585 5399 v,
623 5339 699 5389 13.
731 5365 787 5375 --
825 5339 849 5373 ¹
875 5339 1055 5399 Marc..
1097 5352 1196 5405 vn,
1234 5343 1314 5392 37.
1343 5368 1405 5380 -
1438 5341 1461 5378 ³
1486 5343 1620 5394 Psal.
1648 5355 1803 5412 cxxv,

260 5409 308 5459 6.
338 5434 403 5445 -
428 5408 450 5445 ⁸
474 5409 640 5471 Joan„
669 5421 705 5473 ι,
728 5414 778 5460 3.
802 5437 864 5448 -
892 5412 915 5446 ⁸
937 5412 1067 5475 Aug.
1091 5437 1154 5450 —
1183 5413 1206 5447 ⁶
1232 5413 1398 5477 Dent„
1429 5427 1596 5482 xxxu,
1631 5420 1705 5468 18.
1739 5444 1803 5455 -

264 5496 281 5527 τ
307 5478 473 5544 loca„
504 5491 605 5543 m,
634 5484 713 5533 32.
743 5508 804 5520 -
836 5482 854 5512 ⁸
889 5482 1026 5538 Luc..
1057 5494 1216 5548 xxm,
1245 5487 1324 5537 43.
1358 5512 1422 5524 -—
1445 5486 1468 5522 ⁹
1493 5487 1658 5551 Joan„
1688 5501 1799 5554 xxi,

1886 611 1954 676 in
1974 613 2237 678 mundo.
2262 613 2496 680 Trahet
2509 634 2767 700 quoque
2784 633 3033 696 omnes,
3054 620 3116 682 et
3140 615 3430 698 angelos,

1888 723 1951 784 et
1982 720 2298 801 homines,
2330 724 2395 786 et
2421 723 2747 789 daemones
2772 724 2855 789 ad
2879 724 3093 789 locum
3114 723 3339 807 Judicii
3365 725 3431 787 in

1883 828 1988 892 die
2029 830 2401 896 novissimo.
2440 830 2663 896 Merito
2713 850 2874 914 ergo
2917 832 3113 896 traxit
3143 831 3436 897 homines

1887 934 2175 1001 Christus
2205 938 2284 1001 ad
2322 956 2411 1016 se,
2451 939 2563 1022 qui
2600 940 2792 1004 etiam
2833 941 3027 1003 traxit
3069 940 3148 1004 de
3192 939 3434 1005 mundo

1884 1041 2199 1109 latronem
2238 1044 2309 1108 in
2345 1063 2558 1127 cruce,
2587 1048 2689 1111 cui
2720 1047 2883 1112 dixit
2909 1054 2932 1090 ⁸
2963 1064 2980 1110 ε
3019 1070 3050 1109 α
3077 1045 3275 1111 Hodie
3303 1065 3431 1111 me-

1885 1167 2035 1214 cum
2067 1151 2192 1216 eris
2221 1151 2291 1215 in
2316 1152 2630 1235 paradisO.
2661 1175 2693 1213 ι
2727 1153 2948 1218 Traxit
2972 1154 3192 1237 utique
3216 1154 3433 1219 homi-

1886 1276 2003 1322 nes
2031 1259 2256 1324 mortis
2280 1278 2417 1325 suae
2446 1262 2695 1340 merito,
2733 1262 2930 1326 traxit
2965 1262 3297 1346 multiplici
3323 1262 3433 1326 be-

1888 1365 2140 1446 neficio,
2170 1368 2367 1432 traxit
2390 1367 2696 1434 doctrinae
2724 1371 2945 1436 verbo.
2964 1367 3257 1433 Trahunt
3281 1386 3437 1453 quo-

1865 1465 2014 1556 'que
2057 1492 2206 1539 cum
2243 1475 2384 1558 ipso
2432 1477 2718 1541 doctores
2749 1482 2775 1518 ⁸
2813 1496 2831 1541 ι
2880 1500 2911 1538 α
2944 1476 3166 1542 Traxit
3198 1481 3332 1542 rete
3367 1477 3439 1541 in

1887 1583 2149 1662 terram,
2179 1604 2211 1641 n
2248 1585 2368 1646 etc.
2399 1581 2546 1662 Sed,
2573 1583 2744 1649 heu!
2772 1584 3061 1649 diabolus
3080 1585 3298 1668 plures
3313 1587 3438 1649 tra-

1888 1689 2009 1768 hit,
2039 1708 2233 1772 quam
2264 1690 2548 1756 Christus
2574 1693 2621 1733 ¹⁰
2649 1714 2664 1755 ε
2694 1713 2727 1752 α
2749 1689 2984 1756 Totum
2999 1692 3071 1756 in
3088 1691 3283 1756 hamo
3296 1691 3442 1755 sub-

1889 1795 2146 1861 levabit.
2198 1795 2421 1862 Traxit
2455 1799 2611 1864 illud
2647 1799 2716 1863 in
2755 1817 3061 1881 sagenam
3114 1818 3321 1879 suam,
3377 1804 3442 1864 et

1887 1906 2395 1986 congregavitin
2413 1912 2549 1970 rete
2561 1923 2783 1970 suum.
2800 1928 2832 1966 ιι
2856 1906 3151 1972 Diabolus
3168 1906 3439 1971 hamum

1893 2014 2155 2076 aeternae
2182 2013 2404 2075 mortis
2431 2013 2756 2078 abscondit
2798 2014 2918 2078 sub
2958 2032 3103 2078 esca
3139 2012 3292 2078 volu
3296 2017 3439 2095 pta-

1893 2121 2039 2184 tum
2066 2120 2446 2198 carnalium‚
2484 2119 2591 2185 vel
2625 2138 2847 2185 rerum
2875 2120 3347 2204 temporalium,
3379 2125 3442 2185 et

1893 2225 2037 2294 ideo
2072 2226 2271 2290 trahit
2313 2228 2624 2310 quidquid
2650 2228 2919 2293 hamum
2947 2228 3177 2292 Christi
3202 2227 3438 2294 evadit.

1896 2333 2272 2420 Trahuntur
2298 2337 2515 2399 autem
2545 2333 2625 2398 ad
2652 2352 2909 2417 poenam
2944 2334 3309 2415 morienteS,
3329 2336 3442 2417 qui

1895 2442 1966 2506 in
2001 2461 2148 2508 esca
2179 2442 2414 2508 diaboli
2448 2443 2739 2508 exultant
2776 2444 3081 2509 viventes,
3124 2444 3436 2526 Augusti-

1898 2568 2025 2615 nus
2072 2572 2088 2614 :
2132 2573 2164 2612 α
2190 2549 2334 2616 Noli
2366 2552 2649 2633 gaudere
2689 2552 2771 2616 ad
2797 2569 3042 2616 morem
3085 2552 3294 2634 piscis,
3327 2552 3442 2634 qui

1898 2658 1968 2722 in
1994 2667 2140 2722 esca
2166 2677 2284 2724 sua
2318 2658 2584 2723 exultat.
2622 2657 2923 2723 Nondum
2951 2659 3221 2724 hamum
3248 2677 3442 2724 suum

1898 2767 2095 2830 traxit
2118 2767 2411 2850 piscator,
2439 2784 2635 2850 quem
2665 2767 2729 2830 in
2756 2766 3055 2831 faucibus
3074 2767 3268 2831 habet
3296 2785 3446 2849 pec·
3490 2851 3495 2854 .

1899 2878 2098 2938 cator.
2130 2893 2161 2934 ιο
2198 2872 2376 2939 Sicut
2420 2878 2637 2939 autem
2677 2877 2892 2957 captos
2933 2874 3133 2957 pisces
3168 2874 3444 2958 piscator

1897 2985 2068 3045 assat
2110 2999 2305 3064 super
2347 2981 2673 3061 carbones,
2719 2982 2810 3045 sic
2861 2980 3149 3046 diabolus
3196 2982 3443 3047 animas

1900 3092 2066 3152 assat
2107 3105 2300 3171 super
2326 3088 2631 3154 carbones
2651 3088 2903 3154 inferni.

1980 3196 2069 3261 De
2089 3197 2277 3260 tertio
2304 3196 2346 3232 ¹¹
2380 3218 2442 3259 :a
2456 3195 2682 3262 Omnia
2692 3201 2908 3262 autem
2930 3198 3125 3277 nuda,
3145 3202 3209 3264 et
3228 3203 3446 3282 aperta

1901 3308 2055 3370 sunt
2071 3303 2271 3369 oculis
2297 3306 2459 3386 ejuS‚
2478 3326 2509 3364 ι)
2540 3308 2660 3370 etc.
2687 3305 2848 3372 Vere
2867 3308 3088 3373 omnia
3104 3308 3150 3346 ¹¹
3164 3325 3189 3371 .·
3215 3330 3246 3369 α
3264 3306 3447 3372 Nunc

1902 3413 2163 3492 scimus,
2209 3412 2362 3495 quia
2399 3412 2519 3476 scis
2562 3414 2798 3494 omnia,
2857 3417 2920 3478 et
2963 3432 3095 3478 non
3140 3432 3306 3497 opus
3347 3418 3445 3478 est

1900 3522 2041 3598 tibi,
2071 3543 2102 3581 υ
2137 3525 2258 3586 etc.
2292 3518 2467 3586 Sicut
2493 3539 2654 3602 ergo
2684 3526 2933 3604 peccata
2958 3541 3077 3586 sua
3100 3540 3215 3604 per
3230 3522 3444 3605 hypo-

1901 3629 2119 3693 crisim
2170 3628 2432 3712 palliare
2479 3628 2800 3712 quispiam
2852 3647 2983 3693 non
3021 3632 3252 3713 potest,
3294 3630 3445 3712 quia

1901 3737 2085 3804 nuda
2109 3744 2288 3816 sunt,
2319 3737 2411 3801 sic
2430 3754 2550 3801 nec
2563 3754 2675 3819 per
2687 3735 3253 3802 dissimulationem
3276 3737 3444 3802 clau-

1902 3845 2055 3910 dere
2079 3848 2304 3928 potest,
2344 3844 2496 3927 quia
2529 3843 2748 3907 omnia
2790 3851 3018 3926 aperta
3053 3847 3204 3908 sunt
3242 3844 3445 3909 oculis

1902 3952 2177 4018 Domini.
2209 3951 2388 4016 Unde
2412 3953 2461 3993 ¹⁸
2490 3973 2560 4016 :-
2593 3950 2772 4015 Oculi
2802 3947 3049 4015 Domini
3071 3951 3276 4018 multo
3302 3942 3482 4033 plus‘

1900 4060 2236 4125 lucidiores
2250 4068 2401 4125 sunt
2415 4077 2606 4142 super
2621 4059 2841 4139 solem,
2868 4059 3446 4143 circumspicientes

1902 4186 2127 4235 omnes
2145 4169 2285 4233 vias
2308 4168 2669 4248 hominum,
2699 4171 2763 4232 et
2789 4168 3176 4250 profundum
3203 4168 3441 4250 abyssi,

1902 4281 1967 4342 et
1992 4276 2330 4342 hominum
2356 4276 2564 4354 corda,
2595 4275 2914 4339 intuentes
2949 4275 3020 4338 in
3048 4273 3446 4339 absconditas

1903 4392 2136 4470 partes.
2162 4407 2195 4445 n
2218 4384 2409 4450 Solus
2428 4384 2594 4449 videt
2623 4383 2814 4449 modo
2835 4384 3044 4463 corda,
3062 4401 3209 4466 quae
3222 4401 3446 4448 omnes

1904 4494 2271 4561 videbimus
2285 4492 2605 4574 injudicio
2627 4490 2671 4527 ¹⁸
2695 4508 2758 4553 :a
2778 4490 3172 4556 illuminabit
3189 4492 3447 4557 abscon-

1903 4604 2037 4668 dita
2060 4604 2494 4679 tenebrarum,
2510 4604 2571 4665 et
2594 4599 3016 4664 manifestabit
3028 4599 3289 4665 consilia
3314 4618 3447 4665 eor-

1905 4713 2105 4778 dium.
2137 4733 2169 4771 n
2204 4710 2465 4775 Glossa:
2506 4730 2538 4770 α
2566 4707 2773 4787 Gesta,
2803 4706 2908 4771 vel
2935 4707 3233 4788 cogitata,
3251 4709 3441 4788 mala,

1905 4820 2012 4886 vel
2037 4820 2230 4898 bona,
2272 4821 2428 4882 tunc
2460 4818 2654 4880 erunt
2681 4819 2920 4899 aperta.
2946 4835 2977 4876 ιι
3011 4814 3092 4879 Et
3116 4815 3268 4898 qnia
3293 4821 3446 4881 tunc

1906 4929 2123 4994 omnia
2139 4930 2334 4992 erunt
2352 4927 2570 5009 aperta
2585 4924 2906 5001 omnibus,
2929 4923 3155 5006 poterit
3176 4924 3447 5007 quisque

1906 5036 1985 5102 de
2010 5053 2080 5101 se
2102 5039 2166 5100 et
2188 5035 2269 5100 de
2292 5033 2432 5097 aliis
2450 5032 2760 5115 judicare.
2795 5029 2888 5096 Ibi
2907 5049 3068 5113 ergo
3084 5031 3272 5096 corda
3291 5050 3449 5096 uxo·

1905 5163 2058 5209 rum
2110 5141 2379 5220 maritis,
2431 5140 2522 5205 ibi
2574 5141 2765 5205 corda
2815 5139 3194 5204 maritorum
3260 5143 3449 5204 erunt

1912 5321 1987 5369 11.
2018 5341 2080 5355 -
2107 5316 2144 5351 ¹⁰
2172 5311 2379 5371 Babae„
2409 5324 2448 5374 1,
2480 5314 2557 5363 1⁵.
2590 5335 2645 5347 -
2675 5311 2715 5345 ¹¹
2739 5308 2916 5375 Helm,
2943 5319 3015 5372 ιν,
3038 5310 3113 5360 13.
3140 5334 3203 5349 -
3228 5311 3263 5342 ¹⁸
3280 5311 3448 5377 Joan„

1914 5400 2024 5452 xvi,
2052 5390 2131 5438 3ο.
2158 5413 2221 5425 -
2242 5385 2282 5421 ¹³
2310 5384 2493 5445 Eecli„
2520 5392 2684 5446 xxm,
2712 5384 2790 5433 28.
2811 5407 2872 5428 -ι-
2897 5382 2936 5417 ¹⁴
2970 5384 2984 5431 1
3017 5380 3160 5444 (ἴση,
3177 5394 3250 5448 1v,
3273 5386 3324 5438 5.

1978 5488 2049 5553 (α)
2079 5487 2205 5538 Coet.
2237 5484 2357 5537 edit.
2388 5483 2556 5538 Videt.
2586 5508 2648 5520 -—
2678 5480 2742 5546 (b)
2772 5482 2887 5548 Leq.
2916 5479 3052 5536 fecit.
