4059 6317
785 453 1164 521 DOMINICA
1209 454 1233 518 Ι
1281 450 1477 518 POST
1518 448 1890 518 OCTAVAM
1937 448 2291 520 PASCHAE.
2335 454 2597 521 SERMO
2640 453 2750 523 111.

180 597 515 680 sequuntur
556 608 687 673 me,
714 610 749 651 n
781 590 1018 655 scilicet
1045 607 1162 673 per
1194 588 1433 654 bonam
1474 589 1698 653 vitam.

181 704 467 769 Dominus
491 700 669 765 enim
695 697 1026 781 cognoscit
1044 698 1276 776 colore,
1307 696 1476 762 sicut
1494 695 1702 778 signi-

180 812 423 876 ficatum
461 814 557 873 est
590 809 635 888 ¹,
665 806 781 871 ubi
823 805 1064 887 legitur
1098 804 1269 888 quod
1297 804 1340 868 ·.Ι
1343 802 1499 869 acob
1551 819 1705 867 oves

182 937 313 984 mas
337 917 544 983 colore
572 914 905 982 discrevit:
924 914 1122 979 varim
1149 914 1324 977 enim
1348 914 1532 977 erant
1552 928 1706 975 oves

181 1027 341 1108 eJus,
370 1025 582 1107 uigrae
629 1026 849 1087 autem
897 1027 964 1085 et
1005 1020 1169 1086 albae
1219 1019 1454 1085 Laban.
1511 1017 1706 1083 Jacob

182 1132 484 1198 Christum
512 1131 870 1213 significan
900 1129 1112 1210 nigrae
1143 1146 1299 1193 oves
1324 1130 1480 1192 sunt
1512 1143 1707 1209 opera

183 1243 600 1322 peccatorum3
631 1238 796 1303 albae
840 1241 991 1301 sunt
1012 1235 1417 1300 simulatores
1443 1242 1466 1276 ⁸
1497 1255 1514 1298 ι
1549 1256 1582 1296 α
1606 1232 1705 1297 Si-

183 1346 343 1412 miles
383 1346 534 1412 estis
570 1344 879 1429 sepulcris
916 1343 1256 1421 dealbatis3
1285 1365 1317 1403 n
1351 1342 1551 1407 variae
1585 1359 1704 1405 an-

184 1457 294 1518 tem
317 1454 721 1537 prenitentes,
752 1451 868 1535 qui
893 1455 957 1517 et
980 1451 1110 1516 albi
1137 1454 1291 1515 sunt
1314 1467 1431 1532 per
1460 1448 1704 1530 justifl-

185 1560 504 1638 oetionem,
535 1563 599 1624 et
623 1559 803 1640 nigri
839 1576 956 1641 per
990 1575 1178 1623 suam
1211 1555 1706 1639 reputationem,

186 1667 324 1732 dum
369 1686 436 1733 se
475 1670 836 1750 peccatores
882 1666 1232 1748 reputant,
1283 1662 1454 1746 apud
1504 1660 1710 1726 Deum

187 1779 318 1839 sunt
343 1774 494 1852 albi,
522 1773 698 1856 apud
721 1788 794 1837 se
817 1772 1001 1853 nigri
1024 1772 1049 1809 ³
1078 1792 1095 1835 ε
1128 1792 1161 1831 α
1184 1769 1386 1851 Nigra
1409 1786 1581 1848 sum,
1597 1768 1707 1833 sed

189 1880 441 1948 formosa
457 1929 480 1961 ‚
510 1902 543 1943 n
581 1886 706 1946 etc.

254 1986 483 2066 Quarto
519 1987 1009 2055 commendatur
1045 1985 1296 2051 bonitas
1334 1983 1607 2067 pastoris
1643 1984 1711 2047 in

187 2095 449 2161 uniendo
467 2145 489 2176 ,
517 2095 658 2161 sive
693 2096 764 2159 in
804 2093 1258 2175 congregando
1277 2140 1296 2172 ,
1327 2110 1479 2157 cum
1506 2090 1658 2156 dicit
1688 2111 1736 2173 :p

189 2202 361 2269 Alias
408 2218 552 2271 oves
595 2201 838 2281 habeo,
886 2204 1008 2266 etc.
1048 2199 1466 2283 usquezFiet
1508 2214 1714 2264 unum

189 2310 332 2378 ovile
351 2356 376 2388 ‚
414 2314 472 2377 et
494 2326 669 2376 unus
702 2315 949 2392 pastor.
993 2305 1358 2388 Gongregat
1400 2309 1618 2371 autem
1650 2308 1715 2370 et

189 2419 316 2483 unit
337 2435 494 2485 oves
518 2418 640 2482 sibi
662 2417 732 2481 in
758 2417 1026 2494 mundo,
1056 2418 1122 2480 et
1145 2415 1269 2480 hoc
1291 2433 1407 2498 per
1430 2414 1625 2479 fldem
1648 2415 1714 2476 et

188 2524 567 2605 charitatem,
584 2525 664 2590 de
677 2523 917 2607 quibus
935 2521 1039 2587 hic
1054 2522 1286 2587 dicitur
1306 2544 1322 2587 ε
1343 2524 1494 2589 Fiet
1511 2537 1715 2587 unum

191 2632 356 2710 ovile,
383 2640 446 2700 et
469 2647 644 2698 nnus
673 2634 919 2712 pastor.
957 2627 1136 2694 Certe
1162 2629 1371 2710 quiin
1396 2629 1566 2694 ovile
1596 2627 1713 2693 Ee-

189 2738 376 2805 clesiae
412 2757 546 2805 non
585 2738 786 2803 intrat
827 2737 906 2819 (α)
954 2754 1069 2818 per
1106 2736 1340 2800 ostium
1379 2734 1554 2814 fidei,
1604 2735 1716 2800 sed

189 2848 453 2912 ascendit
472 2845 734 2911 aliunde
759 2862 876 2929 per
898 2843 1230 2923 haeresim,
1257 2842 1366 2907 ille
1387 2843 1496 2907 fur
1525 2847 1624 2907 est
1651 2846 1719 2907 et

189 2950 355 3018 latro.
401 2954 566 3021 ltem
602 2949 1032 3034 congregabit
1066 2969 1221 3016 oves
1258 2951 1328 3014 in
1365 2949 1613 3031 judicio
1638 2950 1662 2986 ⁸
1693 2967 1712 3014 ε

200 3079 226 3117 ι
246 3058 490 3126 Statuet
527 3078 690 3127 oves
724 3058 989 3143 qnidam
1027 3076 1070 3121 a
1102 3057 1365 3122 dextris,
1399 3078 1432 3116 n
1461 3055 1619 3121 Item
1646 3056 1718 3121 in

190 3166 360 3246 coelo;
389 3168 568 3234 unde
606 3166 848 3249 legitur
875 3170 921 3246 ⁸,
953 3165 1210 3247 quando
1237 3164 1495 3229 reduxit
1525 3181 1718 3228 ovem

189 3291 372 3343 unam
405 3274 724 3358 perditam
756 3273 826 3337 in
860 3272 1214 3351 desertum,
1243 3271 1310 3337 id
1336 3274 1472 3352 est,
1498 3270 1578 3336 ad
1605 3288 1721 3335 no·

193 3398 327 3473 vem
348 3383 604 3450 ordines
628 3380 1038 3464 angelorum.

722 3557 1014 3629 SERMO
1057 3559 1175 3628 111.

257 3705 564 3773 Animam
602 3719 807 3771 meam
843 3718 1015 3787 pono
1056 3717 1173 3785 pro
1216 3703 1440 3771 ovibus
1486 3702 1716 3769 meis&

189 3806 389 3877 Bonus
409 3815 629 3895 pastor
642 3810 928 3877 Christus
948 3828 1067 3895 pro
1087 3810 1272 3876 nohis
1297 3810 1511 3893 posuit
1536 3813 1600 3874 et
1618 3810 1721 3875 de-

187 3916 270 3980 dit
291 3918 574 3983 animam
607 3919 892 3984 suumin
923 3918 1202 4001 pretium
1231 3915 1718 4001 redemptionis,

188 4021 250 4087 in
275 4026 542 4107 signum
585 4024 969 4102 dilectionis,
1011 4025 1079 4089 in
1120 4024 1592 4090 monimentum
1618 4042 1722 4090 re-

188 4132 583 4212 cordationis,
614 4132 686 4197 in
710 4132 1080 4214 exemplum
1103 4132 1493 4199 imitationis.

261 4239 348 4306 De
377 4242 594 4326 primo
619 4247 644 4283 ⁷
675 4262 694 4305 ε
739 4263 772 4303 ι
798 4239 1000 4306 Filius
1042 4239 1326 4306 hominis
1367 4257 1501 4305 non
1548 4240 1728 4306 venit

185 4347 549 4429 ministrari,
574 4347 686 4413 sed
704 4347 1132 4427 ministram»
1162 4353 1282 4412 etc.
1309 4365 1725 4432 usqueznpro

188 4455 419 4522 multis.
459 4477 494 4517 ι
534 4455 588 4524 Ο
630 4458 873 4539 quanta
911 4455 1201 4537 dignatio
1233 4460 1247 4518 !
1297 4452 1611 4519 Ministrat
1662 4459 1727 4521 et

188 4564 380 4628 servit
393 4564 605 4644 nobis,
628 4563 734 4628 cui
761 4561 1124 4627 ministrant
1150 4562 1394 4644 angeli.
1424 4562 1496 4627 Si
1518 4562 1728 4644 igitur

187 4670 536 4737 fraudando
557 4687 823 4735 servum
843 4674 1033 4734 tuum
1061 4669 1353 4735 mercede
1365 4670 1558 4735 unius
1571 4671 1727 4735 anni

185 4795 422 4859 peccas,
452 4782 700 4869 quanto
728 4777 941 4861 magis
964 4777 1399 4843 subtrahendo
1431 4777 1540 4843 Dei
1563 4777 1728 4845 Filio

187 4885 466 4951 animam
492 4885 1730 4969 tuam,proquatrigintatribusannis

188 4996 482 5079 servivit,
511 5013 636 5079 pro
659 5013 792 5078 qua
822 4994 1106 5060 animam
1139 4993 1423 5060 suumin
1449 4998 1563 5060 tuo
1587 5012 1729 5061 ser-

188 5102 335 5168 vitio
370 5102 549 5169 dedit
572 5103 608 5168 ⁶2
635 5104 660 5141 ⁸
682 5100 827 5167 «Ne
853 5101 1050 5168 laedas
1075 5119 1339 5168 servum
1364 5102 1436 5166 in
1461 5102 1731 5169 veritate

245 5231 262 5265 ¹
291 5230 438 5291 Gen„
466 5243 601 5291 xxx,
630 5230 712 5279 39..
741 5254 805 5266 -
833 5227 854 5259 ²
885 5228 1091 5292 naeth„
1117 5240 1282 5289 xxm,
1307 5230 1387 5280 27.
1418 5252 1479 5266 -
1512 5227 1535 5263 ⁸
1561 5227 1732 5292 Cant„

192 5311 231 5363 1,
262 5303 340 5352 4⁴.
383 5328 452 5339 —
499 5301 523 5337 δ
567 5299 780 5360 nauh„
821 5312 940 5361 xxv,
980 5302 1059 5351 33.
1104 5326 1166 5337 —
1211 5301 1234 5335 ⁸
1274 5300 1413 5361 Luc„
1454 5311 1543 5362 xv,
1581 5305 1633 5351 4.
1668 5325 1732 5338 —-

190 5371 211 5405 ⁸
232 5374 390 5439 loun„
425 5385 494 5437 x,
521 5377 603 5425 ss.
648 5397 708 5409 —·
752 5371 770 5402 ⁷
799 5372 1001 5436 Mami„
1026 5384 1129 5436 xx,
1163 5373 1246 5422 28.
1271 5397 1335 5409 —
1364 5370 1388 5407 ⁸
1412 5371 1592 5434 Eccli„
1634 5383 1733 5434 vu,

192 5444 266 5496 22.
302 5471 365 5485 -
410 5447 432 5477 ⁸
475 5446 496 5496 l
541 5445 707 5504 Petr„
748 5453 796 5506 1,
837 5444 914 5494 ¹8.
955 5470 1012 5481 -
1056 5444 1104 5480 ¹⁰
1142 5442 1324 5505 Eucti„
1362 5454 1542 5511 xnus,
1586 5445 1631 5494 7.
1673 5469 1729 5480 -

3229 446 3349 522 ΜΒ

1810 593 2181 670 operantem
2210 638 2228 667 ,
2283 607 2494 674 neque
2563 590 3029 655 mercenarium
3095 590 3350 655 dantem

1810 694 2096 760 animam
2121 716 2337 777 suam,
2367 719 2400 759 n
2438 698 2716 778 dantem,
2746 682 3034 782 inquam,
3068 697 3351 763 animam

1812 802 1880 866 in
1929 804 2431 888 redemptionem
2470 824 2588 889 pro
2625 805 2845 871 multis
2875 807 2899 842 ⁹
2932 820 3020 870 τι
3045 804 3185 872 Non
3210 823 3352 871 cor-

1812 910 2223 993 ruptibilibus
2260 930 2420 978 auro
2449 960 2471 992 ,
2516 913 2619 977 vei
2653 917 2925 995 argento
2941 959 2964 993 ,
3003 934 3035 973 υ
3070 916 3191 977 etc.
3230 910 3354 990 Qui

1814 1035 1973 1099 ergo
2027 1019 2384 1085 mercedem
2443 1019 2783 1102 sauguinis
2811 1068 2834 1100 ,
2883 1019 3007 1085 hoc
3057 1024 3154 1085 est
3204 1019 3354 1084 ani-

1816 1143 1991 1189 mam
2062 1126 2384 1209 propriam
2457 1126 2570 1191 tali
2636 1129 3027 1194 mercenario
3092 1128 3353 1193 subtra-

1814 1230 1914 1296 hit
1957 1250 2072 1315 per
2104 1232 2434 1298 luxuriam
2455 1284 2476 1314 ,
2531 1235 2637 1301 vel
2688 1252 2804 1318 per
2838 1234 3195 1315 avaritiam,
3251 1233 3356 1299 vel

1816 1356 1931 1421 per
1973 1340 2195 1405 odium
2214 1388 2234 1417 ,
2278 1341 2383 1406 vel
2418 1360 2534 1425 per
2570 1342 2695 1407 alia
2737 1342 2897 1409 vitia
2920 1391 2939 1423 ,
2988 1341 3215 1406 similis
3260 1344 3358 1406 est

1816 1440 1944 1525 eis,
1995 1447 2113 1530 qui
2148 1448 2220 1512 in
2256 1466 2444 1513 cruce
2482 1452 2624 1532 ejus
2669 1449 3059 1531 sauguinem
3111 1447 3357 1514 effude-

1814 1557 1972 1618 runt
1996 1552 2090 1617 ¹⁶:
2138 1578 2170 1617 α
2196 1553 2317 1631 Qui
2360 1553 2636 1620 effundit
2673 1557 3093 1636 sanguinem,
3141 1560 3207 1621 et
3245 1556 3359 1640 qui

1814 1663 2106 1728 fraudem
2150 1663 2300 1728 facit
2346 1662 2735 1729 mercenario
2749 1711 2768 1741 ,
2820 1665 3046 1728 fratres
3098 1669 3274 1729 sunt.
3317 1685 3350 1723 n

1817 1768 1981 1848 Quid
2008 1788 2170 1853 ergo
2196 1771 2275 1835 de
2299 1770 2578 1851 miseris,
2614 1770 2730 1854 qui
2764 1788 2899 1836 nou
2924 1774 3177 1837 tautum
3218 1772 3357 1835 ani-

1819 1895 1993 1942 mam
2022 1878 2345 1961 propriam
2365 1926 2387 1957 ‚
2418 1878 2529 1943 sed
2561 1882 2659 1943 tot
2685 1875 2933 1943 Christo
2965 1878 3215 1944 animas
3239 1897 3356 1947 au-

1818 1986 2029 2051 ferunt
2043 2034 2064 2066 ‚
2111 2004 2274 2070 quas
2306 2005 2423 2071 per
2454 1991 2787 2071 peccatum
2834 1985 3182 2051 auferunt?
3215 1985 3364 2052 Ber-

1819 2093 2062 2158 nardus
2102 2095 2143 2131 ¹⁸
2185 2116 2201 2159 z
2244 2117 2275 2156 α
2301 2094 2372 2159 Si
2399 2093 2707 2161 Dominus
2733 2094 3067 2177 proprium
3093 2093 3364 2176 saugui-

1819 2220 1968 2266 nem
1997 2201 2170 2268 dedit
2202 2203 2271 2267 in
2298 2204 2578 2287 pretium
2618 2203 3070 2285 redemptionis
3110 2200 3363 2267 auima-

1820 2327 1994 2387 rum,
2026 2328 2157 2375 non
2186 2311 2304 2375 tibi
2330 2310 2588 2376 videtur
2612 2310 2697 2375 ab
2724 2327 2803 2375 eo
2830 2310 3200 2393 graviorem
3226 2328 3365 2375 sus-

1819 2418 2023 2483 tinere
2048 2419 2574 2500 persecutionem,
2594 2418 2704 2502 qui
2727 2417 3136 2501 suggestione
3166 2417 3361 2497 mala,

1822 2524 2117 2607 exemplo
2150 2524 2536 2608 pernicionis
2572 2524 2674 2608 (b),
2714 2524 2995 2591 scandali
3036 2525 3363 2590 occasione

1822 2634 2054 2696 avertit
2077 2632 2159 2697 ab
2190 2650 2267 2697 eo
2292 2633 2564 2714 animas,
2585 2651 2749 2718 quas
2759 2632 3049 2712 redemit,
3071 2650 3266 2717 quam
3280 2633 3363 2698 ab

1823 2739 1932 2804 illo
1960 2740 2076 2823 qui
2104 2741 2486 2823 sanguinem
2510 2739 2664 2807 Jesu
2688 2739 2884 2806 fudit?
2905 2762 2938 2800 n

1905 2845 1990 2911 De
2012 2848 2291 2912 secundo
2306 2848 2356 2888 ¹¹
2374 2870 2391 2913 ε
2406 2870 2437 2909 α
2448 2847 2755 2930 Majorem
2768 2846 3141 2913 charitatem
3168 2846 3309 2927 hac,
3324 2867 3356 2906 a

1823 2960 1942 3018 etc.
1985 2953 2055 3019 Si
2094 2954 2267 3019 enim
2306 2959 2372 3019 te
2406 2954 2749 3038 incipiente
2777 2953 3107 3035 submergi
3126 2953 3267 3035 ,iam
3294 2952 3364 3017 in

1822 3063 2011 3138 mari,
2044 3062 2293 3127 amicus
2317 3067 2476 3128 tuus
2508 3063 2779 3127 scienter
2805 3079 2875 3127 se
2896 3061 3364 3142 submergeret,

1823 3174 1898 3236 ut
1940 3187 2059 3234 suo
2097 3170 2398 3236 evaderes
2445 3170 2768 3252 adjutorio
2789 3212 2807 3249 ‚
2845 3188 2885 3236 o
2915 3172 3159 3253 quanta
3203 3171 3370 3232 esset

1824 3276 1936 3342 illa
1977 3277 2227 3343 dilectio
2258 3280 2275 3342 1
2320 3276 2427 3343 Sic
2458 3295 2577 3362 pro
2614 3277 2801 3343 nobis
2839 3278 2985 3343 fecit
3028 3275 3360 3343 Christus:

1823 3384 1997 3468 quod
2023 3385 2265 3467 optime
2291 3385 2729 3466 significatum
2750 3388 2850 3450 est
2874 3385 2944 3448 in
2967 3383 3131 3450 Jona
3159 3382 3224 3463 ¹⁸,
3254 3382 3365 3466 qui

1823 3511 1892 3556 se
1937 3511 2054 3576 pro
2095 3493 2298 3557 salute
2334 3492 2614 3558 aliorum
2655 3493 2726 3557 in
2766 3510 2944 3557 mare
2988 3490 3370 3575 praecipitari

1827 3600 1989 3665 fecit.
2009 3598 2174 3667 Nota
2190 3601 2547 3681 historiam,
2566 3603 2633 3666 et
2654 3616 2927 3683 expone,
2958 3604 3032 3665 ut
3056 3616 3172 3682 per
3190 3615 3371 3662 mare

1825 3706 2227 3789 significetur
2269 3706 2549 3772 mundus
2571 3754 2591 3784 ,
2626 3720 2741 3790 per
2773 3708 2987 3772 cetum
3016 3723 3191 3771 mors
3205 3752 3226 3785 ‚
3257 3723 3372 3789 per

1823 3811 2053 3877 Jonam
2071 3812 2378 3878 Christus.
2405 3811 2564 3878 Ecce
2585 3813 2907 3896 quomodo
2928 3812 3216 3879 Christus
3242 3814 3375 3878 ani-

1829 3938 2002 3985 mam
2016 3939 2202 3985 suam
2220 3920 2437 4004 posuit
2458 3936 2579 4003 pro
2603 3920 2825 3985 amicis
2846 3920 3003 3998 suis,
3023 3920 3180 3998 imo,
3201 3920 3370 4004 quod

1824 4026 2184 4093 mirabilius
2201 4031 2318 4106 est,
2339 4042 2459 4110 pro
2480 4025 2754 4092 inimicis
2777 4029 2825 4069 ¹⁸
2854 4048 2872 4091 ε
2902 4050 2934 4089 α
2950 4025 3109 4093 Cum
3126 4028 3373 4092 inimici

1827 4149 2133 4212 essemus,
2160 4128 2548 4194 reconciliati
2574 4146 2800 4194 sumus
2816 4128 2942 4195 Deo
2966 4148 3082 4212 per
3098 4135 3372 4195 mortem

1827 4238 1945 4302 mii
1955 4240 2153 4321 ejus.»
2172 4236 2396 4303 Nonne
2406 4237 2514 4302 Dei
2528 4238 2775 4302 inimici
2792 4241 2966 4319 sunt,
2987 4238 3374 4322 quidomum

1827 4344 2086 4411 Domini
2108 4363 2259 4410 cum
2284 4345 2546 4426 familia,
2571 4346 2639 4411 id
2664 4348 2780 4425 est,
2800 4363 2913 4411 cor
2937 4364 3087 4411 cum
3115 4344 3370 4413 virtuti-

1828 4453 1953 4517 bus
1982 4453 2146 4534 igne
2171 4452 2475 4518 vitiorum
2490 4452 2759 4518 scienter
2772 4453 3167 4518 incendunt?
3193 4452 3370 4518 Psal-

1830 4561 2023 4625 mista
2058 4561 2103 4601 ¹⁸
2152 4581 2169 4625 ι
2226 4583 2258 4621 ι
2300 4559 2721 4624 Incmderunt
2758 4560 2904 4642 igni
2940 4561 3373 4626 sanctuarium

1830 4673 2044 4733 tuum.
2088 4691 2119 4727 κ
2151 4667 2334 4748 Item,
2363 4668 2475 4751 qui
2504 4667 2710 4732 fllium
2738 4684 2960 4749 suum,
2987 4669 3055 4734 id
3075 4672 3172 4734 est
3197 4669 3375 4752 spiri·

1830 4780 1974 4841 tum
1996 4775 2102 4840 vel
2114 4775 2423 4854 animam,
2448 4777 2784 4842 occidunt?
2812 4776 2857 4814 ²⁶
2873 4799 2906 4838 α
2921 4775 3045 4855 Qui
3068 4776 3255 4842 offert
3279 4794 3376 4842 sa·

1832 4883 2142 4948 orificium
2169 4881 2248 4947 de
2273 4882 2630 4947 substantia
2653 4901 3035 4967 pauperum,
3056 4884 3242 4967 quasi
3263 4885 3377 4967 qui

1832 4991 2121 5056 victimat
2171 4991 2378 5056 fllium
2422 4991 2492 5055 in
2536 4992 2877 5074 conspectu
2938 4991 3137 5074 patris
3185 4991 3310 5057 sui.
3338 5014 3371 5053 n

1839 5138 1871 5168 ¹·
1913 5138 2066 5189 Bern.
2107 5163 2168 5175 —
2208 5137 2251 5172 ¹⁸
2286 5137 2449 5199 Joan„
2492 5148 2577 5200 κν,
2628 5138 2704 5187 13.
2738 5163 2802 5175 -
2847 5135 2889 5171 ¹⁸
2922 5136 3054 5201 Ion„
3097 5147 3166 5199 1¹,
3206 5139 3285 5188 ¹2.
3317 5162 3382 5175 -

1836 5209 1874 5244 ¹⁴
1917 5210 2074 5268 Rene..
2122 5221 2173 5273 v,
2210 5212 2291 5260 10.
2339 5236 2394 5246 —
2432 5209 2478 5245 ¹⁸
2514 5208 2660 5261 Peal.
2695 5221 2895 5273 Lxxm,
2935 5212 2987 5261 7.
3022 5234 3086 5247 —
3124 5211 3172 5245 ¹⁶
3196 5208 3382 5272 Eoeli„

1834 5290 2016 5344 xxxiv,
2046 5282 2128 5333 24.

1898 5370 1964 5433 (α)
2009 5369 2135 5421 eat.
2168 5369 2296 5420 edit.
2325 5369 2532 5420 intrant.
2571 5396 2636 5408 —
2677 5368 2744 5434 (b)
2790 5370 2906 5435 Leq,
2932 5369 3269 5437 perditionis,
3301 5371 3384 5423 vel

1836 5440 2153 5506 pernicioso.
