4059 6317
795 457 1178 527 hommes
1216 457 1406 525 mv
1445 458 1646 525 POST
1687 455 2271 527 PENTECOSTEN.
2315 458 2579 526 SERMO
2620 459 2670 525 1.

139 593 305 665 natis
329 595 599 663 conatur
642 611 868 661 eruere
883 641 908 675 ,
951 593 1116 660 sicut
1147 611 1382 662 corvus
1420 594 1680 661 oculum

137 701 435 769 animalis
460 702 683 769 debilis
697 750 714 781 ,
748 706 823 769 ut
845 703 1218 784 interficiat,
1258 707 1323 769 et
1364 704 1676 769 comedat.

136 809 548 892 Augustinus
591 812 609 847 ¹
654 829 673 875 ε
719 831 752 872 ι
793 810 976 875 Fides
1014 813 1110 877 est
1155 812 1341 876 radix
1382 812 1678 878 omnium

135 914 482 997 virtutum,
510 933 659 1000 quae
681 917 736 981 si
764 916 1096 998 evelletur,
1124 921 1379 983 caeterae
1406 918 1678 984 virtutes

135 1026 457 1088 arescunt.
488 1042 520 1083 n

217 1128 506 1196 Tertium
558 1131 826 1218 signum
878 1133 1036 1213 erit,
1091 1134 1349 1218 quando
1401 1133 1676 1218 populus

132 1237 260 1302 erit
282 1237 420 1303 sine
449 1256 602 1322 pace
627 1242 690 1307 et
712 1239 1068 1306 dilectione.
1097 1240 1258 1308 Nam
1287 1242 1676 1326 antiquiores

132 1362 205 1410 se
231 1350 462 1412 mutuo
487 1346 862 1430 diligebant,
886 1366 1019 1414 non
1030 1348 1241 1415 solum
1258 1349 1457 1416 vicini
1481 1350 1676 1443 unius

130 1471 406 1519 camerae
425 1501 444 1532 ,
490 1455 594 1520 vel
638 1456 830 1523 etiam
884 1458 1078 1523 unius
1124 1458 1471 1543 provinciae
1487 1506 1507 1535 ,
1569 1459 1675 1525 vel

129 1562 419 1645 linguae,
444 1566 511 1628 et
542 1565 725 1648 quasi
758 1566 986 1631 fratres
1033 1566 1104 1630 in
1140 1566 1443 1632 omnibus
1470 1585 1539 1632 se
1565 1567 1675 1632 ha-

129 1670 390 1735 bebant.
413 1670 537 1736 Sed
557 1671 745 1738 modo
768 1678 864 1738 est
879 1676 1087 1739 totum
1107 1675 1495 1758 oppositum,
1518 1675 1676 1759 quia

128 1777 409 1843 charitas
453 1779 845 1863 refrigescit,
895 1785 960 1845 et
999 1781 1275 1847 invaluit
1314 1801 1580 1865 rancor,
1611 1788 1676 1849 et

130 1884 306 1951 mala
345 1886 670 1953 voluntas.
710 1886 941 1955 Contra
975 1890 1133 1955 tales
1175 1891 1265 1973 ait
1305 1890 1571 1975 Sapiens
1596 1893 1620 1926 ³
1651 1913 1667 1957 :

138 2014 171 2055 ι
197 1991 502 2059 Proximo
543 2012 664 2060 suo
713 1990 956 2079 pau'per
999 1997 1255 2063 odiosus
1290 1998 1411 2062 erit
1423 2021 1441 2079 ;
1482 1998 1675 2063 amici

127 2120 288 2169 vero
329 2102 601 2168 divitum
640 2103 850 2169 multi.
887 2126 920 2165 ι
960 2103 1094 2171 {mo
1143 2109 1241 2171 est
1282 2107 1447 2190 plus,
1499 2109 1670 2191 quod

127 2209 306 2274 filius
332 2227 465 2276 000
491 2210 707 2293 diligit
731 2215 1001 2295 patrem,
1038 2230 1158 2278 nec
1185 2212 1320 2278 fllia
1344 2218 1616 2281 matrem
1648 2238 1665 2279 z

127 2321 192 2382 et
235 2318 328 2383 sic
380 2318 459 2383 de
506 2317 823 2402 singulis,
871 2320 1194 2404 quomodo
1236 2339 1408 2386 unus
1450 2327 1672 2389 contra

124 2422 328 2493 alium
354 2426 709 2491 accusando
735 2425 1013 2510 injuriis,
1042 2427 1411 2511 decipiendo
1424 2429 1495 2493 in
1508 2447 1672 2494 mer·

126 2531 396 2612 maturis,
426 2533 629 2616 spolia
668 2532 748 2616 (α)
794 2552 942 2598 cum
986 2536 1201 2599 usuris
1218 2582 1240 2614 ,
1293 2536 1669 2602 defamando

125 2658 277 2705 cum
306 2641 673 2722 mendaciis,
709 2642 1185 2707 scandalizando
1206 2661 1354 2708 cum
1366 2643 1662 2726 injuriis:

122 2751 187 2813 et
211 2747 337 2813 hoc
358 2747 708 2832 aliquando
727 2749 874 2814 facit
896 2749 1121 2832 lingua
1140 2750 1347 2831 tertia,
1381 2769 1529 2834 quae
1559 2751 1662 2835 (b),

122 2862 196 2923 ut
230 2858 384 2923 dicit
411 2858 674 2942 Sapiens
699 2870 746 2940 ⁸,
787 2882 818 2920 <t
847 2859 1082 2925 multos
1124 2860 1491 2926 commovit.
1525 2881 1557 2922 υ
1589 2861 1669 2926 Et

122 2964 246 3031 hoc
272 2969 368 3031 est
393 2966 660 3049 signum
685 2967 999 3032 adventus
1022 2968 1415 3049 Antichristi,
1445 2986 1667 3033 secun·

122 3074 280 3141 dum
305 3075 581 3142 verbum
616 3076 847 3142 Christi
873 3077 944 3141 10
969 3077 1319 3160 Evangelio
1343 3076 1366 3112 ⁸
1400 3100 1415 3143 ε
1453 3102 1478 3135 α
1512 3077 1668 3144 Sur-

122 3187 235 3267 get
260 3201 426 3268 gens
452 3186 674 3250 contra
700 3187 991 3267 gentem,
1021 3188 1086 3249 et
1119 3202 1406 3268 regnum
1432 3186 1659 3253 adver-

121 3310 232 3358 sus
254 3310 560 3376 regnum.
590 3315 624 3354 1>

199 3398 518 3479 Quartum
549 3400 815 3483 signum
857 3400 1019 3480 erit,
1072 3400 1208 3466 sive
1247 3401 1660 3483 abominatio,

120 3508 378 3594 quando
403 3508 632 3574 divites
647 3513 838 3575 erunt
865 3509 1002 3577 sine
1030 3508 1484 3577 misericordia.
1501 3512 1665 3580 Nam

121 3617 478 3702 antiquitus
516 3617 749 3684 divites
794 3621 976 3683 erant
1022 3616 1112 3700 pii
1128 3665 1145 3698 ,
1197 3618 1660 3700 misericordes,

120 3725 392 3791 modesti
410 3774 434 3807 ,
489 3726 820 3811 patientes.
866 3724 1248 3809 Exemplum
1291 3724 1371 3791 de
1427 3726 1660 3810 David,

120 3834 499 3914 Salomone,
529 3833 606 3899 de
633 3832 755 3900 Job
776 3881 795 3913 ,
836 3835 903 3899 et
928 3832 1007 3899 de
1035 3832 1176 3897 aliis
1202 3833 1421 3898 multis
1449 3852 1468 3898 :
1499 3853 1662 3919 quo·

120 3942 315 4008 modo
340 3958 654 4026 pauperes
685 3939 1035 4024 juvabant,
1063 3940 1386 4024 quomodo
1429 3959 1499 4007 se
1541 3942 1664 4008 hu·

118 4049 479 4130 miliabant,
510 4064 630 4113 sua
659 4047 1147 4125 distribuebant,
1179 4046 1386 4113 aliena
1406 4066 1538 4114 000
1561 4067 1659 4114 ra-

117 4157 416 4241 piebant!
447 4155 568 4222 Sed
614 4155 804 4221 modo
840 4154 987 4221 vide
1004 4202 1028 4236 ,
1065 4159 1130 4220 et
1155 4155 1484 4223 considera
1507 4174 1662 4240 per-

118 4265 486 4331 versitatem
546 4263 889 4329 hominum
950 4262 1226 4329 divitum
1246 4311 1266 4343 ,
1338 4265 1660 4349 quomodo

120 4376 274 4439 sunt
298 4371 502 4452 avari,
516 4374 828 4454 raptores,
846 4370 1129 4453 superbi,
1150 4371 1289 4436 sine
1305 4371 1662 4438 misericor-

118 4479 244 4562 dia,
272 4479 576 4561 sineflde,
588 4479 892 4560 usurarii,
914 4479 1296 4563 permittunt
1312 4479 1479 4546 mori
1491 4480 1661 4546 fame

117 4587 367 4654 vicinos
409 4604 561 4652 suos
604 4585 683 4652 de
722 4586 825 4652 his
836 4633 860 4667 ,
903 4604 1052 4670 quae
1096 4586 1250 4651 dant
1289 4586 1552 4653 canibus
1597 4591 1661 4654 et

116 4695 348 4779 porcis,
378 4695 544 4760 sicut
569 4694 820 4760 habetis
844 4694 1213 4778 exemplum
1239 4694 1317 4761 de
1343 4694 1564 4777 divite,
1595 4701 1659 4762 et

116 4801 352 4869 Lazaro
385 4823 403 4867 ε
432 4805 499 4868 01
529 4819 663 4868 000
701 4800 910 4867 solum
952 4819 1082 4867 non
1108 4801 1262 4867 dant
1276 4848 1295 4879 ,
1342 4820 1461 4868 nec
1506 4805 1658 4872 dare

117 4910 372 4992 volunt,
401 4910 513 4976 sed
534 4909 754 4976 multis
776 4909 986 4976 modis
1012 4910 1104 4975 eis
1118 4910 1436 4993 auferunt,
1461 4915 1536 4978 ut
1550 4931 1661 4998 pa-

116 5020 206 5085 tet
229 5019 301 5083 10
328 5017 645 5084 usurariis
674 5038 691 5082 ε
721 5016 1045 5083 interdum
1072 5018 1196 5083 sub
1220 5019 1426 5102 specie
1457 5020 1656 5103 pieta·

113 5125 199 5192 tis
251 5129 334 5191 et-
366 5124 847 5207 misericordiae,
913 5125 968 5190 si
1032 5125 1287 5192 videant
1351 5126 1656 5210 domum,

177 5253 196 5288 ¹
223 5254 334 5305 11110
366 5254 549 5304 auctor
574 5265 730 5304 serm.
758 5264 991 5319 xxxvm,
1023 5254 1085 5304 de
1109 5253 1312 5319 stinft„
1339 5254 1476 5309 inter
1501 5258 1656 5324 Oper.

119 5326 270 5433 {fr
253 5325 397 5449 :512³
415 5323 650 5462 ἐξω
656 5325 827 5449 ¹2:2⁰⁰
852 5290 1074 5460 itia&
1097 5352 1161 5364 -
1177 5292 1406 5463 33⁰2.-
1403 5334 1638 5453 ⁸³:1¹1.st

119 5466 996 5537 x,⁴.-‘1.ocuscorrupms.-
1028 5470 1201 5537 ’Luc.,
1223 5483 1292 5533 vt
1320 5419 1657 5542 24-1aeg

1788 611 1999 673 ovem,
2045 594 2277 661 bovem
2293 643 2315 675 ,
2352 598 2613 675 terram,
2644 594 2900 667 vineam
2922 641 2940 673 ‚
2986 595 3092 662 vel
3136 594 3330 661 aliam

1790 702 2254 786 possessionem
2282 702 2762 768 desiderabilem
2787 702 3055 787 pauperi
3086 700 3326 781 vicino,

1788 811 1970 895 quasi
1996 808 2433 894 compatiendo
2458 811 2732 877 invitant
2759 828 2946 892 eum,
2977 809 3151 895 quod
3175 809 3332 875 acci-

1787 919 1920 1002 piat
1942 917 2227 997 bladum,
2256 915 2509 997 vinum,
2539 936 2804 1001 pannos,
2827 918 2929 984 vel
2948 918 3328 1002 pecuniam,
3307 934 3326 952 ·

1788 1028 1851 1089 et
1879 1042 2011 1089 non
2039 1024 2389 1103 dormiunt,
2421 1024 2621 1091 donec
2642 1025 2751 1091 illa
2763 1025 3157 1110 possessione
3174 1044 3327 1090 eum

1785 1133 2221 1216 spoliaverint.
2256 1132 2420 1199 Nota
2458 1133 2538 1199 de
2562 1134 2674 1199 1110
2715 1134 2930 1219 Lupo,
2960 1138 3026 1199 et
3050 1134 3128 1200 de
3153 1133 3321 1218 Ray-
3350 1140 3565 1258 plssm·

1784 1242 2007 1320 nardo,
2038 1242 2141 1308 vel
2165 1242 2245 1308 de
2269 1243 2603 1325 usurario,
2632 1242 2737 1309 vel
2762 1244 2841 1310 de
2865 1244 2999 1324 illo,
3030 1243 3144 1328 qui
3170 1202 3396 1309 01101ΡΙ

1784 1349 2166 1433 accipiebat,
2213 1351 2487 1416 habebat
2525 1350 2745 1417 oculos
2784 1351 3012 1436 lippos.
3058 1351 3215 1418 Item
3241 1351 3323 1418 de

1767 1457 1930 1527 ,filiis
1956 1457 2217 1524 Amon⁸
2219 1507 2240 1534 ,
2272 1458 2591 1543 quomodo
2610 1458 3138 1543 vituperaverunt
3153 1478 3322 1525 nun-

1782 1564 1904 1628 tios
1941 1583 2094 1631 suos
2113 1614 2135 1647 ,
2175 1584 2337 1650 quos
2381 1567 2642 1632 miserat
2684 1567 2881 1633 David
2902 1616 2925 1648 ,
2955 1572 3324 1634 truncantes

1782 1688 2008 1736 eorum
2043 1672 2335 1751 habitus,
2364 1677 2428 1736 et
2468 1673 2760 1739 radentes
2800 1675 3131 1740 dimidiam
3173 1677 3323 1741 bar-

1783 1778 1933 1844 bam
1984 1797 2235 1845 eorum.
2285 1780 2499 1845 Amen
2551 1781 3004 1866 interpretatur
3044 1783 3323 1866 populus

1781 1888 2074 1969 iniquus,
2103 1887 2209 1952 vel
2234 1890 2495 1956 inutilis
2525 1889 2729 1954 :tales
2762 1893 2911 1955 sunt
2942 1890 3132 1956 hodie
3154 1891 3320 1959 divi·

1781 1997 1914 2074 tes3
1941 1997 2199 2078 propter
2232 2013 2462 2061 eorum
2505 1997 2839 2062 avaritiam
2882 1999 3118 2063 radunt
3155 2017 3318 2084 pau-

1782 2121 1993 2187 peres,
2024 2106 2091 2168 et
2129 2121 2238 2169 eos
2271 2103 2726 2185 scandalizant,
2771 2123 2936 2190 quos
2978 2105 3084 2170 ille
3128 2122 3323 2171 verus

1780 2209 1977 2276 David
1991 2259 2012 2290 ,
2043 2210 2108 2275 id
2146 2215 2241 2275 est
2291 2210 2574 2277 Christus
2590 2260 2611 2292 ,
2664 2212 2839 2277 misit
2872 2212 2953 2277 ad
2983 2211 3318 2277 consulen-

1779 2317 1937 2382 dum
1962 2318 2039 2401 (0)
2075 2318 2155 2383 de
2182 2322 2386 2384 morte
2421 2337 2569 2399 sua,
2601 2322 2665 2384 et
2693 2318 2771 2384 de
2799 2324 3172 2407 paupertate
3202 2338 3324 2384 sua

1779 2424 2144 2508 vituperant
2159 2425 2590 2508 blasphemiis,
2612 2425 2885 2510 spoliant
2903 2445 3054 2492 cum
3081 2427 3319 2506 usuris,

1778 2531 1842 2593 et
1866 2527 2101 2592 radunt
2128 2528 2396 2593 barbam
2428 2546 2654 2593 eorum
2678 2577 2697 2609 ,
2740 2529 3052 2612 privando
3080 2530 3323 2595 benefl-

1776 2637 1910 2702 ciis.
1961 2636 2270 2722 Respicite
2315 2637 2670 2714 mundum,
2724 2637 2780 2701 si
2822 2655 2937 2721 per
2978 2638 3321 2705 avaritiam

1776 2744 2083 2828 perditur,
2115 2750 2179 2810 et
2203 2745 2327 2810 hoc
2351 2762 2575 2809 001008
2600 2728 2802 2809 status
2838 2744 3140 2810 mundi.
3093 2743 3117 2779 ⁸
3174 2743 3321 2809 Ideo

1776 2852 2083 2918 Dominus
2112 2853 2430 2919 maledicit
2457 2853 2762 2919 divitibus
2801 2853 3107 2918 11100087.
3148 2874 3181 2915 ι
3205 2852 3320 2919 Vae

1776 2959 1959 3025 vobis
1985 2960 2314 3043 divitibus,
2329 2983 2361 3024 υ
2394 2961 2478 3024 ⁸«
2496 2961 2612 3047 qui
2634 2960 3026 3044 conjungitis
3052 2959 3321 3025 domum

1771 3074 1852 3140 ad
1879 3075 2171 3155 domum,
2200 3079 2266 3140 et
2290 3092 2529 3159 agrum
2555 3091 2715 3158 agro
2740 3072 3073 3157 copulatis.
3090 3095 3122 3134 n
3160 3071 3320 3152 Quae

1773 3183 1895 3248 erit
1912 3201 2156 3249 merces
2182 3186 2416 3264 vestra,
2433 3201 2629 3267 quam
2650 3182 2822 3267 quod
2847 3181 3133 3247 aufertur
3169 3179 3255 3264 (d)
3282 3198 3322 3246 a

1773 3292 1957 3358 vobis
1981 3310 2261 3375 regnum
2284 3292 2418 3373 Dei,
2443 3293 2596 3377 quia
2621 3291 2764 3357 aliis
2786 3308 2905 3359 vos
2923 3290 3184 3356 aufertis
3209 3307 3317 3355 eo-

1772 3418 1921 3466 rum
1946 3400 2417 3483 possessiones?
2447 3398 2564 3464 Hic
2591 3402 2744 3464 nota
2787 3397 2866 3463 de
2889 3397 3317 3481 procuratori·

1769 3508 1915 3590 bus,
1941 3514 2005 3573 et
2016 3509 2359 3588 advocatis,
2376 3506 2454 3572 de
2473 3506 2810 3587 usurariis,
2831 3505 3156 3591 quomodo
3170 3523 3319 3595 spo-

1769 3617 1930 3681 liant
1954 3633 2287 3699 pauperes.
2320 3613 2551 3681 Contra
2570 3615 2731 3681 istos
2758 3602 3162 3699 prophetavit
3192 3613 3317 3679 Ab·

1770 3723 1931 3803 dias,
1960 3723 2178 3789 dicens
2199 3723 2223 3760 ⁹
2258 3743 2275 3787 t
2317 3744 2348 3785 α
2374 3722 2553 3789 Sicut
2576 3722 2801 3802 fecisti,
2830 3723 2944 3788 flet
2969 3720 3110 3802 tibi,
3141 3724 3206 3786 et
3223 3740 3319 3787 re-

1767 3831 2189 3896 tributionem
2205 3834 2382 3896 tuam
2396 3832 2725 3897 convertet
2741 3829 2811 3894 10
2823 3834 3016 3912 caput
3039 3834 3227 3895 tuum
3247 3850 3310 3894 n:

1768 3939 1952 4023 quasi
1980 3938 2147 4003 dicat
2172 3960 2188 4003 z
2211 3937 2394 4004 Sicut
2408 3956 2541 4005 non
2565 3937 2768 4002 fecisti
2788 3936 3312 4020 misericordiam,

1767 4049 1861 4114 sic
1885 4066 2004 4113 000
2030 4049 2140 4113 flet
2166 4047 2322 4128 tibi;
2362 4050 2427 4112 et
2452 4047 2614 4112 sicut
2640 4046 2942 4113 sudorem
2969 4049 3034 4113 et
3048 4047 3316 4129 sangui-

1768 4174 1919 4221 nem
1937 4155 2214 4221 aliorum
2249 4153 2494 4231 bibisti,
2528 4154 2619 4218 ita
2642 4153 2969 4220 daemones
2995 4154 3223 4220 facient
3241 4154 3311 4220 in

1767 4264 2015 4329 inferno
2070 4263 2150 4327 de
2200 4266 2287 4329 te.
2338 4260 2603 4345 Propter
2644 4261 2797 4327 istos
2843 4280 3026 4328 senes
3073 4263 3306 4343 fatuos,

1767 4372 2147 4439 christianos
2176 4371 2314 4436 sine
2333 4370 2481 4451 fide,
2502 4369 2774 4453 populos
2794 4370 2934 4436 sine
2950 4370 3304 4451 dilectione,

1739 4481 1995 4548 divites
2018 4480 2159 4545 sine
2186 4477 2644 4557 misericordia,
2690 4477 2841 4544 dicit
2864 4476 3182 4562 Propheta
3208 4480 3254 4517 ¹⁰
3284 4502 3302 4546 :

1776 4612 1809 4653 11
1831 4590 1922 4657 Νο
1961 4588 2240 4656 offeratis
2267 4586 2439 4652 ultra
2464 4584 2846 4651 sacrificium
2884 4586 3126 4651 frustra
3154 4606 3172 4651 :
3202 4587 3303 4652 in-

1765 4716 2030 4764 censum
2069 4694 2458 4761 abominatio
2492 4697 2590 4759 est
2627 4693 2790 4759 mibi
2821 4716 2837 4759 ε
2869 4693 3302 4776 neomeniam,

1765 4810 1829 4875 et
1852 4804 2159 4872 kalendas
2183 4806 2428 4870 vestras
2454 4819 2587 4868 000
2614 4802 2818 4867 feram
2847 4824 2863 4866 :
2895 4807 2959 4867 et
2985 4802 3128 4869 ideo
3154 4821 3304 4869 cum

1765 4912 2343 4998 multiplicaveritis
2364 4910 2747 4991 orationem,
2766 4928 2899 4977 non
2920 4910 3260 4976 exaudiam
3284 4932 3301 4977 :

1765 5040 1999 5091 manus
2028 5021 2204 5087 enim
2230 5022 2464 5088 vestrae
2491 5018 2697 5102 plenae
2724 5021 2879 5082 sunt
2899 5018 3243 5100 sanguine.
3267 5039 3301 5079 ι

1764 5132 1913 5198 Ideo
1956 5128 2207 5196 audivit
2244 5127 2352 5193 ille
2394 5125 2474 5192 de
2509 5123 2858 5208 Evangelio
2886 5125 2930 5162 ¹¹
2966 5143 2985 5189 ε
3024 5147 3058 5188 c
3080 5124 3306 5193 Nonne

1765 5263 1816 5316 v,
1843 5252 1891 5302 8.
1921 5246 2225 5321 -’..41>ιὶι
2260 5247 2337 5296 15.
2368 5243 2799 5306 -¹⁰Isa.,xtn,
2830 5242 2906 5294 15.
2941 5269 2993 5278 —
3030 5242 3306 5306 nnuma,

1766 5333 1925 5466 Πέἑῖ
1935 5322 2087 5453 1:732!ae
2125 5398 2227 5465 109.
2262 5397 2640 5464 8001100110.-
2578 5394 2741 5461 -(ὀ)
2770 5394 2894 5447 Cat.
2921 5394 3043 5447 edit.
3077 5395 3216 5463 quia.
3244 5423 3307 5439 .-

1766 5473 1830 5541 (0)
1860 5474 1974 5539 ιε9.
2002 5472 2390 5529 consolandum.
2424 5497 2478 5509 -
2504 5468 2576 5538 (d)
2606 5469 2723 5535 Lea.
2749 5469 3022 5527 suferetur.

3209 462 3328 526 485
3450 465 3455 469 ,
