4059 6317
1039 447 1140 514 DE
1181 448 1249 515 S.
1294 445 1553 513 MARIA
1590 439 2106 510 MAGDALENA.
2152 442 2416 512 SERMO
2458 444 2538 511 ΙΙ.

194 594 352 649 stus:
383 586 610 647 namin
648 583 1053 659 degustatione
1093 586 1153 644 et
1196 582 1514 659 complexu
1557 577 1728 638 suavi

194 687 280 742 est
322 681 822 757 complementum
880 682 938 737 et
981 677 1262 753 perfectio
1319 675 1515 735 omnis
1554 671 1724 732 boni.

192 776 372 851 Maior
393 779 480 835 est
495 773 901 844 delectatiO,in
917 789 982 831 re
1001 771 1267 841 amabili,
1295 770 1361 828 in
1388 768 1731 843 complexu,

192 886 375 946 quam
399 869 465 928 in
490 868 719 941 auditu,
742 867 841 927 vel
864 866 997 924 visu
1024 884 1039 923 :
1068 865 1218 925 nihil
1241 867 1326 923 est
1352 863 1513 922 enim
1542 860 1731 933 aliud,

192 981 376 1041 quam
421 963 509 1022 rei
553 960 954 1022 convenientis
1011 976 1149 1018 cum
1193 959 1305 1017 sibi
1359 953 1733 1016 convenienti

190 1057 527 1133 coniunctio
569 1058 610 1115 ¹.
641 1055 802 1115 Unde
834 1054 1013 1128 longe
1055 1052 1190 1129 plus
1228 1052 1482 1111 delectat
1523 1049 1732 1107 vinum

189 1155 507 1227 gustatum,
532 1165 717 1226 quam
744 1149 1033 1222 auditum,
1059 1147 1155 1206 vel
1179 1146 1395 1205 visum.
1438 1148 1586 1203 Nam
1616 1158 1729 1215 gu-

190 1249 310 1304 stus
347 1248 435 1303 est
473 1243 722 1320 quidam
760 1245 946 1301 tactus
963 1285 983 1314 ,
1030 1244 1097 1300 ut
1130 1239 1273 1298 dicit
1316 1236 1728 1313 Philosophus,

189 1339 351 1398 Unde
377 1338 668 1413 Propheta
693 1335 717 1370 ²
743 1356 760 1394 ε
787 1327 829 1390 ἀ
853 1338 1086 1396 Gustate
1114 1337 1172 1392 et
1196 1332 1416 1404 videte,
1442 1331 1734 1407 quoniam

189 1432 389 1492 suavis
428 1435 514 1491 est
553 1430 837 1491 Dominus
847 1451 867 1505 ς
915 1452 944 1484 n
998 1428 1170 1506 quasi
1215 1427 1435 1486 diceret
1477 1445 1493 1484 ι
1537 1424 1694 1484 Scire
1711 1466 1732 1497 ,

191 1543 374 1605 quam
400 1526 590 1586 dulcis
618 1527 713 1597 sit,
741 1541 867 1585 non
891 1524 1156 1600 potestis,
1177 1524 1289 1582 nisi
1318 1521 1577 1597 gustetis,
1607 1534 1733 1577 non

191 1623 366 1694 gustu
403 1621 614 1694 carniS,
660 1620 769 1679 sed
810 1619 1040 1677 mentiS.
1084 1620 1315 1677 Poterat
1353 1631 1496 1689 ergo
1534 1616 1734 1671 sancta

192 1713 386 1773 dicere
414 1714 779 1788 Magdalena,
808 1712 976 1787 quod
1003 1711 1079 1770 de
1121 1711 1351 1786 Sponso
1387 1709 1450 1767 in
1477 1705 1730 1767 canticis

190 1807 404 1867 dicitur
431 1809 495 1866 ³:
532 1826 563 1862 α
587 1808 708 1865 Sub
734 1806 952 1865 umbra
977 1805 1169 1877 illius,
1210 1820 1391 1879 quem
1431 1801 1733 1860 desidera-

188 1902 356 1975 bam,
383 1900 534 1973 sedi,
560 1903 621 1960 et
638 1898 860 1959 fructus
884 1899 1011 1972 ejus
1038 1897 1230 1957 dulcis
1255 1895 1475 1971 gutturi
1496 1910 1633 1953 meo
1656 1912 1671 1951 ε
1697 1913 1728 1948 ιο

190 1995 477 2071 quoniam
516 1995 646 2070 ipsa
671 1993 912 2067 triginta
947 1992 1119 2051 annis
1145 1991 1210 2050 in
1235 1990 1468 2049 deserto
1504 1989 1732 2062 absque

187 2090 453 2148 humano
480 2088 693 2147 solatio
733 2087 862 2160 fuit,
904 2086 1012 2146 ubi
1052 2084 1200 2144 nihil
1236 2084 1403 2144 aliud
1446 2083 1729 2158 gustavit,

189 2200 374 2259 quam
401 2183 655 2240 verbum
694 2185 1001 2238 aeternum.
1049 2181 1095 2239 0
1142 2182 1368 2256 quanta
1413 2176 1730 2236 dulcedine

187 2278 523 2336 tenebatur!
554 2279 705 2349 Lege
745 2277 929 2334 totam
953 2273 1281 2344 historiam,
1310 2271 1453 2347 quia
1483 2271 1564 2330 ad
1589 2286 1729 2329 nar-

184 2371 440 2431 randam
465 2369 641 2428 valde
664 2372 750 2427 est
785 2367 1056 2443 pulchra,
1092 2372 1148 2425 et
1192 2366 1449 2424 multum
1488 2365 1624 2424 facit
1650 2365 1731 2423 ad

185 2463 515 2523 materiam.
552 2467 699 2522 Nam
724 2462 801 2521 ad
829 2462 1104 2533 litteram,
1135 2460 1282 2518 dum
1317 2476 1534 2536 corpus
1563 2459 1728 2518 Chri-

183 2559 255 2617 sti
282 2558 667 2632 degustasset,
687 2560 848 2615 tanta
863 2572 998 2614 eam
1015 2554 1273 2613 dulcedo
1301 2554 1535 2627 invasit,
1561 2552 1729 2628 quod

180 2671 325 2714 mox
352 2654 619 2713 animam
645 2651 961 2711 exhalavit.
1003 2650 1061 2710 Si
1090 2666 1232 2723 ergo
1265 2652 1490 2708 tantam
1523 2647 1725 2706 delec-

178 2748 465 2807 tationem
489 2747 712 2806 habere
737 2746 950 2821 potuit,
980 2745 1126 2804 dum
1167 2744 1364 2803 adhuc
1394 2745 1546 2801 esset
1586 2757 1722 2800 cor-

175 2841 477 2918 ruptibilis
495 2846 552 2901 et
568 2840 855 2908 mortaIiS,
875 2838 1025 2915 quid
1050 2854 1209 2897 nunc
1236 2836 1499 2910 gloriosa
1525 2834 1720 2907 sentit,

179 2935 325 2995 dum
361 2952 475 2994 suo
504 2935 719 2993 Dilecto
749 2933 1064 3007 conjuncta
1091 2935 1177 2991 est
1212 2929 1396 3004 coeIiS,
1428 2945 1609 3004 quem
1642 2927 1727 2985 sic

178 3045 382 3089 amare
410 3029 603 3103 potuit
641 3027 705 3086 in
747 3028 952 3087 terris?
986 3028 1032 3086 Ο
1078 3025 1310 3083 dilectio
1352 3039 1619 3094 summa,
1661 3020 1728 3079 in

175 3121 288 3181 hac
312 3121 442 3180 vita
464 3120 673 3197 paucis
699 3125 961 3197 experta,
990 3120 1136 3179 etin
1161 3135 1233 3178 ea
1259 3117 1436 3177 valde
1472 3114 1727 3192 parvula

177 3233 373 3288 mora,
397 3216 554 3292 quid·
573 3221 678 3289 est,
709 3216 877 3291 quod
896 3232 1019 3275 non
1048 3213 1404 3274 desideraris
1425 3212 1505 3271 ab
1536 3211 1727 3270 omni·

176 3310 328 3369 bus?
375 3312 540 3369 Certe
594 3310 737 3385 quia
793 3325 919 3368 non
970 3307 1226 3383 perfecte
1272 3311 1463 3382 potest
1501 3305 1724 3378 amari,

177 3405 348 3481 quod
375 3404 664 3476 contingit
689 3403 1015 3479 aliquando
1058 3401 1328 3479 experiri.
1369 3404 1515 3459 Nam
1556 3415 1727 3458 sanc·

177 3503 269 3558 tus
294 3499 653 3570 Bernardus,
692 3499 796 3573 qui
832 3496 1158 3572 aliquando
1199 3497 1474 3570 expertus
1512 3493 1723 3566 iuerat,

177 3595 419 3654 dicebat
444 3592 467 3626 ⁸
498 3613 513 3651 ε
548 3617 575 3645 α
607 3591 799 3653 Semel
839 3597 893 3650 te
921 3591 1174 3666 gustavi,
1202 3590 1363 3648 bone
1402 3590 1537 3647 Jesu
1564 3605 1579 3644 t
1612 3586 1727 3645 uti-

173 3705 318 3748 nam
361 3687 582 3747 millies
632 3666 787 3745 mori
839 3701 1112 3760 possem,
1165 3688 1229 3742 ut
1276 3683 1461 3742 semel
1512 3682 1726 3740 iterum

173 3768 502 3856 gustarem!
549 3801 580 3837 n
614 3780 670 3840 Si
711 3779 794 3837 sic
831 3779 1069 3837 dicebat
1104 3777 1208 3852 qui
1246 3775 1430 3835 semel
1469 3775 1550 3834 ad
1593 3789 1724 3832 mo-

173 3880 447 3936 mentum
478 3876 834 3949 gustaverat,
871 3872 1020 3947 quid
1055 3874 1143 3931 est
1168 3869 1381 3930 sanctis
1416 3874 1470 3927 et
1514 3868 1724 3941 beatiS,

174 3971 281 4047 qui
347 3969 628 4030 continue
674 3970 961 4042 gustant?
1015 3964 1213 4025 nescio
1229 4007 1250 4041 ,
1303 3963 1453 4039 quid
1504 3962 1721 4021 dicam.

172 4065 328 4123 Nihil
371 4066 463 4123 est
496 4062 584 4121 illi
622 4060 925 4121 dulcedini
971 4057 1376 4135 comparabile
1426 4075 1441 4116 ε
1488 4058 1546 4114 et
1584 4055 1722 4114 ideo

173 4158 368 4232 magis
395 4158 737 4227 tacendum,
766 4171 949 4230 quam
994 4152 1225 4228 aliquid
1265 4150 1602 4227 imperfecte
1634 4146 1723 4206 di-

174 4252 461 4310 cendum.
491 4248 797 4324 Quidquid
823 4248 984 4306 enim
1026 4246 1101 4304 de
1128 4245 1232 4305 illa
1259 4244 1596 4315 dulcedine,
1627 4240 1721 4304 vi-

172 4351 355 4422 taque
381 4345 580 4417 beata,
611 4343 808 4402 dicere
847 4343 1041 4417 potest
1065 4340 1295 4414 lingua,
1320 4339 1518 4398 minus
1544 4341 1722 4402 valde

174 4444 281 4510 est,
308 4454 500 4515 quam
527 4453 651 4496 una
676 4453 847 4512 aquoe
871 4438 1035 4510 gutta
1057 4433 1137 4492 ad
1162 4437 1351 4492 totum
1376 4450 1539 4492 mare
1561 4452 1724 4493 com-

170 4537 407 4609 parata,
440 4536 542 4590 aut
566 4530 648 4589 ad
672 4527 1142 4603 magnitudinem
1170 4525 1300 4584 coeli
1326 4542 1449 4585 una
1482 4528 1723 4589 modica

170 4631 344 4686 terras
384 4616 697 4701 particula.
744 4626 790 4684 0
837 4639 1070 4683 summa
1111 4622 1349 4682 stultitia
1382 4638 1494 4697 pro
1529 4625 1722 4683 earnis

172 4719 569 4780 delectatione
595 4723 719 4778 tam
750 4735 959 4793 parva,
986 4732 1098 4792 pro
1134 4715 1376 4774 modica
1413 4716 1590 4790 hujus
1615 4734 1721 4776 εω-

172 4814 293 4874 culi
322 4813 540 4889 gloria,
569 4817 629 4871 et
651 4827 763 4889 pro
799 4812 1048 4870 minima
1078 4808 1496 4885 temporalium
1525 4811 1720 4886 copia,

172 4910 426 4969 omnino
455 4907 729 4967 citissime
753 4907 1034 4981 peritura,
1072 4906 1323 4982 perdere
1362 4905 1514 4964 velle
1550 4905 1722 4966 illam

171 5002 628 5062 delectationem
654 5005 954 5072 aeternam,
984 5002 1043 5057 et
1062 5015 1095 5058 e
1136 5003 1343 5058 eontra
1368 4999 1449 5058 ad
1476 5015 1719 5074 poenam

168 5096 486 5172 pervenire
511 5098 887 5171 perpetuam!

233 5247 251 5281 ¹
294 5244 478 5310 Arist„
513 5245 804 5310 deAm'ma,
841 5243 932 5295 lib.
977 5243 1077 5305 lll,
1113 5246 1252 5294 cont.
1292 5245 1372 5295 63.
1415 5269 1471 5282 -
1517 5244 1537 5275 ²
1580 5243 1717 5296 Pml.

167 5330 380 5378 xxxin,
408 5319 457 5368 9.
485 5343 548 5355 -
572 5317 595 5352 ⁸
623 5316 793 5375 cant„
823 5326 887 5380 11,
922 5316 972 5365 3.
1001 5340 1058 5351 -
1091 5313 1111 5348 ⁸
1139 5315 1293 5366 Bern.
1321 5341 1376 5352 -
1410 5315 1433 5350 ⁸
1455 5316 1595 5380 Luc„
1623 5326 1718 5379 vn,

168 5390 249 5444 47.
289 5416 354 5428 -·
395 5390 415 5420 ⁶
442 5390 678 5454 Gregor.,
721 5390 775 5438 in
817 5387 1029 5450 Evanq„
1067 5384 1211 5437 hom.
1254 5398 1444 5451 xxxin,
1483 5402 1539 5439 n.
1577 5389 1624 5440 4.
1654 5415 1719 5427 —

3263 456 3386 519 575

2427 643 2688 711 SERMO
2732 645 2811 708 11.

1914 770 2285 827 Remittuntur
2308 773 2361 829 ei
2392 777 2618 845 peccata
2650 772 2846 842 multa,
2888 774 3143 844 quoniam
3183 772 3385 831 dilexit

1844 866 2070 920 multum
2094 864 2135 922 ⁸.
2176 863 2435 936 DilectiO,
2461 865 2585 923 sive
2615 881 2786 924 amor
2811 866 2874 924 in
2901 867 3080 925 rebus
3106 866 3388 941 spiritua-

1843 955 2025 1029 libus,
2054 960 2143 1017 est
2166 957 2314 1016 sicut
2338 958 2492 1032 ignis
2517 958 2579 1016 in
2606 958 3034 1034 corporalibus.
3067 963 3212 1019 Nam
3236 960 3389 1020 sicut

1843 1049 1997 1123 ignis
2021 1050 2204 1110 habet
2229 1052 2504 1111 virtutem
2530 1053 2797 1127 corporis
2832 1052 3255 1128 calefactivam,
3284 1072 3387 1115 ru-

1844 1143 2064 1218 biginis
2089 1144 2508 1219 abstersivam,
2550 1145 2783 1206 duritiei
2828 1147 3252 1222 emollitivam,
3299 1150 3383 1208 sic

1847 1236 2104 1308 dilectio,
2134 1237 2296 1298 velut
2313 1241 2647 1299 animarum
2665 1240 2841 1314 ignis,
2863 1240 3010 1299 dum
3031 1241 3093 1299 in
3122 1242 3387 1301 animam

1845 1333 1988 1406 agit,
2017 1332 2208 1407 ipsam
2235 1333 2437 1392 intime
2473 1334 2756 1407 calefacit,
2793 1338 2850 1393 et
2877 1350 3054 1394 omne
3097 1334 3281 1410 frigus
3307 1336 3386 1394 ab

1845 1440 1918 1484 ea
1945 1426 2204 1501 expellit,
2236 1442 2369 1486 eam
2408 1427 2490 1486 ad
2515 1429 2793 1502 pietatem
2822 1434 2881 1487 et
2917 1428 3386 1489 misericordiam

1844 1519 2093 1578 mollem
2118 1519 2275 1594 facit,
2317 1523 2376 1580 et
2414 1537 2656 1580 omnem
2700 1521 2890 1597 culpoe
2930 1523 3269 1596 rubiginem
3309 1524 3389 1582 ab

1845 1613 2059 1672 eadem
2094 1615 2392 1688 abstergit.
2436 1616 2750 1690 Gregorius
2773 1614 2796 1650 ⁸
2827 1637 2842 1675 ε
2882 1637 2912 1671 α
2944 1616 3100 1687 Quid
3140 1633 3267 1676 esse
3302 1617 3388 1676 di·

1844 1706 2160 1767 lectionem
2188 1707 2505 1782 credimus,
2535 1709 2648 1768 nisi
2676 1709 2916 1784 ignem?
2945 1711 3093 1787 quid
3124 1710 3387 1786 culpam,

1844 1801 1958 1859 nisi
2002 1801 2381 1876 rubiginem?
2439 1819 2581 1877 ergo
2638 1806 2803 1863 tanto
2862 1803 3119 1879 amplius
3163 1805 3389 1880 peccati

1842 1895 2061 1970 rubigo
2086 1898 2471 1971 consumitur,
2501 1901 2722 1972 quanto
2760 1914 2864 1957 cor
2891 1900 3216 1973 peccatoris
3255 1899 3390 1958 cha-

1842 1991 1889 2049 ri
1899 1991 2029 2049 tatis
2055 1990 2194 2065 igne
2216 1995 2644 2052 concrematur.
2672 2012 2701 2049 n

1915 2087 2013 2143 Est
2056 2102 2201 2159 ergo
2242 2085 2576 2145 notandum
2596 2130 2614 2157 ,
2656 2085 2824 2161 quod
2866 2087 2994 2145 haec
3032 2086 3388 2147 venerabilis

1839 2176 2085 2239 foemina
2110 2180 2460 2254 Magdalena
2487 2195 2669 2255 supra
2709 2180 3043 2239 humanum
3079 2181 3387 2256 eloquium

1843 2272 2052 2333 dilexit
2075 2273 2364 2332 Christum
2390 2292 2406 2331 :
2440 2274 2607 2347 cujus
2634 2273 2854 2332 amoris
2891 2274 3387 2349 signaprobantia

1841 2372 2097 2441 quatuor
2117 2366 2355 2426 fuerunt
2375 2366 2485 2425 ista
2516 2386 2531 2425 ε
2557 2367 2820 2442 primum
2848 2367 3082 2440 signum
3105 2367 3216 2426 fuit
3240 2367 3386 2427 assi-

1840 2460 2036 2519 duitas
2061 2460 2517 2535 recordationis;
2547 2460 2879 2520 secundum
2906 2460 3012 2519 fuit
3038 2461 3379 2521 sollicitudo

1838 2554 2234 2631 inquisitionis
2246 2573 2267 2629 3
2297 2555 2532 2614 tertium
2558 2555 2668 2614 fuit
2687 2554 2989 2614 sinceritas
3016 2554 3378 2629 affectionis3

1838 2653 2116 2724 quartum
2141 2665 2282 2709 vero
2310 2649 2546 2723 signum
2573 2649 2685 2707 fuit
2722 2647 2922 2707 fervor
2959 2648 3374 2708 aemulationis.

1837 2747 1947 2803 Ista
1968 2744 2129 2802 enim
2157 2747 2411 2819 quatuor
2424 2742 2593 2816 signa
2611 2742 2764 2802 miro
2780 2742 2968 2801 modo
2983 2742 3245 2817 probant
3272 2743 3377 2816 qui

1836 2852 1900 2895 se
1926 2837 2272 2897 alterutrum
2309 2836 2602 2910 diligunt:
2635 2841 2692 2895 et
2715 2837 2997 2912 probant,
3035 2851 3161 2895 non
3181 2836 3379 2895 solum

1837 2946 2017 3005 opere
2045 2931 2340 3003 exteriori,
2362 2930 2531 3006 quod
2555 2946 2992 3005 nonnunquam
3012 2929 3250 3004 decipit,
3271 2930 3379 2988 sed

1835 3025 2131 3085 interiore.
2164 3031 2261 3086 Est
2280 3027 2460 3102 igitur
2486 3027 2747 3103 primum
2769 3027 3007 3101 signum
3025 3026 3382 3101 dilectionis,

1835 3120 2149 3180 assiduitas
2170 3120 2598 3180 recordationis
2625 3121 2822 3181 dilecti
2858 3138 2873 3177 ε
2914 3137 3084 3180 amor
3121 3121 3305 3194 enim,
3331 3123 3381 3181 si

1836 3231 2011 3274 verus
2039 3215 2133 3288 sit,
2163 3231 2267 3274 eor
2295 3216 2597 3290 quiescere
2619 3231 2744 3273 non
2770 3215 2926 3289 sinit,
2957 3215 3065 3274 sed
3101 3216 3378 3275 continue

1834 3311 1916 3370 ad
1942 3310 2037 3369 sui
2080 3311 2259 3370 amati
2300 3311 2776 3370 recordationem
2820 3310 3090 3386 impellit.
3139 3311 3249 3370 Ubi
3295 3314 3383 3371 est

1834 3421 2027 3478 amor,
2051 3404 2139 3462 ibi
2177 3420 2299 3463 cor.
2328 3407 2475 3464 Cum
2502 3406 2661 3463 enim
2688 3420 2859 3463 amor
2885 3404 3215 3463 secundum
3245 3404 3378 3463 Dio-

1833 3499 2109 3575 nysium⁷
2136 3498 2211 3557 sit
2236 3499 2325 3557 vis
2350 3499 2598 3571 unitiva,
2627 3502 2685 3557 et
2710 3498 3040 3557 secundum
3066 3501 3375 3572 nugonem

1834 3598 1921 3652 est
1950 3593 2040 3651 vis
2064 3593 2563 3667 transformativa,
2594 3594 2741 3653 dum
2769 3599 3069 3653 amantem
3093 3593 3376 3653 transfor-

1831 3692 1957 3746 mat
1981 3688 2042 3745 in
2071 3693 2356 3761 amatum,
2381 3688 2710 3747 necessario
2737 3687 2814 3746 de
2848 3704 2922 3746 eo
2961 3693 3205 3762 generat
3229 3704 3375 3746 con·

1831 3781 2066 3840 tinuum
2084 3782 2405 3855 cogitatum
2430 3800 2446 3840 ι
2469 3782 2619 3841 sicut
2645 3781 2806 3840 enim
2830 3781 3016 3840 homo
3035 3797 3160 3839 non
3185 3784 3378 3856 potest

1831 3874 1924 3932 sui
1949 3874 2242 3945 oblivisci,
2280 3875 2364 3934 ita
2392 3892 2501 3934 nec
2538 3876 2630 3934 sui
2655 3874 2833 3934 amati
2865 3892 2881 3933 ε
2922 3876 3067 3950 quia
3090 3874 3375 3934 violentia

1831 3967 2101 4043 impressi
2125 3969 2345 4028 amoris
2372 3970 2588 4044 saepius
2615 3973 2814 4027 movet
2842 3973 3142 4043 aspectum
3168 3967 3374 4042 cogni-

1831 4059 2026 4120 tionis.
2067 4062 2162 4119 Vis
2202 4063 2381 4136 igitur
2421 4065 2598 4134 scire,
2638 4062 2687 4120 si
2722 4064 2905 4121 Deum
2936 4059 3192 4136 perfecte
3238 4060 3374 4119 dili-

1830 4171 1957 4228 gas,
1986 4154 2084 4213 vel
2108 4155 2273 4213 aliud
2298 4152 2449 4231 'plus
2497 4159 2614 4214 Deo
2650 4158 2854 4215 amas?
2899 4155 3155 4225 attende,
3198 4154 3247 4212 si
3294 4153 3370 4213 de

1829 4249 1947 4308 Deo
1971 4248 2130 4324 plus,
2159 4264 2342 4324 quam
2368 4250 2444 4307 de
2469 4249 2598 4308 aliis
2622 4250 2821 4321 rebuS,
2852 4248 3098 4322 cogitas,
3127 4248 3268 4322 quia
3294 4247 3371 4306 de

1828 4340 1934 4400 illo
1962 4343 2100 4417 plus
2117 4344 2357 4416 cogitari,
2381 4342 2549 4418 quod
2573 4342 2710 4417 plus
2737 4358 2903 4401 amas
2919 4343 2942 4379 ⁸
2970 4360 2986 4400 ε
3024 4363 3054 4396 α
3073 4341 3183 4399 Ubi
3210 4340 3373 4399 enim

1828 4436 2136 4495 thesaurus
2162 4439 2298 4494 tuus
2313 4479 2334 4510 ,
2377 4436 2462 4495 ibi
2490 4452 2594 4495 eor
2622 4440 2789 4495 tuum
2815 4438 2918 4495 est.
2949 4456 2979 4490 ι
3012 4436 3229 4494 Veritas
3254 4435 3370 4494 hoc

1829 4529 2006 4589 docet
2024 4573 2045 4602 ,
2087 4545 2220 4604 quae
2256 4530 2492 4588 mentiri
2525 4544 2653 4587 non
2707 4532 2916 4605 potest.
2955 4532 3107 4602 Ergo
3147 4529 3197 4587 si
3233 4528 3370 4604 plus

1829 4623 2049 4697 cogitas
2071 4623 2147 4682 de
2166 4622 2417 4697 munde,
2436 4623 2573 4698 plus
2600 4622 2675 4681 de
2697 4622 2889 4696 lucro,
2901 4623 3036 4699 plus
3055 4623 3132 4682 de
3145 4624 3369 4683 carnali

1829 4720 2046 4791 amico,
2071 4719 2171 4778 vel
2198 4720 2385 4793 socie,
2424 4736 2608 4795 quam
2644 4720 2722 4779 de
2748 4721 2996 4795 Christo,
3025 4736 3150 4779 non
3175 4726 3370 4780 vertas

1825 4811 1890 4870 in
1919 4813 2192 4885 dubium,
2231 4813 2338 4873 sed
2363 4815 2438 4871 sit
2470 4813 2580 4873 tibi
2621 4814 3009 4873 certissimum
3047 4829 3366 4888 argumen-

1827 4910 1975 4978 tum,
2003 4907 2174 4982 quod
2189 4923 2354 4966 amas
2373 4908 2485 4966 ista
2501 4907 2659 4983 plus,
2682 4924 2868 4984 quam
2890 4908 3200 4967 Christum.
3221 4910 3367 4967 Nam

1827 5002 1908 5062 ob
1950 5003 2107 5062 hanc
2149 5018 2393 5061 causam
2430 5003 2711 5062 Dominus
2755 5003 2994 5063 dicebat
3030 5003 3107 5062 de
3159 5003 3366 5063 divino

1824 5111 2029 5156 amore
2066 5098 2089 5133 ²
2127 5113 2144 5155 ε
2177 5115 2209 5152 α
2251 5095 2465 5171 Diliges
2498 5096 2813 5156 Dominum
2849 5101 3035 5157 Deum
3081 5102 3246 5158 tuum
3289 5114 3364 5157 ex

1822 5244 1846 5280 '¹
1873 5244 2026 5297 Dion.
2055 5246 2262 5309 Areop„
2284 5243 2346 5295 de
2374 5243 2484 5296 Div.
2513 5244 2681 5308 Nom„
2702 5259 2749 5295 e.
2778 5257 2849 5309 w,
2873 5245 2904 5310 ἓ
2930 5249 3004 5298 15.
3030 5273 3086 5283 -
3113 5247 3131 5278 ⁸
3155 5246 3367 5302 unuh..

1823 5320 2025 5439 ζμξξι.
2064 5343 2129 5355 -
2168 5317 2188 5349 ’
2227 5316 2397 5381 Dent„
2441 5328 2521 5381 vi,
2561 5319 2618 5380 ὃς
2660 5318 2867 5381 uatum,
2904 5330 3045 5382 xxii,
3086 5320 3176 5383 373
3224 5319 3362 5381 Luc„

1858 5426 1879 5453 ,
1975 5424 1989 5438 .
