4059 6317
479 3251 689 3296 Consola-

506 3315 568 3357 tio
586 3314 664 3356 tri·

480 3379 581 3433 plex
610 3388 692 3449 ‘ap-

497 3450 679 3494 propin-

478 3502 599 3558 quat.

512 4702 522 4713 ι
553 4638 704 4714 Gratia

493 4825 634 4868 sistat.

718 507 759 572 4
1813 487 2224 561 SERMONES
2265 490 2367 555 DE
2409 489 2800 558 TEMPORE.

718 643 781 707 ei
820 639 1173 721 gratiarum
1211 636 1488 701 actiones
1516 631 1844 699 referendo
1860 680 1878 710 ‚
1908 647 2057 694 cum
2084 626 2245 690 sub-

718 749 811 814 dit
839 770 856 812 :
892 743 1239 813 Benedioeit
1262 758 1466 826 reqem
1489 740 1628 807 coeli
1645 788 1666 819 ,
1699 745 1758 806 et
1777 737 1960 805 discit
1987 756 2009 797 .·
2035 735 2161 800 Abs
2188 738 2244 799 te

716 855 992 923 victoria
1008 901 1029 932 ,
1072 849 1297 934 supple
1331 848 1684 913 carnalium
1730 843 2242 912 delectationum.

716 962 928 1029 Tertio
976 961 1168 1026 levate
1191 959 1471 1020 mentem
1509 954 1591 1019 ad
1632 951 1835 1018 Patris
1859 950 2203 1035 potentiam
2220 996 2237 1027 ‚

716 1090 798 1136 ne
824 1088 938 1153 per
963 1066 1273 1133 saevitiam
1295 1062 1745 1146 multiplicium
1764 1058 2246 1125 tribulationum

717 1197 759 1242 a
772 1175 1074 1241 firmitate
1089 1173 1224 1257 spei
1243 1170 1631 1240 evellamini.
1654 1168 1832 1233 Unde
1843 1168 1911 1230 in
1929 1165 2182 1231 Psalmo
2196 1165 2241 1226 ¹:

714 1284 1007 1365 Loetifiea
1027 1283 1317 1349 animam
1342 1280 1512 1346 servi
1536 1278 1678 1356 tui,
1710 1277 2014 1359 quoniam
2035 1271 2123 1339 ad
2148 1276 2204 1338 te
2223 1319 2243 1351 ‚

716 1394 980 1459 Domine
1002 1438 1021 1470 ‚
1051 1392 1337 1458 animam
1362 1387 1593 1455 levavi.
1616 1388 1640 1422 ²
1666 1386 1860 1467 Eripe
1889 1398 1983 1449 me
2008 1380 2088 1446 de
2117 1381 2247 1446 ini-

713 1499 902 1566 micis
923 1501 1114 1578 meis,
1140 1504 1202 1566 et
1230 1495 1309 1563 ab
1334 1494 1439 1560 his
1464 1494 1581 1577 qui
1605 1491 1909 1569 oderunt,
1943 1485 2244 1571 quoniam

713 1606 1107 1688 confortabor
1138 1605 1244 1686 (a),
1275 1607 1393 1669 etc.
1424 1601 1717 1682 Laetifiea
1741 1598 2030 1665 animam
2072 1594 2245 1660 servi

713 1718 812 1782 tui
826 1714 871 1793 ⁸,
899 1712 1248 1780 secundum
1275 1708 1751 1778 multitudinem
1765 1704 2051 1772 dolorum
2061 1705 2124 1766 et
2150 1701 2242 1764 af-

713 1822 1067 1886 flictionum
1091 1869 1109 1901 ,
1157 1817 1546 1883 infundendo
1585 1813 1982 1880 dulcedinem
2019 1826 2241 1873 conso-

711 1930 1046 1994 lationum.
1074 1926 1396 2008 Quoniam
1416 1923 1506 1990 ad
1532 1928 1611 2003 te,
1632 1923 1925 2000 Domine,
1956 1918 2245 1984 animam

712 2053 916 2104 meam
944 2036 1151 2102 levavi
1171 2083 1190 2114 ,
1235 2050 1351 2116 per
1378 2031 1509 2114 spei
1544 2030 1866 2094 fiduciam.
1910 2027 2106 2109 Eripe
2147 2039 2243 2088 me

711 2146 791 2212 de
821 2145 1110 2211 inimicis
1140 2144 1295 2208 meis
1343 2140 1719 2219 fortissimis
1741 2186 1759 2216 ‚
1788 2138 1848 2202 et
1875 2135 1953 2202 ab
1979 2135 2083 2200 his
2126 2132 2244 2215 qui

712 2252 984 2320 oderunt
1009 2267 1107 2316 me
1125 2299 1141 2332 ,
1193 2246 1546 2312 inducendo
1572 2245 1640 2309 in
1666 2245 1969 2326 laqueum
2020 2239 2245 2305 mortis

712 2361 995 2422 aeternae.
1030 2354 1342 2427 Quoniam
1366 2350 1708 2430 confortati
1733 2352 1887 2414 sunt
1903 2359 2095 2427 super
2119 2357 2240 2419 me,

713 2462 1189 2546 multiplicando
1214 2458 1655 2525 tribulationes
1677 2460 1741 2520 et
1764 2452 2040 2536 flagella,
2072 2451 2247 2515 dam-

712 2591 796 2637 na
821 2576 882 2636 et
906 2569 1262 2655 opprobria.

791 2681 1002 2748 Tertio
1026 2683 1283 2746 notatur
1308 2676 1641 2762 promissio
1675 2671 2060 2740 omnimodae
2093 2687 2245 2734 con-

713 2789 1036 2857 solationis
1054 2837 1077 2867 ,
1125 2806 1275 2851 cum
1319 2785 1549 2850 dicitur
1579 2805 1595 2846 t
1650 2781 1968 2863 Quoniam
2009 2791 2242 2859 appro-

709 2902 990 2982 pinquat
1017 2895 1370 2977 redemptio
1398 2900 1634 2958 vestra.
1677 2888 1838 2953 Vere
1881 2882 2249 2951 omnimoda

715 3004 1059 3071 consolatio
1084 3006 1238 3067 tunc
1254 3001 1375 3066 erit
1393 2995 1966 3081 perseverantibus,
1990 2995 2054 3056 et
2072 3009 2247 3055 men—

716 3122 846 3178 tem
870 3111 951 3175 ad
980 3110 1183 3176 Deum
1228 3127 1343 3192 per
1392 3105 1715 3191 proverbii
1757 3099 2248 3167 consolationem

715 3219 1099 3284 levantibus,
1134 3215 1297 3281 Nam
1328 3215 1555 3297 triplex
1597 3209 2061 3295 appropinquat
2094 3223 2246 3270 con-

717 3327 940 3394 solatio
955 3377 974 3408 ‚
1015 3326 1366 3391 secundum
1410 3321 1724 3405 triplicem
1765 3316 1996 3383 mentis
2037 3313 2247 3378 eleva-

717 3437 952 3502 tionem
973 3484 990 3516 ,
1019 3434 1100 3500 ad
1128 3451 1325 3517 quam
1353 3431 1563 3496 omnis
1606 3429 1732 3494 alia
1771 3423 2113 3492 consolatio
2140 3421 2251 3486 ha-

718 3545 825 3609 bet
861 3543 1080 3608 reduci
1111 3564 1127 3606 ε
1157 3542 1365 3625 primo
1389 3587 1406 3618 ,
1438 3540 1507 3603 in
1534 3535 1928 3602 elevantibus
1972 3533 2252 3595 mentem

722 3653 802 3716 ad
829 3651 967 3716 Filii
991 3651 1359 3734 sapientiam
1377 3697 1394 3729 ,
1426 3645 1812 3731 purgabitur
1838 3640 2048 3707 omnis
2073 3654 2254 3703 error

722 3759 968 3823 visione
1016 3756 1361 3821 infallibilis
1412 3752 1695 3820 veritatis
1729 3773 1746 3830 ;
1805 3748 2085 3814 secundo
2112 3794 2128 3822 ‚
2185 3744 2254 3808 in

724 3865 1122 3930 elevantibus
1158 3866 1436 3927 mentem
1463 3861 1545 3925 ad
1580 3858 1855 3941 Spiritus
1889 3854 2087 3919 sancti
2129 3851 2255 3916 cle·

727 3973 1032 4037 mentiam
1051 4020 1069 4049 ‚
1118 3969 1381 4052 desipiet
1417 3965 1692 4032 carnalis
1740 3980 1922 4028 amor
1960 3960 2257 4027 fruitione

725 4077 1181 4143 inaestimabilis
1206 4074 1571 4152 suavitatis;
1611 4071 1796 4137 tertio
1818 4118 1837 4147 ‚
1864 4071 1937 4133 in
1961 4067 2259 4134 elevanti-

726 4186 850 4251 bus
878 4191 1158 4250 mentem
1185 4183 1264 4247 ad
1291 4182 1496 4247 Patris
1519 4179 1864 4263 potentiam
1882 4225 1903 4256 ,
1928 4173 2259 4241 evacuabi-

727 4298 835 4358 tur
875 4292 1081 4357 omnis
1122 4291 1315 4355 timor
1361 4288 1641 4353 tentione
1667 4283 2011 4350 immobilis
2054 4281 2261 4346 firmi-

729 4400 897 4466 tatis.
930 4398 1008 4463 Et
1033 4399 1103 4461 in
1131 4398 1250 4461 ista
1274 4395 1507 4478 triplici
1533 4394 1678 4458 dote
1694 4440 1711 4472 ‚
1741 4391 1976 4457 scilicet
1998 4387 2261 4453 visionis

729 4507 914 4571 claroe
927 4554 951 4585 ,
979 4503 1297 4570 fruitionis
1324 4501 1558 4584 quietae
1577 4547 1600 4579 ,
1646 4503 1711 4564 et
1745 4497 2110 4563 tentationis
2157 4514 2255 4559 se-

728 4632 925 4692 curae,
955 4609 1243 4677 consistit
1262 4609 1483 4690 imago
1503 4606 1750 4689 gloriae.
1780 4604 1899 4670 Cui
1925 4602 2264 4687 respondet

647 4724 699 4806 η’,
729 4722 949 4803 imago
978 4718 1204 4801 gratiae
1224 4765 1242 4795 ,
1288 4733 1435 4799 quae
1461 4714 1743 4780 consistit
1769 4713 1839 4777 in
1874 4711 1999 4775 fide
2024 4711 2215 4774 firma
2238 4757 2256 4789 ,

729 4828 1029 4892 charitate
1055 4843 1189 4890 non
1214 4825 1382 4902 ficta,
1409 4825 1475 4886 et
1496 4839 1605 4905 spe
1628 4825 1799 4885 certa
1824 4819 1893 4882 in
1919 4821 2088 4882 statu
2115 4818 2257 4881 isto.

730 4933 945 5000 Primo
969 4982 986 5012 ‚
1016 4933 1085 4996 in
1127 4929 1523 4997 elevantibus
1550 4934 1830 4992 mentem
1856 4924 1938 4990 ad
1978 4924 2122 4990 Filii
2156 4942 2259 4987 sa-

728 5043 1032 5126 pientiam
1059 5090 1076 5122 ,
1121 5036 1513 5122 purgabitur
1550 5034 1758 5099 omnis
1797 5049 1975 5097 error
2016 5031 2262 5096 visione

730 5148 1071 5213 infallibilis
1116 5145 1424 5211 veritatis,
1477 5141 1655 5206 Unde
1708 5140 1936 5205 dicitur
1977 5137 2001 5173 ⁴
2048 5154 2066 5198 t
2122 5137 2262 5204 Scio

791 5275 810 5310 ¹
833 5273 971 5326 Psal.
1005 5285 1196 5335 Lxxxv,
1239 5274 1285 5321 4.
1321 5297 1383 5308 —
1414 5270 1432 5299 ²
1473 5266 1611 5320 Psal.
1650 5278 1807 5328 Lvm,
1834 5269 1896 5330 23
1928 5276 2067 5329 xm,
2096 5266 2171 5315 18.
2201 5289 2262 5300 —

666 5391 677 5404 ,
730 5348 749 5378 ⁸
778 5345 913 5396 Psal.
946 5357 1107 5408 xc111,
1134 5347 1208 5396 19.
1238 5368 1299 5382 —
1334 5341 1353 5372 ⁴
1380 5336 1514 5403 Job„
1548 5350 1673 5403 xrx,
1700 5340 1779 5388 25.
1808 5364 1873 5376 —
1897 5339 1921 5372 ⁸
1946 5336 2142 5400 Philp„
2169 5347 2259 5398 111,

730 5422 810 5469 21.
830 5443 891 5454 —
913 5418 933 5448 ⁶
958 5418 972 5467 Ι
1007 5417 1145 5480 Cor„
1167 5426 1288 5476 1111,
1314 5414 1389 5466 12.
1410 5438 1474 5449 -
1497 5410 1520 5446 ‘¹
1545 5412 1696 5475 Aug„
1721 5409 1785 5460 de
1812 5409 2012 5472 Triuia,
2039 5406 2128 5458 lib.
2151 5407 2261 5471 XV,

730 5505 776 5542 c.
808 5501 931 5552 xxv,
959 5501 1010 5539 n.
1041 5490 1118 5537 45.
1142 5512 1207 5525 —
1230 5486 1253 5522 ⁸
1281 5486 1297 5535 Ι
1331 5485 1483 5548 Ρειν.,
1514 5495 1552 5544 1,
1582 5484 1657 5532 18.

2358 625 2531 707 quod
2554 625 2914 709 redemptor
2937 640 3109 692 meus
3134 627 3327 707 vivit,
3358 632 3418 695 et
3444 629 3521 696 in
3539 633 3897 701 novissimo

2358 732 2466 798 die
2507 733 2586 800 de
2627 741 2798 801 terra
2840 737 3237 800 surrecturus
3281 750 3425 802 sum
3463 758 3488 801 .·
3529 744 3591 806 et
3629 756 3898 807 rursum

2355 840 2795 907 circumdabor
2814 840 2972 923 pelle
2997 857 3170 921 mea,
3202 846 3260 908 et
3287 844 3359 908 in
3395 859 3584 911 carne
3607 862 3749 914 mea
3788 848 3896 914 vi-

2357 948 2512 1014 debo
2542 950 2735 1015 Deum
2765 947 3158 1015 salvatorem
3191 949 3264 1031 (b)
3292 966 3517 1017 meum.
3547 954 3700 1021 Scio
3722 956 3908 1037 quod

2356 1057 2710 1139 redemptor
2736 1072 2908 1122 meus
2931 1057 3136 1136 vivit,
3167 1057 3351 1139 quasi
3377 1058 3584 1123 dicat:
3618 1060 3792 1126 Licet
3827 1062 3900 1125 in

2355 1164 2641 1246 passione
2668 1164 2800 1228 vita
2823 1163 3018 1228 fuerit
3040 1163 3264 1228 induta
3289 1171 3493 1230 morte
3515 1189 3533 1247 ;
3574 1171 3789 1233 tamen
3820 1169 3897 1233 in

2355 1272 2849 1351 resurrectione,
2881 1268 3193 1351 deglutita
3219 1276 3454 1353 morte,
3481 1277 3613 1339 tota
3638 1275 3771 1340 vita
3801 1295 3904 1341 re-

2354 1378 2654 1442 surrexit.
2702 1381 2795 1445 Et
2837 1379 3302 1446 innovissimo
3343 1378 3450 1446 die
3491 1387 3903 1450 surrecturus

2353 1500 2498 1550 sum
2525 1532 2542 1562 ‚
2592 1490 2653 1551 et
2693 1500 2952 1550 rursum
3003 1485 3441 1554 circumdabor
3485 1489 3645 1572 pelle
3698 1508 3848 1558 mea
3875 1541 3898 1571 ,

2355 1593 2613 1674 quando
2639 1593 2661 1628 ⁸
2687 1607 2914 1676 corpus
2936 1592 3331 1661 humilitatis
3359 1610 3516 1661 meoe
3536 1597 3906 1680 conflqura-

2357 1704 2491 1765 tum
2531 1700 2729 1779 tuerit
2753 1702 3007 1782 corpori
3044 1699 3367 1768 claritatis
3397 1703 3645 1767 Christi.
3693 1705 3784 1772 Et
3824 1708 3906 1773 in

2355 1822 2546 1874 carne
2573 1823 2714 1873 mea
2740 1807 2962 1874 videbo
2985 1809 3188 1875 Deum
3212 1808 3589 1878 salvatorem
3614 1830 3831 1880 meum
3849 1821 3899 1894 ⁶,

2357 1918 2523 1997 faeie
2560 1915 2651 1982 ad
2675 1917 2904 1996 faciem
2934 1938 2948 1980 :
2980 1918 3050 1980 in
3083 1935 3217 1999 quo
3243 1919 3431 1983 modo
3458 1920 3715 1986 videndi
3761 1941 3904 1987 non

2352 2027 2554 2106 potest
2576 2042 2710 2088 esse
2741 2042 2940 2104 error,
2973 2023 3134 2089 sicut
3170 2025 3239 2088 in
3264 2026 3455 2091 modo
3482 2027 3738 2093 videndi
3779 2047 3906 2112 per

2353 2132 2675 2214 speculum
2695 2133 2770 2197 in
2799 2132 3140 2215 oeniamate
3163 2180 3182 2209 ‚
3211 2133 3325 2216 qui
3352 2137 3446 2198 est
3472 2135 3541 2198 in
3565 2136 3699 2203 vita
3723 2155 3902 2220 prae·

2354 2239 2551 2318 senti3
2585 2238 2738 2321 quia
2780 2242 2933 2303 tunc
2972 2239 3278 2323 sapientia
3316 2240 3536 2305 divina
3587 2249 3908 2326 proponet

2353 2343 2538 2408 bonis
2564 2344 2844 2409 rationes
2869 2345 3011 2409 illas
3039 2356 3309 2411 aeternas
3334 2348 3414 2411 ad
3461 2349 3906 2432 contemplan-

2353 2451 2511 2516 dum
2536 2452 2605 2515 in
2626 2451 2864 2534 seipso,
2893 2455 3198 2535 tanquam
3215 2453 3282 2517 in
3320 2454 3582 2537 speculo
3607 2455 3902 2538 pulchri-

2353 2556 2660 2638 formiter,
2689 2561 2996 2641 tanquam
3023 2559 3092 2623 in
3111 2559 3275 2625 libro
3295 2562 3732 2644 indelebiliter,
3756 2567 3908 2629 tsn-

2354 2682 2550 2746 quam
2572 2665 2645 2727 in
2671 2683 2892 2730 mensa
2917 2665 3395 2734 delectabiliter.
3430 2669 3605 2734 Unde
3628 2671 3907 2752 Augus-

2353 2769 2529 2833 tinus
2556 2773 2579 2808 ⁷
2611 2789 2629 2833 τ
2661 2793 2692 2832 α
2718 2769 3057 2836 Veritatem
3086 2773 3224 2838 sine
3247 2775 3381 2840 ulla
3413 2775 3786 2843 difficultate
3809 2778 3905 2844 vi·

2355 2879 2668 2960 debimm,
2701 2899 2903 2963 eaque
2928 2882 3277 2950 clarissime
3302 2889 3366 2950 et
3389 2888 3732 2955 certissime
3760 2909 3910 2973 per-

2354 2986 2682 3065 fruemur3
2713 3006 2832 3053 nec
2874 2989 3115 3073 aliquid
3158 3012 3526 3075 quaeremus
3553 3000 3763 3062 mente
3788 3015 3911 3063 ra-

2358 3095 2732 3175 tiocinante,
2784 3097 2895 3160 sed
2945 3115 3283 3166 cernemus
3343 3102 3834 3187 contemplante.
3866 3128 3899 3166 n

2357 3200 2646 3266 Secundo
2662 3250 2681 3281 ‚
2703 3202 2776 3266 in
2799 3204 3194 3271 elevantibus
3219 3189 3500 3274 mentem
3517 3210 3596 3275 ad
3623 3209 3912 3294 Spiritus

2357 3309 2558 3372 sancti
2590 3308 2995 3375 clementiam
3024 3360 3042 3390 ‚
3071 3312 3341 3397 desipiet
3370 3317 3580 3381 omnis
3625 3320 3909 3383 carnalis

2363 3435 2546 3481 amor
2575 3417 2904 3484 dulcedine
2931 3419 3390 3488 inaestimabilis
3424 3426 3770 3490 suavitatis.
3819 3426 3910 3492 Et

2360 3524 2439 3588 de
2482 3524 2605 3589 hoc
2646 3528 2870 3609 potest·
2889 3528 3126 3609 exponi
3161 3528 3318 3595 illud
3340 3529 3362 3564 ⁸
3386 3553 3401 3595 ε
3423 3532 3572 3599 Non
3587 3537 3912 3615 corrupti·-

2361 3631 2529 3698 libus
2556 3649 2716 3699 auro
2744 3634 2841 3699 vel
2866 3642 3132 3717 arqento
3155 3635 3467 3720 redempti
3492 3641 3650 3707 estis
3673 3640 3752 3706 de
3775 3657 3908 3707 va-

2361 3746 2672 3807 navestra
2691 3744 3165 3810 conversatione
3179 3750 3460 3827 paternoe
3480 3748 3875 3820 traditionis
3880 3769 3913 3832 ;

2361 3848 2472 3914 sed
2506 3850 2780 3931 pretioso
2826 3853 3145 3933 sanquine
3190 3855 3351 3936 aqni
3402 3856 3801 3923 immaculati
3847 3865 3914 3924 et

2365 3956 2869 4023 incontaminati
2908 3958 3059 4023 Jesu
3106 3958 3368 4027 Christi.
3420 3960 3606 4030 Vana
3643 3979 3914 4031 conver-

2367 4065 2536 4129 satio
2585 4068 2869 4146 paternae
2919 4064 3305 4133 traditionis
3355 4072 3451 4132 est
3503 4088 3915 4153 perseverare

2365 4172 2751 4237 lasciviendo
2800 4173 2867 4236 in
2920 4174 3184 4239 faeeibus
3227 4176 3496 4241 carnalis
3536 4178 3908 4262 voluptatis.

2375 4277 2537 4343 Nam
2580 4281 2807 4344 merito
2856 4286 3139 4363 paternae
3181 4284 3717 4365 praevaricationis
3754 4287 3913 4353 facti

2369 4405 2595 4451 sumus
2630 4377 2948 4466 carnales,
2978 4392 3052 4453 ut
3079 4391 3428 4456 venundati
3462 4394 3584 4458 sub
3624 4398 3906 4477 peccato.

2369 4493 2491 4559 Sed
2509 4495 2586 4559 de
2600 4495 2720 4559 ista
2731 4513 2900 4562 vana
2919 4499 3394 4563 conversatione
3411 4499 3578 4566 beati
3597 4501 3910 4586 redempti

2369 4606 2521 4666 sunt
2546 4605 2864 4685 sanquine
2888 4606 3169 4688 pretioso
3201 4606 3464 4687 Christi,
3491 4627 3568 4674 eo
3586 4609 3755 4692 quod
3778 4629 3912 4674 me-
3977 4649 3990 4662 -

2368 4710 2491 4773 rito
2516 4713 2656 4793 ejus
2690 4712 3026 4792 sanguinis
3055 4713 3366 4779 effusione
3396 4715 3804 4797 degustantes
3832 4718 3903 4800 (c)

2369 4816 2766 4882 dulcedinem
2794 4818 3176 4901 sapientialis
3204 4820 3728 4902 oblectabilitati8‚
3756 4842 3909 4906 quae

2369 4929 2545 4989 tanto
2571 4925 2796 4990 ardore
2823 4926 3113 4991 desiderii
3140 4929 3305 5010 rapit
3327 4928 3599 4993 totaliter
3623 4930 3906 4996 animam

2369 5030 2439 5095 in
2469 5032 2569 5096 sui
2613 5034 3187 5116 concupiscentiam
3208 5082 3230 5113 ,
3280 5038 3351 5097 ut
3385 5033 3651 5117 desipiat
3694 5039 3911 5101 omnis

2370 5158 2540 5204 caro.
2570 5140 2748 5206 Unde
2772 5141 2917 5205 licet
2941 5141 3126 5205 faciet
3150 5140 3237 5221 (d)
3256 5141 3628 5222 satietatem,
3652 5161 3782 5208 non
3813 5150 3906 5210 ta-

2372 5263 2523 5312 men
2550 5251 2818 5329 generat
2841 5247 3166 5312 fastidium
3186 5269 3203 5326 ;
3238 5248 3370 5314 imo
3394 5249 3722 5315 continuat
3735 5252 3910 5316 desi-

2440 5407 2506 5471 (a)
2530 5408 2652 5471 Leg.
2674 5409 2944 5470 confortati
2959 5411 3159 5457 sunt.—
3180 5407 3244 5472 (b)
3275 5409 3421 5474 Vulg.
3443 5423 3550 5462 non
3565 5410 3721 5462 habet
3734 5412 3907 5464 Salva-

2375 5482 2549 5527 tor-em.
2562 5505 2620 5515 —
2643 5480 2705 5541 (c)
2724 5480 2840 5542 Lep.
2861 5477 3123 5528 effusionis
3140 5479 3494 5543 degustant.-—
3512 5482 3585 5547 (d)
3601 5483 3724 5533 Item
3736 5482 3904 5535 faciat.
