4059 6317
707 477 786 537 72

710 610 957 690 portam
1010 621 1232 689 passus
1279 609 1396 671 est.
1437 626 1469 666 n
1528 606 1900 671 Invenimus
1951 620 2098 670 eum
2153 605 2229 670 in

710 715 977 796 campis,
1000 713 1064 778 et
1087 712 1403 796 sequitur-¹
1437 730 1456 777 ε
1485 734 1517 775 α
1542 711 1964 777 Adorabimus
2000 710 2070 773 in
2093 710 2231 774 loco

1788 465 2203 535 SERMONES
2244 468 2343 536 DE
2380 467 2772 536 TEMPORE.

2337 604 2740 685 dissolvitur3
2799 604 3241 670 abstinentiam
3284 621 3416 669 non
3460 605 3664 685 timet,
3707 601 3866 689 quia

2338 728 2547 793 neque
2575 712 2715 776 cibo
2738 712 2982 777 utitur:
3015 712 3364 778 concordias
3389 717 3603 777 autem
3627 717 3862 778 nostrae

711 821 826 886 ubi
862 822 1166 885 steterunt
1191 819 1379 902 pedes
1409 822 1571 901 ejus,
1596 841 1629 878 n
1667 818 1897 883 scilicet
1923 818 1993 881 in
2019 835 2230 882 cruce.
2338 818 2531 882 nimis
2575 818 2930 898 insidiatur,
2976 819 3129 902 quia
3171 820 3343 901 quod
3381 819 3517 902 ipse
3561 820 3773 884 amisit
3795 819 3868 884 in

714 926 1078 994 Psalmista’
1092 949 1107 992 z
1121 949 1153 989 ι
1165 925 1437 992 Adorate
1457 926 1802 992 scabellum
1818 923 2050 1008 pedum
2065 926 2232 1007 ejus,

713 1034 1018 1120 quoniam
1040 1037 1330 1099 sanctum
1357 1038 1468 1099 est.
1496 1057 1528 1094 n
1556 1033 1821 1116 Ubiipse
1837 1032 2188 1116 passusfuit
2204 1034 2237 1095 7

716 1143 789 1209 In
830 1142 1133 1226 patibulo.
1185 1142 1309 1208 Sed
1361 1142 1473 1207 ubi
1520 1142 1761 1225 positus
1811 1139 1980 1205 fuiti
2019 1140 2094 1203 In
2135 1158 2235 1204 se-

714 1251 956 1336 pulcro,
986 1251 1065 1316 de
1090 1268 1221 1334 quo
1242 1251 1308 1314 ⁸:
1348 1274 1378 1313 α
1403 1250 1621 1317 Videte
1648 1249 1861 1314 locum
1874 1296 1893 1328 ,
1922 1248 2034 1312 ubi
2069 1248 2235 1331 posi·

714 1366 820 1426 tus
841 1363 975 1426 erat
1000 1359 1327 1426 Dominus.
1354 1380 1386 1420 n
1422 1359 1581 1425 Item
1608 1358 1720 1423 ubi
1745 1375 2088 1440 resurgens
2104 1359 2136 1421 *ἲ
2168 1357 2241 1421 In

719 1467 942 1534 domo⁸
971 1489 1027 1532 :e
1046 1466 1204 1532 Cum
1227 1485 1369 1533 sero
1385 1468 1623 1533 factum
1639 1469 1803 1531 esset
1826 1465 1930 1531 die
1958 1465 2087 1544 illa,
2110 1483 2244 1529 una

720 1576 1147 1654 sabbatorum,
1179 1578 1242 1639 et
1258 1575 1422 1640 fores
1438 1579 1645 1640 essent
1659 1575 1914 1653 clausoe,
1934 1571 2045 1636 ubi
2065 1574 2245 1634 erant

719 1681 1009 1765 discipuli
1042 1682 1437 1764 congregati,
1470 1701 1502 1741 n
1531 1683 1649 1745 etc.
1699 1679 1820 1744 Ubi
1863 1677 2243 1742 ascendens?

724 1790 798 1855 In
819 1788 980 1854 coelo
1003 1793 1027 1830 ⁸
1057 1806 1075 1853 ε
1115 1811 1146 1849 α
1167 1786 1235 1852 Si
1260 1787 1544 1855 videritis
1583 1785 1817 1851 Filium
1840 1784 2119 1850 hominis
2143 1802 2244 1848 as-

724 1895 1117 1973 cendentem,
1148 1895 1260 1959 ubi
1288 1894 1466 1977 prius
1492 1895 1675 1959 erat?
1699 1915 1731 1955 n
1766 1896 1946 1959 Nunc
1971 1909 2132 1975 ergo
2157 1891 2248 1958 vi-

725 1998 805 2063 de
830 2000 894 2062 et
921 2011 1134 2080 quaere
1161 1997 1497 2079 diligenter
1510 1996 1623 2061 ubi
1636 1999 1823 2060 natus
1837 2000 1951 2075 est,
1974 2000 2052 2059 ut
2076 2011 2249 2059 ames

728 2111 1163 2191 paupertatem
1206 2127 1223 2171 ι
1255 2106 1343 2171 ibi
1368 2106 1540 2171 enim
1559 2154 1577 2186 ,
1610 2106 1679 2170 in
1705 2104 2052 2172 diversorio
2066 2153 2088 2185 ,
2127 2107 2253 2169 Do-

730 2217 943 2282 minus
965 2234 1204 2300 pauper
1228 2215 1369 2295 fuit,
1396 2216 1657 2281 omnino
1682 2233 1924 2298 pauper
1949 2215 2017 2279 in
2044 2215 2251 2279 omni-

731 2326 876 2404 bm,
922 2329 998 2389 ut
1034 2327 1203 2408 patet
1236 2323 1308 2387 in
1338 2323 1710 2405 Evangelio.
1742 2323 1918 2389 Unde
1943 2322 2254 2406 Hierony-

735 2432 952 2498 mus⁶z
981 2455 1015 2494 α
1041 2429 1089 2496 Ο
1118 2432 1333 2511 homo,
1359 2431 1513 2514 quid
1534 2432 1832 2497 sollicitus
1858 2449 1926 2496 es
1952 2431 2030 2496 de
2057 2430 2259 2513 regali

735 2538 1047 2606 aedificio?
1082 2539 1236 2604 Ecce
1275 2538 1566 2606 Salvator
1608 2544 1757 2604 tuus
1783 2557 1914 2605 non
1940 2539 2134 2605 habet
2156 2540 2259 2605 lo-

736 2666 887 2713 cum
912 2647 984 2712 in
1010 2647 1377 2713 diversorio.
1399 2646 1562 2724 Quid
1584 2646 1934 2712 sollicitaris
1961 2648 2042 2713 de
2066 2648 2259 2713 clien-

737 2759 880 2821 tum
922 2754 1233 2836 collegio?
1273 2753 1433 2819 Ecce
1475 2754 1612 2819 Rex
1646 2759 1799 2819 tuus
1839 2755 2072 2821 dormit
2116 2774 2264 2820 cum

740 2864 905 2928 bove
938 2867 1003 2927 et
1028 2862 1224 2926 asino.
1272 2862 1430 2926 ltem
1470 2862 1583 2926 ubi
1618 2880 1861 2945 passus,
1905 2866 1978 2927 ut
2017 2863 2268 2928 studeas

743 2969 824 3035 ad
848 2969 1168 3052 quietem?
1198 2968 1272 3032 In
1300 2968 1586 3051 sepulcro
1602 3015 1620 3046 ‚
1668 2969 1779 3033 ubi
1820 2968 2120 3033 Dominus
2158 2989 2267 3034 re-

744 3076 988 3161 quievit
1011 3080 1076 3141 et
1101 3077 1379 3160 quietem
1407 3076 1638 3140 mentis
1660 3076 1894 3142 docuit.
1913 3098 1943 3138 n
1973 3076 2141 3143 Istud
2161 3078 2271 3146 ubi

745 3203 878 3251 non
905 3184 1231 3250 invenitur
1254 3183 1333 3248 de
1359 3183 1548 3248 facili.
1573 3181 1749 3248 Unde
1774 3182 2013 3266 legitur
2034 3185 2058 3221 ⁷
2077 3186 2155 3251 de
2165 3205 2269 3252 co·

747 3291 967 3357 lumba
1007 3310 1026 3356 z
1063 3314 1095 3353 a
1118 3291 1276 3369 Quae
1315 3308 1447 3354 non
1487 3292 1850 3357 inveniebat
1886 3291 1991 3376 (a),
2026 3295 2139 3358 ubi
2170 3281 2274 3360 re·

751 3400 1098 3483 quiesceret
1141 3417 1251 3482 pes
1286 3401 1446 3483 ejus,
1478 3419 1509 3459 »
1543 3402 1606 3464 et
1639 3401 1965 3483 sequitur:
2008 3425 2040 3463 α
2068 3401 2144 3467 Et
2170 3421 2276 3467 re-

752 3509 865 3574 diit
893 3507 968 3590 (b)
1000 3508 1078 3572 ad
1105 3525 1339 3572 arcam.
1374 3529 1405 3567 υ
1428 3507 1529 3572 Sic
1552 3507 1735 3572 debet
1761 3507 1996 3588 anima,
2023 3527 2157 3573 non
2183 3510 2276 3573 in·

755 3616 1015 3681 veniens
1037 3615 1323 3698 requiem
1349 3614 1578 3679 mentis
1601 3615 1773 3694 soris,
1802 3615 2005 3680 redire
2031 3616 2111 3680 ad
2124 3634 2275 3679 con-

755 3721 1078 3787 scientiam
1096 3721 1390 3786 interius.
1419 3721 1855 3803 Augustinus⁸
1888 3744 1903 3786 ε
1936 3744 1969 3784 <1
2001 3722 2277 3799 Quaerite

757 3827 928 3910 quod
972 3828 1257 3910 quaeritis
1289 3849 1305 3906 ;
1345 3827 1455 3891 sed
1497 3827 1785 3910 quaeritis
1819 3828 2135 3911 requiem,
2168 3829 2277 3894 ubi

757 3953 885 4000 non
926 3938 1023 3999 est
1060 3936 1328 4018 requies,
1366 3959 1398 3995 »
1441 3936 1676 4001 scilicet
1699 3937 1769 4000 in
1802 3938 2275 4019 temporalibus.

760 4044 914 4108 Item
960 4043 1104 4108 vide
1134 4047 1209 4107 ut
1245 4044 1525 4125 refugias
1554 4043 1635 4108 ad
1663 4062 1812 4108 eum
1836 4093 1854 4125 ,
1884 4049 1949 4109 et
1974 4045 2283 4111 custodias

759 4151 1114 4216 unitatem:
1145 4151 1310 4215 hanc
1350 4151 1524 4215 enim
1557 4150 1694 4216 Rex
1728 4150 2010 4226 Christus
2035 4152 2278 4218 habuit.

761 4259 939 4325 Unde
967 4261 1030 4323 et
1054 4257 1349 4338 Th0mas,
1381 4276 1528 4323 cum
1556 4259 1789 4322 abaliis
1803 4259 2050 4324 divisus
2063 4262 2277 4340 esset’,

761 4366 1100 4432 Dominum
1145 4369 1296 4429 tunc
1319 4383 1449 4429 non
1472 4365 1652 4429 vidit.
1682 4365 1858 4430 Unde
1889 4366 2188 4432 Dominus
2216 4368 2285 4432 in

765 4471 1114 4555 Evangelio
1132 4471 1177 4510 ¹⁰
1206 4494 1222 4535 ι
1263 4494 1295 4532 α
1321 4470 1438 4536 Ubi
1465 4472 1593 4536 duo
1622 4472 1877 4538 veltres
1913 4478 2288 4557 congregati

765 4581 1001 4646 fuerint
1037 4578 1109 4643 in
1147 4579 1406 4644 nomine
1442 4596 1610 4658 meo,
1648 4579 1737 4644 ibi
1777 4599 1923 4644 sum
1966 4581 2036 4644 in
2082 4584 2290 4648 medio

766 4679 1014 4753 eorum.
1035 4708 1066 4747 n
1099 4685 1187 4751 De
1212 4686 1333 4751 hoc
1358 4687 1758 4768 Augustinus
1786 4689 1827 4723 ¹¹
1863 4707 1879 4751 ε
1921 4711 1952 4749 α
1973 4689 2291 4771 Antiquus

768 4796 966 4861 hostis
991 4793 1445 4859 continentiam
1464 4791 1534 4857 in
1549 4794 1731 4858 nobis
1755 4810 1887 4859 non
1910 4796 2113 4876 timet,
2143 4800 2293 4879 quia

770 4919 980 4984 neque
1005 4900 1315 4983 premitur
1342 4917 1552 4979 carne,
1581 4918 1789 4983 neque
1816 4902 2008 4966 etiam
2039 4902 2296 4971 lascivia

837 5029 849 5058 ¹
879 5026 1015 5078 Psal.
1052 5037 1236 5091 cxxxi,
1266 5026 1315 5075 7.
1342 5051 1402 5062 -
1433 5025 1452 5055 ²
1478 5024 1610 5075 Psal.
1636 5037 1828 5091 xcvm,
1865 5030 1913 5077 5.
1948 5055 2004 5066 --
2038 5029 2060 5065 ⁸
2089 5029 2294 5092 matth..

776 5109 969 5161 xxvm,
1008 5101 1053 5151 6.
1089 5123 1149 5135 -
1186 5097 1209 5134 ⁸
1235 5098 1397 5161 Joan„
1434 5109 1536 5161 xx,
1568 5099 1643 5148 19.
1670 5123 1731 5136 -
1767 5100 1789 5136 ⁸
1824 5098 1972 5163 ibid„
2013 5111 2094 5165 v1,
2130 5105 2207 5153 63.
2234 5127 2295 5142 -

777 5171 796 5201 ⁸
826 5169 1031 5222 Hieron.
1063 5195 1125 5207 —
1159 5170 1182 5205 '¹
1211 5169 1350 5226 Gen..
1394 5180 1515 5230 vm,
1552 5171 1598 5219 9.
1628 5195 1689 5208 --
1723 5171 1742 5200 ⁸
1768 5172 1918 5236 Aug„
1955 5172 2007 5222 in
2048 5172 2181 5226 Psal.
2223 5185 2294 5238 1v,

778 5256 832 5293 n.
857 5244 912 5308 3,
940 5244 1108 5308 quoad
1134 5256 1356 5293 sensum.
1380 5267 1441 5279 —
1464 5242 1487 5278 ⁸
1511 5241 1676 5304 Joan„
1703 5257 1801 5310 xx,
1830 5246 1908 5295 24.
1937 5271 2000 5282 —
2024 5246 2066 5280 ¹⁶
2094 5245 2298 5312 Manli„

777 5325 936 5378 zvar,
968 5319 1046 5365 20.
1078 5339 1131 5351 —-·
1181 5315 1217 5349 ²²
1246 5315 1396 5421 Aug„
1436 5313 1490 5361 in
1530 5314 1659 5363 Psal.
1691 5327 1878 5379 cxmn,
1916 5317 2118 5379 Euam,
2156 5331 2211 5368 n.
2247 5320 2297 5381 7,

780 5387 949 5450 quoad
977 5399 1200 5437 sensum.
1226 5412 1283 5423 —
1398 5384 1490 5448 ld.,
1522 5384 1582 5433 de
1622 5383 1821 5446 Trinit„
1849 5387 1937 5438 lib.
1968 5389 2106 5451 Vlll,
2135 5402 2188 5438 n.
2222 5393 2298 5453 12,

780 5457 948 5530 quoad
986 5471 1206 5509 sensum.
1246 5483 1299 5496 -
1354 5455 1397 5493 ¹⁸
1432 5454 1662 5522 Sallust„
1699 5457 1759 5506 de
1796 5458 1926 5510 Bell.
1969 5460 2207 5525 Juqurela.
2243 5487 2296 5498 -

2342 923 2522 1004 ooelo,
2573 925 2738 1005 facit,
2777 930 2850 990 ut
2883 942 3018 990 non
3051 942 3377 991 servemus
3417 927 3489 990 in
3527 926 3799 991 deserto.
3835 946 3867 986 n

2342 1031 2768 1114 AugustinuS‚
2798 1031 2878 1098 de
2919 1032 3235 1100 Trinitate
3264 1034 3310 1075 ¹¹
3339 1052 3403 1097 :a
3426 1030 3528 1098 Sic
3544 1032 3873 1097 familiaris

2344 1141 2439 1203 est
2469 1139 2734 1205 Domino
2759 1140 3062 1219 charitas,
3111 1140 3282 1222 quod
3308 1140 3441 1222 ipse
3477 1140 3874 1204 mansionem

2345 1251 2577 1317 habere
2599 1251 2828 1330 noluit,
2853 1252 2964 1316 ubi
2990 1252 3264 1315 charitas
3287 1269 3418 1316 non
3450 1252 3664 1317 fuerit.
3688 1274 3719 1312 n
3756 1252 3875 1315 lsi-

2345 1358 2543 1423 dorus
2567 1377 2650 1423 ex
2675 1358 2969 1424 Sallustio
2994 1360 3043 1399 ¹⁸
3076 1380 3138 1424 :a
3162 1358 3505 1424 Concordia
3528 1375 3749 1442 parvae
3776 1376 3884 1424 res

2349 1470 2636 1530 crescunt
2668 1488 2686 1544 ;
2729 1465 3041 1531 discordia
3092 1465 3389 1530 maximas
3427 1483 3532 1531 res
3583 1466 3876 1530 dilabun-

2348 1574 2482 1637 tur.
2512 1593 2544 1633 n
2583 1571 2737 1637 Item
2777 1572 2922 1639 vide
2959 1572 3350 1637 ascendentis
3399 1571 3880 1652 beatitudinem,

2351 1685 2425 1745 ut
2445 1681 2798 1764 assequaris
2810 1681 2854 1720 ¹⁸
2875 1702 2937 1745 ια
2961 1679 3030 1745 Si
3051 1680 3195 1763 quis
3221 1680 3382 1744 mihi
3406 1680 3744 1759 ministrat,
3777 1697 3884 1746 me

2351 1792 2689 1870 sequatur3
2719 1791 2783 1853 et
2815 1789 2926 1852 ubi
2971 1804 3098 1870 ego
3124 1804 3268 1852 sum
3287 1835 3306 1868 ,
3333 1786 3463 1851 illic
3492 1792 3556 1851 et
3594 1785 3889 1851 minister

2353 1913 2535 1959 meus
2594 1896 2737 1961 erit.
2763 1915 2795 1955 n
2832 1893 3022 1975 Nota,
3067 1893 3324 1977 quando
3372 1893 3579 1959 oravit
3620 1911 3744 1977 pro
3794 1911 3887 1972 se,

2355 2003 2563 2067 oravit
2589 2002 2710 2067 sub
2755 1999 3108 2068 conditione
3137 2002 3182 2038 ¹³
3210 2023 3227 2066 z
3257 2001 3464 2081 Pater,
3492 2003 3555 2068 si
3590 2001 3892 2084 possibile

2357 2114 2470 2190 est,
2503 2114 2785 2177 transcat
2823 2126 2866 2176 a
2902 2126 2998 2175 me
3045 2110 3224 2176 calia-
3247 2111 3405 2189 istm
3452 2115 3895 2176 verumtamen

2356 2233 2488 2284 non
2514 2219 2684 2284 aaut
2710 2232 2817 2300 eqo
2840 2217 2999 2294 volo,
3029 2221 3148 2281 etc.
3180 2216 3302 2282 Sed
3330 2233 3520 2280 orans
3543 2231 3657 2298 pro
3678 2216 3891 2294 nobis,

2359 2325 2510 2390 dicit
2532 2322 2817 2390 absolute
2841 2325 2886 2361 ²⁸
2909 2323 3089 2391 :Volo
3105 2328 3200 2405 ut,
3229 2324 3343 2390 ubi
3368 2339 3510 2390 sum
3536 2338 3666 2406 eqo,
3697 2328 3767 2391 et
3791 2322 3900 2390 ius

2361 2436 2500 2501 sint
2524 2449 2788 2512 mecum,
2817 2435 2937 2498 etc.
2969 2431 3100 2498 Hoc
3127 2436 3586 2515 argumentum
3624 2436 3722 2497 oet
3750 2449 3900 2497 ma-

2365 2541 2480 2624 gni
2506 2541 2764 2605 amoris.

2446 2646 2744 2731 Sequitur
2788 2664 3029 2729 magna
3064 2646 3332 2712 materia
3364 2645 3683 2728 gaudendi
3715 2668 3734 2710 ε
3777 2647 3902 2721 Qui

2368 2764 2561 2825 natus
2587 2761 2701 2823 est.
2736 2755 2896 2821 Nota
2919 2737 3092 2839 quod
3116 2755 3413 2821 nativitas
3458 2753 3687 2819 Christi
3717 2756 3903 2820 mul-
3931 2759 4045 2831 Mt<

2369 2864 2565 2947 tiplex
2602 2863 2754 2941 fuit,
2805 2867 2869 2928 et
2921 2867 3015 2927 est
3058 2862 3369 2944 gaudium
3404 2879 3744 2944 magnum.
3795 2862 3906 2928 Est
3931 2824 4045 2958 ΕΞ

2371 2971 2546 3036 enim
2601 2970 2864 3034 materia
2915 2968 3308 3034 deslderandi
3359 2969 3854 3052 expectantibus
3881 3021 3899 3053 ,
3932 2949 4045 3006 ‘⁸¹¹⁶'

2371 3079 2637 3143 materia
2662 3075 2987 3159 gaudendi
3025 3076 3461 3156 cernentibus,
3508 3077 3782 3142 materia
3808 3078 3908 3143 lo-

2372 3187 2611 3271 quendi
2658 3181 3146 3261 praedicantibus
3160 3231 3181 3262 ,
3229 3185 3497 3249 materia
3544 3184 3909 3251 admirandi

2376 3294 2826 3377 cogitantibus.
2865 3291 3010 3356 Fuit
3026 3340 3042 3371 ‚
3089 3294 3353 3376 inquam
3370 3341 3390 3371 ,
3430 3293 3697 3357 materia
3734 3292 3910 3358 desi-

2377 3402 2638 3467 derandi
2664 3399 2954 3485 patribus
2980 3400 3461 3482 expectantibus
3477 3446 3498 3478 ,
3538 3403 3612 3464 ut
3638 3403 3818 3482 patet
3845 3399 3912 3464 in

2378 3509 2764 3575 orationibus
2790 3525 3037 3572 eorum.
3068 3506 3249 3571 Alius
3273 3506 3446 3572 enim
3471 3507 3720 3572 dicitu:
3750 3530 3785 3568 α
3803 3507 3917 3572 Sa-

2378 3617 2582 3682 lutare
2624 3620 2808 3681 tuum
2855 3614 3219 3697 expectabo.
3247 3635 3278 3674 n
3314 3614 3495 3680 Alius
3530 3616 3756 3680 orabat
3799 3616 3847 3656 ¹⁸
3891 3637 3908 3679 x

2390 3748 2421 3786 α
2439 3723 2727 3802 Domine,
2751 3722 2991 3787 inclina
3016 3722 3207 3787 coelos
3232 3726 3400 3800 tuos,
3428 3726 3493 3786 et
3518 3722 3856 3788 descende.
3876 3744 3907 3783 n
4043 3733 4044 3738 ’

2381 3831 2563 3895 Alius
2591 3836 2682 3895 ⁸⁹:
2719 3853 2751 3892 α
2773 3830 3027 3895 Utinam
3059 3830 3492 3913 disrumperes
3517 3831 3589 3910 (c)
3632 3829 3832 3895 coelos
3856 3835 3920 3894 et

2382 3939 2825 4004 descenderes!
2856 3959 2888 3998 n
2907 3937 3269 4003 Bernardus
3293 3940 3341 3979 ²⁰
3370 3960 3386 4002 t
3414 3960 3445 3999 ι
3470 3936 3835 4004 Confimdor
3859 3942 3922 4002 et

2385 4062 2790 4127 compungor
2813 4046 2880 4108 in
2920 4046 3335 4129 memetipso,
3376 4051 3440 4110 et
3474 4046 3587 4111 vix
3624 4047 3922 4110 contineo

2385 4152 2719 4234 lacrymas,
2746 4153 2900 4236 quia
2925 4153 3115 4218 taedet
3142 4170 3247 4217 me
3275 4152 3740 4217 miserabilium
3761 4158 3923 4217 tem·

2388 4277 2642 4342 porum.
2675 4259 2788 4325 Cui
2815 4259 2988 4323 enim
3027 4265 3322 4324 nostrum
3361 4262 3611 4324 tantum
3653 4262 3926 4340 generat

2393 4367 2705 4449 gaudium
2732 4368 2930 4450 hujus
2964 4368 3189 4448 gratiae
3217 4365 3523 4431 exhibitio
3539 4414 3561 4445 ‚
3605 4371 3923 4449 quantum
3988 4383 3997 4393 ·

2391 4476 2670 4559 antiquis
2692 4474 2981 4558 patribus
3000 4473 3349 4555 generabat
3372 4472 3756 4538 desiderium
3787 4475 3926 4539 sola

2391 4582 2798 4668 repromissio
2811 4584 2843 4646 *ἲ
2871 4603 2903 4642 n
2943 4580 3100 4646 Item
3145 4581 3411 4646 materia
3439 4579 3760 4664 gaudendi
3797 4600 3930 4646 cer·

2393 4693 2725 4771 nentibus,
2756 4689 2943 4774 qnia,
2977 4693 3051 4755 ut
3075 4690 3226 4755 dicit
3252 4690 3524 4755 loannes
3551 4687 3927 4774 Chrysosto-

2393 4818 2542 4864 mus
2566 4800 2609 4836 ¹¹
2652 4820 2669 4862 t
2710 4820 2740 4858 α
2767 4796 3135 4879 Expectatio
3173 4795 3326 4860 boni
3354 4796 3930 4880 concupiscentiam

2397 4907 2595 4989 parit3
2625 4904 2963 4989 praesentia
2988 4919 3164 4983 vero,
3194 4903 3504 4968 laetitiam.
3532 4923 3564 4963 n
3587 4904 3637 4944 ¹¹
3667 4924 3699 4964 a
3727 4901 3931 4970 Evan-

2399 5078 2438 5114 ²⁴
2469 5078 2637 5138 Joan„
2662 5084 2766 5139 x11,
2794 5077 2873 5125 26.
2902 5099 2963 5112 —
3003 5076 3041 5107 ¹⁸
3073 5073 3274 5135 Martia„
3307 5086 3456 5137 xxvi,
3487 5075 3567 5123 39.
3593 5098 3654 5111 —
3695 5074 3734 5108 ¹⁸
3761 5074 3931 5138 lom„

2399 5160 2532 5211 ινιτ,
2559 5151 2637 5199 24.
2661 5172 2724 5185 —
2750 5147 2790 5182 ¹⁷
2820 5145 2962 5208 Gen„
2990 5156 3135 5207 mx,
3165 5147 3242 5196 18.
3262 5169 3325 5184 -
3353 5144 3398 5181 ⁸⁸
3427 5143 3560 5195 psal.
3589 5156 3771 5207 cnm,
3795 5148 3846 5197 5.
3871 5173 3933 5185 -

2402 5220 2442 5254 ¹⁹
2472 5221 2596 5280 lsa„
2630 5228 2769 5279 uw,
2799 5221 2845 5268 1.
2874 5241 2937 5253 -
2963 5217 3006 5254 ²⁰
3037 5217 3211 5279 Rern„
3239 5217 3292 5266 in
3319 5215 3488 5278 Cant„
3519 5229 3671 5267 serm.
3703 5228 3766 5279 u,
3791 5230 3849 5266 n.
3884 5221 3927 5266 1.

2401 5316 2464 5328 -
2488 5292 2531 5327 ¹¹
2560 5289 2821 5354 Chrysost.
2848 5314 2910 5326 -
2936 5288 2974 5320 ²²
3000 5288 3140 5347 Luc„
3169 5298 3227 5350 11,
3257 5291 3332 5337 1ο.

2466 5391 2531 5447 (a)
2570 5386 2711 5452 γαίᾳ.
2735 5399 2851 5437 oum
2879 5399 2985 5439 non
3010 5384 3302 5437 invenisset.
3329 5410 3387 5421 —-
3415 5386 3430 5444 (
3438 5383 3481 5448 b)
3510 5385 3734 5435 Reversa
3756 5389 3852 5440 est.
3877 5410 3927 5422 -

2403 5458 2466 5526 (c)
2497 5458 2838 5525 Dirumperes.
