4059 6317
670 491 792 555 264

670 641 816 689 ecce
874 611 1086 688 Filius'
1110 622 1332 688 exiens
1382 622 1460 687 de
1513 621 1700 687 corde
1758 619 1963 685 Patris
2014 615 2212 700 (Psal-

670 729 859 794 mista
884 730 904 767 ¹
949 750 966 793 :
1012 729 1347 797 Eructavit
1395 744 1502 796 cor
1546 743 1756 794 meum
1797 723 2053 792 verbum
2097 723 2209 790 bo-

670 837 845 921 num)
868 885 890 918 ‚
948 835 1144 901 Filius
1160 884 1178 917 ,
1223 836 1486 920 inquam
1505 884 1526 914 ,
1573 838 1778 900 totum
1849 850 1958 896 cor
2004 830 2208 896 Patris

670 942 896 1022 sciens,
920 941 1056 1007 ait:
1100 943 1241 1025 Ipse
1271 943 1456 1011 Pater
1478 946 1654 1009 amat
1697 954 1829 1007 vos.
1873 937 2062 1004 Hunc
2097 935 2208 1001 Pa-

670 1053 862 1127 trem,
881 1049 1044 1114 sicut
1075 1049 1210 1133 ipse
1229 1050 1431 1116 Filius
1452 1052 1719 1115 testatus
1751 1050 1868 1126 est,
1894 1045 2210 1110 habemus

670 1156 1147 1240 propitiatorem
1173 1157 1240 1221 in
1269 1158 1534 1237 mundo,
1565 1160 1992 1239 susceptorem
2011 1152 2081 1215 in
2104 1170 2211 1216 ex·

669 1267 898 1343 tremo,
930 1262 1428 1346 glorificatorem
1449 1263 1519 1328 in
1549 1260 1731 1341 coelo,
1752 1263 2104 1325 amatorem
2127 1259 2209 1323 ab

671 1374 934 1438 aeterno.

752 1478 841 1544 De
877 1480 1085 1564 primo
1121 1480 1146 1515 ⁸
1187 1498 1206 1545 t
1244 1503 1276 1542 α
1318 1478 1383 1546 Si
1428 1477 1790 1545 dimiseritis
1842 1472 2214 1540 hominibus

672 1590 929 1670 peccata
954 1604 1202 1664 eorum,
1230 1585 1503 1652 dimittet
1526 1584 1732 1663 vobis,
1760 1604 1792 1643 a
1831 1587 1951 1647 etc.
1983 1579 2067 1645 Ut
2093 1597 2213 1643 au-

670 1698 806 1759 tem
834 1691 1019 1760 Pater
1044 1694 1165 1759 iste
1188 1694 1464 1759 dimittat
1492 1692 1698 1772 nobis,
1732 1690 1930 1756 Filius
1957 1688 2211 1754 Patrem

672 1817 791 1884 pro
817 1800 1002 1866 nobis
1025 1799 1421 1884 interpellat⁸
1445 1817 1464 1864 z
1496 1822 1528 1861 α
1545 1800 1939 1865 Advocatum
1964 1796 2033 1859 in
2053 1793 2214 1860 coelo

672 1909 986 1975 habemus
1009 1911 1179 1994 apud
1207 1910 1485 1976 Patrem.
1507 1931 1539 1970 n
1559 1906 1910 1989 Gregorius
1925 1905 1949 1941 ⁸
1973 1923 1990 1966 ι
2015 1926 2048 1966 α
2070 1901 2214 1969 Non

674 2018 745 2082 in
774 2017 1031 2083 fletibus
1046 2065 1065 2096 ,
1106 2035 1240 2082 non
1278 2017 1345 2081 in
1375 2016 1623 2082 actibus
1666 2011 1904 2079 nostris
1932 2010 2212 2076 confida-

675 2142 845 2203 mus,
893 2123 1002 2188 sed
1046 2123 1115 2188 in
1143 2122 1430 2189 advocati
1468 2122 1670 2187 nostri
1717 2119 2122 2201 allegatione.
2175 2138 2206 2177 ι

677 2228 844 2308 Quid
866 2229 1107 2295 mirum
1143 2231 1197 2294 si
1227 2228 1480 2294 Patrem
1508 2231 1728 2294 exoret
1768 2244 1887 2310 pro
1933 2224 2120 2290 nobis
2147 2224 2215 2289 in

676 2337 867 2415 coelo,
895 2337 1011 2421 qui
1034 2354 1153 2420 pro
1176 2336 1665 2401 crucifixoribus
1702 2334 1913 2399 oravit
1952 2332 2025 2396 in
2051 2332 2216 2414 pati-

676 2446 872 2511 bulo?
898 2444 921 2480 ⁸
956 2465 988 2504 α
1010 2440 1216 2523 Pater,
1247 2442 1493 2507 dimitte
1527 2441 1684 2521 illis,
1725 2440 1878 2524 quia
1920 2439 2215 2504 nesciunt

678 2552 834 2636 quid
859 2551 1125 2617 faciunt.
1164 2573 1196 2612 n
1237 2552 1321 2616 lle
1358 2551 1485 2615 hoc
1524 2550 1723 2615 verbo
1766 2550 1855 2613 ait
1897 2546 2216 2629 Augusti-

677 2678 805 2725 nus
823 2659 847 2696 ⁸
875 2677 893 2723 t
928 2681 960 2720 α
985 2656 1188 2736 Quem
1208 2657 1405 2742 petit?
1433 2676 1550 2741 pro
1569 2657 1842 2740 quibust
1872 2656 2029 2720 ubit
2053 2654 2217 2721 Petit

679 2763 931 2830 Patrem
959 2764 1180 2843 Filius,
1222 2783 1339 2848 pro
1380 2764 1594 2847 impiis
1638 2763 2020 2840 crucifixus,
2051 2759 2218 2828 inter

681 2875 852 2956 ipsas
878 2873 1153 2956 injurias
1180 2872 1403 2937 mortis
1430 2871 1642 2950 illatae,
1672 2871 1954 2954 pendens
1980 2871 2053 2933 in
2078 2887 2220 2933 cru·

680 3000 776 3047 ce.
804 3003 836 3042 n
869 2981 942 3045 In
968 2981 1071 3045 bis
1096 2980 1211 3044 tibi
1240 2979 1429 3044 datur
1451 2979 1819 3061 exemplum
1842 2994 2038 3060 quam
2064 2976 2221 3040 inte-

679 3107 819 3170 gre,
851 3105 1048 3172 quam
1074 3104 1318 3168 magna
1340 3086 1690 3165 voluntate,
1721 3103 1918 3169 quam
1945 3084 2072 3149 cito
2105 3084 2216 3149 de-

679 3197 831 3261 beas
870 3195 1207 3276 indulgere
1258 3193 1662 3277 peccantibus
1687 3192 1756 3255 in
1790 3195 1873 3256 te.
1922 3189 2177 3272 Integre
2196 3236 2214 3269 ,

680 3304 833 3389 quia
888 3303 1126 3368 amicos
1174 3306 1340 3381 tuos,
1386 3300 1669 3366 volentes
1730 3303 1794 3364 te
1851 3299 2176 3363 vindicare
2195 3345 2215 3377 ,

681 3414 930 3495 oportet
952 3414 1018 3475 te
1042 3427 1298 3492 rogare,
1330 3411 1405 3472 ut
1442 3406 1793 3486 dimittant,
1842 3406 2006 3471 sicut
2047 3405 2220 3470 Chri-

680 3523 816 3583 stus
841 3518 1098 3600 rogavit
1125 3517 1399 3583 Patrem.
1433 3513 1668 3595 Magna
1693 3513 2041 3591 voluntate,
2065 3513 2220 3597 quia

679 3626 750 3690 in
803 3625 1021 3691 mortis
1086 3624 1388 3689 illatione.
1452 3622 1621 3702 Cito,
1679 3621 1830 3705 quia
1882 3622 1952 3685 in
1994 3622 2218 3686 eodem

679 3731 840 3809 loco,
870 3732 983 3796 ubi
1012 3734 1281 3796 mortem
1305 3729 1523 3814 patris,
1552 3728 1656 3794 vel
1685 3727 1877 3793 aliam
1912 3728 2218 3810 injuriam

681 3838 931 3922 accipis.

762 3946 850 4011 De
893 3943 1169 4010 secundo
1210 3941 1234 3979 '¹
1279 3966 1295 4009 ε
1343 3966 1375 4006 α
1418 3943 1638 4023 Pater,
1686 3942 1757 4006 in
1806 3960 2039 4007 manus
2076 3945 2220 4006 tuas

682 4052 1058 4120 commendo
1086 4051 1394 4135 Spiritum
1435 4069 1678 4116 meum.
1718 4072 1749 4110 υ
1784 4048 1919 4115 Hoc
1956 4067 2089 4114 non
2114 4068 2217 4115 so-

683 4163 822 4227 lum
843 4161 913 4226 in
940 4163 1166 4240 morte,
1197 4159 1307 4224 sed
1332 4158 1511 4224 omni
1531 4158 1634 4223 die
1659 4175 1844 4223 orare
1870 4156 2082 4221 debes.
2110 4155 2221 4223 Se-

684 4267 1037 4333 curissimae
1060 4269 1213 4331 sunt
1239 4265 1497 4346 animae,
1527 4282 1675 4348 quae
1704 4264 1827 4328 bac
1854 4280 2055 4327 manu
2079 4282 2220 4327 sus-

684 4374 1008 4458 cipiuntur
1033 4373 1100 4437 in
1123 4376 1328 4437 morte
1355 4376 1379 4414 ⁸
1411 4394 1428 4437 ε
1468 4393 1500 4433 α
1524 4370 1726 4436 Nemo
1765 4373 1968 4453 potest
1999 4387 2223 4453 rapere

686 4484 761 4545 de
787 4498 989 4546 manu
1018 4479 1221 4545 Patris
1245 4479 1400 4544 mei.
1419 4501 1451 4539 ι)
1488 4477 1614 4543 Sed
1645 4476 1897 4542 attende
1922 4476 2093 4560 quod
2123 4476 2226 4541 de-

685 4588 838 4654 bent
866 4606 1004 4653 esse
1028 4587 1222 4652 lucidi
1247 4601 1362 4671 per
1389 4585 1668 4668 gratiam
1685 4632 1704 4664 ,
1732 4584 1848 4667 qui
1891 4602 2091 4649 manu
2115 4583 2224 4648 Dei

685 4693 1067 4779 suscipiendi
1093 4696 1245 4759 sunt
1265 4693 1347 4759 ad
1372 4692 1671 4775 gloriam.
1704 4690 1883 4756 Unde
1902 4691 2066 4756 bene
2088 4710 2225 4775 sep-

683 4807 816 4868 tem
842 4801 1054 4867 stellas
1080 4801 1148 4866 in
1174 4819 1374 4866 manu
1408 4801 1657 4878 habuit,
1688 4817 1884 4883 quem
1928 4798 2003 4863 B.
2033 4798 2226 4866 Joan-

685 4929 801 4975 nes
827 4915 850 4951 ⁸
878 4910 948 4974 in
975 4910 1184 4975 medio
1211 4909 1738 4975 candelabrorum
1766 4925 2112 4975 aureorum
2137 4911 2227 4975 vi·

686 5019 800 5083 dit.
833 5016 1235 5101 Quicumque
1256 5018 1427 5082 enim
1464 5019 1618 5082 sunt
1648 5020 1955 5100 tanquam
1993 5016 2226 5082 cande·

684 5125 864 5190 labra
911 5124 1188 5190 lucentia
1246 5143 1362 5207 per
1421 5123 1736 5207 justitiam
1804 5123 1875 5187 in
1940 5123 2182 5190 mundo
2201 5172 2220 5204 ,

750 5252 768 5287 1
793 5251 933 5303 Psat.
961 5261 1103 5315 xuv,
1132 5253 1180 5301 ¹.
1210 5277 1272 5288 -
1300 5251 1323 5285 ⁸
1347 5249 1546 5307 March„
1578 5260 1650 5313 νι,
1682 5251 1758 5300 14.
1783 5274 1843 5287 -
1873 5249 1896 5285 ⁸
1926 5249 1941 5299 Ι
1970 5251 2132 5308 low..
2163 5261 2225 5313 ιι,

690 5327 735 5374 1.
762 5349 822 5361 -
847 5322 870 5360 ⁸
894 5324 1049 5387 Greg.
1071 5349 1133 5361 —
1161 5322 1182 5358 ⁸
1205 5324 1343 5376 Luc..
1373 5333 1526 5382 xxm,
1554 5323 1632 5371 34.
1661 5347 1715 5357 -
1747 5320 1919 5386 ‘Aug
1947 5346 2008 5357 —
2036 5321 2054 5351 ⁷
2086 5320 2222 5383 Luc„

686 5405 854 5457 xxm,
893 5396 973 5446 ⁴6.
1005 5421 1067 5432 —
1111 5396 1131 5425 ⁸
1173 5395 1336 5448 Joan..
1381 5405 1443 5456 x,
1484 5394 1563 5442 29.
1606 5419 1660 5429 -
1706 5393 1727 5424 ⁸
1764 5393 1934 5454 apoc..
1977 5403 2046 5455 ιι,
2089 5396 2221 5442 1.—

696 5465 738 5502 ‘0
763 5463 905 5531 Sap.‚
937 5477 1028 5527 ιιι,
1057 5471 1101 5516 1.
1135 5491 1199 5505 --
1228 5466 1265 5502 ¹¹
1297 5464 1413 5516 Vid.
1450 5478 1585 5528 sup„
1624 5463 1721 5526 ser.
1761 5474 1848 5526 ιιι,
1885 5466 1997 5527 ροσε
2024 5460 2221 5521 pasch„

1760 480 2176 550 saumones
2216 477 2312 546 DE
2350 477 2748 547 rampone.
2815 433 2820 440 ’

2319 632 2546 680 eorum
2572 616 2807 683 animoe
2833 622 3023 684 erunt
3050 624 3357 705 tanquam
3397 617 3601 685 stellae
3642 619 3856 685 claris·

2315 722 2496 788 simae
2521 724 2594 787 in
2631 742 2833 789 manu
2871 724 2982 790 Dei
3005 726 3077 791 in
3117 726 3277 792 coelo
3305 727 3351 764 ¹⁸
3381 748 3398 791 ε
3454 749 3487 788 α
3529 725 3862 793 Iustorum

2316 828 2552 895 animae
2577 831 2648 893 in
2682 849 2882 896 manu
2933 832 3043 897 Dei
3086 837 3255 899 sunt.
3308 855 3340 895 n
3391 833 3605 911 Quare
3649 838 3863 901 autem

2318 939 2558 1018 septem
2599 936 2797 1003 stellae
2839 939 3164 1021 dicuntur,
3188 943 3446 1024 require
3488 959 3692 1025 supra
3718 943 3761 979 ¹¹
3798 943 3866 1008 in

2317 1062 2610 1109 sermone
2639 1067 2656 1108 ε
2691 1046 2892 1114 Stetit
2916 1047 3116 1114 Iesus.
3163 1047 3213 1113 E
3261 1049 3584 1114 contrario
3625 1053 3867 1134 septem

2318 1150 2443 1215 alia
2454 1170 2568 1234 per
2580 1157 2820 1235 septem
2833 1155 2987 1220 vitia
3009 1155 3301 1241 capitalia
3318 1175 3778 1239 perversorum
3789 1158 3863 1220 ¹⁸:

2326 1280 2358 1319 α
2387 1257 2660 1323 Tradam
2693 1258 3046 1344 AEgyptum
3091 1261 3161 1326 in
3209 1281 3407 1328 manu
3453 1263 3870 1329 dominorum

2320 1365 2703 1431 crudelium.
2733 1388 2765 1427 a

2398 1472 2487 1537 De
2516 1474 2704 1538 tertio
2729 1475 2812 1539 ¹⁸:
2845 1473 3121 1542 «Sedere
3146 1481 3363 1542 autem
3391 1478 3472 1544 ad
3500 1478 3859 1557 dexteram,

2319 1580 2424 1645 vel
2450 1581 2532 1647 ad
2558 1582 2905 1662 sinistram,
2948 1601 3080 1648 non
3129 1589 3226 1649 est
3253 1603 3496 1664 meum,
3524 1608 3557 1646 n
3594 1589 3720 1650 etc.
3767 1584 3873 1650 Se-

2295 1688 2469 1753 -dent
2508 1688 2590 1754 ad
2615 1690 2941 1755 dexteram
2970 1691 3036 1755 in
3065 1691 3597 1775 contemplatione
3625 1692 3869 1759 divini-

2319 1796 2490 1874 tatis,
2517 1797 2600 1862 ad
2639 1797 2962 1863 sinistram
2988 1817 3168 1877 vero,
3215 1802 3283 1864 in
3328 1801 3873 1885 contemplatione

2320 1900 2740 1968 humanitatis
2781 1903 3035 1971 Christi.
3084 1905 3163 1971 Et
3199 1907 3354 1990 quia
3389 1926 3523 1974 una
3565 1909 3711 1973 sine
3750 1907 3875 1972 alia

2319 2026 2452 2073 non
2477 2012 2594 2087 est,
2623 2010 2764 2075 ideo
2785 2011 2949 2076 bene
2986 2011 3216 2078 dicitur
3237 2014 3283 2050 ¹⁸
3314 2035 3331 2078 ε
3366 2036 3399 2075 α
3421 2012 3692 2079 Nescitis
3717 2014 3874 2099 quid

2322 2117 2569 2200 petatis,
2601 2139 2634 2178 n
2665 2136 2815 2184 cum
2842 2138 2956 2201 per
2976 2123 3203 2203 potum
3228 2121 3462 2202 calicis,
3493 2122 3559 2187 id
3586 2129 3688 2188 est
3707 2121 3868 2187 tole·

2318 2224 2596 2290 rantiam
2613 2227 2984 2309 passionum
3007 2230 3072 2292 et
3088 2228 3569 2308 adversitatum,
3595 2229 3681 2294 ad
3700 2228 3870 2293 hauc

2319 2329 2664 2396 sessionem
2692 2333 3012 2398 veniatur.
3040 2333 3119 2399 Et
3144 2334 3285 2400 ideo
3310 2335 3463 2401 dicit
3479 2336 3524 2373 ¹⁸
3555 2358 3571 2400 ε
3612 2359 3647 2397 α
3665 2336 3876 2402 Potes·

2319 2436 2401 2501 tis
2428 2437 2646 2502 bibere
2670 2437 2955 2519 calicem,
2974 2462 3006 2500 ι
3032 2445 3154 2505 etc.
3182 2462 3214 2502 α
3237 2441 3400 2507 Illud
3426 2442 3602 2508 enim
3629 2444 3679 2482 ¹⁸
3701 2443 3874 2527 quod

2321 2544 2393 2608 in
2417 2546 2718 2627 praesenti
2756 2549 2851 2610 est
2894 2552 3417 2616 momentaneum
3435 2596 3453 2628 ,
3485 2555 3550 2616 et
3577 2551 3724 2617 leve
3762 2552 3875 2615 tri·

2327 2650 2709 2731 bulationis,
2739 2673 2770 2712 ι
2808 2657 2930 2717 etc.
2983 2656 3147 2720 Leve
3189 2674 3350 2740 ergo
3392 2658 3553 2737 erit,
3600 2660 3831 2724 fratres
3852 2707 3871 2738 ,

2321 2758 2636 2842 quidquid
2673 2759 2744 2823 in
2770 2760 3053 2826 adversis
3079 2766 3143 2827 et
3179 2764 3569 2846 poenitentiis
3605 2767 3877 2833 sustine·

2325 2882 2495 2943 mus,
2524 2864 2577 2926 si
2607 2864 2882 2945 gloriam
2909 2865 3094 2933 istius
3130 2869 3430 2934 sessionis
3458 2871 3869 2938 attendimus.

2325 2970 2688 3036 Bernardus
2711 2973 2755 3013 ¹⁷
2789 2993 2804 3036 ε
2841 2994 2873 3033 α
2897 2971 3039 3038 Non
3067 2980 3219 3040 sunt
3244 2977 3586 3059 condignae
3630 2979 3874 3062 passio-

2324 3097 2441 3144 nes
2467 3079 2671 3162 hujus
2696 3083 3002 3165 temporis
3026 3082 3109 3148 ad
3143 3087 3533 3166 praeteritam
3571 3089 3829 3171 culpam
3849 3135 3869 3167 ,

2323 3206 2470 3270 quae
2487 3189 2870 3268 remittitur;
2893 3190 2974 3254 ad
2993 3197 3373 3274 praesentem
3390 3195 3695 3276 gratiam,
3723 3212 3872 3279 quae

2322 3294 2691 3359 immittitur
2706 3316 2725 3373 ;
2755 3296 2836 3360 ad
2878 3297 3161 3362 futuram
3187 3298 3486 3380 gloriam,
3532 3320 3684 3384 quae
3731 3318 3872 3385 pro·

2326 3401 2625 3466 mittitur.
2657 3423 2689 3461 ι)

2405 3508 2491 3574 De
2526 3513 2779 3593 quarto,
2807 3511 3039 3577 dicitur
3079 3513 3184 3578 bic
3215 3535 3232 3578 ε
3276 3515 3418 3598 Ipse
3467 3517 3641 3583 enim
3683 3518 3871 3586 Pater

2325 3625 2503 3685 amat
2529 3633 2678 3693 vos;
2704 3620 2943 3700 quare?
2973 3620 3150 3701 Quia
3172 3636 3284 3689 vos
3301 3639 3395 3689 me
3421 3626 3719 3692 amastis.
3750 3623 3872 3690 Un-

2325 3727 2404 3792 de
2429 3727 2514 3790 ¹⁸:
2552 3748 2584 3788 α
2610 3725 2752 3808 Ego
2778 3727 3115 3811 diligentes
3136 3748 3239 3794 me
3273 3730 3498 3813 diligo.
3526 3753 3558 3792 a
3598 3731 3754 3798 Haec
3781 3731 3869 3796 di-

2323 3834 2509 3900 lectio
2536 3834 2647 3900 Dei
2670 3833 2875 3900 Patris
2900 3837 3142 3920 optima
3176 3839 3482 3922 perpendi
3521 3846 3731 3923 potest
3756 3857 3870 3925 per

2325 3942 2493 4007 hanc
2519 3942 2889 4026 parabolam
2920 3965 2936 4007 :
2971 3944 3242 4021 Quidam
3262 3951 3443 4030 pater
3461 3946 3688 4014 habuit
3709 3949 3870 4015 duos

2323 4048 2513 4130 filios,
2544 4067 2754 4115 unum
2780 4037 3203 4131 innocentem,
3237 4051 3440 4120 alium
3465 4054 3864 4122 insolentem.

2327 4156 2451 4221 Iste
2478 4157 2759 4224 insolens
2785 4178 2903 4244 pro
2928 4159 3100 4225 furto
3141 4161 3491 4229 ducebatur
3517 4164 3598 4228 ad
3626 4164 3870 4248 patibu-

2325 4264 2485 4329 lum.
2519 4264 2706 4331 Pater
2737 4265 2907 4331 illius
2929 4268 3186 4334 tradidit
3205 4270 3451 4337 bonum
3477 4271 3685 4336 filium
3725 4289 3865 4337 sus·

2328 4371 2558 4455 pendio
2577 4389 2695 4454 pro
2717 4372 2887 4438 malo
2917 4396 2933 4438 :
2970 4374 3083 4458 qui
3113 4379 3290 4441 stans
3319 4378 3439 4442 sub
3467 4378 3772 4462 patibulo,
3801 4378 3869 4442 in

2329 4496 2459 4560 quo
2484 4477 2678 4543 trater
2703 4497 2860 4545 suus
2893 4499 3010 4564 pro
3037 4483 3175 4564 ipso
3201 4485 3725 4567 suspendebatur,
3763 4485 3870 4551 ite-

2329 4603 2478 4650 rum
2504 4585 2858 4652 furabatur.
2893 4588 3075 4672 (Nota
3100 4589 3193 4657 ad
3220 4591 3627 4674 patibulum.)
3657 4591 3817 4658 Nota
3849 4609 3867 4655 ι

2332 4692 2450 4757 iste
2480 4691 2687 4771 Pater,
2718 4693 2885 4759 Deus
2912 4695 3133 4776 Pater3
3164 4697 3292 4763 duo
3337 4698 3453 4763 filii
3499 4703 3651 4763 sunt
3691 4698 3866 4765 Chri-

2331 4803 2469 4864 stus
2491 4803 2555 4864 et
2582 4799 2800 4867 homo.
2834 4800 2957 4868 Sed
2983 4803 3179 4869 bomo
3205 4823 3322 4888 pro
3349 4806 3584 4872 scelere
3601 4824 3722 4871 suo
3749 4806 3865 4871 du·

2332 4906 2592 4972 cebatur
2644 4907 2726 4972 ad
2777 4909 3136 4991 patibulum
3181 4911 3432 4977 inferni.
3490 4911 3667 4978 Unde
3709 4912 3871 4979 Deus

2333 5013 2520 5079 Pater
2545 5033 2770 5079 amans
2792 5017 3200 5084 ineffabiliter
3237 5019 3593 5100 hominem,
3646 5021 3864 5086 miser·

2331 5120 2460 5199 tus,
2490 5118 2811 5185 Christum
2841 5141 2960 5207 pro
3002 5124 3258 5190 homine
3290 5125 3546 5192 tradidit
3589 5125 3660 5191 in
3702 5125 3866 5211 pati·

2331 5328 2489 5366 serm.
2517 5326 2554 5374 1,
2581 5329 2702 5382 pag.
2733 5320 2822 5367 2233
2856 5323 2909 5371 et
2942 5324 3060 5388 226,
3090 5323 3190 5375 col.
3224 5329 3268 5376 1.
3297 5349 3359 5363 —
3384 5325 3425 5361 ¹²
3454 5325 3572 5388 lm„
3602 5337 3710 5389 xlx,
3737 5327 3782 5375 l.
3809 5346 3868 5360 --

2333 5386 2376 5423 ¹⁸
2395 5385 2604 5447 Mutila„
2627 5400 2715 5450 xx,
2732 5389 2879 5442 23.—
2910 5392 2944 5422 ¹⁸
2969 5393 3118 5457 lbid.,
3146 5397 3227 5445 22.
3246 5397 3358 5433 -11
3391 5396 3641 5448 lbid.—²⁸
3670 5397 3708 5448 ll
3732 5395 3864 5458 Gom,

2337 5469 2406 5522 ιν,
2433 5461 2508 5509 17.
2537 5484 2600 5497 -
2625 5459 2665 5494 ¹²
2695 5461 2847 5514 Bern.
2874 5487 2938 5502 —
2963 5465 3006 5503 ¹⁸
3029 5467 3196 5531 Pron„
3221 5479 3334 5533 vm,
3360 5471 3437 5520 Π.
