4059 6317
1211 568 1292 634 IN
1335 567 1465 636 DIE
1505 567 1877 639 CINERIJM.
1922 571 2187 641 SERMO
2226 575 2305 641 11.

206 699 399 765 liamur
433 703 452 738 ¹
481 723 498 765 ε
535 723 566 764 ι
604 704 758 786 Ago
799 703 1244 787 poenItentiam
1284 705 1355 769 in
1389 705 1604 771 favilla
1636 711 1699 771 et

205 807 397 871 cinere.
425 828 455 867 n
486 807 837 891 Gregorius
862 812 930 873 ²:
967 834 998 872 α
1027 809 1096 875 ln
1122 811 1341 877 favilla
1385 816 1449 877 et
1488 812 1698 877 cinere

205 915 588 997 poenitentiam
614 933 818 998 agere
839 967 857 998 ‚
896 923 992 983 est
1026 919 1451 1002 contemplata
1478 919 1701 985 divina

207 1024 467 1104 essentia,
492 1024 655 1089 nihil
678 1025 857 1090 aliud
885 1045 1083 1110 quam
1122 1027 1404 1093 favillam
1431 1031 1496 1094 et
1523 1029 1700 1094 cine-

207 1147 321 1194 rem
336 1148 395 1195 se
410 1149 804 1214 cognoscere.
826 1155 859 1193 n
885 1132 1061 1199 Sicut
1076 1138 1291 1199 autem
1316 1153 1432 1218 per
1454 1135 1701 1202 cineres

207 1238 395 1302 furum
422 1240 762 1322 vestigium
799 1240 1110 1324 proditur,
1147 1241 1451 1308 lixivium
1491 1243 1699 1308 confi·

206 1346 372 1425 citur,
393 1346 550 1429 ignis
574 1347 752 1412 intus
777 1352 1210 1428 conservatur,
1237 1350 1421 1432 panis
1442 1354 1698 1416 assatur

206 1452 299 1517 vel
319 1454 585 1537 coquitur
606 1476 624 1532 ;
653 1454 746 1519 ita
788 1472 904 1538 per
929 1454 1173 1521 cineres
1215 1460 1450 1522 nostrae
1476 1457 1697 1522 humi-

210 1559 443 1623 liationis
469 1559 757 1643 proditur
778 1561 1129 1643 vestigium
1154 1562 1358 1645 culpae
1376 1611 1395 1642 ,
1438 1564 1703 1628 confici-

212 1672 299 1732 tur
317 1668 592 1734 lixivium
621 1670 1040 1753 poenitentiae,
1068 1671 1320 1737 fovetur
1345 1672 1522 1754 iguis
1557 1691 1702 1755 gra·

213 1773 324 1854 tie,
352 1775 623 1858 coquitur
647 1780 819 1841 torta
848 1774 1265 1843 Eucharistiae
1293 1778 1398 1843 vel
1425 1785 1693 1845 assatur.

280 1882 356 1945 De
384 1883 580 1965 primo
619 1883 858 1950 dicitur
904 1885 928 1922 ⁸
968 1886 1141 1969 quod
1180 1885 1542 1968 produntur
1588 1905 1705 1971 per

216 1988 419 2053 cineres
439 2007 652 2055 eorum
675 1992 986 2073 vestigia,
1029 1992 1140 2075 qui
1167 2010 1282 2076 per
1320 1994 1569 2059 occulta
1594 2012 1700 2059 os-

217 2095 342 2160 tiola
373 2097 662 2163 intrantes
675 2148 698 2178 ,
745 2100 1125 2165 furabantur
1167 2104 1233 2166 et
1288 2102 1705 2167 comedebant

216 2202 356 2266 cibos
375 2202 497 2268 Bel.
519 2203 623 2270 Bel
646 2205 972 2271 diabolum
995 2206 1336 2289 significat,
1358 2209 1544 2290 cujus
1574 2210 1702 2274 cibi

220 2314 340 2373 sunt
377 2316 633 2393 peccata.
684 2312 853 2379 Cibis
896 2331 1058 2396 ergo
1104 2314 1335 2380 diaboli
1382 2316 1699 2399 pascitur,

218 2417 308 2498 qui
327 2417 387 2481 in
410 2419 662 2500 peccatis
687 2420 1055 2487 delectatur.
1089 2421 1139 2487 Ο
1167 2441 1364 2506 quam
1393 2425 1703 2489 mortiferi

219 2529 338 2587 sunt
364 2524 579 2591 animae
605 2526 712 2591 isti
756 2528 917 2592 cibit
946 2533 970 2569 ⁸
1005 2550 1037 2589 α
1060 2528 1191 2593 Aut
1233 2533 1441 2614 potest
1475 2530 1707 2614 aliquis

220 2640 436 2710 gustare
454 2683 470 2712 ‚
499 2633 666 2716 quod
708 2637 1041 2715 gustatum
1086 2633 1274 2699 affert
1320 2639 1591 2701 mortem
1607 2638 1640 2701 ⁴?
1666 2658 1698 2697 ι»

222 2736 431 2805 Occulta
456 2741 676 2807 ostiola
713 2744 865 2806 sunt
901 2741 1163 2807 occultae
1203 2744 1284 2807 ad
1311 2745 1703 2827 peccandum

223 2846 676 2915 viaeetastutiae.
704 2850 936 2916 Contra
960 2867 1122 2932 quas
1149 2855 1172 2892 ⁸
1197 2873 1213 2915 :
1243 2849 1396 2916 «Vae
1427 2852 1538 2935 qui
1566 2870 1708 2935 pro-

223 2953 360 3019 fundi
380 2959 520 3023 oetis
543 2960 732 3025 corde
751 3008 773 3039 ,
801 2981 836 3020 ιι
856 2963 978 3025 etc.
1008 2958 1289 3042 vestigia
1311 2965 1462 3025 sunt
1484 2980 1709 3027 exem-

220 3061 302 3142 pla
321 3064 410 3129 vel
435 3067 846 3150 cogitationes
869 3072 1270 3151 peccatorum
1295 3066 1319 3102 ⁸
1352 3091 1368 3132 ε
1412 3091 1444 3129 α
1471 3068 1706 3135 Lubri-

216 3175 479 3235 caverunt
499 3172 771 3254 vestigia
795 3177 1015 3239 nostra
1033 3195 1094 3253 ,ι
1115 3178 1234 3239 etc.
1267 3173 1522 3240 Cineres
1545 3193 1708 3257 ergo

213 3272 500 3361 intemplo
522 3282 728 3347 cordis
745 3299 1049 3365 spargere
1062 3330 1083 3363 ,
1113 3285 1210 3346 est
1236 3282 1523 3347 futuram
1553 3284 1705 3348 inci·

210 3385 561 3453 nerationem
585 3389 986 3473 frequentius
1003 3389 1306 3473 cogitare.
1335 3389 1704 3456 Psalmus':

216 3509 242 3546 ι
263 3488 548 3560 Nebulam
578 3497 744 3562 sicut
770 3497 1048 3564 cinerem
1085 3503 1363 3582 sparget.
1395 3520 1427 3559 n
1463 3498 1709 3567 Nebula

207 3603 284 3661 est
306 3599 424 3666 vita
457 3607 676 3669 nostra
703 3608 959 3689 propter
983 3605 1457 3672 instabilitatem
1487 3612 1551 3672 et
1575 3609 1710 3673 fra-

207 3708 485 3789 gilitatem
507 3719 575 3780 ⁸:
610 3738 643 3778 α
665 3715 811 3782 Vita
851 3723 1071 3782 nostra
1113 3718 1274 3783 sicut
1307 3720 1548 3784 nebula
1591 3720 1710 3784 dis·

206 3815 519 3886 solvetur.»
533 3822 780 3889 Nebula
807 3841 968 3906 ergo
990 3824 1151 3889 sicut
1174 3825 1332 3890 cinis
1355 3827 1701 3910 spargitur,

206 3926 424 4004 quando
443 3929 578 3994 vita
599 3935 819 3996 nostra
842 3932 1184 3997 cineranda
1205 3933 1554 4016 cogitatur.
1586 3934 1710 4000 Per

205 4028 412 4098 eineres
451 4053 615 4118 ergo
654 4037 830 4102 fures
863 4038 1242 4121 produntur,
1289 4039 1444 4105 dum
1481 4041 1709 4107 timore

206 4140 395 4205 mortis
417 4145 480 4206 et
517 4144 757 4209 futurae
785 4148 1018 4210 nostrae
1047 4145 1518 4211 incinerationis
1555 4166 1709 4231 pec-

204 4248 408 4312 catores
436 4252 842 4317 confitentur.
892 4250 1210 4317 Confessio
1240 4253 1411 4318 enim
1441 4258 1535 4319 est
1558 4272 1706 4338 pro-

204 4351 349 4419 ditio.
397 4357 781 4425 Ambrosius
805 4361 828 4398 ⁹
879 4384 895 4427 :
936 4383 967 4422 α
993 4360 1113 4426 Exi
1160 4361 1327 4427 foras
1343 4410 1365 4442 ,
1409 4363 1710 4429 delictum

205 4463 497 4545 proprium
525 4468 731 4551 prode
750 4516 768 4548 ‚
796 4473 868 4533 ut
885 4469 1283 4551 justificeris.
1311 4491 1344 4529 n

269 4568 342 4634 De
364 4574 640 4639 secundo
663 4576 748 4640 ¹⁰:
775 4596 806 4637 ι
821 4573 1065 4640 Tollent
1089 4575 1168 4641 de
1191 4575 1508 4641 cineribus
1532 4594 1711 4642 com-

207 4668 508 4756 bustionis,
538 4685 604 4745 et
631 4680 891 4745 mittent
913 4699 1114 4765 aquas
1138 4683 1320 4748 vivas
1369 4701 1566 4768 super
1601 4703 1710 4750 eos

209 4778 263 4841 in
283 4782 422 4849 vias.
446 4808 478 4845 ι»
507 4785 643 4851 Hac
671 4789 1125 4853 commixtione
1169 4789 1274 4854 vel
1310 4788 1552 4872 lixivio,
1583 4791 1711 4856 im-

216 4890 399 4955 mundi
426 4894 794 4978 expiantur.
835 4896 1020 4978 Aqua
1059 4897 1209 4962 viva
1235 4899 1330 4962 est
1354 4915 1523 4981 aqua
1552 4917 1710 4964 con-

213 4994 446 5064 tritionis
464 5049 485 5081 ,
529 5019 644 5067 seu
689 5000 1123 5085 lacrymarum
1147 5022 1167 5084 ;
1246 5003 1532 5069 Psalmus
1581 5007 1622 5043 ²¹
1689 5029 1704 5073 :

217 5124 243 5161 ι
269 5103 465 5172 Exitus
487 5124 812 5193 aquarum
835 5155 855 5188 ‚
879 5130 910 5170 υ
944 5114 1063 5174 etc.
1096 5109 1167 5174 In
1197 5128 1350 5177 vase
1378 5129 1541 5194 ergo
1561 5131 1706 5179 cor-

270 5267 287 5302 ¹
309 5268 403 5330 10⁶,
426 5283 548 5336 xm,
574 5273 624 5321 6.
654 5296 719 5308 -
743 5269 769 5303 ²
797 5270 965 5335 Greg„
997 5271 1202 5336 uorat„
1233 5270 1321 5322 lib.
1354 5275 1554 5335 XXXV,
1582 5290 1628 5327 c.
1659 5287 1708 5338 v,

221 5336 277 5386 al.
305 5351 377 5401 n,
413 5355 462 5391 n.
501 5345 550 5392 7.
584 5368 649 5380 —
681 5342 702 5373 ²
735 5340 888 5404 Dan„
914 5353 1023 5406 xw,
1057 5344 1134 5393 13.
1165 5369 1226 5381 -
1259 5344 1282 5378 ⁸
1309 5344 1418 5408 lob,
1453 5358 1533 5411 vx,
1566 5351 1615 5400 6.
1647 5375 1712 5387 —

223 5406 243 5442 ⁸
262 5408 361 5476 120„
383 5424 518 5478 ¹111,
545 5416 622 5465 15.
648 5439 705 5451 -
737 5411 760 5447 ⁶
791 5410 988 5474 Taren„
1016 5425 1088 5476 ιν,
1121 5415 1198 5465 18.
1222 5440 1286 5452 -
1304 5415 1328 5451 ‘¹
1351 5417 1487 5468 Paul.
1516 5430 1711 5482 cumn,

231 5483 538 5552 ³6.—⁸Sap.,
566 5497 633 5550 u,
660 5487 712 5536 3.
745 5510 806 5522 -
829 5484 855 5519 ⁹
880 5485 1111 5535 ambros.
1138 5509 1202 5523 —
1223 5487 1268 5523 ί·
1292 5486 1464 5553 Num„
1489 5503 1599 5555 xlx,
1631 5494 1709 5542 17.

231 5575 279 5590 ··
296 5554 327 5589 ¹¹
348 5555 472 5608 ene.
497 5568 683 5624 cmn,
714 5556 825 5608 136.
850 5580 911 5595 -
937 5556 979 5594 ¹⁸
1001 5556 1204 5621 Jerem„
1234 5568 1305 5622 νι,
1332 5561 1412 5613 26.
1438 5588 1496 5601 -
1525 5563 1569 5600 ¹⁸
1590 5561 1710 5617 trid.

3227 581 3345 648 139

1804 706 1902 773 dis
1928 712 2264 777 commisce
2290 730 2524 796 aquam
2569 713 2963 780 contritionis
3006 733 3154 780 cum
3204 733 3347 781 me-

1806 818 2012 882 moria
2037 823 2168 884 tuae
2181 820 2677 901 incinerationiS,
2700 824 2886 904 juxta
2902 822 3060 888 illud
3078 825 3127 865 ¹¹
3147 845 3162 888 ε
3188 845 3218 885 c
3233 824 3348 889 Ac-

1807 923 2068 1005 cingere
2131 926 2334 991 cilicio
2363 977 2380 1007 ‚
2451 932 2514 993 et
2582 947 3008 1012 conspergere
3076 931 3285 996 cinere
3323 980 3342 1008 ‚

1805 1030 2049 1097 luctum
2096 1033 2409 1115 unigeniti
2479 1036 2577 1100 fac
2619 1036 2734 1101 tibi
2788 1037 3113 1120 planctum
3163 1057 3346 1103 ama·

1805 1155 1959 1202 rum
1977 1185 1998 1216 ,
2025 1159 2057 1197 ι
2092 1143 2209 1203 etc.
2244 1138 2321 1202 Et
2346 1138 2434 1203 sic
2462 1140 2852 1223 pcenitentiae
2899 1142 3121 1207 lixivio
3149 1161 3344 1206 mun·

1808 1241 2074 1307 daberis.
2093 1243 2243 1308 Haec
2264 1245 2568 1310 confectio
2586 1245 2816 1311 cineris
2836 1253 2898 1312 et
2909 1247 3346 1331 lacrymarum

1805 1368 2141 1434 nunquam
2186 1353 2372 1418 debet
2412 1353 2529 1417 tibi
2588 1354 2875 1419 deficere.
2926 1353 3108 1421 Unde
3153 1355 3348 1421 Isido-

1806 1474 1924 1521 rus
1951 1461 1998 1500 ¹⁸
2029 1474 2048 1521 ε
2078 1478 2111 1518 α
2138 1457 2305 1523 Cinis
2332 1476 2422 1535 es,
2453 1457 2614 1522 etin
2635 1457 2853 1524 cinere
2876 1460 3095 1525 vivere
3121 1460 3347 1526 debes:

1808 1581 2059 1646 semper
2100 1563 2336 1646 lugens
2366 1611 2384 1642 ,
2431 1582 2684 1648 semper
2713 1567 3004 1631 'moerens
3027 1615 3045 1647 ,
3100 1584 3354 1650 semper

1808 1671 2084 1753 suspiria
2115 1672 2403 1736 cordium
2434 1672 2746 1737 emittere.
2780 1694 2812 1734 υ
2847 1672 3098 1738 Lixivio
3125 1678 3343 1739 autem

1809 1776 2092 1841 maxime
2133 1776 2337 1842 solent
2375 1777 2580 1844 lavari
2623 1779 2828 1862 capita
2868 1783 2932 1843 et
2973 1781 3202 1844 vestes.
3247 1778 3352 1845 Sic

1810 1886 1884 1947 tu
1900 1888 2093 1966 caput
2109 1883 2256 1948 lava
2270 1883 2499 1950 lixivio
2518 1885 2750 1949 mentis
2767 1885 3037 1950 interius
3049 1884 3093 1922 ¹⁸
3113 1907 3129 1950 ε
3162 1909 3193 1946 α
3210 1884 3265 1950 N
3267 1904 3349 1950 on

1807 1994 2058 2056 tantum
2086 1990 2276 2074 pedes
2294 2039 2316 2072 ,
2337 2012 2368 2052 n
2385 1994 2503 2056 etc.
2537 1992 2697 2056 item
2727 1995 2969 2057 vestem
2998 2010 3345 2058 conversa-

1809 2097 1999 2163 tionis
2041 2101 2324 2165 exterius
2371 2100 2416 2137 ¹⁸
2446 2121 2462 2163 ε
2503 2122 2536 2162 α
2574 2099 2819 2165 Lavent
2861 2104 2924 2165 et
2972 2102 3350 2167 vestimenta

1810 2223 1928 2270 sua
1947 2253 1965 2283 ‚
1990 2208 2056 2270 et
2079 2206 2207 2271 sint
2232 2207 2437 2290 parati
2465 2206 2532 2270 in
2563 2206 2731 2272 diem
2758 2207 3043 2272 tertium.
3072 2231 3103 2268 n

1891 2311 1977 2376 De
2003 2313 2190 2376 tertio
2217 2313 2447 2378 dicitur
2471 2313 2550 2378 de
2582 2312 2864 2378 Menelao
2887 2314 2961 2378 ¹⁸:
3003 2336 3035 2375 α
3058 2315 3175 2380 Hic
3198 2313 3347 2399 quid

1813 2419 2015 2484 multa
2044 2438 2203 2502 erga
2228 2438 2406 2485 aram
2458 2420 2563 2484 Dei
2590 2420 2817 2485 delicta
2841 2422 3191 2503 commisit,
3233 2442 3348 2488 cu-

1802 2529 1914 2611 jus
1945 2529 2118 2609 ignis
2146 2532 2211 2592 et
2236 2529 2395 2592 cinis
2421 2532 2558 2594 erat
2584 2532 2843 2593 sanctus
2862 2577 2884 2608 ,
2912 2529 3046 2613 ipse
3073 2530 3142 2594 in
3171 2531 3344 2595 cine-

1810 2636 1898 2699 ris
1927 2641 2131 2700 morte
2159 2635 2496 2701 damnatus
2523 2640 2641 2701 est.
2673 2657 2704 2697 n
2721 2635 2852 2700 Ara
2893 2637 3000 2701 Dei
3050 2643 3147 2702 est
3193 2655 3352 2702 con-

1811 2742 2073 2808 scientia
2100 2744 2203 2810 vel
2231 2759 2341 2809 cor
2367 2745 2576 2810 fidele.
2608 2745 3014 2826 Augustinus
3040 2747 3083 2783 ¹⁷
3108 2769 3123 2810 ε
3153 2747 3352 2813 «Ora-

1810 2851 1901 2916 tio
1929 2869 2092 2934 pure
2117 2850 2354 2917 directa
2380 2851 2567 2916 corde
2592 2850 2764 2916 fideli
2799 2856 3106 2935 tanquam
3132 2852 3211 2918 de
3240 2872 3353 2919 ara

1810 2963 2029 3024 sancta
2053 2959 2262 3041 surgit
2288 2959 2359 3022 in
2384 2958 2741 3023 incensum.
2769 2981 2799 3018 n
2837 2958 3018 3040 Ignis
3042 2976 3173 3024 arae
3202 2960 3348 3041 Dei,

1812 3069 1906 3130 est
1939 3066 2153 3132 fervor
2182 3065 2410 3148 gratiae
2439 3064 2717 3149 Spiritus
2755 3066 2956 3130 sancti
2982 3069 3027 3108 ¹⁸
3059 3089 3073 3129 ε
3116 3066 3354 3148 «Ignis

1812 3175 1881 3239 in
1896 3174 2082 3240 altari
2111 3193 2363 3257 semper
2385 3174 2693 3256 ardebit,»
2722 3180 2843 3242 etc.
2866 3177 2995 3241 Ara
3022 3195 3170 3241 cum
3198 3176 3355 3258 igne

1812 3280 1923 3347 Dei
1950 3283 2231 3348 cinerem
2258 3282 2447 3347 babet
2467 3330 2491 3361 ‚
2527 3283 2687 3365 quia
2713 3301 2899 3347 mens
2925 3300 3183 3366 quoque
3199 3285 3354 3365 justi

1812 3409 1960 3456 cum
1981 3393 2231 3456 fervore
2249 3390 2473 3472 gratiae
2496 3389 2921 3454 humilitatem
2948 3395 3121 3454 tenet
3143 3411 3158 3455 t
3191 3392 3356 3455 sicut

1813 3498 2160 3579 Abraham,
2190 3496 2445 3580 quando
2473 3495 2623 3561 dicit
2649 3499 2695 3536 ¹⁹
2726 3514 2745 3559 ε
2785 3517 2818 3557 α
2840 3495 3098 3579 Loquar
3123 3497 3204 3562 ad
3229 3497 3351 3563 Do-

1813 3605 2067 3670 minum
2109 3622 2357 3683 meum,
2392 3620 2539 3667 cum
2569 3603 2692 3668 sim
2730 3603 2943 3687 pulvis
2980 3608 3045 3669 et
3087 3605 3284 3668 cinis?
3313 3625 3344 3665 n

1813 3711 1993 3778 Sicut
2041 3712 2213 3777 enim
2263 3712 2439 3793 ignis
2496 3715 2912 3775 conservatur
2954 3711 3168 3776 cinere
3186 3759 3208 3791 ,
3263 3712 3353 3776 sic

1816 3819 2026 3902 gratia
2049 3818 2408 3883 humilitate
2423 3838 2440 3897 ;
2469 3822 2532 3882 et
2550 3818 2715 3882 sicut
2730 3818 2977 3882 multus
3002 3819 3176 3900 ignis
3194 3819 3356 3884 mul-

1813 3932 1952 3993 tum
1980 3928 2129 3992 facit
2153 3922 2432 3992 cinerem
2454 3972 2472 4004 ,
2499 3926 2593 3989 sic
2613 3926 2818 3991 multa
2846 3925 3058 4008 gratia
3085 3926 3357 3990 multam

1812 4034 2006 4100 habet
2030 4032 2487 4098 humilitatem.
2520 4031 2727 4098 Homo
2755 4034 2925 4097 enim
2940 4037 3181 4116 quanto
3209 4032 3356 4116 plus

1814 4144 1895 4210 ad
1940 4143 2142 4208 Deum
2178 4139 2456 4219 accedit,
2505 4143 2687 4205 tanto
2728 4142 2874 4224 plus
2917 4140 3352 4206 infirmitatem

1814 4249 2138 4334 propriam
2181 4247 2529 4329 cognoscit.
2589 4246 2939 4327 Gregorius
2981 4249 3074 4312 ⁵⁰:
3114 4268 3145 4309 ι
3169 4246 3354 4313 Nun·

1815 4376 2006 4442 quam
2049 4356 2287 4440 legitur
2329 4354 2503 4439 quod
2552 4354 2884 4419 Abraham
2932 4354 3209 4420 cinerem
3250 4356 3356 4420 vel

1815 4465 2149 4550 pulverem
2177 4480 2246 4528 se
2270 4480 2408 4527 esse
2432 4462 2758 4526 confessus
2785 4462 2904 4541 sit,
2923 4462 3049 4525 nisi
3076 4480 3224 4528 cum
3245 4463 3357 4527 ha-

1815 4573 1965 4638 bere
1989 4570 2228 4636 meruit
2250 4569 2501 4635 Domini
2529 4568 2941 4651 colloquium.
2961 4590 2993 4629 n
3017 4568 3178 4636 Nota
3198 4588 3356 4652 ergo

1815 4679 1985 4765 quod
2042 4686 2261 4743 contra
2308 4694 2488 4741 aram
2541 4675 2856 4759 delinquit
2886 4723 2907 4754 ,
2966 4675 3079 4758 qui
3137 4682 3357 4741 contra

1814 4786 2264 4852 conscientiam
2291 4784 2449 4866 agit.
2497 4783 2726 4848 Contra
2763 4800 2940 4848 aram
2966 4799 3126 4864 ergo
3153 4782 3354 4847 delin-

1814 4910 2022 4978 quens
2062 4890 2373 4970 interius,
2433 4907 2471 4953 a
2506 4891 2682 4971 justo
2721 4889 2938 4972 judice
2980 4888 3354 4968 damnatur,

1815 5000 2073 5086 quando
2098 5003 2319 5063 contra
2345 4997 2798 5061 conscientiam
2825 5013 3025 5078 agens
3041 5044 3060 5076 ,
3090 5013 3357 5079 corpore

1815 5110 2226 5185 incineratur,
2254 5105 2326 5168 in
2352 5105 2568 5169 anima
2592 5104 2951 5169 damnatur.

1895 5217 1983 5283 De
2030 5217 2260 5299 quarto
2305 5211 2536 5277 dicitur
2576 5211 2656 5276 de
2685 5210 2934 5276 Helia⁸¹
2965 5229 2984 5277 t
3020 5212 3240 5279 «Ecce
3277 5214 3359 5280 ad

1817 5370 1880 5384 —
1900 5342 1940 5380 ¹⁴
1968 5341 2132 5403 δοίη,
2159 5350 2277 5397 1111.
2301 5327 2351 5390 ’9.
2372 5363 2427 5373 -
2451 5337 2497 5374 ¹⁸
2516 5336 2706 5398 Exod„
2729 5349 2837 5403 xlx,
2864 5340 2942 5388 11.
2960 5364 3020 5375 -
3041 5339 3085 5375 ¹⁸
3107 5340 3147 5390 ΙΙ
3172 5339 3359 5401 Nacti„

1816 5427 1942 5481 xm,
1973 5418 2022 5467 8.
2058 5439 2115 5451 —
2156 5412 2201 5450 ¹⁷
2227 5411 2464 5476 August„
2489 5409 2672 5461 Enarr.
2712 5411 2767 5460 in
2797 5409 2939 5462 Ρεαι.
2976 5422 3103 5476 exn,
3130 5424 3191 5463 n.
3218 5411 3270 5463 5.
3297 5437 3359 5450 —

1817 5489 1861 5525 ¹·
1890 5487 2068 5552 levit„
2090 5496 2174 5549 vt,
2209 5487 2287 5535 12.
2311 5503 2376 5521 —-
2403 5482 2444 5518 ¹⁹
2472 5481 2621 5548 Gen„
2647 5493 2808 5548 xvm,
2832 5483 2913 5536 27.
2939 5509 3003 5523 —
3037 5484 3079 5516 ¹·
3115 5485 3273 5549 Greg.
3297 5510 3358 5525 —

1818 5561 1856 5600 ²¹
1885 5551 1952 5616 lli
1981 5560 2125 5626 neq„
2146 5567 2260 5623 m,
2287 5556 2334 5608 ο.
