4059 6317
719 532 835 597 166

715 665 1025 732 credendo
1062 681 1177 748 per
1209 661 1695 747 captivationem
1718 658 2095 732 intellectus,
2124 653 2244 736 eji-

713 775 881 840 citur
894 771 1280 838 daemonium
1303 768 1597 835 caecitatis
1614 770 1678 833 et
1695 766 1953 832 malitiae
1971 781 2086 847 per
2102 760 2242 825 illa·

713 899 900 967 psum
940 879 1358 945 illuminantis
1400 876 1725 960 sapientias
1741 924 1762 955 ,
1802 877 1866 939 et
1891 869 2246 938 restituitur

713 988 986 1055 verbum
1013 1004 1129 1070 per
1153 985 1627 1069 expressionem
1651 981 1936 1048 veritatis
1962 976 2242 1043 creditae.

715 1097 803 1162 De
847 1096 969 1160 hoc
1005 1094 1293 1159 similiter
1330 1093 1558 1158 dicitur
1584 1094 1604 1128 ²
1637 1115 1651 1155 ε
1693 1114 1725 1153 a
1757 1090 1916 1154 Cum
1963 1085 2248 1169 ejecisset

717 1203 1102 1269 daemonium
1125 1251 1142 1281 ‚
1168 1202 1421 1266 locutus
1455 1202 1550 1264 est
1590 1202 1830 1262 mutus.
1874 1218 1905 1256 ιι
1956 1192 2247 1260 Secundo

718 1311 1110 1376 immensitas
1184 1308 1418 1374 divinae
1487 1305 1787 1390 potentiae
1852 1299 2246 1368 daemonium

717 1418 955 1484 foetoris
980 1420 1046 1483 et
1069 1417 1346 1482 luxuriae
1378 1414 1589 1499 ejicit,
1620 1410 1972 1479 decorando
2010 1425 2245 1473 concu-

718 1525 1068 1613 piscibilem
1117 1525 1186 1589 in
1232 1522 1533 1606 amplexu
1570 1518 1901 1586 munditiae
1952 1519 2017 1582 et
2069 1513 2249 1579 casti-

718 1632 886 1697 tatis.
918 1630 1095 1695 Unde
1129 1628 1360 1693 dicitur
1387 1628 1412 1662 ¹
1439 1645 1459 1690 ι
1492 1648 1524 1687 a
1549 1624 1764 1689 Exivit
1797 1621 1880 1685 ab
1905 1638 1981 1686 eo
2007 1619 2248 1685 daemo-

718 1739 900 1803 nium
915 1785 937 1818 ,
970 1742 1034 1801 et
1059 1739 1321 1800 curatus
1345 1736 1462 1798 est.
1483 1752 1516 1793 a
1532 1731 1612 1797 Et
1635 1728 1923 1813 sequitur
1946 1727 1970 1764 ⁸
2000 1749 2015 1790 ε
2059 1749 2089 1787 α
2118 1723 2252 1789 Hoc

721 1861 932 1926 genus
954 1859 1087 1907 non
1117 1841 1367 1925 ejicitur
1391 1838 1514 1903 uisi
1541 1854 1657 1920 per
1672 1838 1758 1919 jej
1767 1835 1990 1900 unium
2017 1836 2083 1897 et
2111 1849 2249 1896 ora-

719 1956 981 2020 tionem.
1009 1973 1041 2014 ι»
1073 1951 1290 2017 Exivit
1327 1950 1408 2015 ab
1449 1966 1526 2015 eo
1548 1945 1940 2013 daemonium
1980 1942 2247 2008 carnali-

719 2062 868 2128 tatis
883 2066 949 2127 et
959 2060 1257 2139 luxuriae,
1278 2062 1342 2124 et
1358 2060 1614 2122 curatus
1630 2060 1726 2120 est
1749 2071 1864 2138 per
1881 2052 2251 2136 amplexum

722 2169 1022 2237 castitatis
1047 2172 1111 2233 et
1138 2165 1491 2232 munditiae.
1517 2163 1640 2229 Sed
1668 2162 1934 2227 modum
1959 2159 2247 2239 curandi,

722 2284 786 2345 et
809 2275 1099 2361 ejiciendi
1113 2273 1271 2339 illud
1285 2272 1698 2350 daemonium,
1720 2271 1901 2335 docet
1920 2267 2251 2346 Dominus,

724 2403 874 2451 cum
902 2382 1119 2450 subdit
1133 2384 1157 2419 ⁸
1188 2404 1204 2446 ε
1244 2404 1276 2443 α
1302 2380 1434 2445 Hoc
1469 2376 1685 2443 autem
1724 2393 1932 2458 genus
1966 2392 2099 2441 non
2132 2377 2188 2457 ej
2197 2375 2255 2437 i-

725 2494 890 2558 citur
923 2491 1047 2555 nisi
1078 2507 1191 2573 per
1227 2488 1548 2572 jejunium
1574 2506 1606 2547 a
1641 2483 2099 2565 macerationis,
2149 2500 2253 2547 re·-

724 2598 1051 2666 sraenando
1090 2595 1479 2679 voluptatem
1522 2593 1800 2658 lascivias
1842 2592 2049 2656 carnis
2077 2594 2253 2656 exte-

723 2709 882 2787 rius,
918 2729 950 2768 a
975 2708 1040 2770 et
1063 2705 1415 2769 orationem
1450 2724 1481 2762 ιι
1519 2701 1866 2765 devotionis
1883 2748 1901 2778 ‚
1930 2699 1998 2762 in
2033 2699 2251 2764 refrae-

725 2809 935 2874 nando
977 2807 1270 2871 ardorem
1313 2803 1749 2868 immoderatas
1774 2801 2128 2866 dilectionis
2166 2801 2258 2865 in·

725 2916 947 2981 teriuS.
965 2914 1142 2979 Unde
1166 2912 1596 2994 Hieronymus
1618 2909 1677 2973 ⁸:
1704 2907 1996 2991 «Jejunio
2021 2926 2253 2973 sanan-

726 3029 833 3089 tur
857 3025 1064 3106 pestes
1089 3019 1317 3098 carnis,
1349 3022 1414 3083 et
1436 3017 1719 3082 oratione
1745 3020 1947 3099 pestes
1982 3017 2252 3095 mentis3

727 3138 791 3197 et
815 3135 1054 3215 quanto
1089 3129 1292 3193 oratio
1324 3127 1548 3210 purior
1580 3129 1642 3190 et
1674 3126 2016 3190 ferventior
2036 3174 2054 3204 ‚
2079 3129 2257 3191 tanto

727 3243 809 3308 ad
835 3237 1281 3323 expellendum
1309 3234 1538 3300 vitium
1561 3232 1838 3298 luxurias
1864 3234 2198 3301 efficacior.
2218 3258 2251 3296 »

728 3351 903 3416 Unde
943 3349 1430 3431 chrysostomus
1460 3342 1527 3407 ⁸:
1565 3365 1597 3403 «ι
1626 3342 1778 3419 Quis
1817 3359 1947 3406 non
1973 3344 2256 3408 oratione

726 3456 996 3524 devicit?
1020 3475 1052 3516 ι»
1087 3454 1335 3532 Quanto
1361 3450 1562 3516 oratio
1588 3450 1777 3514 fuerit
1801 3450 2023 3532 purior
2049 3453 2112 3514 et
2134 3452 2256 3516 fer·

723 3566 972 3631 ventior
1002 3562 1314 3627 celebrata
1331 3607 1348 3639 ,
1378 3561 1552 3623 tanto
1577 3556 1837 3621 celerior
1866 3558 1988 3622 erit
2024 3558 2103 3622 de
2129 3557 2252 3622 ini-

727 3672 890 3735 mico
939 3668 1223 3735 victoria.
1283 3665 1495 3731 Tertio
1559 3664 1951 3728 immensitas
2016 3664 2253 3730 divinae

723 3777 1019 3861 potentias
1053 3773 1440 3839 daemonium
1497 3771 1772 3835 tumoris
1825 3773 1890 3834 et
1937 3772 2254 3853 superbiae

724 3884 893 3968 ejicit
922 3932 939 3964 ,
991 3881 1339 3948 ordinando
1395 3877 1778 3944 irascibilem
1831 3878 1898 3941 in
1957 3880 2253 3962 despectu

722 3990 1128 4073 subjacentiae
1175 3992 1239 4054 et
1272 3985 1666 4051 humilitatis.
1708 3984 1887 4050 Unde
1928 3984 2158 4051 dicitur
2178 3987 2201 4022 ⁸
2231 4010 2247 4052 ε

731 4122 763 4161 α
788 4098 968 4163 Nunc
993 4096 1311 4181 judicium
1351 4100 1447 4159 est
1486 4092 1736 4170 mundi,
1767 4110 1939 4156 nunc
1960 4093 2252 4177 princeps

722 4204 919 4287 hujus
945 4202 1171 4268 mundi
1209 4202 1462 4284 ejicitur
1504 4201 1709 4265 foras:
1747 4199 1888 4265 etsi
1915 4217 2043 4280 ego
2084 4203 2253 4266 exal·

719 4314 889 4376 tatus
928 4311 1107 4376 fuero
1132 4328 1172 4373 a
1196 4313 1400 4387 terra,
1431 4308 1647 4373 omnia
1681 4307 1935 4372 traham
1972 4309 2052 4374 ad
2087 4311 2245 4375 mei-

719 4435 934 4501 psum.
954 4439 985 4478 1»
1018 4417 1197 4482 Nunc
1223 4415 1396 4481 enim
1413 4417 1508 4478 est
1521 4415 1835 4496 judicium
1863 4417 2113 4496 mundi,
2145 4419 2249 4483 ut'

727 4546 760 4586 α
781 4543 953 4589 unus
997 4522 1310 4588 moriatur
1343 4522 1538 4586 homo
1571 4540 1690 4604 pro
1731 4522 1989 4604 populo,
2017 4544 2050 4582 n
2093 4543 2248 4608 pro-

714 4636 856 4716 pter
896 4630 1318 4712 mitigabilem
1360 4624 1645 4711 rig6rem
1683 4628 1918 4695 divinae
1951 4632 2244 4712 justitiae,

723 4763 755 4801 α
780 4744 843 4806 et
866 4757 997 4804 non
1030 4742 1162 4803 tota
1203 4756 1363 4821 gens
1403 4741 1619 4821 pereat
1648 4758 1679 4797 n
1712 4742 1968 4819 propter
2001 4740 2242 4806 immu-

711 4848 901 4914 tabile
977 4848 1302 4914 decretum
1363 4847 1691 4931 promissae
1767 4847 2238 4916 misericordiae.

708 4954 883 5037 Ergo
926 4954 1231 5035 ChristuS‚
1278 4956 1359 5020 ad
1397 4954 1844 5019 destruendam
1875 4956 2242 5039 superbiam

705 5063 899 5146 primi
945 5063 1245 5143 hominis,
1286 5064 1399 5146 qui
1439 5062 1642 5128 voluit
1669 5063 1911 5145 aequari
1944 5063 2235 5146 Domino,

704 5170 1007 5251 dignatus
1021 5175 1118 5237 est
1135 5175 1384 5236 tantum
1403 5173 1466 5235 et
1483 5170 1628 5254 plus
1653 5171 2002 5253 humiliari,
2033 5192 2233 5256 quan-

1792 516 2212 590 SERMONES
2253 515 2354 582 DE
2393 515 2786 585 TEMPORE.

2349 669 2480 718 non
2518 653 2890 719 emendatur
2927 655 3233 722 damnum
3259 706 3278 739 ,
3309 659 3434 723 nisi
3476 662 3726 726 tantum
3775 663 3882 728 vel

2348 760 2497 845 plus
2537 763 2930 828 restituatur.
2981 763 3104 829 Sed
3158 770 3231 831 ut
3263 770 3511 848 omnia,
3541 769 3606 833 id
3640 773 3758 851 est,
3804 770 3883 836 de

2350 868 2527 932 omni
2553 872 2744 951 gente
2777 874 2841 934 et
2873 870 3126 936 natione
3158 872 3424 956 aliquos,
3454 877 3529 939 ut
3552 875 3879 959 intelliga-

2349 980 2459 1041 tur
2497 995 2643 1059 pars
2685 995 2803 1061 pro
2831 982 2984 1059 toto,
3023 979 3102 1043 ad
3131 980 3416 1063 seipsum
3458 983 3737 1048 traheret
3772 1002 3889 1067 per

2350 1083 2619 1149 unicum
2646 1085 2977 1151 vinculum
3018 1088 3279 1168 amoris,
3318 1088 3522 1153 voluit
3551 1089 3825 1154 exaltari
3849 1110 3890 1154 a

2350 1195 2521 1257 terra
2536 1210 2650 1275 per
2662 1194 3137 1277 opprobriosam
3162 1201 3432 1262 mortem
3456 1199 3663 1263 crucis
3694 1200 3891 1282 :quia

2351 1302 2414 1363 et
2435 1297 2722 1364 diabolus
2745 1301 3045 1384 injecerat
3078 1320 3309 1368 manus
3342 1304 3411 1368 in
3444 1304 3727 1369 alienum
3754 1325 3890 1371 ser-

2352 1425 2510 1472 vum
2534 1458 2555 1488 ,
2600 1409 2836 1475 scilicet
2879 1409 3196 1477 Christum
3223 1461 3239 1488 ‚
3290 1414 3358 1476 in
3386 1431 3513 1496 quo
3540 1431 3673 1478 uon
3700 1414 3896 1480 habe-

2351 1515 2462 1579 bat
2486 1516 2857 1600 quidquam,
2896 1519 3306 1600 suggerendo
3323 1520 3457 1583 suis
3482 1520 3796 1585 membris
3821 1526 3900 1586 ut

2354 1625 2834 1707 crucifigeretur
2863 1647 2878 1690 ε
2908 1626 3049 1691 ideo
3069 1630 3320 1710 justum
3347 1629 3466 1694 suit
3481 1633 3554 1695 ut
3570 1630 3899 1695 amitteret

2353 1733 2683 1816 proprium
2729 1749 3020 1813 servum,
3051 1733 3285 1799 scilicet
3318 1737 3638 1819 captivum
3675 1736 3902 1802 homi-

2353 1856 2525 1905 nem.
2570 1838 2744 1904 Unde
2779 1839 2852 1904 in
2893 1840 3039 1924 lege
3076 1841 3349 1906 dicitur:
3384 1865 3416 1906 α
3444 1844 3568 1922 Qui
3611 1843 3901 1909 alienam

2353 1946 2808 2031 possessionem
2848 1948 3085 2031 injuste
3122 1949 3435 2032 possidet,
3464 1950 3570 2016 vel
3595 1956 3897 2036 occupat,

2352 2053 2538 2119 debet
2572 2053 2899 2137 propriam
2940 2056 3252 2121 amittere.
3283 2078 3315 2117 n
3352 2056 3430 2122 Et
3464 2059 3556 2122 sic
3592 2059 3904 2143 princeps

2356 2161 2691 2244 superbias,
2737 2162 2972 2228 amissa
3007 2168 3314 2246 potestate
3363 2182 3558 2248 quam
3612 2167 3910 2233 habebat

2356 2288 2547 2353 super
2572 2287 2833 2336 servum
2859 2288 3051 2334 suum
3084 2271 3417 2337 hominem
3436 2320 3454 2352 ‚
3484 2290 3562 2337 eo
3586 2275 3769 2357 quod
3796 2275 3905 2340 in-

2356 2376 2594 2460 injuste
2636 2393 2905 2443 manum
2939 2378 3005 2443 in
3045 2377 3365 2444 Christum
3408 2380 3700 2460 miserat,
3744 2400 3909 2448 cum

2359 2483 2673 2567 vituperio
2692 2487 2749 2567 ej
2756 2489 2930 2551 ectus
2952 2489 3048 2550 est
3069 2487 3257 2551 foras.

2439 2591 2649 2657 Tertio
2687 2595 2947 2658 notatur
2984 2592 3222 2658 utilitas
3262 2598 3611 2660 consecutas
3639 2598 3912 2664 miseri-

2360 2699 2590 2763 cordiae
2616 2717 2699 2763 ex
2722 2703 2901 2782 parte
2919 2699 3191 2765 humani
3216 2702 3495 2783 generis,
3525 2720 3677 2766 cum
3704 2705 3908 2772 dicit:

2362 2806 2658 2873 Pervenit
2705 2805 2796 2873 ad
2826 2822 2940 2874 vos
2980 2823 3249 2890 requam
3292 2809 3410 2875 Dei
3454 2829 3478 2871 .-
3514 2809 3729 2892 primo
3793 2830 3916 2896 per

2364 2915 2642 2995 gratiam
2685 2914 3125 2999 baptismalem
3139 2963 3157 2995 ‚
3188 2922 3480 2997 respectu
3515 2919 3673 2983 mali
3726 2938 3915 2988 amo-

2361 3022 2553 3087 vendi
2570 3044 2588 3100 ;
2616 3024 2916 3104 secundo,
2935 3040 3048 3106 per
3066 3023 3342 3105 gratiam
3368 3025 3909 3110 poenitentialem,

2362 3131 2650 3211 respectu
2690 3129 2876 3195 ardui
2928 3128 3303 3210 inchoandi3
3349 3133 3533 3198 tertio
3579 3152 3699 3216 per
3743 3141 3913 3218 gra:

2361 3239 2517 3301 tiam
2553 3236 2809 3301 finalem
2827 3285 2849 3316 ,
2880 3241 3170 3321 respectu
3204 3238 3356 3303 boni
3382 3246 3912 3313 consummandi.

2364 3343 2581 3409 Primo
2611 3362 2770 3426 ergo
2812 3345 3275 3429 appropinquat
3309 3364 3585 3429 regnum
3630 3348 3749 3415 Dei
3791 3370 3913 3435 per

2363 3453 2634 3534 gratiam
2686 3452 3123 3535 baptismalem
3166 3457 3450 3537 respectu
3507 3456 3662 3520 mali
3718 3478 3911 3526 amo-

2361 3559 2572 3625 vendi.
2632 3559 2811 3624 Unde
2852 3559 3081 3624 dicitur
3098 3561 3122 3596 ⁸
3171 3583 3186 3625 ε
3226 3584 3258 3622 a
3294 3559 3427 3626 Nisi
3467 3563 3611 3646 quis
3636 3572 3915 3635 renatus

2360 3667 2551 3732 fuerit
2573 3684 2656 3732 ex
2682 3684 2850 3749 aqua
2888 3672 2952 3731 et
2976 3667 3217 3750 Spiritu
3255 3673 3491 3751 sancto,
3533 3690 3666 3737 non
3693 3680 3916 3758 potest

2360 3774 2622 3839 introire
2662 3774 2730 3837 in
2773 3792 3051 3855 regnum
3077 3775 3209 3839 Dei.
3236 3776 3418 3854 Quod
3442 3783 3671 3845 natum
3696 3786 3795 3847 est
3826 3802 3916 3851 ex

2360 3899 2571 3959 carne,
2601 3898 2748 3945 caro
2773 3885 2904 3960 est3
2935 3886 3001 3945 et
3027 3883 3197 3965 quod
3233 3888 3455 3948 natum
3494 3891 3592 3950 est
3640 3905 3723 3951 ex
3763 3891 3918 3972 spi-

2360 3988 2519 4067 ritu,
2546 3987 2806 4070 spiritus
2854 3990 2971 4052 est.
3012 4007 3044 4048 ι»
3098 3988 3259 4065 Quia
3304 4008 3529 4056 omnes
3572 3994 3916 4061 nascimur

2359 4095 2476 4159 filii
2511 4094 2627 4158 irae
2647 4142 2663 4175 ,
2695 4098 2759 4158 et
2798 4094 3079 4158 carnales
3103 4096 3349 4161 ratione
3375 4097 3672 4165 foeditatis
3696 4102 3916 4185 origi-

2358 4202 2521 4267 nalis
2559 4202 2801 4285 culpae;
2846 4201 2986 4266 ideo
3024 4204 3196 4284 juste
3223 4222 3449 4269 sumus
3498 4206 3728 4289 privati
3785 4208 3910 4277 illa

2355 4309 2723 4376 haereditate
2762 4308 2951 4389 regni
2976 4308 3272 4390 coelestis,
3303 4329 3421 4375 nec
3446 4329 3787 4394 possumus
3816 4320 3908 4384 ad

2356 4418 2532 4483 illam
2568 4417 2934 4499 pervenire,
2962 4416 3084 4479 nisi
3112 4434 3225 4499 per
3250 4417 3528 4499 gratiam
3553 4420 3905 4505 baptisma·

2354 4527 2482 4591 lem
2510 4525 2688 4609 prius
2710 4524 3061 4588 efficiamur
3085 4524 3311 4588 mundi
3333 4528 3397 4589 et
3420 4527 3805 4610 spirituales,
3828 4537 3903 4599 et

2355 4634 2445 4697 sic
2469 4638 2771 4715 tanquam
2800 4630 2941 4696 veri
2967 4630 3252 4695 haeredes
3278 4630 3412 4712 Dei,
3439 4637 3503 4698 et
3527 4634 3901 4705 cohaeredes

2355 4740 2581 4805 Christi
2616 4739 2928 4804 fuerimus
2957 4738 3026 4801 in
3061 4755 3340 4820 regnum
3363 4738 3509 4804 Filii
3535 4741 3900 4812 dilectionis

2353 4864 2486 4913 suae
2508 4845 2852 4928 assumpti:
2876 4846 3030 4929 quia
3054 4862 3203 4909 caro
3219 4847 3285 4909 et
3309 4849 3573 4929 sanguis
3597 4868 3895 4933 regnum

2352 4955 2460 5019 Dei
2494 4971 2628 5018 non
2664 4952 3036 5037 possidebit,
3071 4971 3190 5018 nec
3226 4957 3545 5039 corruptio
3586 4958 3896 5029 incorru-

2348 5063 2650 5147 ptionem.
2715 5059 3006 5125 Secundo
3068 5060 3530 5145 appropinquat
3596 5082 3893 5147 regnum

2347 5172 2458 5238 Dei
2510 5187 2625 5254 per
2680 5172 2953 5251 gratiam
3003 5168 3496 5251 poenitentialem
3522 5217 3545 5251 ,
3591 5180 3891 5256 respectu

703 5280 842 5342 tum
884 5278 1085 5343 Adam
1133 5278 1521 5362 superbivit,
1569 5279 1769 5344 factus
1810 5279 2007 5345 homo
2039 5302 2054 5345 :
2086 5285 2238 5363 quia
2344 5280 2530 5346 ardui
2547 5276 2908 5343 inchoandi.
2929 5276 3007 5341 Et
3030 5277 3108 5342 de
3130 5276 3254 5341 hoc
3277 5278 3548 5343 dicitur⁹
3580 5303 3595 5344 ε
3634 5304 3666 5343 α
3682 5281 3889 5366 Agite

764 5438 779 5472 ¹
809 5439 944 5499 Luc,
972 5451 1045 5502 ιι,
1081 5443 1158 5491 14.
1187 5466 1248 5476 —
1280 5442 1305 5476 ¹
1329 5440 1532 5502 matth„
1566 5452 1703 5507 xvn,
1736 5444 1807 5492 17.
1834 5468 1899 5479 —
1922 5444 1946 5479 ⁸
1978 5443 2124 5507 thid„
2154 5448 2231 5497 20.

2346 5444 2525 5506 Marc„
2561 5456 2607 5493 c.
2644 5453 2717 5493 rx.
2755 5467 2817 5479 —
2848 5440 2870 5476 ὓ
2905 5438 3164 5503 Chrysost.
3194 5464 3256 5477 —-
3296 5440 3317 5471 ⁸
3351 5440 3513 5504 loon„
3552 5453 3656 5507 xu,
3698 5447 3779 5497 31.
3814 5473 3882 5487 —

701 5535 759 5552 -·-
800 5507 823 5549 ὅ
847 5509 942 5563 vel
972 5510 1201 5583 quisquis
1231 5512 1388 5581 alius,
1424 5512 1520 5565 sub
1555 5512 1856 5577 Hieronymi
1899 5514 2108 5575 nornine
2126 5552 2140 5581 ,
2182 5518 2234 5571 in
2341 5516 2364 5553 ⁷
2384 5516 2547 5578 loon„
2575 5524 2649 5583 ιι,
2673 5515 2832 5571 50.-
2856 5510 2880 5550 ⁸
2903 5511 3070 5573 loon„
3101 5521 3186 5573 ur,
3216 5512 3265 5574 3,
3293 5514 3417 5562 6.-
3444 5513 3466 5545 ⁹
3486 5513 3689 5579 flattu„
3717 5528 3802 5583 111,
3822 5521 3877 5572 2.
