4059 6317
623 495 745 555 602

617 625 901 699 iustitiam
927 626 1131 683 contra
1157 638 1270 683 nos
1301 622 1670 698 procederet,
1708 622 1906 681 statim
1949 637 2063 681 nos
2100 622 2168 680 in

624 718 921 778 internum
950 717 1244 791 dejiceret.
1277 720 1344 776 Et
1369 723 1454 775 est
1476 716 1774 787 mirabile,
1819 715 1960 791 quia
2003 716 2167 774 unde

625 813 979 877 deberemus
1007 816 1126 871 Deo
1154 827 1281 870 esse
1309 811 1715 885 subjectiores,
1747 816 1805 869 et
1825 810 2011 884 ipsius
2041 826 2169 868 ma·
2194 794 2215 809 ⁶

623 907 768 966 ximi
797 910 1090 966 amatores
1117 948 1136 978 ,
1165 905 1306 964 inde
1331 921 1536 964 sumus
1564 904 1815 978 pejores.
1846 904 1986 975 Quis
2002 904 2168 979 judi-

625 1017 754 1059 cem
779 1016 905 1059 non
931 1002 1176 1065 amaret,
1200 999 1246 1056 si
1267 998 1533 1072 ingratus
1560 1013 1685 1057 non
1711 1001 1882 1071 esset,
1907 998 2012 1073 qui
2029 1014 2169 1059 cum

624 1112 768 1155 mox
803 1111 942 1154 eum
969 1092 1290 1167 exjustitia
1317 1092 1587 1152 occidere
1613 1097 1835 1168 posset,
1863 1107 2003 1151 eum
2029 1109 2169 1151 cum

624 1188 1035 1251 misericordia
1068 1191 1436 1264 expectaret?
1480 1188 1594 1246 Sed
1634 1203 1839 1245 verum
1872 1190 1959 1245 est
1999 1185 2168 1261 quod

625 1286 906 1361 scriptum
933 1288 1020 1343 est
1049 1303 1063 1342 :
1099 1301 1131 1337 ι
1167 1283 1334 1352 Quia,
1369 1303 1399 1336 ιι
1427 1282 1638 1356 inquit,
1672 1282 1738 1332 ἀ
1780 1297 1906 1340 non
1942 1281 2171 1355 profer-

625 1382 719 1437 tur
735 1378 930 1437 statim
957 1382 1165 1437 contra
1189 1375 1381 1435 malos
1398 1375 1700 1446 sententia,
1729 1374 1836 1432 filii
1854 1375 2170 1433 hominum

626 1473 856 1547 absque
903 1471 1029 1530 ullo
1077 1472 1289 1528 timore
1343 1471 1682 1543 perpetrant
1741 1467 1914 1526 mala.
1973 1488 2001 1523 ιι
2053 1467 2170 1526 Sed

626 1566 810 1625 sciant
855 1568 1192 1639 peccatores
1231 1562 1576 1633 certissime,
1618 1561 1785 1637 quod
1825 1564 2050 1636 quanto
2095 1577 2169 1619 ex

626 1657 1033 1719 misericordia
1057 1657 1280 1716 diutius
1309 1659 1718 1731 expectantur,
1745 1660 1940 1726 tanto,
1968 1655 2016 1713 si
2046 1671 2172 1715 non

628 1756 1064 1824 convertantur,
1106 1750 1311 1809 durius
1353 1766 1427 1808 ex
1462 1748 1684 1822 justitia
1721 1749 2072 1823 punientur3
2114 1752 2173 1807 et

627 1847 797 1923 qnod
821 1847 989 1921 pejus
1016 1849 1120 1919 est,
1150 1844 1558 1903 misericordia
1582 1848 1787 1918 postea
1813 1841 2081 1901 transibit
2100 1841 2166 1901 in

624 1941 970 2000 vindictam.
1000 1938 1270 1999 Naturale
1299 1938 1459 1998 enim
1481 1941 1651 1996 estut
1669 1935 1902 2011 judices
1927 1937 2031 2010 qui
2057 1936 2169 1994 mi-

625 2040 711 2095 tes
738 2038 897 2106 sunt,
937 2039 995 2094 et
1029 2051 1166 2093 cum
1202 2033 1681 2092 malefactoribus
1720 2033 1918 2090 mitius
1956 2036 2168 2104 agunt,

627 2130 793 2205 quod
822 2129 967 2188 dum
1003 2128 1089 2186 illi
1123 2127 1594 2187 misericordiam
1635 2141 1763 2185 non
1803 2129 2170 2203 agnoscunt,

1635 486 2052 555 SERMONES
2090 487 2193 554 DE
2232 487 2594 555 SANCTIS.
2639 490 2818 557 XLV.

2274 627 2525 697 rentem,
2554 623 2758 699 ignem
2777 624 3238 700 indeficientem,
3260 628 3321 686 et
3344 629 3643 702 serpentes
3666 626 3817 701 igni-

2277 720 2392 791 tos,
2406 734 2625 777 earnes
2650 722 2879 777 nostras
2894 724 3185 795 perpetuo
3209 725 3271 780 et
3288 722 3570 781 continue
3593 736 3819 781 eomm-

2277 815 2475 883 turos,
2529 827 2841 887 nunquam
2884 813 2965 871 ad
3018 814 3347 873 satietatem
3388 818 3710 874 venturos?
3760 822 3819 874 et

2279 906 2482 964 omnia
2506 906 2633 965 liaec
2660 910 2719 964 et
2743 907 2863 965 alia
2888 907 3051 965 mala
3076 906 3391 967 innumera
3413 925 3539 967 non
3570 910 3816 967 sustine·

2278 999 2429 1057 bunt
2453 1000 2655 1058 miseri
2673 999 2754 1058 ad
2771 1004 3162 1072 momentum,
3179 1018 3293 1061 nec
3318 1019 3428 1077 per
3444 1003 3611 1061 mille
3636 1003 3820 1062 millia

2278 1108 2615 1164 annorum,
2658 1094 2767 1152 sed
2822 1109 2930 1168 per
2982 1095 3160 1170 plura
3210 1097 3402 1155 millia
3452 1096 3819 1169 millenaria,

2280 1202 2464 1261 quam
2490 1187 2694 1246 sintin
2718 1188 2870 1246 mari
2908 1192 3087 1261 guttai
3115 1205 3430 1264 aquarum,
3457 1194 3516 1248 et
3544 1190 3740 1263 magis
3762 1191 3820 1249 in

2277 1280 2597 1353 infinitum,
2638 1281 2785 1356 quia
2831 1299 3020 1357 usque
3065 1283 3128 1342 in
3173 1283 3623 1359 sempiternum.
3668 1288 3823 1343 Tunc

2280 1375 2440 1433 enim
2464 1374 2693 1434 desinet
2725 1391 2903 1450 poena
2928 1376 3313 1447 miserorum,
3350 1378 3601 1452 quando
3634 1378 3823 1451 gloria

2279 1467 2509 1526 desinet
2540 1468 2881 1540 beatorum,
2919 1469 3077 1543 imo,
3116 1469 3361 1545 quando
3406 1475 3563 1529 Deus
3601 1471 3827 1530 desinet

2279 1577 2407 1620 esse
2436 1562 2716 1621 Dominus
2743 1563 3031 1622 omnium.
3063 1567 3129 1623 Et
3154 1569 3471 1640 propterea
3502 1580 3651 1623 sane
3678 1582 3823 1624 con·

2280 1655 2491 1714 sulitur
2514 1657 2744 1715 homini
2774 1676 2789 1715 ε
2824 1676 2855 1712 ι
2882 1661 2985 1731 Ne,
3014 1678 3044 1714 ιι
3076 1659 3266 1733 inquit
3282 1657 3325 1730 ὅ,
3360 1678 3390 1714 α
3436 1660 3638 1717 tardes
3676 1676 3821 1717 eon·

2279 1750 2428 1808 verti
2445 1750 2527 1808 ad
2546 1751 2884 1822 Dominum,
2906 1755 3058 1810 etna
3082 1752 3321 1811 differas
3342 1753 3419 1811 de
3437 1752 3537 1810 die
3559 1753 3624 1811 in
3642 1752 3823 1825 diem,

2277 1858 2355 1901 ne
2380 1842 2577 1902 subito
2597 1843 2797 1903 veniat
2820 1845 2911 1904 ira
2930 1845 3113 1918 illius,
3130 1850 3187 1905 et
3203 1846 3267 1905 in
3286 1851 3559 1921 tempore
3584 1846 3824 1907 ultionis

2280 1936 2585 2013 disperdat
2611 1941 2685 1997 te.
2716 1959 2746 1992 ιι

2348 2032 2589 2102 Quarto,
2616 2033 2698 2090 ad
2732 2034 3185 2092 conversionem
3223 2051 3467 2095 movere
3507 2051 3625 2094 nos
3652 2035 3827 2095 debet

2277 2124 2492 2197 gloria,
2525 2141 2708 2200 quam
2734 2127 3037 2201 peccando
3067 2128 3391 2187 amisimus.
3422 2132 3619 2190 Homo
3643 2130 3822 2201 enim,

619 2223 850 2297 judices
894 2223 956 2280 in
1000 2222 1151 2281 iram
1193 2221 1401 2280 fortius
1452 2220 1861 2292 inardescunt,
1907 2223 1964 2277 et
2007 2222 2170 2277 tanto

624 2316 775 2375 fiunt
797 2316 1187 2388 crudeliores,
1226 2318 1452 2389 quanto
1495 2314 1658 2387 prius
1696 2313 1929 2373 fuerant
1973 2313 2171 2371 mitio-

441 2431 598 2472 Exom-
623 2426 737 2468 res.
767 2409 1119 2484 Exemplum
1146 2408 1221 2467 de
1249 2408 1367 2467 illis
1393 2411 1438 2480 ²,
1482 2408 1589 2483 qui
1615 2407 1908 2480 rogabant
1934 2406 2171 2465 Eleaza-

384 2490 525 2548 P¹¹¹¹¹²·
625 2521 759 2563 rum
785 2508 1028 2580 propter
1058 2504 1400 2578 antiquam,
1443 2518 1626 2577 quam
1661 2501 1989 2559 habuerant
2033 2516 2171 2558 cum

2279 2218 2525 2293 quando
2572 2235 2795 2294 equum
2839 2226 2942 2279 aut
2983 2222 3300 2296 pecuniam
3352 2223 3593 2297 perdit,
3632 2225 3823 2282 statim

2277 2311 2493 2384 surgit,
2523 2315 2582 2370 et
2623 2311 2788 2371 vadit
2822 2313 3155 2388 quaerendo’
3164 2356 3183 2385 ‚
3230 2315 3425 2375 donee
3467 2316 3825 2375 reinvenaeit

2279 2405 2448 2479 quod
2473 2405 2686 2463 amisit.
2717 2408 3066 2482 Exemplum
3092 2408 3210 2467 hoc
3235 2409 3408 2483 ponit
3434 2410 3723 2469 Dominus
3748 2411 3823 2468 de
3894 2423 4005 2464 aa·

2277 2496 2381 2556 illo
2434 2497 2539 2573 qui
2594 2514 2769 2558 ovem
2811 2500 3106 2574 perdidit,
3156 2505 3214 2559 et
3261 2501 3339 2559 de
3385 2502 3641 2561 muliere
3695 2520 3824 2577 quae
3846 2483 3956 2540 μ

449 3745 603 3786 Exem-

389 3806 530 3863 plum.

450 4683 607 4726 Exem-

393 4744 537 4801 plum.

625 2598 755 2657 viro
783 2596 1122 2669 amicitiam,
1148 2600 1214 2654 ut
1237 2596 1627 2655 secomedere
1655 2610 1861 2653 carnes
1890 2593 2172 2668 porcinas

626 2695 852 2751 tantum
897 2691 1234 2759 simularet,
1289 2695 1355 2751 ut
1397 2691 1482 2747 sic
1534 2692 1788 2747 mortem
1839 2687 2122 2747 evaderet
2151 2703 2167 2745 ε

625 2802 881 2860 eumque
909 2802 972 2843 se
998 2784 1115 2844 hoo
1152 2785 1444 2843 facturum
1478 2786 1741 2857 negaret,
1791 2781 2005 2841 dicitur
2047 2779 2171 2854 ibi,

625 2879 793 2954 quod
820 2878 906 2937 illi
935 2879 1040 2954 qui
1078 2879 1243 2953 prius
1266 2877 1500 2936 fuerant
1527 2877 1581 2935 ei
1610 2875 1897 2948 mitiores,
1925 2874 1990 2932 in
2017 2875 2172 2932 iram

625 2974 915 3047 majorem
951 2974 1153 3031 contra
1190 2988 1330 3030 eum
1369 2971 1879 3029 convertebantur.
1925 2972 1994 3027 Et
2030 2984 2173 3043 pro-

624 3072 755 3140 pter
770 3066 925 3124 hanc
953 3082 1194 3125 causam
1211 3064 1424 3123 dicitur
1450 3066 1473 3103 ⁸
1501 3083 1516 3122 ι
1555 3084 1583 3118 ι
1608 3064 1725 3122 Nisi
1752 3062 2023 3122 conversi
2045 3062 2177 3121 fue·

626 3158 750 3218 ritis
766 3203 785 3231 ,
828 3158 1096 3232 gladium
1133 3174 1306 3216 suum
1352 3157 1613 3215 vibrabit
1657 3177 1686 3213 ιι
1727 3156 1808 3215 ad
1852 3157 2175 3214 vulneran-

629 3253 808 3323 dum;
835 3272 866 3307 α
889 3268 1092 3311 arcum
1123 3268 1298 3309 suum
1326 3251 1587 3316 tetendit,
1614 3254 1673 3308 et
1689 3249 1920 3325 paravit
1947 3249 2121 3308 illum
2139 3271 2169 3307 ιι

628 3345 710 3405 ad
735 3344 1154 3418 sagittandum,
1187 3366 1215 3395 «ι
1244 3344 1378 3402 etin
1399 3360 1472 3402 eo
1503 3343 1735 3418 paravit
1754 3359 1895 3402 vasa
1912 3344 2119 3402 mortis
2138 3364 2167 3399 ιι

630 3439 711 3498 ad
732 3439 1082 3498 oeternaliter
1103 3437 1496 3514 puniendum.
1529 3439 1575 3497 Ο
1607 3437 1655 3495 si
1692 3437 1909 3495 scirent
1943 3438 2179 3512 quantis

630 3532 821 3607 poenis
862 3537 1000 3590 sunt
1024 3531 1345 3607 puniendi,
1382 3544 1567 3606 quam
1593 3532 1835 3589 intensis
1865 3531 2178 3591 doloribus

632 3626 968 3701 affligendi,
999 3642 1184 3701 quam
1213 3625 1504 3684 diuturnis
1534 3628 1594 3683 et
1620 3625 1912 3683 continuis
1939 3625 2179 3700 ignibus

632 3721 940 3791 exurendi,
970 3720 1192 3779 vellent
1214 3736 1338 3778 non
1366 3736 1492 3778 esse
1518 3719 1663 3777 nati.
1689 3722 1735 3780 Ο
1762 3736 1996 3778 summa
2036 3719 2179 3777 stul-

630 3814 754 3873 titia
779 3814 1073 3872 hominis!
1106 3813 1252 3889 quia
1275 3814 1440 3872 timet
1464 3829 1655 3887 agnus
1692 3814 1927 3888 lupum,
1957 3818 2014 3871 et
2040 3829 2180 3871 eum

628 3909 824 3984 fugit:
853 3910 1021 3968 timet
1060 3925 1194 3967 mus
1240 3908 1618 3981 murilegum,
1653 3913 1711 3966 et
1746 3923 1810 3966 se
1853 3909 1933 3966 ab
1961 3924 2036 3967 eo
2075 3908 2182 3967 ab-

629 4003 862 4062 scondit
887 4021 902 4060 z
932 4004 1098 4062 timet
1134 4019 1345 4061 cervus
1371 4018 1610 4074 ursum,
1641 4006 1699 4060 et
1738 4000 1962 4061 animal
2002 4019 2180 4062 omne

628 4096 886 4168 leonem,
914 4099 973 4154 et
995 4097 1047 4170 ej
1056 4114 1125 4154 us
1143 4096 1403 4169 rugitum
1430 4095 1801 4170 expavescite
1829 4096 1996 4154 timet
2015 4097 2183 4171 aqui·

628 4190 754 4249 lam
779 4189 974 4248 omnis
1001 4189 1149 4261 aviS,
1180 4189 1329 4247 dum
1359 4189 1553 4264 ipsam
1579 4188 1643 4247 in
1677 4205 1814 4248 aere
1852 4191 2044 4261 sentit,
2073 4206 2182 4248 un-

631 4283 731 4354 de,
759 4284 891 4359 ipsa
919 4283 1017 4343 die
1053 4300 1175 4358 qua
1198 4282 1355 4341 falco
1387 4298 1521 4342 eam
1547 4282 1747 4354 sentit,
1796 4283 1877 4342 ad
1910 4283 2180 4359 praedan-

632 4377 780 4435 dum
816 4393 941 4436 non
984 4378 1135 4450 exit3
1175 4380 1236 4435 et
1271 4377 1488 4449 bomo,
1535 4380 1804 4436 creatura
1842 4378 2177 4449 rationalis,

634 4472 800 4544 cuius
827 4476 913 4531 est
950 4472 1151 4530 anima
1192 4470 1577 4541 immortalia,
1614 4475 1673 4528 et
1709 4485 1911 4545 poena,
1949 4487 2083 4545 quas
2126 4470 2182 4528 ei

636 4566 896 4637 dabitur,
942 4569 1030 4624 est
1080 4582 1154 4624 ex
1205 4570 1373 4641 parte
1410 4565 1635 4639 peceati
1682 4565 2005 4638 aeternalis,
2058 4580 2181 4623 non

633 4663 796 4720 tanta
823 4659 1091 4737 pericula
1113 4660 1468 4734 expavescit.
1498 4660 1551 4719 Si
1577 4660 1741 4718 timet
1766 4660 1919 4718 latro
1942 4674 2184 4733 suspen-

637 4755 836 4829 dium,
867 4755 1037 4828 qu’us
1070 4771 1249 4830 poena
1275 4759 1360 4813 est
1397 4754 1478 4813 ad
1513 4757 1920 4824 momentum,
1957 4758 2182 4828 quanto

636 4849 895 4925 amplius
942 4853 1094 4907 esset
1140 4848 1471 4908 timendum
1490 4890 1510 4919 ,
1556 4848 1606 4906 si
1657 4864 1894 4923 semper
1946 4847 2187 4907 duraret

638 4941 1059 5019 suspendium,
1109 4948 1168 5002 et
1210 4959 1390 5017 poena
1428 4942 1566 5015 illa,
1615 4958 1798 5018 quam
1845 4957 1920 4999 ex
1965 4940 2185 5016 laqueo

638 5038 810 5097 sentit
833 5035 916 5094 ad
951 5041 1351 5110 momentum,
1399 5041 1550 5095 esset
1577 5035 1869 5095 durabilis
1915 5036 1975 5093 in
2013 5040 2185 5094 aeter-

637 5146 786 5191 num
802 5134 831 5188 ἵ
859 5134 1011 5206 Ergo
1047 5132 1357 5207 quomodo
1383 5131 1468 5189 sic
1505 5130 1662 5190 stulti
1696 5147 1930 5200 sumus,
1960 5136 2027 5190 ut
2062 5147 2188 5193 non

649 5224 964 5287 timeamus
998 5224 1199 5301 ignem
1232 5226 1730 5299 inflammantem,
1770 5226 1974 5301 ignem
1998 5225 2187 5286 devo-

705 5351 721 5385 ¹
757 5351 936 5411 Recte„
969 5363 1092 5415 vm,
1127 5356 1199 5402 tt.
1231 5378 1295 5390 -
1329 5352 1347 5382 ²
1389 5352 1429 5400 ll
1465 5350 1649 5411 uach„
1690 5362 1774 5411 vi,
1805 5355 1859 5402 21
1904 5356 1956 5402 et
1991 5366 2189 5417 seq.—

648 5421 669 5457 ⁸
702 5421 845 5477 Psal.
888 5435 991 5490 vu,
1031 5427 1107 5477 13.
1135 5450 1196 5462 -
1236 5426 1253 5456 ⁴
1296 5424 1476 5485 Ecca„
1519 5436 1568 5489 v,
1604 5427 1654 5476 8.
1679 5450 1741 5465 -
1776 5426 1794 5456 ³
1825 5423 1986 5485 doeh,
2016 5435 2078 5489 u,
2112 5428 2185 5479 13.

2279 2591 2628 2651 drachmam
2656 2593 2869 2651 amisit.
2911 2597 3064 2668 Ergo
3094 2594 3145 2653 si
3180 2597 3265 2654 sic
3291 2595 3365 2654 sit
3403 2611 3517 2670 pro
3546 2613 3738 2670 parva
3761 2614 3825 2656 re

2277 2686 2594 2759 temporali
2632 2692 2690 2747 et
2726 2703 2838 2763 pro
2870 2704 2937 2747 re
2974 2688 3245 2760 mortali,
3288 2689 3440 2764 quid
3484 2689 3826 2751 faciendum

2279 2785 2431 2838 esset
2463 2796 2575 2855 pro
2612 2797 2676 2839 re
2707 2781 3191 2855 immensissima,
3233 2783 3415 2841 nullis
3458 2784 3826 2859 temporibus

2277 2876 2580 2935 finienda?
2608 2880 2784 2950 ErgO,
2812 2877 3020 2935 tratres
3065 2879 3202 2949 mei,
3248 2878 3299 2935 si
3343 2880 3659 2951 peccando
3702 2880 3827 2953 glo-

2279 2970 2432 3028 riam
2450 2968 2618 3029 illam
2645 2969 2884 3029 beatam
2910 2970 3248 3042 amisimus,
3274 2971 3324 3029 si
3350 2988 3463 3029 nos
3488 2987 3530 3031 a
3556 2972 3827 3032 societate

2281 3066 2621 3121 sanctorum
2646 3062 3016 3136 reclusimus,
3044 3079 3153 3138 per
3178 3064 3589 3138 poenitentiam
3613 3082 3729 3124 nos
3750 3065 3828 3125 ad

2282 3160 2464 3215 Deum
2490 3159 2925 3229 convertamus,
2948 3160 3007 3215 et
3034 3156 3469 3230 indulgentiam
3501 3158 3666 3217 illius
3688 3159 3828 3217 fusis

2281 3250 2562 3325 lacrymis
2598 3250 2989 3325 postulemus,
3016 3251 3160 3326 quia
3183 3251 3483 3325 benignus
3519 3256 3611 3311 est
3635 3255 3828 3311 Domi-

2281 3359 2395 3402 nus
2420 3362 2436 3403 :
2464 3349 2523 3403 et
2564 3344 3051 3419 recuperabimus
3088 3344 3255 3420 quod
3290 3345 3622 3405 amisimus.
3667 3346 3824 3405 Unde

2285 3437 2501 3496 dicitur
2527 3439 2548 3473 ⁸
2580 3455 2595 3494 ε
2633 3458 2661 3491 α
2688 3438 3106 3496 convertimini
3151 3437 3232 3496 ad
3276 3439 3596 3498 Dominum
3646 3443 3825 3498 Deum

2283 3535 2572 3603 vestrum,
2602 3531 2886 3606 quoniam
2910 3530 3205 3605 benignus
3231 3535 3317 3590 est
3340 3552 3371 3589 ιι
3400 3532 3465 3589 in
3496 3532 3824 3605 tolerando,

2292 3644 2322 3680 α
2350 3623 2690 3683 misericors
2711 3645 2741 3681 ιι
2772 3624 2837 3682 in
2863 3624 3234 3698 sustinendo,
3263 3644 3295 3680 ι
3317 3626 3553 3700 patiens
3579 3646 3609 3682 ιι
3642 3627 3709 3684 in
3732 3644 3825 3685 ex·

2285 3719 2615 3793 pectendo,
2661 3740 2692 3773 ι
2731 3718 2934 3777 multae
2978 3719 3397 3778 misericordioe
3443 3739 3473 3774 ιι
3524 3721 3593 3779 in
3630 3722 3822 3781 remit-

2286 3813 2489 3886 tend0,
2524 3834 2552 3865 «ι
2580 3816 2636 3870 et
2670 3812 3021 3887 praestabilis
3060 3829 3240 3887 super
3266 3813 3588 3887 malitiam,
3616 3838 3645 3868 ιι
3696 3830 3823 3888 gra-

2285 3907 2431 3966 tiam
2474 3905 2868 3977 conferendo,
2914 3911 2973 3963 et
3007 3905 3262 3979 gloriam
3300 3906 3563 3966 finaliter
3606 3908 3821 3967 dando.

2288 4003 2354 4060 Et
2379 4003 2693 4075 propterea
2710 3999 2924 4057 dicitur
2952 4000 3013 4036 ⁸·
2998 4019 3081 4056 ,ι
3115 4000 3538 4058 convertimini
3582 4006 3640 4060 et
3683 4002 3823 4075 agita

2287 4093 2694 4169 poenitentiam
2748 4110 2788 4151 a
2841 4092 3189 4152 criminibus
3248 4097 3308 4151 et
3372 4094 3823 4170 inquinamentis

2290 4188 2512 4260 vestris,
2541 4190 2601 4245 et
2636 4202 2758 4244 non
2794 4186 2905 4245 erit
2948 4186 3122 4245 vobis
3169 4186 3231 4244 in
3277 4187 3517 4246 ruinam
3557 4190 3822 4264 iniquitas

2291 4285 2501 4339 vestra.
2533 4301 2561 4336 ιι
2602 4283 2679 4338 De
2720 4280 2813 4339 his
2851 4284 3105 4354 quatuor
3146 4279 3728 4340 considerationibus
3752 4281 3821 4340 ad

2291 4374 2740 4433 conversionem
2769 4373 3150 4432 monentibus
3185 4373 3270 4431 sio
3294 4376 3377 4432 ait
3418 4377 3816 4436 Bernardus⁷z

2295 4487 2325 4523 a
2353 4469 2671 4528 Considera
2698 4467 2861 4526 unde
2885 4467 3082 4539 venis,
3124 4473 3185 4525 et
3228 4469 3545 4543 erubesce,
3576 4491 3607 4525 ιι
3644 4489 3819 4548 quan·

2289 4568 2415 4623 tum
2461 4564 2542 4622 ad
2581 4565 2838 4638 primam
2880 4581 2894 4620 ε
2931 4582 2960 4618 α
3000 4563 3105 4621 ubi
3148 4563 3256 4635 sis,
3304 4569 3361 4623 et
3404 4565 3759 4640 ingemisce,
3788 4587 3812 4624 ι

2292 4661 2580 4733 quantum
2606 4656 2686 4714 ad
2725 4655 3052 4715 secundam
3097 4673 3113 4713 ε
3147 4674 3179 4710 ι
3208 4672 3330 4730 quo
3360 4658 3565 4731 vadis,
3591 4665 3651 4720 et
3690 4677 3815 4719 con-

2290 4750 2585 4822 tremisce,
2610 4771 2640 4804 ιι
2665 4753 2955 4825 qnantum
2981 4749 3062 4808 ad
3088 4749 3358 4809 tertiam:
3386 4769 3419 4805 a
3444 4751 3527 4810 ad
3553 4753 3701 4828 quid
3724 4770 3813 4812 va-

2294 4846 2433 4917 das,
2481 4848 2538 4902 et
2581 4843 2951 4918 concupisce,
2998 4863 3028 4899 ιι
3077 4849 3368 4917 quantum
3408 4846 3490 4905 ad
3536 4852 3809 4921 quartam.

2292 4939 2465 5011 Quod
2490 4939 2615 5013 ipse
2642 4940 2921 5012 proestare
2950 4936 3245 5010 dignetur.

2874 5094 3130 5158 SERMO
3179 5095 3255 5157 ῘΙ.

2370 5188 2661 5297 postqum}
2686 5223 2995 5279 convertisti
3018 5236 3131 5292 me,
3159 5223 3247 5291 οφ·
3278 5220 3648 5292 panitariam
3668 5217 3705 5279 ⁸.
3730 5219 3809 5278 Si-

2302 5379 2355 5389 —
2395 5354 2416 5382 ⁸
2447 5347 2647 5406 Erech„
2685 5358 2847 5410 xvin,
2876 5349 2955 5397 3ο.
2983 5372 3044 5384 -
3079 5347 3095 5376 ⁷
3129 5347 3300 5407 Bet-n„
3327 5343 3391 5395 de
3414 5345 3589 5411 prim„
3619 5347 3738 5399 mett
3763 5349 3811 5396 et

2298 5423 2501 5483 accisa,
2532 5432 2688 5473 serm.
2720 5429 2814 5482 xit,
2843 5433 2893 5471 n.
2928 5423 2975 5471 1.
2997 5444 3058 5456 —
3086 5419 3104 5448 ⁸
3127 5418 3333 5481 let-em„
3358 5429 3505 5483 mi,
3537 5421 3608 5470 19.
