4059 6317
613 404 734 469 574

620 535 772 594 illud
817 534 1051 609 Psalmi,
1093 538 1152 595 et
1183 539 1375 612 potest
1404 553 1529 597 esse
1567 538 1817 597 verbum
1854 537 2169 611 cujuslibet

613 632 828 688 sanctae
879 630 1090 689 animae
1108 634 1123 666 ¹
1144 649 1159 689 :
1182 650 1212 685 α
1239 631 1428 689 Sitivit
1440 632 1640 690 anima
1667 648 1804 690 mea
1822 631 1902 689 ad
1923 635 2160 703 Deum,-

612 728 726 782 etc.
741 727 870 782 Non
891 728 1081 799 potest
1099 725 1299 784 anima
1312 742 1515 786 amore
1544 726 1778 785 fervens
1804 727 1925 801 pati
1955 727 2046 783 sui
2075 725 2165 783 di-

611 818 748 877 lecti
765 820 1113 879 absentiam.
1134 821 1484 897 Exemplum
1498 822 1572 880 de
1585 839 1804 898 sponsa
1822 822 1884 879 in
1904 821 2164 890 cantico,

614 928 748 987 quae
774 913 858 972 sic
883 914 1209 988 quaerebat,
1239 917 1323 973 sic
1351 916 1620 989 ardebat,
1651 916 1736 975 sic
1763 915 2052 989 languida
2078 915 2170 972 in·

614 1006 861 1066 cedebat
896 1013 1142 1087 propter
1183 1011 1512 1069 absentiam
1562 1010 1652 1070 sui
1703 1011 1907 1087 sponsi
1952 1008 1994 1069 ³.
2050 1010 2166 1069 Sed

613 1101 747 1174 quis
791 1101 972 1161 hodie
1017 1103 1133 1161 hoc
1173 1103 1471 1163 desiderio
1522 1106 1732 1180 quoerit
1773 1104 2063 1163 Chsistum
2086 1109 2117 1162 5²
2143 1105 2166 1140 ⁸

617 1214 646 1249 ι
672 1196 811 1265 Quis
840 1196 1008 1255 dabit
1041 1197 1218 1272 capiti
1246 1215 1383 1257 meo
1425 1216 1668 1275 aquam,
1715 1203 1773 1257 et
1800 1198 1990 1258 oculis
2017 1198 2166 1257 meis

611 1289 804 1348 fontes
844 1290 1264 1367 lacrymarum,
1310 1314 1340 1349 ιι
1391 1297 1456 1351 ut
1493 1309 1618 1351 non
1653 1310 1881 1352 cessem
1917 1309 1954 1351 a
1981 1292 2162 1365 fletu,

613 1400 753 1442 cum
780 1384 1021 1443 videam
1039 1401 1277 1445 omnem
1306 1387 1603 1445 mundum
1635 1387 1827 1461 magis
1851 1386 2029 1445 valde
2059 1386 2164 1444 de·

613 1478 875 1538 siderare
890 1495 1103 1538 aurum
1121 1498 1305 1556 quam
1323 1481 1792 1540 amantissimum
1806 1480 2120 1540 Dominum
2137 1481 2166 1537 ‘l

613 1574 866 1632 Currunt
897 1590 1098 1647 reges,
1126 1579 1372 1633 currunt
1408 1575 1739 1650 principes,
1778 1580 2019 1634 currunt
2055 1591 2165 1650 pa-

613 1666 754 1725 riter
782 1682 990 1726 omnes
1025 1672 1228 1742 gentes
1269 1669 1352 1727 ad
1379 1685 1591 1727 aurum
1610 1688 1629 1739 ς
1659 1673 1717 1727 et
1751 1669 1853 1727 vix
1891 1672 1978 1728 est
2012 1685 2166 1727 unus

613 1760 720 1835 qui
766 1765 963 1819 currat
1006 1762 1086 1820 ad
1128 1762 1438 1821 Christum.
1481 1762 1656 1822 isaias
1683 1764 1706 1798 ⁸
1745 1781 1760 1820 ε
1798 1782 1829 1817 α
1871 1762 2166 1837 Principes

612 1856 698 1914 tui
713 1855 1001 1929 infideles,
1023 1872 1229 1916 omnes
1257 1856 1516 1931 diligunt
1539 1872 1811 1928 munera,
1838 1862 2166 1932 sequuntur

611 1951 1045 2011 retributiones,
1099 1973 1130 2007 ιι
1177 1956 1245 2011 Et
1296 1951 1615 2011 Hieremias
1650 1953 1673 1988 ⁸
1700 1971 1720 2009 ε
1772 1974 1800 2005 «
1840 1957 1884 2011 A
1913 1952 2164 2010 minimo

611 2062 800 2120 usque
828 2046 906 2104 ad
934 2047 1263 2105 maximum
1291 2063 1499 2105 omnes
1536 2047 1796 2105 avaritias
1836 2046 2091 2104 student.
2129 2067 2154 2101 ιι

616 2140 728 2198 Sed
754 2141 1049 2216 numquid
1078 2142 1363 2216 impune?
1391 2145 1595 2200 Narrat
1608 2141 1903 2216 Scriptura
1922 2142 1967 2213 ⁶,
1994 2141 2163 2217 quod

613 2235 861 2309 qnidam
887 2251 1156 2294 reversus
1181 2236 1259 2293 ab
1299 2234 1499 2293 inferis
1539 2235 1690 2292 vidit
1732 2239 2023 2293 Neronem
2055 2235 2166 2292 im-

611 2332 945 2403 peratorem
963 2329 1024 2387 in
1045 2330 1315 2404 quodam
1333 2328 1575 2401 balneo,
1597 2329 1761 2403 quod
1782 2332 1904 2387 erat
1923 2345 1994 2387 ex
2015 2345 2163 2387 auro

611 2422 952 2498 quuefacto,
983 2439 1163 2496 super
1190 2423 1357 2496 cujus
1384 2424 1560 2482 etiam
1593 2424 1840 2493 dorsum
1865 2423 2165 2498 liquidum

612 2516 970 2574 fundebatur
1004 2532 1041 2574 a
1069 2517 1441 2576 daemonibus
1468 2534 1700 2575 aurum.
1748 2520 1978 2576 Poterat
2004 2515 2165 2575 enim

615 2609 809 2668 dicere
847 2609 1083 2668 daemon
1125 2611 1247 2683 ille,
1285 2610 1391 2686 qui
1431 2611 1549 2669 hoc
1594 2610 1838 2683 gerebat
1876 2611 2161 2681 officium,

614 2704 785 2779 quod
812 2703 1037 2761 dictum
1063 2703 1175 2762 fuit
1202 2706 1410 2762 Crasso
1434 2703 1794 2780 imperatori.
1828 2708 1973 2762 Dum
2003 2705 2162 2763 enim

612 2803 818 2874 captus
860 2804 1031 2866 esset,
1074 2803 1130 2857 et
1164 2816 1379 2858 aurum
1417 2799 1477 2857 in
1507 2816 1575 2856 os
1612 2799 1740 2872 ejus
1778 2798 2164 2874 liquefactum

613 2895 1032 2966 effunderetur,
1062 2895 1370 2955 dicebamr
1396 2894 1450 2954 ei
1476 2913 1490 2953 ε
1527 2915 1558 2951 α
1576 2900 1800 2954 Aurum
1832 2896 2018 2969 sitisti,
2058 2912 2165 2954 au·

610 3005 747 3048 rum
781 2989 941 3048 bibe.
970 3011 1000 3046 a

683 3083 953 3142 Secundo
983 3084 1141 3142 dicat
1166 3083 1521 3142 venerabilis
1548 3083 1912 3156 Magdalena,
1944 3086 2002 3140 et
2035 3082 2163 3158 qui·

613 3176 762 3236 libet
785 3179 1054 3236 nostrum
1102 3193 1239 3235 cum
1278 3193 1390 3235 ea:
1427 3197 1456 3232 α
1481 3177 1745 3249 Domine,
1793 3177 2066 3235 desidero
2106 3182 2163 3235 te

615 3271 842 3329 audire.
873 3291 903 3326 ιι
953 3270 1226 3329 Naturale
1268 3275 1355 3328 est
1399 3270 1643 3329 auribus
1678 3269 1885 3328 audire
1932 3270 2158 3328 suavia.

613 3367 758 3422 Nam
784 3364 973 3423 boves
997 3369 1054 3423 et
1070 3364 1231 3422 cervi
1253 3364 1505 3422 libenter
1539 3364 1790 3422 audiunt
1812 3363 2159 3434 melodiam,

613 3463 671 3517 et
694 3459 848 3516 miro
882 3458 1068 3517 modo
1115 3458 1476 3517 delectantur
1518 3459 1580 3515 in
1627 3462 1821 3515 cantu.
1873 3458 2061 3532 Cygni
2098 3457 2159 3515 in

613 3558 839 3611 tantum
864 3557 1097 3612 cantum
1121 3559 1341 3623 amant,
1367 3552 1535 3627 quod
1552 3551 1631 3610 ad
1657 3555 1958 3611 cantantes
1976 3552 2053 3611 de
2071 3553 2162 3611 ni-

617 3647 710 3705 dis
736 3647 1040 3719 advolant,
1069 3652 1128 3705 et
1144 3662 1321 3705 voces
1343 3645 1682 3704 consimiles
1711 3646 1967 3704 formare
1990 3645 2160 3704 labo-

611 3742 762 3799 rant.
809 3740 919 3799 Sed
957 3740 1006 3797 si
1052 3742 1281 3797 tantum
1327 3739 1576 3797 delectat
1628 3738 1900 3797 auditum
1955 3744 2161 3798 cantus

616 3833 841 3906 avium,
882 3834 1003 3892 sive
1042 3833 1376 3905 hominum,
1424 3837 1480 3891 et
1521 3849 1705 3892 sonus
1743 3832 2159 3893 instrumento·

612 3944 747 3986 rum
767 3947 785 4001 ;
815 3928 865 3985 si
894 3928 977 3986 sic
1008 3928 1258 3987 afficitur
1278 3926 1531 3997 animuS,
1554 3926 1702 3984 dum
1727 3926 1943 4002 aliquis
1964 3928 2161 3987 bonus

615 4026 836 4091 orator,
867 4021 963 4079 vel
991 4022 1371 4081 concionator
1407 4020 1664 4092 auditur,
1695 4021 1841 4096 quid
1867 4026 2041 4095 putas
2070 4021 2161 4080 di-

615 4115 817 4173 vinam
841 4115 1191 4190 sapientiam
1228 4114 1679 4173 concionantem
1717 4114 1972 4173 audire?
2014 4114 2160 4173 Dici-

615 4212 711 4266 tur
749 4209 908 4266 enim
935 4211 1138 4280 Requm
1164 4209 1333 4267 tertio
1352 4211 1375 4246 ⁷
1406 4228 1420 4267 :
1457 4230 1486 4263 α
1513 4211 1713 4268 Omnis
1741 4213 1895 4269 terra
1925 4210 2160 4268 deside-

612 4303 785 4361 rabat
810 4302 1010 4361 videre
1037 4302 1440 4375 Salomonem,
1463 4308 1529 4361 ut
1553 4284 1783 4362 audiret
1806 4303 2157 4377 sapientiam

613 4397 757 4470 ejuS.
779 4416 808 4451 ιι
834 4395 1113 4454 Salomon
1139 4395 1249 4454 fuit
1273 4412 1379 4454 rex
1415 4396 1718 4471 pacificuS,
1761 4397 2036 4456 Christus
2068 4397 2156 4457 ob

612 4490 959 4563 sapientiam
985 4489 1164 4562 huJ'us
1189 4490 1366 4563 regis,
1398 4490 1558 4549 venit
1593 4491 1801 4563 regina
1833 4491 1987 4550 Saba
2025 4507 2063 4549 a
2089 4491 2159 4548 fi-

564 4626 578 4647 ,
611 4584 791 4642 nibus
816 4589 1002 4654 terrae,
1029 4584 1178 4641 sicut
1204 4583 1416 4642 dicitur
1436 4585 1460 4620 ⁸
1491 4602 1507 4642 :
1534 4601 1672 4642 cum
1698 4585 1853 4645 enim
1899 4584 2161 4644 audisset

610 4678 835 4752 Regina
858 4678 1080 4736 famam
1107 4677 1464 4751 Salomonis,
1491 4678 1653 4737 venit
1677 4679 1756 4739 ad
1783 4695 1940 4752 eum,
1970 4680 2029 4738 et
2054 4695 2159 4737 au-

612 4772 782 4832 diens
800 4787 1043 4831 omnem
1059 4771 1433 4846 sapientiam,
1471 4772 1619 4830 dixit
1635 4772 1714 4832 ad
1732 4789 1870 4831 eum
1896 4792 1911 4830 :
1947 4776 2156 4831 «Verus

611 4869 700 4926 est
724 4882 941 4940 sermo,
972 4881 1152 4941 quem
1180 4865 1386 4924 audivi
1411 4866 1471 4924 in
1500 4870 1654 4925 terra
1671 4880 1808 4925 mea
1831 4882 2011 4941 super
2033 4883 2154 4925 ser-

673 4989 690 5024 ¹
717 4988 857 5038 Psal.
885 5000 994 5051 xu,
1022 4991 1069 5042 3.
1098 5015 1163 5027 —
1189 4988 1209 5019 ²
1238 4988 1409 5052 Cant„
1442 4999 1520 5052 111,
1549 4992 1571 5037 1
1602 4992 1654 5039 et
1682 5002 1791 5052 seq.
1817 5015 1876 5027 -
1904 4988 1926 5024 ⁸
1952 4990 2158 5051 lev-em„

609 5071 695 5124 1¹,
729 5064 774 5110 l.
801 5087 864 5100 —
892 5059 915 5096 ὅ
942 5060 1064 5122 Iso„
1105 5071 1152 5125 ι,
1186 5062 1268 5111 23.
1295 5086 1356 5098 -
1390 5061 1409 5091 ⁸
1443 5061 1646 5122 lev-ern..
1676 5072 1747 5122 vt,
1777 5064 1851 5112 13.
1880 5085 1943 5099 —
1970 5062 1991 5095 ⁸
2015 5061 2157 5112 ldem

607 5135 845 5182 narratur
870 5145 1008 5195 sup„
1035 5145 1154 5196 pag.
1186 5132 1304 5194 538,
1332 5130 1433 5182 col.
1462 5133 1512 5195 9,
1540 5131 1633 5181 sub
1665 5131 1873 5183 nomine
1901 5133 2109 5183 Senecae
2136 5147 2152 5183 ε

609 5200 699 5253 ubl
722 5202 848 5253 vitio
879 5202 1125 5267 Librarii,
1153 5202 1239 5254 vel
1259 5202 1611 5269 Typograpbi,
1638 5206 1696 5255 ut
1721 5202 2015 5267 coniectura
2039 5203 2156 5269 fert,

609 5286 706 5338 pro
760 5274 1014 5338 scriptura
1069 5276 1272 5327 Seneca
1318 5273 1522 5340 legitur.
1575 5274 1632 5325 ld
1678 5275 1817 5340 quod
1864 5276 1932 5326 ob
1977 5280 2155 5327 notam

612 5346 1037 5410 compendiosam
1078 5346 1295 5399 fortasse
1326 5347 1516 5399 iactum
1553 5349 1646 5398 est.
1677 5372 1740 5385 —
1777 5348 1799 5384 '¹
1837 5349 1900 5398 ll!
1938 5348 2074 5413 Rev„
2102 5362 2157 5413 x,

1599 398 2020 469 SERMONES
2056 400 2156 467 DE
2196 400 2555 471 SANc‘rls.
2598 402 2859 471 mlv.

2276 539 2559 599 monibus
2599 540 2721 601 oris
2758 540 2879 611 tui,
2913 542 2971 598 et
3007 554 3185 615 super
3220 537 3512 614 sapientia
3547 541 3669 599 tua.
3710 543 3821 602 Nee

2277 633 2597 692 credebam
2615 634 3009 706 narrantibus,
3039 634 3233 693 donec
3261 633 3393 708 ipsa
3420 634 3581 706 veni,
3613 640 3672 693 et
3703 635 3821 694 vidi

2278 727 2466 785 oculis
2493 729 2662 800 meis,
2690 733 2747 785 et
2773 728 3043 802 probavi,
3074 728 3243 803 quod
3279 726 3487 786 media
3520 744 3662 802 pars
3692 745 3821 787 nar-

2274 826 2405 881 rata
2429 822 2575 881 mihi
2602 822 2868 882 nonfuit.
2894 824 3076 896 MaJor
3103 823 3370 883 estenim
3396 823 3691 898 sapientia
3707 829 3819 896 tua,

2277 933 2461 991 quam
2505 933 2729 990 rumor,
2772 934 2953 992 quem
2989 916 3227 974 audivi:
3272 940 3303 972 ι
3345 918 3511 976 Beati
3540 919 3697 976 servi
3722 920 3818 991 tui,

2277 1011 2381 1084 qui
2408 1014 2562 1069 stant
2595 1027 2830 1086 semper
2864 1027 3066 1069 coram
3092 1014 3167 1084 te,
3209 998 3266 1069 81
3303 1012 3565 1070 audiunt
3603 1013 3825 1087 sapien·

2275 1104 2420 1161 tiam
2457 1109 2638 1162 tuam.
2667 1123 2697 1157 ιι
2737 1110 2927 1177 Argue
2962 1120 3104 1177 ergo
3142 1106 3227 1162 sic
3257 1121 3273 1161 ε
3302 1104 3360 1162 Si
3406 1104 3597 1178 igitur
3629 1107 3825 1179 regina

2275 1199 2432 1256 Saba
2457 1197 2678 1256 invenit
2699 1202 2918 1257 tantam
2946 1197 3293 1273 sapientiam
3314 1200 3377 1256 in
3403 1198 3629 1272 figura,
3644 1216 3823 1275 quan·

2276 1295 2403 1350 tum
2446 1297 2638 1367 putas„
2666 1292 3015 1365 Magdalena
3038 1292 3326 1351 invenerit
3352 1292 3419 1349 in
3446 1308 3516 1350 re
3544 1292 3722 1367 ipsa?
3747 1294 3824 1351 u*-

2276 1386 2428 1444 citur
2466 1385 2627 1443 enim
2651 1385 2714 1443 in
2740 1388 2887 1444 Luca
2913 1387 2936 1422 ’
2957 1429 2977 1458 ,
3006 1386 3172 1461 quod
3211 1385 3478 1444 «sedens
3518 1402 3695 1445 secus
3732 1404 3825 1461 pe-

2281 1480 2387 1538 des
2430 1479 2701 1553 Domini,
2743 1478 3024 1538 audiebat
3067 1479 3319 1538 verbum
3360 1479 3549 1538 illius.
3579 1500 3611 1533 ιι
3664 1481 3825 1549 Quod

2280 1573 2639 1648 Augustinus
2657 1588 2964 1648 exponens
2986 1573 3067 1631 ait
3087 1572 3166 1631 ¹0:
3197 1576 3388 1645 «Erat,
3416 1573 3641 1648 inquit,
3662 1574 3824 1631 uaria

2275 1667 2500 1725 intenta
2525 1667 2827 1726 dulcedini
2864 1667 3033 1725 verbi
3060 1667 3312 1740 Domini,
3356 1672 3419 1725 et
3448 1668 3612 1725 mira
3639 1667 3824 1725 dulce·

2276 1761 2415 1820 dine
2442 1761 2764 1828 tenebatur,
2796 1761 2943 1838 quia
2982 1761 3174 1834 maior
3208 1764 3297 1819 est
3319 1760 3571 1820 refectio
3600 1761 3821 1832 mentis,

2276 1871 2459 1930 quam
2483 1856 2718 1914 ventris.
2739 1877 2769 1912 ιι
2800 1855 2965 1914 Unde
3008 1858 3235 1930 poterat
3268 1855 3451 1915 uaria
3480 1854 3824 1929 Magdalena

2276 1947 2473 2007 dicere
2499 1949 2653 2007 illud
2694 1950 2909 2009 Psalmi
2941 1949 3023 2007 ¹¹:
3058 1970 3088 2005 ι
3116 1951 3307 2019 Quam
3333 1948 3543 2007 dulcia
3560 1948 3823 2008 faucibus

2273 2042 2423 2101 meis
2453 2042 2693 2118 eloquia
2718 2047 2851 2103 tua!
2883 2060 3061 2119 super
3094 2044 3217 2103 mel
3252 2044 3340 2102 ori
3368 2061 3535 2102 meo.
3566 2064 3601 2099 ιι
3650 2047 3715 2103 Et
3753 2044 3822 2100 si·

2275 2135 2491 2194 militer
2515 2137 2666 2195 illud
2691 2138 2911 2197 Cantici
2938 2137 2982 2175 ¹²
3009 2157 3024 2196 z
3056 2158 3087 2193 α
3108 2139 3318 2197 Anima
3342 2154 3487 2196 mea
3512 2136 3823 2211 liquefacta

2274 2234 2381 2301 est,
2409 2235 2474 2288 ut
2499 2230 2747 2289 dilectus
2771 2232 3002 2291 locutus
3030 2235 3135 2291 est.
3156 2252 3186 2286 ιι
3212 2235 3279 2290 Et
3298 2230 3449 2306 quid
3466 2230 3591 2289 hoc
3612 2232 3821 2288 mirum

2275 2329 2382 2398 est,
2412 2343 2548 2385 cum
2572 2329 2656 2386 sic
2682 2328 2821 2402 equi
2858 2329 3124 2401 existant,
3152 2328 3297 2386 dum
3328 2344 3547 2386 vocem
3577 2327 3824 2386 audiunt

2274 2421 2432 2479 tuhae
2470 2422 2774 2480 sonantis?
2801 2422 2956 2492 Quid
3002 2423 3203 2480 anima
3238 2426 3443 2480 sancta
3468 2421 3615 2479 facit
3634 2465 3654 2494 ,
3682 2421 3823 2479 dum

2274 2531 2416 2574 aure
2470 2516 2668 2574 cordis
2714 2515 2933 2574 divinas
2982 2515 3284 2591 sapientise
3327 2515 3623 2577 intendit!
3676 2517 3749 2574 ΟΞ
3777 2515 3823 2573 si

2273 2610 2489 2668 scirent
2506 2609 2707 2668 miseri
2730 2614 3091 2684 peccatores,
3118 2625 3303 2684 quam
3320 2609 3397 2667 sit
3418 2608 3617 2675 dulce,
3646 2625 3823 2685 quam

2273 2719 2454 2761 suave
2498 2702 2658 2761 intus
2700 2703 2761 2761 in
2802 2703 2984 2761 corde
3029 2702 3297 2761 divinam
3335 2702 3693 2777 sapientiam
3734 2702 3820 2761 lo·

2273 2801 2554 2871 quantem
2600 2797 2827 2869 audire,
2870 2796 3075 2856 omnia
3114 2797 3499 2869 dimitterent,
3535 2796 3615 2856 de
3657 2796 3819 2855 nullo

2271 2894 2566 2963 curarent,
2584 2890 2691 2949 sed
2703 2890 2783 2950 ad
2801 2892 2929 2965 ejus
2955 2891 3224 2950 auditum
3241 2891 3379 2950 totis
3396 2891 3647 2950 auribus
3668 2889 3818 2964 aspi·

2271 2990 2488 3044 rarent.
2515 2985 2676 3043 Unde
2705 2985 2941 3043 dicebat
2964 2986 3191 3059 Sponsa
3212 2985 3275 3043 in
3302 2984 3555 3044 canticis
3576 2985 3655 3042 ¹⁸:
3684 3005 3715 3037 ι
3737 2987 3817 3041 En

2272 3079 2519 3137 dilectus
2544 3093 2712 3136 meus
2738 3078 3001 3153 loquitur
3026 3080 3235 3137 mihi.»
3279 3083 3391 3137 Pro
3430 3094 3657 3152 magno
3682 3094 3819 3136 nar-

2267 3179 2379 3244 rat,
2412 3173 2554 3249 quia
2573 3172 2634 3230 in
2661 3172 2790 3248 ipsa
2807 3172 3106 3233 locutione
3129 3174 3478 3232 suavitatem
3497 3171 3817 3230 admirabi-

2269 3266 2391 3325 lem
2421 3266 2726 3325 sentiebat.
2737 3269 2943 3325 Narrat
2957 3262 3268 3340 Gregorius
3288 3265 3350 3338 ¹⁸,
3380 3266 3552 3342 quod
3573 3265 3819 3341 quidam

2269 3362 2511 3420 nomine
2540 3360 2838 3430 servulus,
2873 3361 3020 3420 dum
3052 3361 3115 3420 in
3150 3361 3301 3420 lecto
3334 3361 3582 3434 jaceret,
3618 3365 3676 3418 et
3717 3376 3814 3417 oo-

2267 3471 2398 3514 ram
2420 3468 2483 3513 se
2507 3454 2710 3513 divina
2737 3455 2922 3514 verba
2940 3455 3059 3529 legi
3076 3454 3311 3525 faceret,
3341 3454 3541 3514 subito
3565 3455 3817 3512 clamare

2269 3550 2473 3625 coepit:
2511 3569 2541 3604 ι
2566 3552 2793 3621 Tacete,
2834 3552 3037 3608 tacete.
3081 3569 3111 3604 ιι
3153 3551 3420 3624 Cumque
3464 3549 3813 3607 tacuissent:

2273 3665 2301 3698 α
2322 3643 2646 3719 Numquid,
2674 3644 2772 3705 ait,
2800 3658 2927 3703 non
2952 3643 3216 3713 audistis,
3248 3648 3484 3718 quantas
3495 3643 3711 3702 landes
3724 3659 3814 3701 re·

2267 3744 2484 3796 sonant
2508 3739 2571 3796 in
2589 3738 2740 3797 coelo
2758 3741 2789 3796 ἲ
2816 3759 2846 3794 ιι
2878 3741 3146 3813 Cumque
3173 3736 3253 3795 ad
3274 3737 3410 3795 illas
3428 3736 3644 3796 laudes
3660 3736 3813 3795 collo

2267 3847 2554 3907 suspenso
2591 3848 2796 3890 aurem
2825 3830 3176 3903 intenderet,
3212 3834 3435 3890 tantam
3480 3829 3813 3890 delectatio-

2265 3940 2405 3983 nem
2436 3926 2634 3999 sensit,
2670 3925 2838 4001 quod
2870 3942 3015 3984 mox
3044 3926 3194 3984 coelo
3235 3926 3501 3984 animam
3533 3925 3810 3984 reddidit.

2266 4023 2420 4093 Ergo
2458 4020 2509 4078 si
2546 4021 2630 4079 sio
2667 4021 2922 4081 delectat
2956 4038 3129 4081 aures
3170 4020 3434 4080 carnales
3474 4022 3813 4079 sanctorum

2265 4116 2471 4174 audire
2492 4119 2863 4189 concentum,
2891 4116 3327 4176 modulationes
3345 4121 3403 4175 et
3414 4117 3811 4190 harmoniam,

2266 4209 2436 4285 quid,
2474 4210 2746 4283 aestimas,
2784 4214 2869 4268 est
2893 4211 3101 4270 audire
3140 4211 3408 4270 divinam
3442 4211 3809 4287 sapientiam,

2266 4307 2324 4361 et
2349 4304 2545 4378 ipsum
2575 4303 2832 4361 Verbum
2868 4309 3171 4377 aeternum,
3201 4305 3371 4380 quod
3409 4306 3608 4364 omnis
3631 4304 3812 4364 beati-

2265 4396 2486 4455 tudinis
2516 4401 2855 4456 sanctorum
2875 4414 3052 4457 causa
3078 4404 3163 4457 est
3184 4403 3242 4456 et
3264 4398 3627 4474 principium
3646 4400 3677 4456 ‘t

2336 4490 2525 4549 Tertio
2570 4490 2734 4568 dicat
2784 4490 3124 4550 beatissima
3170 4492 3349 4551 Maria
3400 4491 3752 4566 Magdalena
3790 4510 3808 4550 ε

2267 4584 2534 4657 Domine,
2564 4599 2689 4643 non
2714 4583 2913 4642 solum
2939 4583 3214 4643 desidero
3240 4584 3445 4643 videre
3471 4588 3553 4658 te,
3582 4592 3649 4645 ut
3672 4601 3809 4659 per-

2263 4676 2496 4738 ficiatur
2534 4677 2713 4738 etiam
2752 4695 2923 4736 meus
2961 4679 3121 4736 visus
3127 4697 3147 4751 3
3184 4694 3308 4737 non
3351 4677 3548 4737 solum
3577 4678 3807 4751 audire,

2264 4778 2330 4831 ut
2380 4773 2722 4848 perficiatur
2750 4773 2910 4832 auris
2947 4788 3085 4831 mea
3128 4791 3143 4830 ε
3195 4771 3302 4831 sed
3347 4776 3406 4832 et
3439 4772 3620 4831 corde
3648 4772 3808 4830 desi-

2266 4867 2411 4927 dero
2475 4870 2533 4927 te
2590 4868 2802 4927 sentire
2816 4910 2839 4941 ,
2890 4870 2958 4927 ut
2994 4865 3363 4941 compleatur
3425 4866 3641 4925 animm
3694 4882 3809 4940 gu·-

2269 5065 2350 5114 24.
2393 5091 2448 5103 ·-
2496 5063 2514 5094 ⁸
2552 5062 2699 5127 ibid„
2736 5065 2830 5114 1-8.
2861 5088 2926 5101 -
2960 5062 2980 5094 ⁹
3006 5062 3144 5127 Luc„
3183 5072 3245 5125 x,
3281 5062 3361 5113 39.
3390 5089 3455 5101 —
3492 5064 3530 5095 ¹⁰
3565 5064 3807 5129 August„

2266 5148 2426 5186 serm.
2457 5147 2561 5198 ew,
2590 5133 2654 5186 al.
2692 5146 2860 5198 nvn,
2886 5134 2948 5185 de
2967 5134 3109 5185 verb.
3140 5135 3306 5196 Doni„
3330 5148 3388 5186 n.
3417 5139 3465 5199 ¹,
3490 5134 3669 5200 paucis
3693 5148 3808 5185 mn-

2265 5206 2399 5260 tatis.
2440 5233 2502 5245 —
2546 5210 2578 5239 ¹¹
2620 5206 2760 5260 Ρεαὶ.
2788 5218 2988 5270 cxvul,
3035 5207 3142 5257 ¹¹3.
3178 5229 3234 5245 -·
3280 5208 3326 5243 ¹⁸
3362 5206 3530 5271 Cant..
3574 5219 3626 5271 v,
3662 5208 3805 5258 tl.-

2269 5279 2311 5312 ⁸⁸
2341 5278 2489 5343 ibid„
2526 5290 2592 5343 ιι,
2629 5282 2707 5331 ιο.
2736 5305 2791 5317 -
2836 5278 2879 5313 ¹⁸
2914 5279 3153 5344 Gregor„
3189 5277 3248 5325 in
3287 5276 3499 5343 Ευωιρ..
3534 5278 3682 5331 hom.
3710 5290 3801 5346 xv,

2264 5364 2319 5402 n.
2348 5356 2394 5403 5.
