4059 6317
812 485 898 554 IN
939 477 1484 551 CONVERSIONE
1526 478 1593 546 S.
1640 476 1878 546 PAULI
1919 477 2332 547 Apos‘rom.
2375 480 2643 550 smum
2686 483 2734 549 Ι.

169 620 505 680 nudum
541 637 710 695 neque
763 622 961 680 biems.
1015 618 1182 677 Unde
1234 618 1360 677 erat
1401 614 1716 692 quoddam

169 714 466 785 mirabile,
496 715 642 790 quia
675 716 822 775 dum
855 715 1052 773 visum
1090 711 1286 771 amisit
1325 709 1599 782 exterius,
1626 708 1713 784 ip-

170 824 304 867 sum
329 808 556 883 accepit
580 808 824 867 interius
833 827 851 880 3
883 813 940 867 et
967 806 1256 883 quamdiu
1279 803 1490 864 habuit
1515 803 1712 861 visum

170 901 252 961 ad
279 902 593 977 mundum,
622 907 775 961 totus
800 918 987 960 eoecus
1014 904 1141 959 erat
1175 899 1256 957 ad
1284 898 1594 957 Christum.
1624 896 1717 953 vi-

169 1012 272 1054 sus
316 997 477 1056 enim
520 996 850 1071 corporalis
894 998 981 1053 est
1015 992 1325 1070 impeditio
1371 990 1712 1066 spiritualis,

170 1090 316 1166 quia
346 1091 549 1149 anima
587 1090 667 1148 ad
700 1088 989 1149 exteriora
1025 1087 1275 1158 diffusa,
1316 1085 1396 1145 ad
1434 1084 1717 1143 interiora

169 1188 255 1242 est
270 1185 443 1260 quasi
467 1183 654 1242 nulla.
671 1183 833 1242 Unde
852 1186 1051 1241 narrat
1067 1181 1459 1255 Hieronymus
1482 1180 1525 1249 ⁸,
1547 1177 1716 1254 quod

170 1277 373 1353 plures
398 1276 763 1352 philosophi,
783 1281 850 1335 ut
866 1279 1106 1352 possent
1130 1275 1309 1333 rebus
1335 1271 1716 1332 interioribus

169 1371 387 1430 melius
410 1387 538 1429 esse
563 1371 788 1443 intenti,
817 1370 931 1429 sibi
950 1368 1290 1445 corporales
1309 1367 1516 1426 oeulos
1543 1381 1714 1424 erue-

169 1468 322 1523 rant.
353 1467 502 1524 Nam
522 1469 579 1523 et
604 1480 792 1523 eoecos
825 1463 1100 1522 videmus
1125 1477 1253 1521 esse
1293 1458 1583 1519 mirabilis
1626 1458 1717 1517 in-

170 1558 438 1617 tellectus
462 1561 521 1616 et
545 1557 916 1617 admirabilis
934 1557 1181 1629 ingenii,
1209 1561 1267 1615 et
1291 1554 1468 1614 valde
1495 1552 1714 1612 tenacis

170 1651 498 1723 memoria,
523 1652 666 1727 quia
685 1651 887 1710 anima
909 1651 988 1710 ab
1014 1650 1268 1709 externis
1293 1649 1606 1717 abstracta,
1635 1644 1715 1704 ad

169 1745 454 1804 interiora
477 1749 596 1804 tota
622 1744 891 1815 collaeta,
919 1744 1077 1819 capit
1097 1742 1270 1802 facile
1300 1742 1521 1801 omnia.
1549 1739 1716 1798 Unde

171 1839 414 1898 docetur
449 1839 670 1910 anima,
707 1839 771 1896 in
806 1838 965 1896 libro
999 1839 1067 1895 de
1107 1838 1313 1894 Anima
1343 1842 1395 1893 et
1427 1835 1642 1907 Spiritu
1666 1834 1712 1906 ¹,

168 1932 337 2008 quod
363 1932 413 1991 si
436 1932 563 1990 vult
581 1948 646 1991 se
673 1946 1053 2005 cognoscere,
1079 1929 1275 1989 velud
1303 1933 1486 1988 Deum
1513 1943 1716 1987 ascen-

169 2028 336 2098 dere,
361 2029 442 2087 ab
469 2028 749 2087 omnibus
766 2028 1032 2103 corporis
1050 2026 1321 2085 semibus
1343 2024 1602 2084 retrahat
1628 2040 1713 2096 se,

167 2128 227 2181 et
250 2122 456 2181 redeat
478 2120 558 2181 ad
593 2136 680 2191 se,
707 2121 905 2180 stetin
944 2137 1030 2191 se,
1058 2123 1116 2178 et
1137 2119 1328 2178 elevet
1352 2135 1414 2177 se
1441 2133 1623 2193 supra
1651 2132 1714 2176 se

167 2216 386 2274 mentis
407 2215 552 2282 acie,
587 2216 740 2274 sieut
771 2216 835 2273 in
875 2214 1020 2273 viris
1053 2211 1523 2288 contemplativis
1550 2210 1713 2271 vide-

168 2325 304 2368 mus
325 2308 454 2368 fieri
480 2314 600 2370 tota
627 2310 746 2368 die.
783 2312 1098 2384 Nunquam
1124 2307 1283 2366 enim
1310 2309 1502 2382 potest
1526 2305 1717 2364 videri

165 2407 344 2475 Deua,
369 2403 483 2461 nisi
504 2403 715 2479 procul
737 2420 775 2462 a
800 2403 928 2461 visu
954 2402 1031 2460 sit
1061 2400 1344 2460 munduS.
1381 2420 1410 2453 κ
1439 2403 1585 2469 Non,
1616 2398 1712 2456 in·-

166 2495 303 2571 quit
349 2498 402 2569 ⁸,
458 2496 687 2556 videbit
741 2512 836 2555 me
887 2496 1071 2554 homo
1089 2536 1107 2565 ,
1154 2499 1211 2553 et
1257 2495 1434 2552 vivet.
1479 2513 1507 2547 u
1562 2495 1714 2565 Ergo

166 2591 382 2649 doctus
432 2590 782 2665 Apostolus,
838 2594 896 2647 et
948 2588 1315 2647 illuminatus
1373 2587 1456 2645 ad
1510 2587 1719 2645 viden·

165 2685 318 2743 dum
347 2687 549 2754 Deum,
573 2683 769 2742 visum
793 2681 1053 2757 perdidit
1078 2680 1160 2739 ad
1193 2679 1520 2739 videndum
1547 2696 1719 2738 mun-

165 2780 337 2837 dum.
379 2780 443 2837 lu
480 2777 586 2836 illo
622 2793 767 2850 ergo
804 2776 1003 2836 triduo
1051 2775 1326 2844 videbat,
1362 2780 1419 2835 et
1470 2791 1594 2834 non
1633 2776 1718 2833 vi·

164 2872 353 2931 debat
382 2890 397 2930 ε
427 2870 672 2929 videbat
704 2869 924 2929 scilicet
947 2869 1322 2945 spiritualiter
1332 2888 1352 2943 3
1391 2868 1499 2928 sed
1525 2884 1717 2927 coecus

164 2972 297 3025 erat
342 2965 746 3042 corporaliter.
802 2964 965 3022 Unde
1014 2964 1170 3022 bene
1219 2963 1296 3021 de
1334 2978 1407 3021 eo
1460 2962 1713 3021 dicitur:

163 3061 425 3119 θυι-πίε
459 3060 658 3117 Saulus
689 3059 757 3116 de
798 3063 976 3130 terra,
1012 3061 1321 3132 apertisque
1363 3059 1533 3114 ocutis
1576 3059 1719 3114 nihil

161 3154 387 3211 videbat
415 3172 434 3209 .-
473 3151 644 3223 nihil,
684 3151 878 3227 inquit
918 3152 1019 3225 (a),
1051 3155 1381 3235 terrenum;
1414 3151 1521 3209 sed
1554 3150 1721 3209 vide-

159 3246 276 3306 bat
293 3246 670 3305 interioribus
695 3245 885 3303 oculis
910 3245 1218 3304 Christum.
1249 3243 1414 3303 Unde
1441 3250 1499 3304 et
1518 3246 1715 3304 statim

161 3341 343 3413 vidit,
377 3346 433 3399 et
459 3341 654 3400 statim
689 3340 1000 3414 cognovit,
1036 3340 1351 3414 statimque
1392 3340 1671 3399 clamavit
1699 3359 1718 3397 ε

163 3439 418 3507 Domine,
442 3435 579 3508 quid
604 3451 688 3492 me
706 3438 795 3493 vis
826 3436 1047 3503 tacere?
1072 3435 1250 3505 Quasi
1277 3434 1534 3494 diceret:
1567 3451 1718 3509 pree-

163 3530 326 3605 cipe,
367 3532 424 3587 et
448 3531 690 3602 paratus
735 3544 869 3586 sum
918 3527 1187 3586 obedire.
1232 3526 1415 3600 igitur
1439 3528 1503 3587 in
1528 3528 1717 3587 verbo

159 3623 475 3698 praemisso
504 3622 626 3681 duo
655 3625 936 3681 notantur
963 3639 978 3679 ε
1009 3621 1206 3696 primo
1235 3622 1487 3681 elevatio
1507 3622 1718 3681 mentis

159 3718 225 3776 in
242 3721 456 3787 Deum,
479 3716 647 3792 quod
665 3715 917 3791 pertinet
939 3715 1021 3775 ad
1045 3715 1290 3774 oculum
1317 3715 1683 3791 spiritualem
1695 3734 1714 3788 3

160 3809 436 3870 secundo
465 3810 690 3869 clausio
726 3810 1040 3869 oculorum
1066 3810 1146 3867 ad
1181 3809 1499 3881 mundum,
1530 3826 1719 3885 quan-

161 3911 293 3967 tum
324 3904 400 3963 ad
440 3904 685 3965 oculum
722 3903 1116 3978 corporalem.
1158 3906 1313 3978 Ergo
1352 3904 1626 3973 surrexit,
1657 3908 1722 3962 ut

161 3999 417 4058 oculum
444 3996 807 4073 spiritualem
821 3996 1136 4071 acciperet,
1156 4013 1280 4071 quo
1306 4001 1460 4055 totus
1478 3999 1538 4055 in
1559 3997 1722 4057 Chri·

160 4100 325 4154 stum
352 4093 717 4162 intenderet3
748 4093 854 4151 sed
878 4107 1064 4150 coecus
1089 4091 1218 4164 fuit,
1249 4094 1316 4149 ut
1335 4108 1396 4150 se
1425 4109 1462 4150 a
1491 4092 1718 4152 mundo

160 4191 488 4261 averteret,
541 4193 599 4247 et
649 4188 945 4247 mundum
992 4186 1240 4245 ulterius
1295 4203 1418 4246 non
1474 4192 1716 4247 amaret.

162 4284 433 4342 Primum
459 4286 720 4353 notatur,
751 4298 888 4340 cum
912 4281 1125 4340 dicitur
1147 4298 1164 4338 ε
1183 4282 1433 4340 Serre-‘rit
1460 4283 1527 4340 de
1549 4290 1720 4354 terre,

155 4378 338 4451 J‘uxta
362 4375 514 4434 illud
541 4373 564 4410 ⁶
601 4392 618 4433 ε
654 4395 684 4430 α
705 4377 912 4449 Surge,
942 4376 1049 4450 qui
1076 4375 1324 4448 dormiS,
1350 4380 1406 4434 et
1432 4393 1653 4449 exurge
1681 4393 1719 4435 a

159 4468 442 4541 mortuis,
470 4473 527 4527 et
555 4468 920 4527 illuminabit
963 4472 1018 4527 te
1046 4467 1322 4527 Christus.
1365 4489 1395 4525 κ
1421 4468 1529 4539 Qui
1558 4469 1717 4527 enim

160 4581 204 4622 a
238 4568 402 4622 terra
438 4562 656 4635 surgit,
696 4578 901 4621 versus
940 4561 1156 4621 coelum
1197 4579 1260 4620 se
1305 4562 1506 4635 erigit,
1544 4567 1602 4622 et
1636 4564 1717 4622 ad

160 4659 401 4727 lumen,
428 4660 716 4732 quantum
745 4657 806 4714 in
831 4672 894 4715 se
922 4660 1029 4728 est,
1066 4672 1129 4714 se
1167 4656 1444 4731 disponit.
1495 4658 1715 4716 Secun-

161 4752 318 4810 dum
364 4766 510 4808 vero
554 4755 810 4822 notatur,
855 4766 993 4807 cum
1040 4749 1281 4808 additur
1326 4768 1342 4808 ε
1385 4753 1718 4824 Aper-cisque

160 4848 363 4915 omlis,
390 4844 536 4902 nihil
555 4845 789 4911 videbat.
820 4846 997 4902 Totus
1023 4842 1200 4916 igitur
1216 4843 1312 4902 hie
1336 4858 1532 4902 sermo
1560 4844 1715 4905 circa

227 4990 244 5024 ¹
271 4988 507 5052 Hieron,
532 4987 602 5037 acl
627 4986 794 5053 Abiq„
827 4988 973 5052 epist.
1006 5000 1171 5038 xxxii.
1217 4988 1517 5053 Exemplum
1548 4991 1625 5039 est
1652 4988 1714 5040 de

164 5059 501 5123 Democrit03
545 5059 680 5124 apud
721 5060 850 5123 Cic,
896 5059 960 5109 de
1003 5058 1188 5124 Finib„
1227 5059 1316 5110 lib.
1353 5061 1418 5121 V,
1455 5065 1509 5109 et
1542 5061 1714 5122 Taso„

159 5131 252 5183 lib.
287 5132 330 5181 V
348 5146 364 5193 3
396 5130 672 5194 Plutarch„
701 5131 792 5182 lib.
821 5130 884 5179 de
913 5131 1155 5182 Curiosit.
1189 5130 1284 5182 Hic
1316 5135 1485 5182 uitem
1523 5131 1711 5183 factum

161 5206 355 5267 negat;
379 5200 464 5251 ille
489 5215 614 5252 vero
641 5214 748 5252 non
768 5201 987 5252 affirmat
1011 5203 1242 5257 omnino.
1280 5202 1409 5252 idem
1436 5202 1623 5253 dicitur
1649 5203 1712 5252 de

161 5272 497 5336 Metrodoro,
542 5271 654 5336 eius
686 5271 956 5336 discipulo.
988 5298 1042 5309 -
1083 5273 1102 5302 ²
1145 5273 1217 5322 De
1245 5273 1386 5336 Spir.
1424 5275 1475 5324 et
1517 5275 1714 5336 Διώνῃ,

163 5362 212 5395 c.
246 5356 320 5409 n,
360 5344 495 5395 inter
534 5344 717 5406 spuria
757 5346 910 5408 Aug„
947 5344 1182 5408 append.
1227 5348 1357 5396 tom.
1405 5346 1490 5397 Vl.
1532 5349 1612 5396 Au
1648 5345 1715 5397 sit

165 5418 468 5483 Augustini,
497 5416 761 5468 dubitabat
792 5417 903 5481 ipse
939 5418 1328 5482 Beneventum,
1367 5422 1422 5469 ut
1464 5421 1604 5484 patet
1644 5431 1709 5473 ex

1824 614 2035 675 Christi
2059 615 2350 677 visionem
2371 622 2662 680 versatur.
2689 624 2839 680 Nam
2868 624 2927 679 et
2963 620 3092 695 ipse
3126 623 3377 697 Aposto-

1825 710 1918 768 lus
1946 710 2255 770 eonfitetur
2277 713 2428 772 nihil
2454 713 2620 773 aliud
2646 730 2711 773 se
2735 716 2907 786 scire,
2938 715 3051 774 uisi
3076 716 3372 776 Christum

1823 806 2044 874 lesum,
2073 809 2131 863 et
2145 805 2305 864 hunc
2324 807 2692 866 crucifixum.
2717 812 2785 867 Et
2802 808 2877 866 de
2906 811 3096 881 Petro,
3122 811 3375 882 Jacobo,

1827 899 1885 955 et
1922 900 2146 956 Joanne
2192 898 2406 959 dicitur
2439 902 2462 937 ⁸
2504 918 2520 957 t
2556 920 2586 956 α
2628 902 2778 976 (Qui)
2826 901 3087 960 levantes
3131 903 3371 971 oculos,

1825 991 2126 1049 neminem
2160 991 2456 1065 viderunt,
2484 994 2597 1052 nisi
2626 996 2823 1053 solum
2847 998 3064 1055 lesum.
3094 1018 3123 1049 ι»
3154 1000 3221 1055 Et
3245 996 3373 1072 ipse

1822 1086 1986 1143 lesus
2014 1085 2157 1142 dicit
2183 1086 2205 1121 ⁸
2233 1104 2248 1143 ε
2285 1107 2314 1139 «
2342 1088 2499 1145 Beati
2524 1088 2704 1161 oculi,
2728 1090 2833 1164 qui
2850 1090 3078 1162 vident,
3108 1107 3243 1166 quas
3265 1106 3375 1148 vos

1825 1177 2056 1236 videtis,
2097 1198 2125 1231 ιι
2176 1182 2328 1252 Ergo
2368 1180 2417 1238 si
2457 1181 2614 1240 beati
2650 1198 2779 1241 esse
2814 1183 3123 1256 volumus,
3171 1187 3370 1244 Jesum

1824 1271 2022 1329 solum
2053 1288 2192 1331 cum
2218 1274 2501 1348 apostolis
2537 1273 2869 1335 videamus.
2899 1281 3043 1336 Nam
3078 1281 3136 1335 et
3180 1279 3372 1338 Domi-

1824 1380 1939 1422 nus
1964 1381 2071 1440 per
2096 1367 2387 1425 loannem
2411 1367 2590 1426 dieit⁷
2623 1387 2637 1426 :
2665 1389 2694 1424 α
2722 1372 2849 1429 Qu
2875 1375 2965 1428 est
2985 1371 3103 1430 vita
3131 1376 3369 1444 esterna,

1824 1464 1891 1517 ut
1918 1467 2282 1533 cognoscant
2312 1467 2365 1521 te
2391 1480 2601 1522 verum
2628 1467 2833 1535 Deum,
2864 1469 2922 1524 et
2952 1483 3132 1541 quem
3163 1468 3371 1526 misisti

1826 1556 2020 1613 lesum
2051 1555 2360 1616 Christum.
2409 1578 2437 1613 ιο
2479 1560 2591 1617 Sed
2634 1559 2784 1634 quid
2820 1563 2908 1618 est
2945 1562 3240 1620 Christum
3267 1577 3372 1621 co·

1826 1663 2132 1719 gnoscere,
2170 1649 2285 1707 nisi
2321 1650 2567 1709 videre?
2604 1657 2759 1727 Ergo
2798 1654 3005 1712 videre
3048 1655 3371 1730 Christum,

1825 1744 1913 1799 est
1936 1756 2064 1800 esse
2080 1742 2344 1802 beatum.
2371 1744 2533 1803 Unde
2552 1751 2610 1803 et
2632 1746 2869 1805 dicebat
2882 1747 3066 1807 Jacob
3090 1746 3113 1783 ⁸
3141 1767 3155 1806 ε
3181 1769 3211 1803 ιι
3240 1749 3373 1808 Vidi

1825 1835 2140 1894 Dominum
2187 1836 2337 1896 facie
2378 1838 2459 1896 ad
2496 1838 2737 1910 faciem,
2775 1846 2833 1899 et
2874 1840 3041 1899 salva
3084 1842 3240 1901 facta
3288 1848 3377 1902 est

1826 1928 2028 1987 anima
2055 1945 2208 1988 mea.
2234 1950 2265 1986 ι»
2297 1935 2391 1990 Est
2417 1948 2562 2005 ergo
2589 1933 2686 1990 hic
2709 1933 3061 2007 notandum,
3092 1935 3260 2010 quod
3285 1939 3373 1996 Je-

1819 2037 1960 2099 sum
1980 2022 2187 2081 videre
2214 2024 2503 2083 debemus
2537 2042 2553 2082 z
2587 2027 2805 2101 primo,
2835 2027 3026 2102 posuis
3063 2028 3370 2101 afflictum,

1824 2117 1893 2173 ut
1937 2116 2133 2195 omnis
2173 2117 2234 2174 in
2284 2116 2461 2175 nobis
2514 2118 2847 2178 destruatur
2892 2123 3203 2183 carnalitas
3213 2141 3233 2197 3
3283 2140 3375 2182 se-

1826 2208 2049 2282 cundo,
2073 2210 2253 2268 rebus
2274 2209 2644 2282 destitutum,
2661 2216 2728 2270 ut
2754 2214 2949 2272 omnis
2977 2216 3036 2272 in
3063 2215 3240 2273 nobis
3267 2215 3375 2275 de-

1825 2306 2082 2361 struatur
2109 2304 2429 2379 cupiditas:
2461 2306 2652 2378 terti0,
2669 2306 2957 2366 humilem
2976 2312 3032 2366 et
3052 2309 3370 2383 abjectum,

1824 2400 1891 2454 ut
1916 2396 2111 2455 omnis
2138 2397 2202 2455 in
2228 2398 2404 2457 nobis
2426 2398 2761 2458 destruatur
2785 2401 3177 2476 pompositas.

1897 2490 2037 2549 Dico
2083 2490 2278 2564 primo
2324 2492 2494 2567 quod
2540 2496 2676 2551 aute
2717 2495 2921 2553 omnia
2960 2495 3250 2554 debemus
3284 2495 3374 2555 vi-

1808 2582 1970 2640 'dere
1996 2585 2197 2642 lesum
2224 2585 2414 2657 poenis
2440 2585 2725 2645 afflictum
2757 2605 2772 2645 :
2805 2587 2948 2662 quia
2974 2591 3263 2663 tanquam
3284 2589 3372 2648 la-

1825 2685 1916 2735 tro
1934 2676 2006 2750 (b)
2036 2694 2072 2735 a
2088 2677 2317 2752 populo
2353 2694 2464 2739 suo
2491 2684 2755 2754 captum,
2779 2682 3058 2755 velatum,
3088 2687 3144 2741 et
3185 2683 3375 2741 oculis

1819 2769 2039 2841 judicis
2079 2775 2497 2845 praesentatum
2512 2816 2531 2845 ,
2576 2773 2658 2832 ad
2705 2773 3046 2834 columnam
3100 2776 3373 2849 ligatum,

1823 2861 2075 2936 flagellis
2100 2880 2335 2939 caesum,
2365 2865 2650 2939 sanguine
2680 2872 3069 2940 cruentatum,
3109 2886 3148 2928 a
3173 2869 3374 2929 militi-

1824 2956 1941 3017 bus
1966 2957 2230 3032 illusum,
2269 2958 2348 3018 ab
2382 2960 2611 3019 Herode
2637 2964 2924 3034 spretum,
2948 2977 2988 3019 a
3014 2963 3199 3022 Pilato
3227 2979 3375 3022 con·

1827 3049 2194 3124 demnatum,
2246 3051 2307 3109 in
2364 3068 2536 3110 cruce
2593 3053 2914 3126 elevatum,
2968 3054 3155 3113 clavis
3209 3056 3376 3114 duris

1826 3146 2094 3221 affixum,
2146 3152 2205 3207 et
2256 3148 2465 3208 lancea
2517 3149 2903 3225 perforatum.
2934 3152 3180 3211 Attende
3230 3168 3373 3226 ergo

1824 3257 2069 3303 carnem
2094 3244 2260 3303 illam
2276 3244 2627 3318 virgineam,
2650 3246 2712 3303 in
2739 3251 2908 3304 utero
2933 3245 3211 3320 virginali
3236 3264 3376 3307 con·

1826 3337 2082 3414 ceptam,
2136 3338 2339 3413 utique
2397 3354 2637 3397 carnem
2689 3339 3090 3412 tenerrimam,
3136 3358 3376 3402 carnem

1824 3432 2283 3505 nobilissimam,
2315 3448 2555 3491 carnem
2582 3433 2755 3491 nullo
2792 3437 3035 3507 peccato
3069 3434 3374 3509 foedatam,

1824 3530 1944 3587 Deo
1973 3541 2213 3585 carnem
2248 3526 2499 3585 unitam.
2528 3529 2596 3584 Et
2622 3526 2753 3585 heec
2788 3527 3014 3599 videas,
3043 3544 3178 3602 quae
3201 3529 3378 3591 fuerit

1822 3637 2021 3697 passa,
2068 3624 2127 3678 et
2169 3620 2391 3695 quibus
2432 3619 2608 3679 fuerit
2644 3620 2914 3695 partibus
2957 3621 3277 3697 perforata,
3318 3629 3377 3683 et

1824 3716 1953 3789 ejus
1993 3730 2175 3788 poena
2222 3730 2407 3790 quam
2448 3714 2626 3774 fuerit
2670 3714 2972 3774 diuturna.
3006 3720 3074 3775 Et
3112 3719 3257 3793 quia
3294 3718 3374 3781 ab

1824 3808 1939 3865 illis
1967 3807 2145 3865 fuerit
2166 3823 2363 3882 passa,
2392 3808 2608 3881 quibus
2647 3826 2757 3868 sua
2792 3811 3123 3871 contulerat
3154 3812 3376 3871 benefl-

1826 3901 1938 3973 cia,
1963 3901 2195 3960 videbis
2224 3901 2498 3961 dolorem
2527 3902 2653 3975 ejus
2690 3901 2870 3961 fuisse
2897 3906 3371 3981 permaximum3

1824 4013 1933 4054 nec
1972 4013 2242 4071 unquam
2284 4001 2511 4056 tantum
2553 3999 2827 4057 dolorem
2869 3999 3068 4074 fuisse,
3105 4001 3203 4060 vel
3247 4018 3374 4061 esse

1824 4091 2085 4164 potuisse
2128 4091 2191 4149 in
2231 4090 2497 4162 homine,
2526 4095 2594 4150 ut
2635 4091 2762 4167 ipse
2804 4096 3045 4151 testatur
3080 4094 3283 4153 dicens
3301 4095 3325 4132 ⁰
3355 4114 3370 4155 ε
3420 4086 3425 4093 ’

1830 4203 1862 4239 α
1886 4185 1932 4242 Ο
1958 4200 2069 4242 vos
2097 4200 2303 4243 omnes
2329 4185 2433 4260 qui
2460 4185 2718 4244 transitis
2740 4201 2850 4260 per
2867 4185 3051 4258 viam,
3070 4187 3370 4262 attendite,

1828 4282 1886 4335 et
1927 4278 2141 4350 videte,
2169 4279 2219 4336 si
2259 4281 2347 4336 est
2390 4279 2566 4338 dolor
2605 4279 2755 4338 sicut
2793 4279 2970 4338 dolor
3003 4297 3190 4340 meus.
3220 4301 3251 4338 »
3283 4283 3373 4342 Ad

1825 4372 1981 4430 hanc
2005 4370 2344 4446 passionem
2382 4371 2725 4431 habendam
2753 4388 2875 4447 prae
2918 4373 3108 4432 oculis
3147 4390 3258 4433 nos
3281 4375 3374 4434 in-

1823 4467 1969 4524 vitat
2005 4465 2355 4531 seruat-dus,
2410 4465 2677 4524 dicens¹⁰
2707 4482 2723 4523 z
2763 4485 2792 4520 α
2811 4466 3029 4541 Habete
3083 4467 3374 4530 Christum

1823 4575 2058 4633 semper
2100 4574 2227 4616 non
2275 4561 2432 4618 retro
2477 4559 2540 4617 iu
2580 4558 2865 4631 humeris,
2907 4559 3016 4619 sed
3060 4566 3197 4621 aute
3248 4578 3374 4637 prae

1824 4652 2012 4713 oculis
2042 4672 2057 4710 ε
2087 4667 2165 4712 ne
2187 4657 2510 4728 portantes,
2538 4655 2599 4712 et
2621 4668 2746 4712 non
2773 4654 3111 4728 odorantes,
3133 4659 3192 4714 et
3220 4672 3372 4717 onus

1823 4750 2073 4820 premat,
2103 4749 2163 4804 et
2187 4744 2341 4805 odor
2367 4762 2489 4805 non
2523 4746 2730 4820 erigat.
2759 4750 2910 4805 Num
2937 4746 3128 4807 levius
3153 4753 3372 4808 vestras

1823 4839 2068 4913 injurias
2087 4840 2308 4911 feretiS,
2330 4838 2381 4897 si
2401 4840 2666 4899 videritis
2688 4840 3148 4901 amaritudinem
3172 4843 3370 4901 Domi·

1825 4972 1934 5037 ejus
1968 4973 2255 5023 comment.
2298 4970 2349 5021 iu
2399 4971 2486 5021 lib.
2539 4973 2574 5020 ΙΙ
2625 4973 2784 5034 Sene„
2827 4972 2942 5021 dist.
2986 4984 3128 5034 xxiv,
3163 4975 3293 5038 part.
3329 4984 3368 5039 1,

1823 5050 1915 5095 art.
1949 5047 1994 5103 2,
2027 5058 2080 5108 q.
2115 5056 2148 5106 t,
2175 5044 2329 5108 hujus
2355 5043 2475 5094 edit.
2506 5049 2635 5094 tom.
2672 5046 2761 5101 tlt,
2785 5057 2905 5107 pag.
2930 5048 3042 5106 161,
3066 5045 3164 5095 col.
3193 5051 3235 5095 1.
3270 5047 3371 5096 Hu-

1822 5116 1945 5182 goni
1976 5130 2100 5167 vero
2125 5131 2158 5167 a
2181 5116 2460 5168 'rrimemio
2488 5115 2812 5167 adscribitur.
2830 5141 2894 5153 —
2920 5114 2943 5151 ⁸
2969 5115 3150 5182 Exod„
3179 5129 3367 5184 xxxin,

1822 5192 1900 5239 20.
1930 5214 1993 5226 -
2018 5188 2038 5218 ⁴
2067 5187 2267 5251 Ephes..
2298 5199 2347 5250 v,
2384 5190 2542 5237 14.--
2572 5187 2595 5223 ⁸
2618 5186 2821 5245 Heme„
2852 5199 2982 5250 xvn,
3013 5189 3061 5237 8.
3092 5213 3152 5224 -
3181 5190 3201 5220 ⁸
3233 5189 3369 5252 Luc„

1823 5272 1885 5321 x,
1916 5262 1996 5310 23.
2034 5284 2095 5297 -
2121 5259 2144 5294 ⁷
2170 5259 2337 5320 λοιπὴ,
2374 5268 2516 5318 xvn,
2557 5262 2608 5308 3.
2642 5282 2703 5295 -
2744 5256 2767 5293 ⁸
2803 5257 2947 5319 Gen„
2978 5269 3161 5320 xxxii,
3199 5263 3279 5311 30.
3307 5287 3371 5300 -

1819 5332 1840 5363 ·
1870 5330 2067 5391 Thoen„
2097 5342 2137 5392 ι,
2167 5332 2247 5380 22.
2270 5356 2334 5367 —
2362 5331 2403 5366 ²⁰
2427 5330 2581 5379 Bern.

1886 5415 1950 5481 (a)
1977 5417 2092 5482 Leq.
2121 5414 2351 5481 iuquam.
2380 5440 2437 5452 -
2465 5413 2540 5480 (b)
2576 5414 2686 5481 ιερ-
2718 5413 2990 5471 latronem.
