4059 6317
714 498 834 561 482

710 633 836 694 tate
857 628 1346 713 compassionis:
1377 628 1706 695 animabat
1723 629 1898 695 enim
1925 628 2113 692 istam
2132 625 2250 692 Do-

709 736 923 802 minus
939 741 1154 802 noster
1168 734 1351 801 lesus
1371 735 1653 802 Christus
1675 735 1941 802 dicendo
1965 734 2064 799 ei·
2094 734 2247 801 Gon·

708 844 861 925 fide.
909 842 1126 910 Primo
1170 843 1407 909 scilicet
1450 844 1521 909 in
1574 843 1717 909 Filii
1777 843 2085 926 sapientia
2100 888 2122 919 ,
2173 846 2249 907 ut

707 951 1085 1018 illumineris
1122 952 1204 1016 ab
1247 970 1465 1017 errore
1503 950 1891 1015 infidelitatis
1944 953 2009 1013 et
2054 950 2071 1013 i
2078 967 2244 1030 gno-

706 1063 955 1127 rantiae.
986 1061 1298 1140 Secundo,
1329 1061 1401 1124 in
1428 1060 1705 1142 Spiritus
1732 1058 1933 1122 sancti
1963 1056 2243 1122 clemen·

705 1171 817 1251 tia,
840 1176 914 1237 ut
939 1169 1237 1254 purgeris
1258 1187 1299 1233 a
1322 1169 1543 1234 foetore
1569 1165 1986 1232 deformitatis
2011 1164 2241 1249 eulpae.

705 1277 939 1358 Tertio,
968 1280 1039 1344 in
1067 1276 1276 1343 Patris
1301 1276 1609 1360 potentia,
1638 1279 1714 1341 ut
1741 1274 1984 1341 saneris
2024 1293 2066 1339 a
2101 1274 2242 1339 lan-

708 1405 913 1471 guore
939 1385 1319 1470 poenalitatis
1346 1384 1642 1450 miseriae.
1677 1382 1756 1449 Et
1780 1383 1921 1448 haee
1958 1383 2084 1447 tria
2123 1401 2243 1448 ne-

704 1495 975 1561 cessario
1002 1512 1072 1560 se
1096 1493 1334 1559 habent
1359 1510 1473 1576 per
1494 1490 1812 1558 ordinem.
1842 1489 2007 1555 Nam
2024 1489 2245 1555 nullus

702 1607 963 1668 sanatur
1005 1602 1087 1667 ab
1130 1599 1496 1665 infirmitate
1539 1615 1749 1682 poenae
1766 1642 1785 1678 ,
1848 1598 1977 1662 nisi
2034 1598 2245 1680 primo

702 1709 1098 1775 illuminetur
1124 1709 1209 1773 ab
1232 1706 1599 1772 infidelitate
1624 1706 2033 1787 ignorantiae,
2060 1709 2126 1770 et
2141 1724 2240 1772 se·

701 1818 912 1883 cundo
935 1820 1254 1900 purgetur
1282 1816 1370 1894 (α)
1398 1832 1439 1878 a
1461 1813 1740 1879 foeditate
1766 1812 1995 1897 culpae.
2026 1812 2243 1879 Primo

703 1941 863 2006 ergo
886 1924 1077 1990 dicit:
1115 1921 1370 2003 confide
1386 1922 1457 1986 in
1481 1920 1623 1985 Filii
1651 1921 1978 2004 sapientia,
2009 1924 2088 1985 ut
2102 1920 2245 1985 illu-

704 2031 966 2097 mineris
986 2032 1067 2096 ab
1087 2029 1474 2095 infidelitatis
1488 2046 1726 2107 errore,
1747 2032 1814 2092 et
1831 2028 2235 2109 ignorantiae.

702 2137 783 2203 Et
842 2138 921 2203 de
964 2138 1088 2203 hoc
1127 2137 1359 2203 dicitur
1404 2137 1423 2173 ¹
1473 2154 1494 2200 ι
1548 2158 1581 2196 ιι
1625 2134 1750 2213 Qui
1807 2135 2136 2201 confidunt
2172 2135 2241 2199 in

700 2244 910 2324 illum,
940 2244 1298 2326 intelligent
1326 2244 1688 2323 veritatem,
1720 2247 1784 2308 et
1807 2244 2025 2309 fideles
2051 2243 2119 2306 in
2153 2243 2243 2307 di-

699 2353 967 2418 lectione
1007 2351 1409 2434 acquiescent
1457 2350 1581 2430 illi,
1630 2372 1662 2410 »
1709 2349 1921 2432 inquit
1965 2348 2240 2432 Spiritus

700 2466 973 2525 sanctus.
1027 2459 1152 2537 Qui
1199 2456 1536 2539 confidunt
1585 2458 1662 2523 in
1719 2458 1937 2537 illum,
2005 2458 2243 2523 scilicet

700 2567 923 2647 Deum,
953 2586 1068 2651 per
1093 2567 1229 2650 spei
1256 2565 1554 2631 fiduciam
1583 2565 1654 2628 in
1681 2566 2075 2648 expectando
2100 2584 2234 2630 cer-

700 2675 1134 2755 titudinaliter,
1174 2675 1540 2758 intetliqent
1574 2675 1909 2740 veritatem
1950 2691 2064 2757 per
2093 2674 2239 2738 fidei

699 2784 1114 2849 luculentiam
1148 2785 1219 2848 in
1248 2782 1561 2848 credendo
1596 2780 1888 2861 fideliter,
1934 2788 1996 2849 et
2020 2780 2239 2862 fideles

702 2896 777 2961 in
806 2894 1172 2972 dilectione,
1216 2911 1329 2976 per
1366 2890 1691 2957 charitatis
1729 2890 2240 2956 benevolentiam

702 3002 772 3066 in
795 3000 1068 3065 amando
1086 2999 1381 3080 finaliter,
1407 2999 1810 3080 acquiescent
1833 2996 1940 3063 tut·
1962 3016 2075 3080 per
2096 3016 2239 3081 ope-

702 3110 794 3175 ris
835 3109 1179 3173 efficaciam
1201 3152 1221 3188 ,
1274 3106 1608 3171 serviendo
1646 3105 2029 3186 liberaliter,
2078 3122 2235 3190 quo·

699 3223 885 3287 niam
910 3219 1149 3286 donum
1174 3224 1234 3285 et
1276 3231 1418 3300 pax
1455 3221 1546 3282 est
1573 3214 1780 3281 electis
1817 3214 1955 3294 Dei,
1987 3232 2101 3298 per
2134 3233 2236 3280 re·

702 3326 1162 3393 munerationis
1225 3322 1684 3389 abundantiam
1751 3322 1820 3386 in
1882 3323 2240 3405 recipiendo

701 3434 1167 3501 delectabiliter.
1217 3430 1379 3497 Huic
1423 3430 1722 3495 convenit
1771 3429 1944 3512 quod
1993 3429 2242 3497 dicebat

704 3541 997 3608 Psalmus
1019 3543 1083 3605 ἰ
1113 3563 1146 3601 ι
1171 3539 1294 3618 Qui
1320 3538 1652 3605 confidunt
1679 3535 1746 3600 in
1775 3536 2045 3603 Domino
2078 3539 2245 3605 sicut

704 3667 889 3715 mons
913 3648 1067 3715 Sion
1087 3671 1104 3713 z
1127 3666 1255 3712 non
1283 3644 1790 3712 commovebitur
1807 3644 1877 3707 in
1897 3648 2238 3726 aeternum,

703 3759 815 3844 qui
840 3757 1182 3823 habitatin
1224 3753 1600 3821 Jerusalem.
1636 3772 1666 3811 n
1704 3750 1994 3816 Secundo
2034 3774 2050 3816 z
2090 3768 2238 3820 con-

704 3866 835 3948 fide
858 3867 927 3931 in
955 3864 1225 3949 Spiritus
1243 3861 1442 3926 sancti
1467 3858 1823 3937 clementia,
1846 3862 1921 3923 ut
1939 3861 2242 3942 purgeris

703 3995 743 4041 a
765 3976 988 4040 foetore
1017 3970 1433 4038 deformitatis
1458 3967 1684 4051 eulpae.
1719 3964 1896 4031 Unde
1923 3966 2152 4033 dicitur
2167 3970 2190 4006 ⁸
2219 3990 2235 4033 :

710 4107 741 4144 α
771 4082 1105 4148 confidens
1130 4081 1200 4143 in
1234 4077 1522 4156 Domino,
1554 4075 1710 4158 quia
1735 4074 1849 4157 qui
1885 4075 2144 4159 incoepit
2172 4077 2240 4143 in

707 4191 891 4257 vobis
913 4204 1075 4273 opus
1110 4189 1377 4266 bonum,
1418 4183 1700 4267 perficiet
1725 4200 1932 4265 usque
1970 4184 2039 4249 in
2069 4185 2240 4250 diem

705 4297 857 4363 lesu
883 4295 1113 4362 Christi
1143 4317 1159 4359 z
1191 4315 1222 4356 ι
1258 4292 1444 4376 quasi
1469 4291 1637 4356 dicat
1674 4289 2013 4373 Apostolus
2044 4310 2061 4355 ι
2100 4291 2241 4383 Non

706 4406 926 4472 diffido
951 4403 1187 4470 intuitu
1216 4418 1380 4466 meae
1407 4398 1790 4481 fragilitatis,
1819 4399 1952 4463 imo
1991 4400 2239 4466 confido

706 4515 778 4579 in
815 4514 1082 4580 Domino
1108 4508 1603 4576 consideratione
1645 4506 1882 4572 divinae
1929 4507 2187 4573 virtutis
2217 4528 2237 4575 ε

707 4621 861 4705 quia
885 4621 997 4702 qui
1017 4619 1273 4699 incoepit
1295 4617 1368 4681 in
1387 4615 1573 4680 nobis
1583 4615 1823 4680 bonum
1842 4618 2238 4698 propositum

706 4742 822 4812 per
837 4726 1314 4810 inspirationem
1331 4725 1562 4807 gratiae
1578 4724 2049 4807 praevenientis‚
2076 4744 2239 4810 opus

706 4836 949 4900 bonum
975 4833 1255 4917 perficiet
1275 4849 1390 4915 per
1409 4832 1827 4896 remotionem
1855 4830 2060 4913 culpae
2086 4831 2235 4896 infi-

706 4943 950 5022 cientis,
969 4941 1215 5006 ratione
1234 4940 1418 5023 cuius
1432 4937 1683 5003 nullum
1702 4955 1862 5022 opus
1873 4941 1971 5002 est
1991 4939 2238 5004 bonum

703 5050 775 5117 in
817 5067 1053 5133 genere
1097 5048 1385 5130 gratuiti,
1421 5064 1542 5111 nec
1579 5047 2095 5112 remuneratione
2137 5049 2235 5113 di-

706 5174 918 5241 gnum
957 5157 1029 5222 in
1058 5158 1395 5238 conspectu
1436 5152 1568 5219 Dei.
1609 5153 1904 5235 Perficiet
1934 5170 2134 5238 usque
2160 5157 2239 5223 in

702 5264 874 5333 diem
913 5265 1063 5333 δεον
1105 5263 1376 5342 carim,
1419 5278 1534 5344 per
1573 5261 1962 5343 adiutorium
2009 5263 2238 5343 gratia

769 5427 952 5494 ⁸...8q2
979 5429 1134 5491 nuo.
1161 5422 1711 5487 -tpml.cxxiv,1.
1743 5421 2091 5488 —⁸Pl·ilip.,
2120 5428 2236 5489 μδ.

705 5490 1811 5561 -*Pea1.xx1v,1etseq‚-⁸Ambros.

1805 488 2227 559 semontis
2267 490 2370 556 m:
2411 489 2808 558 Taureae,

2356 626 2821 711 subsequentis.
2852 625 3031 691 Unde
3053 588 3235 692 tanta
3256 631 3353 693 est
3376 627 3666 693 humana
3688 626 3889 709 fragi-

2351 735 2517 813 litas,
2549 735 3889 820 quodnequaquampotestperseen're

2351 844 2423 907 in
2474 844 2730 929 aliquod
2775 846 3016 910 bonum
3062 864 3226 929 opus
3278 845 3685 913 meritorium
3706 894 3725 924 ‚
3770 845 3891 908 nisi

2352 953 2563 1034 gratia
2587 953 2874 1018 humana
2913 957 3065 1019 vota
3103 953 3369 1036 inspiret
3416 951 3894 1036 praeveniendo,

2352 1065 2417 1125 et
2442 1067 2863 1145 proffluatur
2897 1061 3278 1145 adiuvando.
3310 1061 3523 1125 Tertio
3547 1059 3799 1142 confide
3826 1058 3894 1123 in

2354 1166 2559 1235 Patris
2584 1171 2891 1252 potentia,
2923 1176 2998 1235 ut
3014 1171 3255 1235 saneris
3273 1188 3314 1234 a
3336 1170 3660 1251 languore
3684 1188 3893 1253 poena-

2349 1275 2546 1341 litatis
2573 1278 2871 1344 miseriae.
2910 1278 2986 1343 Et
3010 1277 3088 1343 de
3112 1278 3237 1343 boc
3262 1280 3467 1360 potest
3508 1277 3712 1360 accipi
3740 1277 3891 1342 illud

2352 1382 2702 1451 Psalmistae
2730 1391 2783 1426 ⁵·
2768 1386 3053 1465 .«Adte,
3074 1384 3359 1463 Domine,
3378 1382 3892 1449 levavianimam

2350 1509 2610 1557 meam:
2640 1492 3038 1572 Deusmeus‚
3072 1492 3141 1557 in
3180 1492 3546 1570 teconfido,
3577 1508 3892 1556 noneru-

2349 1599 2624 1665 bescam.
2674 1599 2893 1684 Neque
2938 1599 3243 1667 irrideant
3276 1616 3382 1663 me
3418 1598 3669 1663 inimici
3717 1597 3887 1662 mei:

2347 1709 2583 1773 etenim
2614 1709 2921 1789 universi,
2954 1709 3067 1792 qui
3098 1709 3413 1773 sustinent
3446 1712 3534 1787 te,
3577 1725 3718 1771 non
3742 1725 3891 1771 con·-

2348 1815 2717 1882 fundentur.
2804 1817 3282 1881 confundantur
3359 1832 3589 1881 omues
3672 1813 3893 1897 iniqua

2347 1928 2615 2004 agentes
2641 1941 3058 2007 supervacue.
3089 1923 3238 1988 Vias
3279 1927 3426 1987 tuas
3468 1921 3741 1987 Domine
3778 1921 3895 1986 de-

2348 2036 2634 2099 monstra
2661 2032 2844 2112 mihi,
2879 2036 2944 2096 et
2984 2031 3242 2095 semitas
3275 2034 3422 2095 tuas
3464 2029 3658 2093 edoce
3696 2045 3826 2093 me.
3857 2050 3890 2088 ι

2350 2137 2564 2222 Inquit
2589 2139 2899 2223 propbeta
2919 2162 2934 2204 z
2956 2140 3064 2206 Ad
3089 2144 3171 2219 te,
3191 2139 3487 2219 Domine,
3508 2137 3731 2203 levavi
3746 2139 3891 2203 ani-

2345 2263 2517 2314 mam
2540 2264 2768 2324 meam,
2798 2266 2913 2331 per
2953 2248 3185 2313 mentis
3222 2246 3627 2312 devotionem
3659 2267 3679 2310 ε
3732 2248 3891 2311 Deus

2346 2370 2542 2435 meua,
2569 2356 2644 2422 in
2688 2363 2747 2422 te
2772 2354 3028 2436 confido
3070 2357 3387 2437 quantum
3427 2353 3508 2419 ad
3563 2353 3891 2437 petitionis

2353 2463 2871 2528 exauditionem:
2902 2478 3034 2530 non
3058 2460 3440 2538 erubescam
3484 2478 3600 2543 per
3628 2460 3709 2543 (b)
3741 2461 3861 2525 sub

2346 2569 2668 2635 ventionis
2683 2571 3191 2652 denegationem.
3212 2569 3426 2651 Neque
3445 2568 3779 2637 irrideant
3796 2586 3896 2636 me

2348 2677 2606 2743 inimici
2626 2680 2777 2757 mei,
2810 2677 2873 2742 id
2900 2682 3016 2755 est,
3042 2677 3389 2757 daemones,
3422 2695 3539 2759 per
3563 2677 3898 2759 impatien-

2348 2787 2455 2851 tiae
2481 2786 2750 2853 furentis
2786 2787 3388 2852 demonstrationem
3418 2804 3436 2850 ε
3470 2788 3710 2854 etmim
3738 2790 3895 2854 wti-

2348 2897 2522 2962 vem’
2541 2898 2658 2979 qui
2684 2898 3008 2964 sustinent
3045 2901 3101 2963 te
3138 2914 3254 2979 per
3279 2895 3714 2960 tribulationis
3745 2896 3897 2961 tole-

2347 3005 2682 3083 rationem,
2727 3020 2858 3072 non
2912 3003 3389 3086 confundentur
3426 3022 3542 3087 per
3594 3005 3893 3087 despera·

2349 3110 2538 3175 tionis
2551 3110 3088 3195 illaqueationem.
3123 3110 3259 3177 lmo
3282 3112 3758 3193 confundentia·
3776 3131 3894 3196 per

2350 3219 2710 3283 tentationis
2746 3220 3258 3303 superationem,
3304 3236 3516 3287 omues
3568 3220 3894 3286 daemones

2349 3326 2579 3407 iniqua
2603 3334 2857 3408 coemes
2882 3343 3269 3410 supervacue
3297 3346 3409 3411 per
3450 3329 3893 3409 suggestionis

2349 3433 2835 3499 immissionem.
2866 3433 3044 3500 Unde
3070 3436 3448 3500 Ambrosius
3476 3436 3547 3471 ⁸·

2350 3648 2586 3727 titudo,
2634 3648 2747 3731 qui
2795 3667 2909 3731 per
2951 3667 3174 3714 omnes
3211 3649 3348 3714 vias
3386 3652 3901 3732 supplantatores

2350 3755 2544 3819 invisi
2566 3756 2932 3821 animarum
2946 3757 3205 3839 laqueos
3222 3756 3515 3822 tendunt.
3536 3779 3570 3818 u
3593 3755 3901 3825 Diabolus

2350 3864 2576 3928 nititur
2602 3881 2901 3929 revocare
2929 3864 3114 3947 quasi
3154 3864 3473 3930 tendendo
3514 3865 3829 3949 laqueum
3857 3887 3903 3934 a

2349 3970 2705 4054 posteriori,
2734 3971 3126 4055 voluptatem
3164 3973 3552 4055 praeteritam
3578 3974 3663 4040 ad
3708 3994 3902 4042 meu-

2348 4083 2479 4144 tem
2538 4078 2921 4144 reducendO.
2983 4077 3221 4144 Nititur
3276 4080 3472 4146 etiam
3533 4081 3858 4165 impedire
3876 4133 3899 4166 ,

2342 4188 2533 4271 quasi
2555 4187 2870 4254 tendendo
2895 4187 3199 4271 laqueum
3228 4188 3311 4253 ab
3344 4189 3672 4267 anteriori,
3708 4189 3896 4257 fum-

2349 4313 2572 4359 rorum
2586 4295 3093 4387 prosperitatem,
3106 4297 3174 4360 et
3184 4293 3727 4362 delectabilitate-m
3740 4315 3904 4380 pro-

2350 4403 2681 4468 mittendo.
2709 4401 2947 4468 Nititur
2966 4403 3227 4467 inficere
3250 4402 3564 4469 tendendo
3584 4402 3899 4487 laqueum

2349 4530 2390 4576 a
2414 4510 2710 4591 dexteris,
2743 4511 3091 4576 vanitatem
3120 4511 3347 4577 mundi
3385 4510 3731 4577 offerendo.
3776 4511 3901 4579 Ni-

2349 4620 2506 4684 titur
2545 4618 2738 4683 etiam
2764 4636 3011 4700 capere,
3051 4618 3367 4685 tendendo
3390 4618 3697 4703 laqueum
3721 4640 3767 4686 a
3814 4621 3905 4685 si·

2348 4726 2585 4801 nistris,
2610 4725 3042 4790 austeritatem
3064 4727 3451 4807 poenitentiae
3473 4729 3901 4810 ostendendo,

2348 4837 2423 4900 ut
2445 4835 2516 4898 in
2542 4831 2646 4895 his
2669 4830 2966 4896 omnibus
3001 4836 3306 4915 tanquam
3349 4853 3464 4919 par
3491 4834 3762 4919 laqueos
3786 4859 3901 4905 m.

2349 4943 2499 5025 piat.
2547 4939 2718 5018 Quos
2762 4939 3024 5021 laqueos
3068 4945 3277 5022 potest
3314 4943 3533 5008 anima
3586 4945 3901 5029 evadere,

2348 5069 2499 5117 cum
2537 5066 2608 5114 se
2652 5052 2784 5114 tota
2830 5047 3166 5115 devotione
3206 5051 3289 5115 ad
3328 5051 3535 5117 Deum
3575 5057 3905 5122 convertit

2349 5177 2459 5226 ore
2483 5155 2815 5223 humiliter
2845 5156 3254 5240 supplicando
3281 5175 3308 5222 .·
3344 5157 3504 5226 Viae
3538 5164 3690 5229 tuas
3715 5162 3904 5229 divi—

2348 5282 2582 5331 norum
2607 5268 3098 5347 praeceptorum,
3128 5267 3414 5346 Domine,
3456 5269 3575 5351 qui
3615 5288 3687 5335 es
3717 5272 3905 5337 veri-

2348 5378 2467 5451 tas,
2494 5370 2861 5439 demonstra
2892 5370 3060 5438 milti
3086 5389 3201 5455 per
3233 5375 3617 5457 septiformis
3643 5378 3903 5463 sapien·

2414 5497 2482 5563 (α)
2512 5497 2634 5549 oct.
2661 5494 2784 5546 edit.
2813 5499 3073 5561 purgatur.
3097 5523 3161 5536 —
3182 5497 3252 5563 (b)
3284 5498 3396 5564 leq.
3421 5504 3653 5568 propter,

3528 3459 3617 3499 .«
3645 3437 3893 3502 Daemo-
3916 3449 4059 3553 ⁸1³-

2349 3558 2509 3606 num
2531 3541 2849 3607 infestatio
2882 3541 3058 3607 velut
3083 3542 3407 3608 latronum
3432 3544 3683 3610 obsidet
3716 3545 3894 3609 mul-
3916 3521 4059 3617 ἷξε.
