4059 6317
884 485 1261 556 DOMINICA
1305 482 1386 556 lv
1429 480 1624 550 POST
1667 479 2042 550 OCTAVAM
2084 480 2431 549 PASCHAE.
2477 483 2742 555 SERMO
2786 487 2891 556 lv.

290 622 442 688 bulo
467 623 677 688 crucis
700 629 721 666 ¹
753 640 773 687 ε
812 644 845 684 α
867 622 971 689 Sic
1003 623 1173 689 Deus
1208 622 1429 688 dilexit
1466 618 1783 684 mundum
1804 665 1826 696 ,

291 734 363 795 ut
388 730 808 812 unigenitum
835 730 1034 809 daret,
1074 753 1107 791 n
1154 734 1273 795 etc.
1324 728 1727 810 Augustinus
1751 727 1776 762 ¹
1809 747 1826 790 ι

307 859 337 898 ι
362 835 859 920 suspendendus
883 840 1020 903 erat
1046 859 1061 901 :
1111 836 1398 902 debitum
1424 839 1518 899 est
1545 834 1828 899 solutum

291 961 410 1029 pro
456 962 558 1024 eo,
586 943 890 1009 liberatus
933 943 1163 1009 dicitur
1206 944 1283 1010 de
1310 941 1671 1027 suspendio.
1694 962 1727 1000 n
1754 938 1830 1005 Et

292 1052 445 1135 qnia
465 1052 592 1116 alte
616 1051 931 1134 pendebat
954 1052 1025 1115 in
1046 1068 1256 1131 cruce,
1284 1050 1407 1115 alte
1424 1049 1676 1114 levatur
1697 1065 1830 1111 cor-

290 1177 415 1243 pus
440 1160 585 1240 ejus
614 1158 682 1222 in
709 1156 918 1238 Missa,
946 1157 1060 1221 ubi
1099 1158 1284 1241 quasi
1321 1156 1683 1241 patibulum
1732 1173 1828 1218 re·

286 1270 675 1350 prasentant
697 1264 959 1329 brachia
999 1264 1338 1330 sacerdotis
1364 1264 1578 1347 ipsum
1611 1262 1830 1327 levan-

286 1372 395 1438 tia.
426 1371 510 1437 Et
535 1375 633 1452 tu,
660 1376 971 1455 peccator,
994 1372 1084 1436 ibi
1104 1375 1278 1436 stans
1306 1389 1455 1436 cum
1482 1370 1650 1451 odio,
1676 1388 1826 1434 usu-

285 1498 358 1544 ra
385 1483 449 1544 et
475 1479 618 1544 aliis
644 1479 836 1560 vitiis,
868 1497 1016 1562 quae
1056 1497 1190 1544 non
1224 1477 1557 1560 relinquis,
1586 1477 1822 1542 iterum

285 1587 518 1653 furaris
543 1588 826 1651 animam
855 1590 1052 1668 tm,
1105 1592 1169 1653 et
1206 1587 1399 1652 fidem
1428 1591 1492 1652 et
1535 1603 1822 1651 amorem

283 1695 521 1778 quibus
546 1695 781 1759 teneris
805 1693 934 1759 Deo
970 1716 987 1760 ε
1018 1697 1079 1759 et
1110 1694 1251 1760 ideo
1279 1694 1349 1758 in
1380 1693 1662 1778 patibulo
1706 1710 1821 1776 ge-

284 1802 517 1868 hennae
541 1801 969 1885 suspenderis.
999 1800 1168 1867 Talis
1192 1802 1387 1866 trater
1433 1800 1661 1867 merito
1688 1800 1826 1864 dili-

283 1909 533 1994 gendus
572 1914 670 1974 est
708 1909 926 1990 nobis,
982 1915 1056 1975 ut
1098 1927 1217 1975 nos
1260 1908 1449 1975 Pater
1490 1907 1721 1991 diligat
1746 1908 1770 1946 ⁸
1799 1931 1817 1974 ε

293 2039 323 2078 ι
356 2017 475 2094 Qui
515 2020 734 2083 autem
769 2016 983 2098 diligit
1022 2033 1159 2097 me,
1203 2015 1511 2097 diligetur
1554 2033 1595 2080 a
1636 2015 1822 2081 Patre

286 2143 447 2191 meo.
479 2146 515 2187 s

823 2278 1113 2353 SERMO
1155 2282 1275 2353 IV.

356 2448 545 2514 wa
572 2449 834 2528 scimus,
868 2450 1026 2531 quia
1044 2450 1173 2517 scis
1198 2449 1418 2517 omnia
1442 2448 1487 2514 ⁸.
1519 2447 1820 2533 Discipuli

277 2554 547 2620 Domino
589 2555 949 2639 loquuntur
984 2555 1090 2620 hic
1126 2554 1205 2620 de
1248 2555 1482 2639 duplici
1523 2554 1814 2633 scientia,

275 2661 575 2728 videlicet
598 2663 913 2743 humana,
956 2662 1111 2727 dum
1147 2662 1366 2728 dicunt
1404 2685 1422 2728 ι
1471 2663 1658 2730 Nunc
1688 2665 1816 2730 sci-

276 2786 418 2836 mus
427 2790 458 2850 ,⁰
485 2773 549 2834 et
575 2769 816 2850 divina,
848 2788 999 2834 cum
1027 2770 1268 2835 addunt
1298 2792 1315 2834 z
1349 2769 1513 2848 Quia
1539 2772 1669 2837 scis
1696 2787 1822 2837 om-

274 2880 412 2943 m‘a.
464 2876 804 2943 Considera
846 2896 1004 2961 ergo
1047 2879 1331 2962 quinque
1349 2875 1383 2958 ,'
1423 2897 1573 2962 quae
1622 2877 1820 2944 homo

275 2983 353 3050 de
376 2983 543 3066 Dee,
584 2989 650 3051 et
687 2986 1003 3068 quinque,
1050 3004 1198 3070 quae
1238 2985 1406 3051 Deus
1441 2987 1519 3051 de
1557 2985 1820 3052 homine

276 3090 409 3155 scit.

356 3198 486 3263 Scit
522 3198 756 3278 homo,
798 3200 901 3265 vel
921 3201 1100 3270 ,scire
1144 3201 1332 3268 debet
1380 3200 1493 3268 Dei
1543 3205 1818 3286 potesta-

276 3308 430 3386 tem,
460 3304 574 3371 Dei
600 3307 957 3387 veritatem,
988 3308 1098 3374 Dei
1133 3309 1479 3376 bonitatem
1498 3359 1520 3391 ,
1562 3310 1671 3376 Dei
1699 3330 1815 3377 vo-

276 3409 585 3479 luntatem
604 3462 624 3494 ,
679 3413 791 3480 Dei
838 3417 1263 3482 severitatem.
1319 3417 1409 3482 De
1463 3418 1677 3502 primo
1719 3423 1742 3459 ⁸
1794 3437 1814 3484 ε

288 3540 321 3580 α
344 3518 681 3586 Certamen
722 3522 883 3589 forte
926 3523 1096 3589 dedit
1134 3522 1258 3604 illi,
1290 3528 1366 3588 ut
1406 3525 1716 3604 vinceret,
1755 3530 1821 3590 et

279 3627 465 3692 sciret
490 3628 796 3710 quoniam
825 3631 1137 3713 potentior
1165 3635 1262 3695 est
1287 3631 1616 3714 sapientia,
1642 3654 1674 3693 n
1706 3632 1820 3697 sci·

277 3727 423 3794 licet
479 3729 793 3812 ChristuS‚
819 3733 1111 3799 omnium
1155 3734 1379 3816 utique
1425 3735 1776 3799 coelestium
1793 3784 1816 3816 ,

277 3838 674 3901 terrestrium
724 3843 789 3903 et
841 3840 1240 3905 infernorum
1275 3858 1430 3905 vere
1476 3842 1813 3924 potentior.

277 3939 509 4007 Omnes
557 3944 730 4008 enim
782 3950 1068 4029 potentes
1110 3964 1242 4012 non
1292 3951 1550 4031 possent
1602 3966 1819 4014 creare

270 4063 480 4114 unum
507 4052 934 4117 vermiculum
956 4100 974 4130 ,
1005 4053 1105 4117 vel
1133 4053 1417 4120 oculum.
1450 4053 1683 4121 Scitote
1711 4074 1816 4121 er-

273 4173 381 4237 ge,
411 4159 587 4241 quod
614 4159 899 4223 maxima
923 4167 1020 4225 est
1044 4160 1153 4224 illa
1177 4165 1483 4244 potestas,
1515 4181 1648 4246 qua
1673 4181 1813 4228 om-

272 4262 381 4328 nia
407 4265 580 4329 bona
605 4265 890 4331 condidit
917 4266 1025 4349 (α),
1057 4265 1389 4334 Psalmista
1414 4276 1438 4312 ⁸
1466 4291 1482 4333 ε
1523 4293 1554 4331 α
1579 4269 1816 4336 Scitote

272 4371 576 4452 quoniam
604 4370 914 4437 Dominus
938 4374 1072 4456 ipse
1093 4379 1189 4439 est
1212 4373 1405 4457 Deus3
1434 4394 1466 4436 n
1495 4380 1708 4460 etqua
1734 4378 1810 4461 (ὸ)

271 4475 524 4542 infinita
566 4479 734 4544 mala
791 4479 1210 4546 destruuntur
1250 4481 1274 4516 '¹
1321 4505 1337 4547 z
1394 4504 1426 4544 α
1469 4482 1547 4548 Ut
1594 4489 1811 4550 autem

269 4584 477 4650 sciatis
524 4586 696 4668 quod
743 4586 940 4653 Filius
980 4589 1262 4654 hominis
1308 4591 1500 4657 habet
1548 4598 1813 4677 potesta·

264 4695 419 4773 tem,
456 4714 489 4752 n
508 4696 629 4758 etc.
659 4692 748 4758 De
773 4696 1051 4761 secundo
1070 4699 1092 4736 ⁸
1117 4718 1133 4761 ε
1162 4696 1542 4781 «Magister,
1573 4703 1811 4768 scimus

266 4799 416 4881 quia
441 4818 668 4880 verax,
704 4805 901 4881 sete„
931 4802 1065 4868 imo
1090 4805 1329 4869 veritas
1362 4824 1546 4871 ces.»
1582 4809 1605 4845 ⁸
1625 4808 1809 4891 «Ego

264 4923 409 4969 sum
435 4906 567 4985 via,
597 4908 832 4971 veritas
864 4913 928 4972 et
955 4908 1111 4974 vita.
1147 4931 1177 4970 υ
1212 4910 1364 4976 Haec
1394 4913 1630 4979 veritas
1664 4932 1805 4978 om·

260 5013 367 5076 nia
396 5015 603 5079 novit.
636 5014 814 5081 Unde
840 5016 950 5081 hic
974 5017 1206 5083 dicitur
1240 5039 1257 5083 ι
1311 5019 1496 5086 Nunc
1528 5023 1804 5102 scimus,

328 5173 348 5209 ¹
374 5174 544 5233 loon..
584 5187 678 5238 111,
716 5179 792 5228 16.
829 5204 892 5216 —
931 5178 950 5208 ²
984 5178 1112 5244 Aug.
1139 5203 1203 5216 -
1238 5178 1447 5244 θήκη,
1485 5193 1592 5246 xiv,
1632 5186 1710 5233 2¹.
1744 5209 1806 5223 —

258 5244 1552 5388 ffirmabit{2522222322115151‘032
1584 5258 1807 5391 ἰῗέᾰέζ

262 5397 369 5452 xlv,
408 5393 456 5439 6.
492 5417 548 5428 -
600 5393 641 5426 ¹⁰
676 5392 854 5455 Eccli„
888 5401 1054 5448 xxm.
1097 5393 1178 5442 27.
1206 5417 1268 5432 —
1304 5397 1342 5431 ¹¹
1378 5385 1510 5454 Jon!‚
1553 5407 1623 5459 iv,
1661 5400 1710 5448 2.
1741 5422 1807 5436 —··

260 5457 303 5494 ¹2
328 5461 369 5513 ΙΙ
402 5461 540 5525 cor„
572 5472 691 5525 vm,
718 5469 768 5514 9.
795 5488 857 5501 -
888 5461 933 5498 ¹⁸
957 5463 999 5513 ΙΙ
1030 5462 1176 5526 Tim„
1210 5476 1247 5527 ι,
1280 5468 1355 5517 12.
1386 5492 1447 5505 —
1474 5467 1513 5506 ¹⁸
1545 5467 1689 5535 Sap„
1727 5480 1802 5535 lx,

3358 488 3478 552 ³65

1937 617 2100 700 quia
2144 619 2275 684 sois
2319 620 2560 687 omnia.
2609 621 2797 688 Nulla
2840 639 3003 706 ergo
3027 609 3253 702 'bona‚
3298 620 3479 687 nulla

1935 724 2128 805 mala,
2165 725 2501 792 veritatem
2528 729 2633 795 vel
2662 731 2990 796 scientiam
3018 730 3128 796 Dei
3152 730 3348 795 latere
3375 728 3478 796 vel

1932 831 2150 898 fallere
2197 838 2460 915 possunt
2494 837 2540 877 ¹⁰
2572 858 2587 900 :
2644 861 2674 899 α
2731 836 2958 904 Omnia
3018 839 3194 904 videt
3249 836 3479 900 oculus

1934 938 2133 1018 illius,
2181 961 2213 1000 υ
2248 944 2365 1005 etc.
2412 942 2499 1005 De
2539 944 2733 1009 tertio
2767 947 2857 1010 ¹¹:
2898 968 2930 1007 α
2975 944 3120 1011 Scio
3162 943 3313 1027 quia
3359 946 3470 1018 tu,

1933 1044 2123 1125 Deus,
2154 1046 2431 1113 clemens
2455 1054 2519 1114 et
2546 1052 2925 1130 misericors,
2955 1052 3203 1136 patiens
3227 1055 3293 1114 et
3315 1048 3476 1112 mul-

1932 1155 2017 1216 tae
2065 1155 2544 1235 misericordiae,
2592 1163 2656 1222 et
2683 1159 3021 1240 ignoscens
3066 1175 3259 1240 super
3285 1155 3469 1220 mali·

1930 1260 2020 1322 tia
2060 1261 2155 1343 (c).
2183 1284 2213 1321 υ
2251 1259 2427 1327 Scire
2474 1269 2693 1329 autem
2745 1284 3085 1349 possumus
3127 1263 3473 1329 bonitatem

1931 1384 2063 1432 non
2090 1368 2300 1434 solum
2326 1389 2405 1435 ex
2434 1373 2881 1456 propitiatione
2910 1378 3333 1458 peccatorum,
3362 1369 3474 1435 sed

1929 1474 2123 1539 etiam
2133 1494 2217 1556 ex
2234 1478 2665 1563 redemptione
2681 1487 3057 1547 cunctorum
3073 1481 3380 1548 vitiorum
3391 1479 3470 1542 ¹³:

1939 1605 1969 1642 «
1998 1581 2184 1648 Scitis
2214 1573 2491 1667 gratiam
2520 1587 2773 1653 Domini
2799 1591 3000 1655 nostri
3026 1589 3176 1655 Jesu
3203 1587 3468 1666 Christi,

1929 1692 2237 1774 quoniam
2280 1704 2537 1779 propter
2573 1714 2692 1761 nos
2727 1713 2977 1779 egenus
3017 1695 3222 1762 factus
3261 1699 3386 1775 est,
3432 1716 3464 1755 n

1927 1804 2049 1863 etc.
2094 1799 2251 1864 Item
2295 1819 2378 1866 ex
2424 1805 2937 1870 remuneratione
2980 1805 3327 1870 electorum
3351 1805 3397 1846 ²⁸
3447 1824 3488 1867 t.

1935 1929 1965 1966 α
1994 1905 2138 1972 Scio
2151 1907 2256 1973 cui
2277 1908 2540 1988 credidi,
2561 1929 2593 1970 s
2617 1915 2739 1976 etc.
2761 1911 2848 1977 De
2872 1915 3103 1995 quarto
3127 1913 3174 1954 ¹⁸
3201 1933 3218 1975 z
3253 1910 3472 1976 «Mitte

1925 2012 2105 2079 illam
2123 2014 2204 2080 de
2229 2015 2404 2081 coelis
2428 2020 2662 2084 sanctis
2688 2020 2837 2101 tuis,
2869 2024 2935 2085 et
2960 2038 3001 2085 a
3028 2019 3176 2084 sede
3207 2017 3467 2101 magni-

1927 2121 2167 2187 tudinis
2191 2126 2353 2204 tuae,
2389 2128 2464 2190 ut
2491 2143 2744 2191 mecum
2770 2127 2883 2208 sit,
2912 2131 2976 2192 et
3010 2144 3263 2191 mecum
3289 2125 3472 2191 labo·

1926 2230 2056 2308 ret,
2085 2217 2161 2292 ut
2184 2228 2378 2294 sciam
2407 2231 2561 2314 quid
2591 2236 2923 2317 acceptum
2949 2234 3033 2297 sit
3057 2251 3275 2299 coram
3297 2236 3396 2298 te:
3427 2255 3460 2293 n

1926 2335 2121 2401 sciam
2176 2339 2486 2405 credenda
2506 2389 2525 2420 ,
2590 2342 2789 2405 sciam
2853 2341 3070 2407 decem
3131 2340 3467 2419 mandata,

1925 2443 2122 2509 sciam
2159 2449 2340 2511 tuam
2364 2448 2435 2511 in
2474 2448 2613 2513 aliis
2637 2450 3057 2515 voluntatem.
3087 2451 3134 2491 ¹⁸
3169 2471 3201 2511 α
3225 2449 3293 2515 Si
3328 2448 3471 2514 haec

1924 2552 2130 2632 scitis,
2174 2553 2342 2620 beati
2368 2555 2572 2636 eritis,
2605 2557 2659 2621 si
2702 2557 2974 2622 feceritis
2999 2575 3096 2622 ea.
3145 2579 3176 2617 n
3212 2557 3337 2623 Sed
3364 2574 3468 2622 vae

1925 2659 2181 2739 scienti,
2220 2666 2284 2725 et
2333 2679 2464 2726 uon
2514 2662 2799 2743 facienti3
2852 2665 2943 2729 ait
2976 2664 3151 2729 enim
3194 2663 3470 2730 Ioannes

1925 2766 2411 2850 chrysostomus
2433 2776 2480 2813 ¹⁸
2510 2791 2526 2834 ε
2568 2768 2754 2836 «Non
2782 2775 2988 2855 potest
3012 2789 3151 2837 esse
3176 2771 3255 2836 iis
3280 2788 3470 2835 excu-

1927 2875 2091 2940 satio
2123 2875 2545 2956 damnationis
2558 2924 2576 2954 ,
2605 2876 2976 2959 ignorantia
3021 2878 3306 2945 veritatis
3350 2878 3463 2962 (d),

1925 2981 2161 3064 quihus
2214 2983 2333 3047 fuit
2378 2982 2746 3051 inveniendi
2784 2985 3050 3051 facultas
3067 3034 3088 3067 ,
3147 2987 3201 3050 si
3247 2986 3468 3050 fuisset

1926 3089 2252 3172 quaerendi
2291 3089 2609 3156 voluntas.
2658 3113 2690 3152 n
2738 3089 2851 3158 Vae
2896 3092 3088 3158 etiam
3136 3093 3359 3159 scienti
3402 3096 3468 3157 et

1925 3214 2058 3261 non
2083 3196 2336 3262 facienti
2362 3198 2406 3234 ¹⁷
2439 3220 2457 3262 ι
2489 3221 2520 3259 α
2553 3197 2794 3265 Servus
2827 3200 3032 3266 sciens
3067 3200 3136 3283 (e)
3167 3200 3466 3266 voluuta-

1923 3308 2059 3369 tem
2085 3304 2400 3383 domini,n
2431 3309 2551 3370 etc.
2576 3304 2665 3372 De
2692 3307 2919 3390 quinto
2943 3309 2990 3349 ¹⁸
3018 3324 3038 3371 ε
3076 3329 3108 3369 α
3125 3306 3295 3372 Sciat
3319 3323 3461 3372 om·

1924 3411 2027 3475 nis
2055 3429 2230 3493 caro,
2262 3412 2416 3495 quia
2447 3430 2577 3494 ego
2615 3413 2922 3479 Dominus
2950 3414 3148 3480 eduxi
3175 3414 3465 3496 gladium

1927 3537 2147 3583 meum
2174 3518 2254 3584 de
2292 3520 2534 3601 vagina
2562 3538 2678 3585 sua
2710 3520 3214 3587 irrevocabilem.
3253 3542 3286 3581 n
3320 3520 3464 3588 Gla-

1926 3625 2071 3690 dius
2097 3629 2191 3690 est
2227 3628 2537 3693 sententia
2577 3627 3002 3694 damnationis
3019 3678 3037 3710 ,
3082 3630 3195 3712 qui
3238 3630 3319 3696 de
3353 3648 3465 3695 va·

1926 3734 2083 3814 gina
2128 3733 2579 3799 misericordiae
2629 3733 2940 3815 educitur,
2989 3754 3140 3801 cum
3194 3736 3465 3802 ulterius

1924 3840 2238 3922 peccatori
2282 3857 2415 3905 non
2441 3840 2745 3923 parcitur.
2777 3842 2823 3883 ²⁸
2857 3865 2889 3904 α
2930 3840 3209 3907 Verebar
3247 3845 3467 3911 omnia

1925 3963 2122 4028 opera
2150 3964 2316 4026 mea,
2346 3947 2549 4011 sciens
2577 3947 2748 4030 quod
2773 3966 2904 4013 non
2931 3966 3221 4031 parceres
3261 3949 3470 4015 delin-

1924 4057 2171 4138 quenti.
2232 4078 2261 4116 »
2323 4054 2510 4121 Vides
2561 4074 2720 4137 ergo
2777 4075 2979 4138 nunc,
3033 4059 3260 4139 homo,
3312 4078 3463 4143 quae

1922 4165 2176 4230 scienda
2221 4168 2373 4230 sunt
2425 4164 2564 4229 tibi.
2622 4163 2748 4231 Sed
2801 4164 3162 4232 Bernardus
3209 4169 3302 4233 ait
3350 4168 3398 4205 ’⁸
3440 4187 3460 4233 :

1931 4296 1961 4334 α
1990 4271 2190 4338 Multa
2223 4270 2478 4336 scienda
2516 4290 2648 4337 non
2694 4272 2983 4337 sciuntur
2999 4320 3021 4352 ,
3067 4279 3180 4340 ant
3223 4277 3462 4342 sciendi

1920 4379 2189 4455 incuria,
2219 4382 2333 4443 aut
2359 4378 2633 4445 discendi
2658 4378 2921 4460 desidia,
2941 4384 3055 4445 aut
3079 4384 3463 4449 verecundia

1920 4486 2308 4570 inquirendi.
2333 4484 2413 4550 Et
2430 4486 2691 4569 quidem
2709 4487 3077 4570 hujusmodi
3096 4490 3461 4571 ignorantia

1921 4614 2055 4660 non
2083 4594 2276 4659 habet
2310 4595 2813 4661 excusationem.
2841 4619 2871 4657 a>

1998 4702 2174 4768 Circa
2200 4701 2554 4766 secundum
2593 4704 2880 4784 attende,
2923 4705 3100 4788 quod
3148 4706 3310 4773 Deus
3338 4710 3457 4774 scit

1916 4810 2188 4876 adversa
2211 4826 2358 4892 quae
2405 4811 2816 4891 sustinemus,
2845 4813 3200 4879 necessaria
3226 4815 3463 4897 quibus

1917 4918 2315 5000 indigemus,
2345 4918 2572 4982 merita
2597 4935 2744 5000 quae
2780 4918 3125 4998 habemuS,
3173 4925 3460 5004 tempora

1915 5043 2066 5107 quae
2109 5026 2447 5105 timemus,
2496 5025 2808 5108 stipendia
2856 5044 3005 5110 quae
3052 5027 3455 5111 recipiemus.

1919 5172 1997 5219 to.
2026 5193 2087 5204 —
2131 5167 2168 5202 ¹⁸
2204 5168 2371 5230 loun„
2409 5179 2534 5228 1111,
2577 5170 2652 5220 Π.
2681 5194 2743 5206 -
2782 5169 2825 5203 ¹⁸
2854 5168 3114 5233 chrysost.
3156 5196 3219 5208 —
3251 5171 3291 5206 1’
3319 5171 3458 5236 Luc„

1914 5249 2026 5301 ιιι,
2060 5239 2139 5288 4⁷.
2180 5264 2235 5275 —
2285 5240 2324 5274 ¹⁸
2356 5240 2558 5303 Eucti„
2599 5251 2718 5304 xxi,
2751 5242 2800 5291 5.
2832 5264 2889 5276 —
2929 5240 2966 5275 ¹⁸
3002 5239 3120 5298 lob.
3159 5252 3245 5304 ιι,
3285 5244 3364 5294 28.
3392 5269 3457 5281 -

1916 5311 1959 5348 ²⁸
1985 5313 2163 5375 Rern„
2187 5309 2259 5359 od
2283 5311 2497 5376 Hauon„
2530 5311 2594 5362 de
2619 5312 2788 5377 Bapt„
2817 5324 2864 5363 c.
2896 5323 2936 5374 1,
2963 5323 3016 5363 n.
3045 5315 3094 5363 3.

1978 5401 2050 5465 (α)
2084 5401 2198 5464 Ley.
2241 5399 2448 5451 condita
2485 5403 2619 5451 sunt.
2655 5426 2718 5438 —
2764 5399 2834 5465 (b)
2874 5400 2999 5451 eat.
3036 5400 3158 5454 edit.
3207 5403 3347 5467 quia.
3397 5430 3454 5442 -

1915 5471 1981 5537 (c)
1998 5471 2125 5524 Item
2141 5469 2467 5523 malitiam-
2482 5471 2534 5536 (d
2541 5470 2842 5536 )virtutis.—
2850 5471 2907 5537 (e)
2930 5469 3076 5541 ναῖς.
3095 5472 3182 5545 qui
3194 5474 3459 5542 cognovit.
