4059 6317
669 517 788 581 324

665 647 1078 733 emplaritatis
1094 695 1117 728 ,
1169 646 1512 730 dirigendo
1565 645 1951 714 intellectum
1972 696 1995 727 ,
2052 666 2203 714 cum

664 756 921 822 subdit:
953 756 1131 824 Sicut
1164 760 1224 824 et
1254 755 1443 824 Pater
1467 760 1669 823 vester
1692 757 2052 824 misericors
2085 759 2201 824 est.

743 865 961 932 Primo
992 883 1152 949 ergo
1187 868 1407 932 movet
1440 882 1559 930 nos
1594 863 1675 929 ad
1711 864 2203 930 subventionem

661 975 885 1040 alienae
909 974 1319 1055 necessitatis,
1353 973 1686 1039 excitando
1709 973 2035 1051 affectum,
2054 991 2203 1037 cum

659 1084 852 1151 dicit:
890 1086 1108 1152 Estote
1141 1083 1603 1153 misericordes.
1645 1082 1796 1148 Tria
1834 1082 2007 1147 enim
2051 1085 2206 1147 sunt

659 1215 777 1279 per
805 1213 955 1281 quse
980 1195 1277 1261 hortatur
1297 1213 1415 1259 nos
1440 1193 1748 1259 Dominus
1772 1191 1805 1258 J
1809 1210 1957 1258 esus
1983 1191 2200 1256 Chris-

658 1307 766 1369 tus
808 1306 889 1370 ad
933 1323 1127 1389 opera
1160 1303 1410 1388 pietatis
1451 1313 1510 1368 et
1544 1300 1995 1367 misericordiae
2028 1321 2043 1362 ι
2075 1301 2204 1383 pri·

658 1431 840 1478 mum
865 1416 964 1478 est
1001 1412 1286 1494 benigna
1311 1409 1675 1477 informatio
1712 1409 1951 1475 divinae
1978 1425 2203 1474 exem-

657 1520 965 1603 plaritatis
981 1569 998 1599 ,
1027 1519 1402 1585 rationalem
1432 1516 1801 1599 dirigentis3
1845 1514 2200 1581 secundum

654 1632 748 1693 est
757 1645 999 1709 magna
1007 1626 1347 1710 promissio
1357 1621 2048 1707 multiplicisutilitatis,
2059 1640 2203 1687 con·

654 1734 1081 1819 cupiscibilem
1094 1734 1424 1799 allicientis
1436 1756 1453 1811 ;
1464 1733 1723 1798 tertium
1736 1736 1833 1796 est
1846 1731 2075 1797 acerba
2089 1750 2202 1814 pu-

652 1844 810 1909 nitio
866 1842 1104 1910 divinae
1133 1840 1516 1918 severitatis,
1545 1838 1924 1903 irascibilem
1959 1856 2203 1903 concu-

651 1951 906 2017 tientis:
938 1955 1012 2017 ut
1037 1950 1129 2016 sic
1153 1967 1319 2033 quos
1343 1965 1474 2012 non
1500 1949 1717 2012 movet
1738 1946 1818 2012 ad
1848 1945 2201 2011 misericor-

652 2061 822 2124 diam
844 2059 1140 2125 divinum
1165 2074 1348 2123 exem
1360 2055 1559 2139 plum,
1587 2055 1842 2121 moveat
1862 2052 2022 2119 utile
2051 2071 2198 2136 pro-

652 2168 945 2248 missum,
974 2166 1078 2233 vel
1106 2165 1328 2231 saltem
1356 2162 1641 2228 terribile
1668 2161 2074 2245 supplicium.

734 2276 952 2340 Primo
974 2277 1193 2340 movet
1217 2291 1334 2338 nos
1361 2271 1442 2336 ad
1484 2269 1980 2335 misericordiam
2008 2270 2193 2334 beni-

654 2401 787 2465 gna
814 2383 1176 2448 informatio
1208 2380 1443 2447 divinae
1477 2376 2008 2461 exemplaritatiS,
2037 2376 2195 2441 diri-

652 2492 865 2574 gentis
890 2489 1266 2556 rationalem
1292 2511 1307 2553 ι
1331 2505 1478 2571 quae
1504 2486 1574 2550 in
1591 2486 1795 2549 tribus
1819 2484 2038 2568 aliquo
2067 2502 2200 2548 mo-

650 2600 732 2664 do
776 2604 1080 2683 apparet:
1128 2597 1337 2680 primo
1388 2597 1455 2659 in
1504 2592 1805 2676 gratuitae
1848 2590 2199 2659 vocationis

650 2707 981 2784 instantia;
1010 2704 1292 2770 secundo
1305 2704 1373 2767 in
1389 2702 1717 2768 diuturnae
1740 2699 2197 2783 expectationis

650 2814 985 2898 patientia;
1040 2812 1223 2877 tertio
1284 2811 1355 2876 in
1408 2809 1712 2891 benignae
1780 2807 2198 2890 susceptionis

649 2920 1004 2985 clementia.
1052 2917 1225 2984 Unde
1258 2916 1615 2981 misericors
1642 2913 1806 2980 Deus
1832 2917 2196 2998 peccatores

648 3030 962 3093 instanter
1004 3027 1229 3105 vocat,
1267 3024 1576 3108 patienter
1609 3025 1934 3106 expectat,
1965 3025 2029 3087 et
2065 3021 2193 3088 cle-

647 3140 896 3203 menter
911 3135 1197 3218 suscipit.

731 3245 950 3312 Primo
963 3242 1393 3309 misericordia
1405 3240 1515 3306 Dei
1530 3241 1792 3323 apparet
1806 3238 1876 3302 in
1890 3238 2196 3320 gratuitae

650 3352 997 3418 vocationis
1022 3349 1357 3428 instantia;
1376 3348 1550 3414 unde
1568 3348 1588 3385 ¹
1605 3368 1620 3411 z
1661 3369 1692 3406 (ι
1706 3344 2192 3411 Misericordiam

648 3459 819 3536 volo,
853 3463 918 3523 et
934 3477 1063 3523 non
1091 3457 1517 3523 sacrificium:
1548 3473 1679 3520 non
1711 3452 1886 3519 enim
1913 3453 2067 3518 veni
2086 3469 2196 3518 vo-

649 3585 794 3632 care
812 3568 1043 3649 justos,
1070 3565 1179 3630 sed
1200 3566 1557 3648 peccatores
1582 3564 1659 3627 ad
1679 3561 2141 3647 poenitentiam.
2155 3582 2186 3620 n

650 3673 1002 3740 Misericors
1026 3673 1193 3737 Deus
1208 3722 1229 3752 ,
1259 3673 1404 3736 licet
1442 3690 1481 3735 a
1507 3669 1943 3754 peccatoribus
1981 3668 2193 3751 turpi-

650 3787 748 3847 ter
794 3783 1237 3847 contemnatur
1254 3827 1274 3859 ,
1331 3785 1547 3843 tamen
1610 3797 1741 3843 non
1805 3777 2196 3859 dedignatur

648 3890 901 3954 mittere
928 3886 1187 3964 Filium,
1209 3889 1273 3951 et
1300 3885 1380 3950 ab
1408 3885 1499 3950 eis
1514 3885 1697 3969 prius
1728 3889 1942 3967 petere
1970 3903 2192 3968 pacem

649 4014 764 4079 per
789 3993 1154 4060 instantiam
1181 3992 1481 4075 gratuitae
1506 3991 1882 4072 vocationiS,
1915 4009 1990 4056 eo
2021 3990 2193 4074 quod

648 4104 899 4170 avidius
938 4106 1115 4189 optat
1157 4105 1442 4167 nostram
1489 4100 1758 4165 salutem
1777 4146 1795 4179 ‚
1838 4117 2037 4182 quam
2075 4099 2192 4163 ali-

648 4213 817 4298 quod
844 4212 1019 4277 aliud
1040 4210 1443 4275 sacrificium.
1475 4207 1822 4289 Gregorius
1842 4208 1901 4272 ²:
1942 4229 1974 4267 α
1991 4206 2191 4272 Debe-

648 4343 798 4391 mus
815 4324 1035 4389 saltem
1050 4320 1550 4386 misericordiam
1564 4316 1918 4383 vocationis
1931 4316 2195 4382 erubes-

646 4451 811 4513 cere,
842 4432 896 4495 si
923 4434 1065 4513 ejus
1079 4430 1395 4513 ,iustitiam
1422 4425 1724 4491 nolumus
1760 4425 2123 4490 formidare.
2153 4445 2185 4484 n

645 4540 894 4618 Quanto
936 4536 1229 4620 ampliori
1288 4533 1688 4618 improbitate
1734 4532 2190 4612 contemnitur,

641 4651 817 4712 tanto
856 4647 1257 4727 contemptus
1282 4661 1413 4708 non
1449 4642 1852 4723 dedignatur.
1885 4638 2198 4704 charissi-

646 4756 758 4836 mi,
790 4754 1172 4838 accipiamus
1201 4750 1571 4834 exemplum
1598 4752 1793 4813 tantae
1824 4746 2193 4829 benignita-

644 4865 724 4929 tis
752 4865 819 4928 in
852 4866 1087 4943 mente,
1103 4865 1168 4926 et
1194 4864 1489 4944 petamus
1513 4857 1694 4940 prius
1712 4873 1933 4939 pacem
1951 4855 2034 4920 ab
2061 4855 2187 4934 his,

643 4972 754 5055 qui
781 4988 898 5037 nos
922 4972 1397 5053 persequuntur
1421 4969 1486 5031 et
1511 4964 1862 5044 offendunt,
1894 4963 2193 5047 quamvis

642 5077 828 5161 culpa
871 5095 1005 5143 non
1057 5077 1143 5140 sit
1182 5094 1266 5141 ex
1308 5077 1488 5158 parte
1529 5075 1785 5151 nostra,
1837 5071 2024 5155 quia,
2083 5089 2192 5136 se-

642 5186 929 5252 cundum
966 5184 1354 5268 Gregorium
1374 5186 1434 5248 ⁸:
1476 5180 1846 5247 «Bonarum
1873 5179 2190 5244 mentium

702 5386 721 5420 ¹
750 5385 954 5448 natm„
984 5396 1069 5448 11,
1097 5387 1176 5435 13.
1205 5408 1266 5423 -
1302 5384 1322 5414 ²
1349 5385 1526 5447 Greg„
1555 5380 1609 5430 in
1636 5378 1873 5444 quintum
1908 5377 2039 5442 psal.
2069 5392 2190 5443 poe-

641 5457 756 5520 nit„
783 5472 838 5509 n.
866 5460 896 5508 2
926 5472 939 5506 :
966 5474 995 5506 α
1021 5456 1077 5509 Si
1090 5455 1338 5521 Justitiam
1363 5452 1672 5505 vindicantis
1692 5464 1801 5502 non
1828 5449 2190 5516 formidamus,

639 5529 819 5582 saltem
841 5527 1072 5580 vocantis
1094 5532 1147 5579 et
1172 5524 1459 5578 miserentis
1483 5525 1727 5591 pietatem
1750 5522 2139 5574 erubescamus.
2157 5539 2187 5572 ι)

1767 489 2200 579 εΕιιΜοΝΕε’
2225 511 2325 579 DE
2365 511 2762 587 TEMPORE.

2315 651 2510 718 estibi
2523 654 2778 739 culpam
2806 673 3178 743 agnoscere,
3197 659 3311 727 ubi
3333 661 3523 747 culpa
3538 681 3670 731 non
3688 667 3798 730 est.
3813 688 3844 727 ι

2316 757 2394 825 Et
2419 763 2575 825 tunc
2605 762 2954 829 induemur
2993 765 3234 835 viscera
3271 769 3743 854 misericordiae,
3770 774 3853 839 si-

2315 872 2425 932 cut
2447 869 2583 933 veri
2612 869 2791 935 electi
2827 870 2942 935 filii
2987 873 3094 939 Dei
3137 876 3346 943 Patris
3385 879 3851 963 misericordiae,

2315 975 2426 1057 qui
2445 975 2467 1010 ⁴
2492 1000 2523 1038 α
2545 995 2662 1059 per
2689 978 2932 1044 viscera
2958 999 3095 1047 suae
3125 984 3574 1053 misericordiae
3602 990 3858 1054 veniens

2315 1099 2398 1147 ex
2435 1084 2585 1164 alto,
2605 1107 2637 1145 n
2658 1085 2840 1168 prius
2867 1088 3045 1171 petiit
3065 1089 3131 1155 in
3155 1089 3279 1158 hoc
3303 1111 3552 1176 pacem,
3578 1096 3858 1162 vocando

2313 1188 2394 1254 ad
2432 1191 2897 1273 poenitentiam.

2394 1297 2683 1364 Secundo
2727 1306 2988 1384 apparet
3039 1302 3260 1370 divina
3305 1306 3741 1373 misericordia
3790 1309 3857 1374 in

2312 1405 2633 1472 diuturnae
2686 1410 3138 1492 expectationis
3196 1414 3543 1497 patientia3
3592 1419 3765 1481 unde
3785 1419 3807 1454 ⁸
3835 1441 3852 1484 ε

2322 1535 2354 1574 ιι
2371 1511 2804 1580 Misericordia
2832 1513 3105 1597 Domini,
3136 1517 3288 1603 quia
3304 1540 3435 1587 non
3461 1541 3693 1588 sumus
3718 1543 3856 1589 con·

2312 1620 2580 1703 sumpti,
2608 1620 2768 1703 quia
2792 1639 2924 1687 non
2951 1622 3316 1694 defecerunt
3341 1628 3847 1697 miserationes.»

2313 1726 2473 1792 Cum
2492 1727 2666 1793 enim
2694 1727 2893 1793 homo
2920 1737 3135 1814 peccat
3150 1782 3169 1813 ,
3198 1735 3550 1818 injuriatur
3583 1736 3853 1804 Creatori

2312 1853 2455 1916 suo,
2480 1838 2542 1900 et
2562 1834 2754 1901 etiam
2768 1834 3000 1905 Filium
3033 1840 3139 1906 Dei
3164 1842 3231 1907 in
3260 1845 3856 1929 semetipsocrucifi-

2309 1944 2434 2026 git3
2450 1949 2514 2010 et
2524 1946 2666 2014 ideo
2675 1951 2888 2016 statim
2898 1949 3138 2032 dignus
3148 1955 3241 2014 est
3248 1951 3426 2017 totali
3435 1956 3853 2039 consumptio-

2310 2070 2429 2132 ne,
2459 2055 2583 2120 nisi
2624 2063 2791 2124 esset
2814 2058 3033 2125 divina
3061 2056 3525 2138 misericordia,
3562 2079 3715 2145 quae
3743 2081 3849 2146 pa-

2309 2160 2543 2228 tienter
2579 2170 2642 2229 et
2667 2166 3127 2249 longanimiter
3151 2171 3439 2250 expectat
3464 2186 3642 2249 eum,
3675 2169 3850 2253 quasi

2308 2268 2713 2338 dissimulans
2737 2277 2994 2358 peccata
3030 2275 3162 2355 eis3
3193 2274 3349 2358 quia
3383 2276 3439 2339 si
3467 2278 3680 2341 statim
3718 2296 3852 2361 pec-

2307 2380 2586 2444 catorem
2630 2383 2920 2465 puniret,
2962 2386 3180 2466 postea
3219 2383 3324 2447 cui
3365 2387 3684 2465 parceret,
3729 2401 3853 2448 non

2307 2481 2592 2552 haberet.
2624 2487 2824 2572 Ergo,
2856 2490 3267 2568 dilectissimi,
3299 2489 3593 2573 exemplo
3619 2489 3853 2554 divinae

2308 2593 2757 2661 misericordiae
2768 2601 3163 2681 peccatorem
3173 2597 3605 2681 supportantis
3619 2597 3857 2680 patien-

2306 2700 2436 2777 ter,
2466 2705 2529 2765 et
2569 2703 2961 2785 expectantis
3010 2703 3495 2785 longanimiter,
3525 2705 3854 2787 supporte-

2305 2824 2454 2871 mus
2499 2808 2777 2875 defectus
2794 2858 2816 2890 ‚
2848 2810 2990 2876 dira
3033 2811 3197 2875 facta
3228 2815 3291 2875 et
3326 2811 3524 2875 verba
3555 2810 3853 2888 aliorum,

2305 2932 2454 2996 quae
2481 2916 2671 2982 nobis
2697 2917 3053 3001 displicent,
3085 2935 3205 2983 nec
3236 2917 3447 2982 statim
3473 2934 3850 2999 prorumpa-

2306 3042 2457 3089 mus
2481 3025 2551 3089 in
2581 3025 2770 3105 iram,
2798 3030 2863 3092 et
2887 3043 3295 3091 assumamus
3321 3023 3710 3104 vindictam;
3742 3023 3849 3089 sed

2301 3132 2760 3216 longanimiter
2801 3138 2944 3221 ejus
2987 3134 3443 3210 correctionem
3493 3131 3852 3200 voluntarie

2303 3246 2748 3324 expectemus:
2782 3242 3070 3327 alioquin
3093 3241 3453 3324 displiceret
3483 3239 3610 3307 Deo
3629 3290 3647 3322 ‚
3676 3245 3741 3306 et
3766 3240 3848 3304 ti·

2299 3348 2610 3414 mendum
2636 3352 2802 3414 esset
2823 3368 2906 3415 ne
2934 3349 3102 3415 Deus
3130 3349 3362 3414 faceret
3378 3347 3688 3414 similiter.

2384 3453 2598 3522 Tertio
2627 3460 2890 3541 apparet
2929 3457 3150 3522 divina
3177 3455 3613 3521 misericordia
3647 3456 3716 3519 in
3743 3455 3849 3520 be-

2302 3561 2525 3644 nignae
2540 3566 2959 3649 susceptionis
2985 3566 3341 3632 clementia.
3377 3563 3456 3630 Et
3480 3565 3560 3630 de
3587 3563 3711 3629 hoc
3736 3581 3846 3628 ex-

2301 3675 2591 3758 emplum
2619 3677 2936 3742 babemus
2971 3676 3051 3743 de
3077 3678 3211 3742 filio
3249 3676 3602 3761 prodigo⁸z
3642 3674 3853 3742 «vidit

2302 3780 2488 3847 illum
2513 3787 2694 3867 pater
2721 3802 2902 3864 suus,
2924 3790 2987 3849 et
3016 3768 3453 3849 misericordia
3479 3788 3690 3848 motus
3716 3786 3846 3848 est:

2301 3894 2365 3954 et
2390 3908 2729 3956 accurrens
2760 3891 2842 3974 (α)
2873 3891 3094 3957 cecidit
3125 3910 3320 3975 super
3338 3891 3580 3956 collum
3607 3893 3771 3975 ejus,
3790 3893 3850 3955 et

2301 3999 2623 4064 osculatus
2648 4005 2743 4065 est
2771 4019 2946 4065 eum.
2965 4022 2997 4061 n
3029 3999 3370 4083 Eccequod
3397 4003 3576 4084 pater
3603 3997 3849 4064 miseri-

2301 4106 2534 4172 cordiae
2551 4106 2740 4191 Deus,
2753 4112 3012 4193 propter
3028 4109 3366 4175 horrorem
3380 4109 3849 4193 praeteritarum

2300 4214 2657 4281 foeditatum
2680 4264 2704 4297 ,
2759 4234 2891 4281 non
2934 4215 3175 4281 devitat
3217 4215 3565 4300 peccatorIs
3605 4232 3849 4279 consor·

2301 4321 2488 4402 tium,
2520 4322 2755 4388 scilicet
2788 4323 2880 4387 sic
2908 4322 3136 4406 perditi
3169 4323 3320 4403 filii,
3351 4323 3484 4388 imo
3509 4322 3852 4387 clementer

2300 4429 2561 4512 suscipit
2587 4448 2741 4494 eum
2768 4429 2847 4495 ad
2874 4429 3166 4495 osculum
3186 4429 3356 4514 pacis
3382 4432 3448 4495 et
3473 4427 3847 4493 concordiae.

2302 4535 2375 4601 In
2393 4539 2580 4620 cuius
2606 4538 2870 4619 signum
2892 4536 3080 4620 jubet
3102 4537 3162 4602 ei
3201 4536 3369 4601 tradi
3393 4537 3417 4574 '¹
3447 4535 3761 4604 annulum
3777 4538 3851 4602 in

2300 4661 2500 4712 manu
2523 4644 2682 4730 eius,
2713 4646 2778 4711 id
2818 4650 2915 4712 est
2942 4645 3541 4711 confoederationem
3570 4663 3707 4711 suae
3731 4646 3852 4710 he-

2299 4753 2679 4818 nevolentiae
2701 4801 2720 4833 ,
2761 4757 2822 4820 et
2867 4752 3286 4820 calceamenta
3325 4754 3400 4820 in
3435 4751 3704 4836 pedibus
3725 4803 3744 4834 ,
3788 4754 3854 4818 id

2300 4865 2398 4925 est
2433 4861 2711 4943 gratiam
2752 4860 2824 4925 in
2867 4859 3199 4925 effectibus
3220 4907 3238 4939 ‚
3288 4864 3350 4927 et
3393 4859 3625 4927 vestiri
3689 4859 3854 4927 stola

2297 4968 2538 5051 prima,
2566 4968 2632 5033 id
2647 4971 2742 5032 est
2753 4967 3003 5032 restitui
3025 4967 3094 5031 in
3120 4968 3463 5050 puritatem
3485 4967 3849 5051 pristinam.

2301 5073 2479 5141 Unde
2521 5075 2802 5142 notabile
2842 5080 2967 5156 est,
3014 5074 3188 5160 quod
3222 5076 3340 5140 iste
3377 5075 3634 5141 videtur
3670 5077 3856 5160 prius

2296 5183 2669 5266 poenituisse
2697 5183 2978 5268 quadam
3002 5186 3219 5249 coacta
3235 5182 3627 5262 necessitate,
3659 5186 3724 5247 et
3753 5187 3853 5250 ta-

2298 5379 2360 5393 -
2387 5353 2589 5406 ⁸1d.-
2614 5356 2638 5393 δ
2662 5356 2802 5420 Luc„
2830 5365 2872 5412 1.
2898 5355 2979 5406 78.
3004 5377 3061 5392 -
3093 5354 3114 5386 ⁶
3147 5352 3346 5419 mrem,
3374 5364 3459 5419 ιιι,
3480 5354 3646 5406 22.-
3667 5353 3691 5390 ⁰
3712 5351 3856 5423 Luc„

2297 5436 2389 5493 xv,
2416 5427 2498 5478 20.
2523 5455 2580 5464 -
2610 5429 2628 5460 τ
2660 5426 2813 5491 ibid„
2840 5428 2924 5476 22.

2366 5525 2437 5592 (a)
2468 5526 2589 5579 σοι.
2615 5525 2739 5579 edit.
2769 5537 3064 5578 occurrens.
