4059 6317
648 447 771 513 606

649 581 938 641 Gabalum
971 580 1037 640 in
1086 582 1277 653 Rages
1311 579 1606 640 civitatem
1658 581 1963 639 Medorum
1980 578 2011 636 t
2042 600 2069 636 ι
2088 579 2192 637 Cui

648 674 960 751 respondit
997 673 1258 748 Angelus
1287 692 1308 731 e
1339 696 1368 728 ιι
1397 677 1520 747 Ego
1549 674 1766 732 ducam
1811 679 1876 731 et
1908 673 2192 732 reducam

651 785 792 827 eum
818 784 1030 851 sanum
1057 768 1138 827 ad
1163 771 1240 826 te.
1270 787 1299 823 n
1333 772 1396 828 ln
1425 768 1705 826 omnibus
1731 767 1824 825 bis
1851 767 1997 824 nihil
2026 765 2193 824 aliud

650 863 937 935 signatur,
965 861 1078 921 nisi
1110 862 1278 937 quod
1305 861 1508 935 Angeli
1537 877 1649 919 nos
1673 862 1737 919 in
1763 860 1864 919 via
1887 859 2194 935 perfectio-

650 957 744 1014 nis
782 956 1082 1031 dirigunt‚
1129 955 1241 1031 ipsi
1271 955 1533 1023 ducunt,
1578 954 1691 1029 ipsi
1730 954 2053 1027 deducunt,
2081 953 2192 1028 ipsi

648 1051 959 1109 reducunt.
989 1049 1195 1110 Nullus
1220 1066 1365 1123 ergo
1393 1049 1574 1107 debet
1599 1049 1826 1120 timere,
1858 1048 2058 1106 nullus
2085 1047 2192 1104 de·

649 1144 752 1203 bet
795 1143 1089 1219 trepidare
1111 1186 1130 1214 ,
1171 1148 1274 1202 aut
1311 1142 1638 1203 formidare
1676 1157 1893 1215 magna
1920 1141 2192 1215 aggredi,

650 1255 786 1297 cum
823 1238 1044 1297 habeat
1077 1237 1224 1296 tales
1267 1238 1449 1296 duces
1462 1280 1482 1310 ,
1521 1237 1667 1295 tales
1711 1236 2031 1310 adjutores.
2076 1238 2195 1293 Hoc

649 1333 847 1407 ipsum
873 1333 1169 1405 signatum
1200 1337 1286 1390 est
1314 1334 1358 1403 ¹,
1385 1330 1494 1390 ubi
1519 1330 1733 1388 dicitur
1753 1330 1920 1405 quod
1952 1349 1981 1383 α
2004 1334 2193 1401 Ange-

650 1426 745 1485 lus
799 1426 1030 1486 Domini
1082 1426 1266 1500 tetigit
1298 1426 1451 1485 latus
1506 1426 1674 1496 Elim,
1730 1423 1996 1499 dixitque
2042 1423 2130 1481 illi
2174 1441 2190 1480 ε

651 1521 854 1594 Surge,
906 1519 1155 1578 comede
1191 1537 1208 1577 ε
1264 1520 1507 1594 grandis
1533 1519 1693 1577 enim
1719 1521 1896 1576 restat
1933 1516 2042 1575 tibi
2072 1517 2188 1573 via.

649 1614 910 1673 Surrexit
932 1618 991 1672 et
1015 1613 1292 1686 comedit,
1324 1619 1382 1672 et
1407 1612 1740 1672 ambulavit
1765 1611 1826 1668 in
1852 1610 2192 1670 tortitudine

651 1708 770 1766 cibi
803 1708 965 1766 illius
993 1707 1390 1783 quadraginta
1435 1706 1648 1765 diebus
1690 1708 1747 1764 et
1798 1704 2195 1781 quadraginta

649 1801 923 1861 noctibus
969 1819 1159 1878 usque
1203 1802 1284 1859 ad
1334 1806 1598 1860 montem
1623 1800 1722 1858 Dei
1749 1800 1923 1860 oreb.
1947 1819 1975 1854 ιο
2008 1804 2193 1870 Ange·

648 1895 746 1954 lus
778 1896 1011 1955 Domini
1048 1895 1353 1955 hominem
1383 1899 1588 1966 tanais,
1619 1893 1864 1969 quando
1886 1897 2194 1967 tepescen-

650 1994 767 2049 tem
796 1990 1024 2049 excitat.
1057 1990 1201 2050 Dicit
1229 2009 1244 2048 ε
1273 1991 1475 2062 Surae,
1508 1989 1750 2060 comede,
1775 1987 2020 2063 quando
2057 2003 2194 2045 eum

591 2094 596 2100 ’
650 2083 730 2142 ad
758 2083 1236 2158 aggrediendum
1269 2083 1459 2142 ardua
1480 2082 1771 2141 confortat
1793 2099 1809 2140 t
1833 2082 1977 2157 quia
1999 2080 2062 2139 in
2090 2080 2190 2139 illa

648 2178 1075 2238 confortatione
1122 2177 1519 2253 quadraginta
1564 2176 1808 2250 diebus,
1850 2181 1908 2234 et
1933 2176 2195 2251 quadra·

649 2274 811 2347 ginta
836 2272 1131 2343 noctibus,
1160 2271 1274 2329 hoc
1313 2276 1399 2329 est
1437 2274 1561 2330 toto
1611 2271 1863 2329 decursu
1889 2270 2195 2331 laborioso

643 2367 811 2425 istius
835 2366 969 2424 vitae
992 2366 1193 2436 vadit,
1226 2364 1293 2423 id
1321 2369 1433 2435 est,
1478 2364 1542 2423 in
1581 2365 1895 2423 virtutibus
1937 2365 2195 2440 proficit,

645 2475 964 2535 quousque
990 2460 1194 2517 veniat
1240 2458 1304 2517 in
1348 2463 1613 2516 montem
1650 2458 1750 2516 Dei
1793 2459 1969 2530 Oreb,
1997 2458 2063 2516 id
2088 2463 2195 2531 est,

646 2554 941 2628 pertingat
1004 2552 1083 2611 ad
1146 2556 1361 2611 statum
1412 2552 1822 2628 perfectionis,
1875 2552 1969 2611 vel
1991 2595 2008 2625 ,
2064 2555 2199 2627 post

643 2651 994 2723 pra-,sentem
1037 2647 1344 2719 laborem,
1386 2645 1467 2704 ad
1506 2648 1769 2705 montem
1811 2647 2044 2707 Domini
2062 2689 2082 2719 ‚
2129 2646 2196 2704 id

643 2748 764 2815 est,
801 2741 885 2801 ad
925 2741 1244 2801 sublimem
1274 2743 1334 2799 et
1370 2740 1642 2799 stabilem
1672 2740 1932 2816 quietem
1966 2739 2197 2799 aeterni-

649 2836 804 2894 teile.

718 2931 892 2988 Sexto
922 2929 1202 2988 exhibent
1228 2929 1403 2987 nobis
1427 2929 1712 2987 salutaria
1738 2929 2118 3002 documenta,
2141 2935 2199 2989 et

647 3023 910 3083 revelant
960 3022 1258 3097 mysteria.
1307 3022 1499 3081 Sancti
1547 3022 1762 3080 etenim
1790 3022 2016 3096 Angeli,
2061 3026 2195 3082 ante

648 3134 848 3177 rerum
875 3117 1211 3175 fiendarum
1236 3117 1695 3191 productionem
1717 3158 1736 3186 ,
1770 3116 2034 3191 ipsarum
2062 3133 2199 3175 cau-

647 3227 775 3269 sam
805 3216 867 3269 et
890 3210 1147 3269 rationes
1189 3210 1253 3267 in
1295 3210 1484 3269 Verbo
1525 3211 1626 3268 Dei
1651 3210 1875 3268 vident.
1906 3210 2018 3285 lpsi
2047 3211 2201 3268 nihi-

643 3304 908 3363 lominus
934 3304 1209 3362 continue
1247 3303 1462 3362 faciem
1498 3305 1595 3362 Dei
1629 3304 2106 3378 contemplantur
2127 3303 2151 3337 ²
2178 3323 2194 3362 ε

654 3417 684 3454 α
711 3397 920 3471 Angeli
983 3412 1191 3456 eorum
1254 3413 1488 3473 semper
1550 3397 1756 3456 vident
1815 3398 2029 3456 faeiem
2091 3403 2199 3457 Pa-

649 3491 773 3561 tris,
802 3511 830 3546 »
861 3495 969 3550 etc.
1017 3491 1180 3549 Unde
1222 3492 1533 3565 Gregorius
1561 3494 1584 3529 ⁸
1615 3510 1630 3549 ε
1669 3512 1699 3545 α
1736 3489 1892 3562 Quid
1918 3495 2005 3549 est
2030 3507 2195 3565 ergo,

648 3584 815 3659 quod
831 3600 956 3643 non
969 3583 1231 3657 videant,
1246 3586 1352 3658 qui
1366 3585 1667 3643 videntem
1689 3586 1894 3645 omnia
1905 3584 2146 3645 vident?
2163 3606 2193 3641 n

651 3681 762 3755 ipsi
785 3680 946 3739 enim
973 3678 1048 3737 de
1077 3679 1287 3737 futuris
1320 3679 1397 3736 ad
1435 3680 1687 3738 salutem
1725 3683 1989 3741 nostram
2035 3697 2202 3755 spee-

643 3774 907 3833 tantibus
952 3772 1246 3847 recipiunt
1290 3772 1756 3832 illuminationes
1787 3793 1802 3832 ε
1833 3791 1946 3833 nos
1973 3779 2195 3846 autem,

545 3910 555 3921 .
648 3869 792 3943 quia
836 3868 859 3904 ⁸
901 3887 930 3922 a
956 3883 1173 3941 corpus
1226 3866 1396 3941 quod
1452 3868 1849 3942 corrumpitur
1912 3873 2201 3942 aggravat

645 3966 934 4034 animam,
956 3968 1013 4022 et
1030 3962 1308 4037 deprimit
1330 3966 1564 4020 terrena
1579 3963 1929 4022 inhabitatio
1959 3978 2199 4021 sensum

648 4058 836 4116 multa
861 4057 1237 4130 cogitantem,
1259 4077 1286 4111 ιι
1312 4056 1394 4114 ad
1411 4036 1844 4115 illainvisibil'ia
1862 4056 2201 4115 contuenda

649 4167 774 4211 non
799 4168 1004 4210 sumus
1030 4150 1252 4209 idonei.
1285 4154 1350 4208 Et
1388 4149 1527 4208 ideo
1556 4152 1705 4208 Deus
1731 4150 1996 4224 providit
2022 4151 2199 4210 nobis

648 4246 992 4320 magistros,
1028 4246 1132 4320 qui
1171 4260 1285 4303 nos
1311 4244 1640 4316 instruant,
1670 4249 1726 4302 et
1752 4244 2019 4302 revelent
2043 4261 2200 4319 mys-

647 4341 815 4412 teria,
845 4344 904 4400 et
928 4339 1243 4398 infundant
1284 4338 1519 4397 divinas
1544 4338 2031 4399 illuminationes.
2062 4340 2199 4398 Om-

649 4438 752 4497 nia
775 4438 986 4497 veteris
1011 4435 1354 4495 Testamenti
1374 4434 1583 4492 divina
1598 4435 1878 4508 mysteria
1903 4433 2201 4493 forefacta

651 4534 788 4591 sunt
812 4530 1206 4590 mediantibus
1246 4527 1506 4602 Angelis.
1535 4530 1651 4586 Lex
1683 4528 1842 4586 enim
1869 4527 2197 4588 ministerio

652 4624 921 4698 angelico
959 4624 1069 4682 fuit
1088 4624 1320 4695 tradita,
1346 4623 1520 4698 quia,
1548 4628 1614 4681 ut
1641 4623 1785 4681 dicit
1808 4623 2125 4699 Apostolus
2148 4624 2199 4694 ⁸,

653 4718 987 4778 «ordinata
1030 4718 1139 4777 fuit
1164 4734 1273 4794 per
1301 4717 1555 4791 Angelos
1593 4718 1882 4785 inmanu
1921 4718 2199 4777 Mediato-

650 4813 751 4872 ris.
781 4834 809 4866 »ι
842 4815 964 4871 Hoc
1000 4812 1178 4870 etiam
1226 4812 1388 4886 patet
1427 4811 1494 4869 in
1542 4811 1821 4870 omnibus
1868 4810 2194 4886 Prophetis.

653 4907 818 4966 Unde
846 4907 1152 4965 Zacharias
1179 4905 1323 4964 dicit
1357 4907 1382 4941 ⁸
1428 4922 1443 4962 :
1485 4923 1515 4959 ι
1556 4905 1813 4979 Angelus
1853 4904 1958 4980 qui
1984 4905 2198 4979 loque·-

652 5001 829 5063 batur
880 5000 946 5058 in
998 5016 1115 5058 me.
1163 5020 1193 5053 n
1252 5002 1320 5057 Et
1362 4998 1526 5058 idem
1573 4999 1787 5057 dicitur
1836 5001 2199 5073 Apoealypois

652 5100 866 5171 quarto
890 5097 912 5133 ⁷
939 5114 955 5154 ι
991 5114 1021 5150 ι
1052 5094 1196 5153 Misit
1237 5094 1520 5154 Dominus
1563 5093 1853 5167 Angelum
1894 5109 2070 5153 suum
2104 5109 2200 5153 os-

718 5248 731 5277 ¹
759 5245 821 5295 in
856 5244 993 5309 Req„
1022 5255 1144 5308 xix,
1182 5246 1209 5294 5
1244 5246 1293 5294 et
1319 5257 1429 5308 seq.
1462 5269 1526 5283 —
1558 5244 1582 5278 ²
1607 5242 1812 5307 naith„
1845 5252 1998 5308 xvm,
2029 5246 2105 5295 1⁰.
2137 5270 2194 5281 -

655 5317 674 5349 ⁸
707 5318 941 5383 Gregor„
975 5315 1183 5377 Horat„
1207 5315 1297 5368 lib.
1331 5317 1405 5381 ii,
1432 5329 1488 5368 n.
1517 5319 1565 5367 3.
1596 5340 1660 5355 -—
1691 5316 1715 5352 ὅ
1743 5316 1885 5381 Sap„
1916 5328 1998 5380 rx,
2027 5319 2107 5367 15.
2134 5341 2197 5356 —

653 5390 675 5426 ⁸
699 5388 835 5450 Gal„
865 5400 957 5452 ιιι,
991 5389 1069 5438 19.
1097 5413 1158 5425 -
1194 5388 1214 5420 ⁸
1246 5387 1414 5452 lach„
1442 5398 1513 5454 11,
1544 5390 1591 5442 3.
1621 5414 1685 5427 -
1711 5387 1727 5419 ⁷
1761 5388 1935 5452 Apoe„
1973 5399 2117 5452 xxn,
2146 5391 2196 5439 6.

1664 442 2083 512 SERMONES
2124 440 2221 510 DE
2262 442 2614 511 SANCTIS.
2658 443 2842 513 XLV.

2303 579 2545 638 tendere
2569 594 2857 638 conservo
2879 592 3020 652 suo,
3050 592 3187 654 quas
3227 580 3462 652 oportet
3484 576 3615 637 fleri
3642 576 3772 639 cito.
3799 599 3829 636 ι

2303 676 2430 732 Non
2458 673 2665 731 dubito
2703 676 2899 731 antem
2942 671 3089 748 quin
3126 672 3336 745 Angeli
3367 672 3628 731 maxime
3672 675 3835 732 assis-

2304 771 2428 825 tant
2451 767 2821 826 studentibus
2847 766 3184 842 sapientiae,
3209 768 3400 826 multa
3441 770 3528 827 eis
3562 768 3837 842 revelent,

2304 861 2524 936 quibus
2552 861 2721 933 digni
2749 865 2902 919 sunt.
3180 843 3191 855 ⁰

2375 957 2632 1031 Septimo
2660 961 2919 1014 mentem
2945 961 3209 1015 nostram
3254 956 3491 1015 elevant
3531 959 3591 1014 et
3621 955 3836 1014 inflam-

2303 1054 2489 1121 mant,
2521 1048 2818 1110 desideria
2843 1050 3170 1122 laetificant,
3198 1055 3255 1108 et
3277 1051 3558 1124 ingerunt
3580 1050 3835 1124 spiritua·

2303 1141 2387 1201 lia
2412 1144 2622 1203 solatia
2657 1163 2672 1202 ε
2703 1161 2815 1203 nos
2842 1145 2999 1204 enim
3030 1161 3234 1203 sumus
3251 1144 3436 1219 tepidi
3458 1164 3475 1217 3
3500 1144 3619 1219 ipsi
3643 1143 3839 1201 ardent

2303 1237 2510 1296 divina
2550 1238 2865 1298 dilectione
2893 1240 2958 1296 ⁸:
3011 1259 3039 1293 α
3067 1240 3177 1309 Qui
3226 1238 3363 1297 facit
3398 1238 3661 1312 Angelos
3712 1254 3839 1296 suos

2304 1331 2576 1406 spiritus,
2622 1337 2679 1391 et
2722 1332 3023 1392 ministros
3064 1349 3205 1391 suos
3247 1334 3452 1407 ignem
3494 1338 3785 1390 urentem.
3810 1354 3835 1387 ι

2303 1425 2444 1485 ideo
2492 1425 2725 1485 elevant
2765 1431 3026 1486 mentem
3061 1433 3356 1499 nostram,
3396 1432 3456 1485 et
3480 1426 3841 1485 inflammant

2303 1520 2384 1577 ad
2411 1536 2679 1579 amorem
2716 1526 3070 1580 aeternorum
3097 1523 3160 1579 ’z
3198 1540 3227 1575 ι
3261 1520 3504 1580 Sustulit
3528 1536 3630 1578 me
3660 1526 3841 1594 Ange-

2302 1612 2395 1671 lus
2422 1614 2485 1672 in
2513 1615 2721 1689 spiritu
2762 1616 2823 1674 in
2858 1620 3121 1675 montem
3146 1631 3439 1689 magnum
3479 1619 3538 1673 et
3558 1614 3769 1687 altum,
3795 1620 3843 1672 et

2305 1709 2560 1767 ostendit
2589 1709 2733 1767 mihi
2760 1709 3057 1767 civitatem
3100 1713 3361 1767 sanctam
3396 1708 3785 1766 Hierusalem.
3813 1729 3838 1762 ι

2306 1802 2370 1858 in
2395 1806 2660 1860 montem
2679 1804 2743 1860 in
2769 1804 2977 1878 spiritu
3006 1802 3265 1873 sustulit,
3306 1802 3559 1877 quando
3597 1805 3839 1860 mentem

2304 1893 2367 1951 in
2392 1895 2616 1953 infimis
2634 1898 2950 1970 jacentem,
2978 1913 3086 1955 seu
3120 1897 3201 1955 ad
3234 1895 3444 1955 infima
3483 1896 3840 1967 inclinatam,

2304 1992 2383 2051 ad
2411 2007 2678 2050 amorem
2714 2007 3111 2067 supernorum
3140 1990 3330 2066 erigit,
3359 1995 3419 2048 et
3438 1989 3670 2064 gaudia
3698 1989 3841 2047 illius

2305 2087 2552 2145 civitatis
2597 2086 2872 2158 ostendit,
2923 2085 3144 2161 quibus
3182 2084 3552 2143 desiderium
3587 2082 3843 2142 accendit

2304 2180 2549 2239 ulterius
2576 2199 2593 2238 ε
2625 2180 2912 2255 quoniam
2950 2180 3013 2238 in
3042 2179 3154 2239 ista
3192 2177 3679 2253 peregrinatione
3708 2177 3841 2234 inter
3912 2198 3921 2214 ·

2305 2275 2604 2349 angustias
2629 2274 3034 2346 deficeremus,
3054 2273 3166 2331 nisi
3191 2272 3393 2348 aliqua
3410 2270 3723 2331 oblatione
3741 2288 3836 2329 coe·

2303 2368 2540 2428 lestium
2594 2370 3017 2443 respiraremus
3046 2384 3061 2424 t
3104 2366 3244 2425 ideo
3286 2367 3400 2441 ipsi
3446 2365 3841 2436 consolantur,

2306 2465 2363 2519 et
2384 2462 2639 2521 afferunt
2663 2460 2904 2535 gaudia,
2936 2466 2993 2519 et
3032 2460 3361 2535 spirituales
3387 2459 3839 2517 consolationes.

2304 2556 2470 2615 Unde
2502 2555 2759 2630 Angelus
2786 2554 3051 2630 Rapbael
3075 2555 3160 2612 sie
3185 2553 3463 2612 salutavit
3485 2553 3740 2611 Tobiam
3762 2552 3801 2587 ¹⁰
3826 2570 3840 2608 :

2312 2671 2342 2703 «
2362 2649 2661 2710 Gaudium
2690 2664 2924 2724 semper
2959 2650 3066 2708 tibi
3088 2649 3191 2720 sit,
3219 2648 3353 2707 forti
3381 2647 3592 2706 animo
3619 2651 3765 2715 esto,
3788 2646 3843 2702 in

2304 2744 2581 2818 proximo
2611 2746 2698 2802 est
2716 2786 2733 2816 ,
2761 2748 2828 2801 nt
2849 2759 2887 2801 a
2930 2746 3048 2802 Deo
3081 2742 3321 2809 cureris.
3347 2761 3378 2797 ι
3410 2742 3675 2815 Angelus
3700 2740 3842 2798 nihi·

2304 2837 2566 2896 lominus
2593 2836 2884 2896 nuntiavit
2922 2836 3207 2910 gaudium
3242 2835 3566 2894 nativitatis
3591 2834 3842 2893 Salvato-

2304 2932 2386 2989 ris
2429 2931 2805 3006 pastoribus,
2852 2931 3055 2989 dicens
3089 2931 3129 2968 ¹¹
3161 2950 3180 2987 ε
3231 2949 3261 2985 ι
3299 2929 3658 3003 Evangelizo
3680 2926 3842 2987 vobis

2307 3026 2594 3099 gaudium
2638 3041 2957 3099 magnum,
2999 3024 3168 3100 quod
3215 3024 3323 3083 erit
3358 3022 3527 3083 omni
3572 3020 3840 3097 populo:

2306 3120 2449 3194 quia
2494 3123 2666 3178 natus
2712 3125 2799 3178 est
2841 3119 3015 3178 vobis
3053 3118 3234 3176 hodie
3260 3117 3532 3176 Salvator
3554 3137 3584 3171 ιο
3618 3114 3840 3174 mundi.

2306 3214 2561 3287 Angelus
2574 3215 2750 3272 etiam
2774 3213 3064 3272 nuntiavit
3089 3212 3375 3286 gaudium
3402 3208 3842 3268 resurrectionis

2307 3307 2656 3366 mulieribus
2682 3309 2765 3364 ¹¹:
2800 3327 2830 3361 α
2855 3307 3067 3379 Nolite,
3093 3326 3124 3362 ι
3155 3305 3366 3380 inquit,
3402 3326 3432 3357 α
3448 3304 3683 3376 timere,
3712 3302 3843 3377 quia

2304 3404 2534 3475 lesum,
2573 3402 2675 3477 qui
2718 3402 3030 3461 crucifixus
3070 3406 3184 3474 est,
3233 3398 3494 3475 quaeritis
3527 3418 3544 3456 ε
3580 3397 3841 3468 surrexit,

2304 3497 2455 3556 siout
2480 3496 2650 3566 dixit,
2678 3519 2705 3551 u
2741 3501 2851 3555 etc.

2375 3592 2623 3663 Octavo,
2672 3590 2735 3648 in
2783 3592 3102 3664 conspeetu
3151 3586 3253 3647 Dei
3304 3586 3616 3661 perferunt
3652 3585 3841 3645 omnia

2305 3685 2465 3742 bona
2487 3688 2690 3743 nostra
2712 3699 2916 3759 opera,
2945 3698 3049 3740 seu
3064 3680 3275 3740 merita
3302 3700 3318 3738 ε
3349 3695 3477 3739 non
3502 3674 3675 3755 quod
3703 3682 3840 3737 Dens

2305 3794 2429 3836 uon
2454 3777 2688 3836 noverit
2702 3818 2722 3849 ‚
2751 3792 2933 3852 quem
2961 3776 3193 3833 nullum
3220 3775 3361 3834 latet
3384 3778 3700 3847 secretum,
3742 3771 3838 3830 sed

2308 3871 2449 3946 quia
2476 3875 2626 3930 Deus
2652 3870 2801 3941 vult,
2826 3876 2883 3929 et
2916 3869 2997 3928 ita
3021 3868 3340 3940 ordinavit,
3356 3874 3423 3925 ut
3447 3884 3543 3939 ea,
3564 3884 3701 3942 quoe
3722 3867 3837 3942 ipse

2305 3965 2473 4023 novit
2498 3969 2555 4023 et
2581 3967 2762 4037 amat,
2789 3967 3050 4036 narrent,
3078 3962 3346 4035 laudent,
3374 3965 3434 4019 et
3474 3960 3833 4035 praedieent:

2306 4058 2445 4117 ideo
2470 4058 2764 4129 fortassis,
2819 4063 2883 4116 ut
2917 4057 3032 4133 ipsi
3074 4060 3256 4115 Deum
3292 4054 3693 4123 consulentes,
3735 4068 3835 4111 nos

2303 4154 2702 4227 promoveant
2716 4167 2951 4226 semper
2977 4150 3057 4209 ad
3082 4151 3313 4223 maJora
3326 4167 3346 4221 ;
3368 4154 3427 4207 et
3451 4152 3520 4206 ut
3544 4149 3671 4223 ipse
3697 4149 3835 4204 Deus

2304 4247 2483 4305 nobis
2511 4245 2773 4304 conferat
2798 4244 3121 4319 gratiarum
3132 4247 3467 4316 augmenta,
3488 4245 3551 4300 et
3574 4245 3641 4299 ut
3664 4255 3835 4315 opera

2306 4344 2508 4399 nostra
2532 4339 2647 4398 sint
2680 4339 2743 4397 in
2784 4342 3104 4412 conspectu
3142 4337 3243 4395 Dei
3285 4338 3551 4409 accepta.
3606 4335 3836 4408 Propter

2304 4434 2421 4492 hoc
2448 4433 2728 4508 seriptum
2757 4431 2929 4490 estin
2960 4431 3139 4489 rabia
3172 4428 3359 4502 libro,
3388 4428 3557 4503 quod
3587 4424 3835 4503 Raphael

2306 4526 2456 4585 dixit
2481 4527 2678 4586 Tobiae
2705 4527 2787 4583 ¹⁸:
2823 4546 2852 4579 α
2869 4525 3119 4596 Quando
3145 4523 3519 4582 orahascum
3543 4519 3834 4596 lacrymis,

2303 4624 2363 4679 et
2389 4620 2716 4694 sepeliebas
2769 4622 3039 4678 mortuos
3058 4660 3079 4690 ,
3124 4628 3235 4691 ego
3281 4615 3471 4675 obtuli
3514 4616 3835 4674 orationem

2304 4717 2469 4773 tuam
2496 4714 2767 4773 Domino.
2790 4733 2820 4770 ι
2855 4712 3205 4788 Exemplum
3250 4710 3368 4769 hoc
3408 4712 3501 4769 est
3523 4710 3591 4768 in
3616 4708 3835 4767 Aetam
3906 4715 4025 4756 em-

2305 4807 2383 4867 de
2410 4808 2705 4880 Cornelio,
2737 4806 2842 4882 qui
2866 4811 2992 4865 erat
3027 4805 3120 4863 vir
3152 4804 3491 4877 religiosus,
3534 4806 3593 4861 et
3638 4803 3836 4860 timem
3855 4777 3974 4833 ΡΜ·

2302 4904 2491 4960 Deum
2528 4920 2546 4960 ε
2593 4901 2741 4960 dixit
2777 4899 3034 4973 Angelus
3064 4902 3155 4955 ¹⁸:
3190 4919 3220 4955 ι
3245 4897 3503 4970 Corneli,
3549 4896 3836 4956 orationes

2303 4999 2420 5055 tuas
2437 4999 2497 5054 et
2508 4995 2903 5070 eleemosynae
2927 4993 3355 5052 inmemoriam
3365 4989 3755 5050 ascenderint
3777 4989 3835 5046 in

2304 5094 2623 5166 conspectu
2646 5089 2748 5148 Dei
2772 5108 2802 5146 ι
2830 5104 2939 5164 per
2964 5086 3459 5163 approbationem
3480 5090 3541 5144 et
3558 5084 3834 5146 assensio-

2304 5271 2365 5283 -
2391 5243 2415 5279 ⁸
2440 5243 2576 5295 Paul.
2614 5255 2732 5306 ειη,
2767 5245 2814 5294 4.
2845 5268 2907 5279 -
2934 5242 2954 5273 ⁰
2988 5242 3164 5307 apoc..
3190 5252 3314 5302 xxi,
3347 5242 3423 5291 ¹⁰.
3454 5264 3516 5278 -
3554 5240 3594 5273 ¹·
3624 5236 3759 5298 rob„
3784 5246 3830 5297 v,

2304 5320 2382 5368 ss.
2426 5343 2482 5353 —
2520 5317 2558 5352 ¹¹
2594 5316 2732 5378 Luc„
2771 5326 2841 5378 11,
2868 5317 2950 5366 1⁰.
2980 5340 3035 5351 -
3072 5314 3116 5350 ¹¹
3144 5312 3347 5374 neith„
3373 5322 3574 5376 xxvm,
3607 5314 3659 5376 5,
3695 5311 3741 5360 6.
3772 5332 3831 5346 -

2308 5388 2349 5424 ¹⁸
2379 5387 2513 5448 Tob„
2541 5396 2638 5451 ιιι,
2666 5390 2744 5438 12.
2776 5412 2836 5425 -
2863 5386 2903 5422 ¹⁴
2930 5385 3062 5450 Aet„
3092 5396 3145 5450 x,
3176 5388 3221 5437 ⁴.
