4059 6317
651 476 771 537 ΜΟ

650 606 714 665 di
743 606 909 681 eligit
932 605 1214 665 Dominus
1238 604 1494 678 nobiles,
1523 602 1621 662 vel
1645 604 1935 680 potentes,
1955 601 2064 661 sed
2087 601 2181 660 in-

647 701 854 759 firmos
881 700 939 758 et
962 699 1256 773 ignobiles
1301 718 1317 756 ι
1356 715 1481 758 non
1518 697 1911 773 philosophos
1953 695 2187 770 sapien·

647 798 755 866 tes,
782 795 886 851 sed
921 793 1240 869 piscatores
1262 793 1558 868 simplices
1598 810 1613 849 z
1658 807 1782 850 non
1806 790 2101 865 gloriosos
2126 793 2187 848 et

649 888 881 959 divites,
907 887 1016 946 sed
1041 888 1304 961 abjectos
1330 892 1388 945 et
1410 902 1721 961 pauperes.

715 983 878 1055 Dico,
906 981 1074 1056 quod
1100 980 1384 1040 Dominus
1410 983 1610 1039 noster
1645 994 1768 1038 non
1803 979 1963 1052 eligit
2005 978 2182 1038 nobi-

643 1077 730 1136 les
756 1081 814 1136 et
838 1078 1128 1151 potentes,
1154 1074 1262 1134 sed
1287 1074 1556 1133 infirmos
1581 1078 1640 1132 et
1667 1074 1982 1147 ignobiles.
2018 1074 2183 1132 Unde

644 1170 919 1230 scribitur
959 1172 979 1207 ¹
1019 1188 1034 1227 ε
1065 1190 1094 1225 α
1134 1169 1222 1230 lbi
1269 1166 1505 1228 fuerunt
1550 1168 1816 1243 gigantes
1869 1168 2179 1239 nominati,

643 1266 749 1341 qui
802 1265 881 1323 ab
922 1264 1091 1323 initio
1133 1263 1370 1322 fuerunt
1407 1266 1629 1322 statura
1660 1277 1910 1337 magna,
1938 1261 2182 1319 scientes

644 1358 868 1418 bellum
901 1376 916 1416 ε
946 1373 1069 1416 non
1107 1358 1220 1416 hos
1256 1357 1431 1430 elegit
1470 1356 1769 1416 Dominus.
1794 1377 1823 1411 n
1855 1357 2088 1426 Quare?
2115 1358 2186 1411 ut

641 1451 977 1512 ostenderet
1015 1467 1077 1510 se
1105 1450 1569 1527 omnipotentem
1607 1466 1731 1508 esse
1744 1492 1760 1519 ‚
1815 1453 1871 1507 et
1914 1448 2183 1508 humana

637 1546 901 1624 potentia
925 1562 1048 1604 non
1083 1561 1255 1620 egere
1284 1564 1302 1602 ε
1333 1545 1383 1603 si
1411 1546 1569 1604 enim
1587 1561 1695 1620 per
1712 1547 1976 1617 potentes
2001 1558 2177 1601 mun-

638 1641 786 1700 dum
811 1642 1240 1716 expugnasset,
1268 1639 1542 1714 potentiae
1567 1638 1808 1697 illorum
1835 1637 2178 1696 attributum

635 1734 857 1808 fuisset,-
886 1738 944 1793 et
970 1734 1056 1792 sic
1081 1750 1205 1792 non
1232 1736 1416 1792 Deum
1434 1750 1509 1791 ex
1530 1732 1741 1792 mundi
1763 1731 2175 1805 subJugatione

634 1828 997 1888 laudassent.
1042 1828 1155 1887 Sed
1183 1844 1344 1886 nunc
1369 1832 1492 1887 tota
1517 1827 1647 1886 laus
1680 1827 1746 1885 in
1785 1829 1970 1886 Deum
1994 1824 2175 1884 refer-

633 1925 750 1993 tur,
781 1922 927 1980 dum
956 1921 1395 1997 potentissimus
1431 1922 1510 1980 ab
1548 1920 1948 1979 infirmissimo
1994 1935 2179 1994 expu-

455 2037 611 2079 nxom-
637 2021 868 2089 gnatur.
897 2019 1084 2075 Nemo
1104 2016 1375 2088 miratur,
1402 2016 1451 2073 si
1477 2014 1800 2089 murilegus
1821 2015 2021 2072 vincat
2044 2030 2174 2071 mu-

398 2098 539 2154 P¹¹²¹²¹·
633 2126 785 2182 rem,
812 2110 863 2167 si
890 2110 1054 2169 canis
1080 2109 1368 2185 leporem,
1397 2109 1448 2167 si
1475 2108 1652 2184 lupus
1679 2123 1851 2167 ovem
1867 2150 1886 2181 ,
1922 2108 1972 2165 si
1995 2107 2174 2166 etiam

634 2204 731 2263 leo
758 2204 1001 2263 bovem.
1030 2204 1145 2262 Sed
1173 2203 1485 2263 admiratio
1513 2194 1734 2276 magna
1763 2206 1932 2274 esset,
1960 2203 2010 2259 si
2037 2218 2172 2260 mus

639 2302 856 2356 cattum
884 2297 1210 2371 invaderet,
1238 2297 1336 2356 vel
1362 2297 1413 2355 si
1435 2297 1605 2372 lepus
1621 2312 1827 2355 canem
1855 2295 2169 2369 occideret,

633 2393 684 2450 si
726 2392 855 2451 ovis
898 2391 1111 2466 lupum
1144 2391 1404 2464 fugaret,
1449 2395 1505 2450 et
1550 2391 1600 2448 si
1640 2390 1751 2449 bos
1789 2390 1905 2448 sibi
1930 2390 2171 2448 leonem

637 2485 966 2558 subiiceret.
994 2487 1064 2543 Ut
1089 2500 1230 2559 ergo
1267 2485 1495 2544 mundo
1537 2486 1924 2543 innotesceret
1964 2483 2170 2542 divina

632 2580 920 2654 potentia,
946 2595 1070 2638 non
1095 2578 1271 2653 elegit
1294 2582 1579 2654 potentes,
1609 2579 1829 2653 quibus
1856 2578 1970 2637 sibi
1999 2593 2170 2636 mun-

634 2675 780 2734 dum
806 2673 1145 2747 subJ‘iceret,
1176 2674 1282 2732 sed
1326 2673 1501 2747 elegit
1532 2672 1800 2732 infirmos
1828 2678 1886 2731 et
1912 2671 2166 2745 debiles,

631 2769 779 2827 viles
804 2772 863 2827 et
887 2768 1210 2842 ignobiles,
1239 2768 1459 2843 quibus
1492 2767 1636 2825 dum
1673 2782 1912 2826 omnem
1953 2766 2166 2826 mundi

627 2862 953 2937 potentiam
979 2861 1211 2936 deiecit,
1238 2867 1460 2937 quanta
1493 2877 1602 2919 sua
1639 2861 1902 2935 potentia
1927 2859 2037 2932 sit,
2068 2876 2165 2918 os-

627 2957 831 3016 tendit.
862 2956 1025 3014 Unde
1069 2955 1280 3014 dicitur
1303 2956 1326 2991 ²
1357 2975 1372 3013 ε
1410 2977 1438 3012 ι
1467 2955 1789 3029 ignobilia,
1820 2956 1878 3012 et
1902 2959 2166 3013 contem-

628 3050 880 3126 ptibilia,
909 3055 967 3108 et
994 3049 1375 3125 quaeinfirma
1394 3048 1605 3107 mundi
1622 3050 1778 3120 sunt,
1796 3047 1972 3121 elegit
1989 3050 2164 3119 Deus,

625 3148 692 3203 ut
733 3143 1058 3203 confundat
1097 3142 1292 3202 fortia.
1329 3162 1360 3199 »
1400 3142 1540 3213 Quis
1574 3158 1842 3216 unquam
1867 3144 2036 3200 Petro
2078 3143 2165 3199 vi·

624 3238 740 3296 lior
765 3237 911 3296 fuit?
934 3239 1003 3295 Et
1045 3241 1238 3295 tamen
1264 3251 1374 3311 per
1401 3237 1598 3310 ipsum
1630 3237 1780 3293 Deus
1816 3239 2005 3293 totum
2046 3237 2162 3293 Ro-

626 3347 872 3391 manum
898 3330 1214 3405 imperium
1229 3329 1587 3402 subiugavit.
1615 3332 1787 3402 Erg0,
1803 3328 2008 3387 fratres
2021 3328 2161 3401 mei,

625 3440 749 3485 non
795 3428 881 3483 est
923 3422 1221 3492 curanda,
1271 3422 1376 3481 sed
1416 3423 1650 3497 penitus
1686 3422 2029 3480 detestanda
2052 3422 2163 3481 hu-

623 3535 805 3577 mana
829 3518 1119 3593 potentia,
1152 3533 1288 3592 quae
1330 3515 1592 3574 excludit
1633 3516 1711 3574 ab
1757 3515 2043 3575 electione
2073 3516 2162 3573 di-

623 3613 785 3684 vina,
818 3627 930 3669 nec
956 3611 1048 3669 sui
1073 3614 1413 3685 potestesse
1440 3609 1503 3667 in
1528 3608 1807 3684 perieulis
1833 3608 2160 3681 defensiva,

625 3706 776 3765 sicut
801 3704 1066 3781 quotidie
1093 3702 1351 3777 probant
1376 3701 1557 3774 bella,
1585 3702 1694 3761 ubi
1716 3718 1869 3777 saepe
1895 3703 2095 3777 plures
2123 3720 2161 3763 a

626 3799 853 3875 paucis,
879 3799 1169 3874 sapientes
1190 3815 1228 3856 a
1252 3796 1467 3867 stultis,
1495 3800 1761 3870 potentes
1790 3813 1825 3854 a
1862 3797 2160 3856 debilibus

439 3914 597 3956 Exom-
624 3895 996 3968 superantur.
1018 3892 1367 3967 Exemplum
1395 3891 1712 3963 samsonis,
1733 3891 1836 3966 qui
1854 3907 1892 3950 a
1916 3890 2160 3951 foemina

381 3972 521 4028 9¹⁰²*
619 3987 834 4060 ligatus
858 3985 986 4059 fuit,
1010 4002 1048 4046 a
1063 3984 1399 4044 Phfflsthaeis
1425 3987 1765 4044 excoecatus.
1795 3987 1939 4043 Nam
1966 3986 2030 4043 in
2055 4003 2159 4046 na-

621 4080 767 4139 turis
790 4079 1063 4139 videmus
1080 4122 1098 4151 ,
1129 4079 1296 4153 quod
1324 4079 1526 4153 aquila
1552 4079 1716 4138 timet
1754 4079 2154 4153 hirundinem,

621 4174 864 4251 elephas
889 4189 1153 4243 murem,
1193 4172 1290 4231 leo
1334 4171 1558 4245 gallum
1605 4173 1775 4231 albas
1798 4189 2026 4248 pennas
2050 4175 2157 4233 ha·

619 4270 874 4337 bentem,
898 4267 1076 4343 lupus
1100 4265 1385 4342 lapidem.
1423 4269 1570 4324 Cum
1609 4283 1751 4340 ergo
1786 4267 1848 4325 in
1875 4269 2154 4327 omnibus

617 4362 796 4421 rebus
821 4376 1043 4435 magna
1069 4365 1128 4419 et
1149 4359 1324 4419 fortia
1341 4361 1586 4418 timeant
1609 4376 1799 4433 parva
1825 4365 1882 4419 et
1907 4362 2151 4435 debilia,

618 4470 724 4512 cur
757 4453 1110 4513 mirabimur
1151 4453 1226 4511 de
1255 4453 1459 4511 divina
1503 4454 1793 4527 potentia,
1821 4471 1954 4529 quas
1978 4454 2153 4517 fortia

615 4548 912 4622 trepidare
932 4546 1090 4619 facit,
1119 4552 1176 4605 et
1202 4547 1425 4606 debilia
1450 4548 1593 4607 facit
1618 4566 1744 4608 esse
1769 4566 1977 4609 secura
1993 4553 2023 4608 ‘3

683 4642 985 4713 Secundo,
1036 4640 1316 4699 Dominus
1362 4656 1486 4699 non
1534 4642 1711 4715 elegit
1742 4644 2005 4717 judices,
2056 4647 2153 4706 vel

610 4735 1001 4810 philosophos
1027 4734 1320 4809 sapientes
1331 4776 1349 4806 ,
1380 4735 1486 4793 sed
1514 4736 1721 4795 stultos
1748 4740 1806 4796 et
1830 4739 2142 4814 simplices·

612 4829 774 4888 Unde
803 4829 1015 4887 dicitur
1039 4829 1062 4866 ⁸
1092 4846 1107 4885 ε
1144 4847 1172 4881 α
1199 4829 1339 4897 Quae
1360 4828 1538 4888 stulta
1581 4836 1715 4889 sunt
1757 4833 2001 4904 mundi,
2026 4833 2146 4892 ele·

611 4921 697 4996 git
744 4924 928 4994 Deus,
975 4927 1049 4981 'ut
1093 4921 1482 4981 confunderet
1517 4924 1827 4999 sapientes.
1872 4945 1902 4982 ι
1955 4927 2146 4996 Quare

607 5015 762 5075 hoc?
791 5020 875 5089 ut,
904 5015 955 5074 si
981 5015 1272 5091 sapientes
1297 5015 1592 5090 elegisset,
1623 5024 1682 5077 et
1703 5035 1811 5094 per
1846 5036 1949 5079 eos
1975 5036 2146 5079 mun·

608 5110 829 5168 danam
863 5109 1212 5185 sapientiam
1256 5109 1637 5183 convicisset,
1683 5112 1992 5173 victoriam
2019 5131 2143 5173 non

672 5258 687 5293 ¹
717 5258 860 5320 Bar„
891 5270 974 5321 ιη,
1003 5260 1080 5308 27.
1104 5283 1167 5294 —
1200 5257 1222 5290 ²
1255 5259 1271 5307 l
1305 5257 1444 5320 Cor„
1474 5270 1510 5321 1,
1542 5262 1621 5310 28.
1649 5286 1712 5299 -
1751 5260 1773 5296 ⁸
1801 5261 1947 5325 thid„
1975 5265 2054 5311 27.
2080 5288 2141 5299 —-

607 5329 625 5359 ⁴
651 5330 784 5392 Aug.
814 5353 878 5365 —
917 5331 937 5360 ⁸
963 5329 1196 5388 Hieron,
1221 5326 1291 5378 ad
1315 5327 1535 5391 paulin„
1564 5330 1713 5394 epist.
1741 5343 1867 5396 cut,
1897 5336 2020 5383 tom.
2052 5333 2138 5395 ΙΙΙ,

607 5399 708 5453 001·
739 5414 813 5456 m·
842 5403 891 5455 ⁷·
922 5427 976 5441 ““““
1015 5403 1035 5432 ⁸
1066 5402 1216 5466 Aug-2
1242 5399 1304 5451 de
1330 5398 1484 5453 Civit-
1521 5403 1645 5468 Dei,
1673 5402 1762 5458 nh·
1791 5406 1864 5470 x,
1897 5418 1945 5456 0·
1980 5416 2137 5470 αλκ)

1645 442 2101 532 'semones
2142 464 2243 531 ns
2283 460 2634 531 smmis.
2676 463 2802 530 xx.

2297 604 2416 660 Deo
2458 600 2734 659 homines
2746 642 2767 673 ,
2812 600 2920 660 sed
2960 601 3201 660 illorum
3236 602 3541 679 sapientia
3588 602 3830 662 detulis-

2293 698 2441 753 sent.
2469 696 2533 753 ln
2555 694 2673 753 hoc
2699 710 2844 769 ergo
2870 695 3075 754 divina
3098 697 3386 772 sapientia
3406 697 3683 772 apperuit
3710 711 3833 755 ma·

2295 804 2435 861 gna,
2464 788 2708 864 quando
2733 805 2840 863 per
2875 789 3170 865 simplices
3202 791 3397 864 viroS,
3437 807 3545 866 per
3589 791 3832 850 illitera-

2293 885 2404 950 tos,
2435 899 2542 958 per
2557 882 2828 942 homiues
2840 883 3097 956 ignaros,
3116 888 3176 942 et
3190 886 3356 943 omni
3370 902 3618 960 prorsus
3638 886 3828 945 scien-

2291 976 2373 1037 tia
2402 975 2739 1048 destitutos,
2769 994 3011 1037 omnem
3037 978 3386 1054 sapientiam
3425 980 3639 1038 mundi
3679 996 3826 1038 con-

2292 1070 2449 1141 vicit,
2478 1073 2536 1129 et
2568 1070 2807 1129 stultam
2847 1076 2906 1130 et
2938 1088 3154 1131 caecam
3200 1090 3325 1131 esse
3363 1074 3639 1132 ostendit.
3688 1073 3831 1144 Quis

2291 1164 2451 1222 enim
2473 1167 2700 1224 Ioanne
2727 1165 3092 1240 simplicior?
3118 1170 3388 1225 ettamen
3399 1167 3535 1242 quis
3554 1184 3825 1242 unquam

2287 1257 2415 1330 fuit,
2445 1259 2549 1334 qui
2576 1259 2661 1317 sic
2686 1259 2802 1318 alte
2830 1259 2906 1318 de
2947 1262 3065 1318 Deo
3103 1261 3386 1319 senserit?
3416 1262 3553 1336 quis
3599 1262 3682 1319 sic
3713 1262 3829 1321 alte

2288 1356 2573 1410 scrutatus
2600 1352 2803 1413 divina
2822 1354 3104 1429 mysteria
3128 1354 3279 1413 fuit?
3307 1355 3443 1430 quis
3468 1355 3681 1414 Christi
3706 1373 3831 1414 ma-

2288 1446 2491 1520 gnalia
2518 1446 2692 1505 altius
2728 1447 3019 1506 intonuit?
3059 1448 3206 1508 Dicit
3231 1449 3393 1507 enim
3417 1449 3782 1522 Augustinus
3804 1452 3827 1487 δ

2287 1541 2455 1615 quod
2481 1560 2512 1596 α
2537 1541 2587 1599 si
2610 1540 2782 1600 altius
2809 1542 3161 1613 intonasset,
3197 1546 3356 1600 totus
3394 1542 3653 1601 mundus
3704 1559 3829 1603 non

2286 1641 2540 1709 caperet.
2569 1656 2597 1689 ι
2631 1635 2794 1693 Unde
2819 1634 3226 1711 Hieronymus,
3243 1636 3306 1694 in
3317 1636 3663 1710 epistolaod
3682 1640 3829 1695 Pau-

2284 1729 2458 1785 linum
2494 1730 2539 1799 ⁸,
2582 1729 2658 1787 de
2706 1729 2985 1789 omnibus
3029 1729 3245 1788 divinas
3284 1729 3540 1789 historiae
3592 1729 3765 1789 libris
3806 1754 3822 1788 :

2291 1842 2321 1877 α
2342 1825 2597 1883 loannes
2620 1824 2902 1895 rusticus,
2928 1823 3212 1899 piscator,
3241 1824 3547 1897 indoctus,
3578 1828 3638 1883 et
3663 1827 3825 1885 unde

2282 1916 2386 1977 illa
2425 1933 2577 1989 vox,
2624 1919 2872 1978 obsecro
2902 1938 2918 1977 τ
2948 1922 3016 1976 In
3035 1922 3308 1992 principio
3334 1924 3454 1976 erat
3486 1920 3746 1991 Vei-bien,
3772 1930 3823 1979 et

2287 2013 2513 2069 Verbum
2540 2019 2656 2070 erat
2688 2015 2838 2087 apud
2878 2017 3079 2081 Deitas,
3119 2021 3171 2070 et
3216 2017 3356 2071 Deus
3390 2020 3507 2071 erat
3543 2016 3821 2072 Verbum?

2282 2108 2423 2179 Hoc,
2451 2128 2482 2163 ι
2514 2108 2734 2183 inquit,
2771 2109 3027 2167 «doctus
3049 2109 3211 2168 Plato
3239 2109 3525 2179 nescivit,
3567 2109 3687 2167 hoc
3716 2113 3821 2169 Do·

2279 2202 2614 2260 mosthenes
2656 2203 2945 2277 eloquens
2967 2203 3301 2276 ignoravit,
3329 2223 3358 2257 n
3394 2207 3504 2261 etc.
3548 2206 3820 2277 Augusti-

2279 2309 2392 2353 nus
2416 2300 2613 2355 tamen
2648 2296 2790 2355 dicit
2816 2313 3089 2372 expresse
3115 2298 3171 2369 ⁸,
3215 2314 3280 2355 se
3317 2297 3531 2371 legisse
3560 2300 3626 2356 in
3650 2299 3819 2358 libris

2276 2390 2531 2449 Platonis
2564 2395 2752 2450 totum
2778 2391 3164 2465 Evangelium
3188 2391 3430 2450 loannis
3449 2391 3528 2450 ab
3554 2409 3626 2450 eo
3656 2394 3815 2466 loco,

2276 2486 2382 2543 ubi
2409 2485 2620 2544 dicitur
2650 2503 2665 2543 ι
2696 2490 2763 2544 In
2787 2489 3063 2559 principio
3090 2492 3209 2543 erat
3245 2487 3495 2558 Verbum,
3517 2503 3713 2562 usque
3739 2488 3819 2547 ad

2274 2577 2427 2635 illud
2456 2597 2469 2635 2
2509 2581 2737 2636 Verbum
2775 2596 2896 2637 caro
2923 2582 3133 2649 tactum
3158 2585 3235 2636 est
3250 2621 3271 2652 ‚
3300 2578 3470 2653 quod
3494 2579 3584 2637 ihi
3612 2580 3817 2655 utique

2273 2687 2397 2731 non
2422 2672 2661 2744 invenit,
2689 2688 2763 2731 eo
2799 2672 2967 2748 quod
3009 2673 3429 2731 incarnationis
3456 2673 3813 2733 beneficium

2272 2782 2397 2825 non
2422 2767 2685 2841 agnovit.
2724 2767 2886 2825 Unde
2931 2767 3075 2826 dicit
3119 2767 3478 2840 Augustinus
3516 2769 3815 2828 audivisse

2271 2876 2335 2919 se
2361 2878 2398 2920 a
2418 2865 2617 2920 sancto
2644 2860 3028 2936 Simpliciano
3070 2877 3208 2919 sene
3231 2905 3247 2932 ,
3288 2862 3457 2935 quod
3484 2861 3633 2920 dum
3679 2863 3811 2938 qui-

2271 2953 2413 3013 dam
2452 2954 2781 3029 platonicus
2820 2954 3214 3029 philosophus
3252 2954 3495 3013 loannis
3549 2958 3809 3030 Evange-

2268 3047 2417 3105 lium
2441 3047 2693 3121 legisset,
2721 3047 2868 3106 dixit
2892 3047 2972 3106 ad
2994 3048 3434 3107 circumstantes
3462 3066 3479 3106 t
3514 3070 3545 3103 ι
3560 3052 3683 3108 Hoc
3708 3050 3810 3108 de·

2267 3141 2438 3200 beret
2461 3142 2655 3201 aureis
2696 3141 2898 3200 litteris
2925 3142 3253 3213 conscribi,
3282 3146 3342 3200 et
3376 3143 3440 3201 in
3465 3143 3605 3202 loco
3633 3144 3808 3203 valde

2269 3235 2389 3294 alto
2413 3235 2730 3311 suspendi,
2757 3236 2917 3294 unde
2950 3236 3028 3295 ab
3070 3236 3347 3294 omnibus
3377 3240 3580 3311 posset
3606 3237 3743 3311 legi.
3770 3260 3799 3290 ι

2267 3335 2472 3391 Narrat
2524 3331 2700 3391 etiam
2755 3335 3009 3390 Historia
3054 3335 3344 3406 tripartita
3372 3334 3417 3404 ⁷,
3455 3332 3630 3408 quod
3664 3332 3805 3391 dum

2266 3425 2678 3485 Constantinus
2704 3427 3026 3501 imperator
3046 3426 3230 3484 fldem
3254 3426 3463 3484 Christi
3481 3430 3803 3501 acceperat,

2267 3518 2514 3595 quidam
2552 3518 2944 3594 philosophus
2987 3534 3127 3578 eum
3177 3520 3492 3592 arguebat,
3524 3521 3695 3595 quod
3719 3521 3806 3578 in·

2266 3612 2530 3671 consulte
2581 3612 2765 3672 fidem
2809 3615 3115 3688 antiquam
3165 3613 3503 3688 reliquerat.
3542 3618 3612 3673 Et
3645 3615 3801 3673 idem

2262 3706 2676 3782 philosophus,
2720 3724 2784 3765 se
2824 3707 2900 3765 de
2942 3706 3065 3765 fide
3098 3707 3252 3765 velle
3288 3724 3427 3765 cum
3468 3707 3802 3768 Alexandro

2264 3800 2584 3875 disputare,
2611 3801 2863 3859 dicebat.
2898 3804 3031 3859 Erat
3056 3803 3255 3860 autem
3287 3801 3618 3860 Alexander
3632 3805 3801 3861 Cons-

2261 3894 2779 3968 tantinopolitanus
2822 3895 3134 3969 episcopus
3149 3937 3167 3966 ,
3197 3895 3288 3952 vir
3314 3894 3797 3969 simplicissimus,

2260 3992 2526 4062 senonis,
2564 3992 2764 4047 tamen
2803 3988 3182 4047 saecularibus
3227 3988 3535 4048 destitutus
3578 3990 3798 4062 litteris,

2259 4082 2367 4140 sed
2390 4085 2507 4141 Deo
2533 4082 2712 4141 valde
2741 4082 3011 4141 devotus.
3049 4082 3135 4141 Ab
3164 4082 3524 4157 imperatore
3550 4099 3695 4157 ergo
3723 4085 3795 4142 ad

2260 4175 2717 4251 disputationem
2761 4181 3006 4234 vocatus
3024 4219 3042 4248 ,
3076 4175 3150 4234 de
3191 4175 3322 4234 solo
3351 4179 3506 4248 Deo,
3536 4178 3643 4251 qui
3668 4178 3795 4235 sim-

2258 4269 2442 4344 plices
2486 4269 2782 4342 elegerat,
2827 4274 3062 4328 sanctus
3098 4269 3412 4344 episcopus
3438 4270 3790 4329 confidebat.

2257 4364 2522 4437 Cumque
2568 4378 2774 4421 omnes
2828 4363 3167 4436 congregati
3210 4368 3432 4435 essent,
3482 4365 3792 4440 episcopus

2256 4456 2615 4531 philosopho
2642 4456 2829 4515 dixit:
2865 4477 2895 4511 α
2921 4459 2986 4517 ln
3011 4456 3253 4515 nomine
3280 4457 3487 4515 Christi
3514 4458 3624 4516 tibi
3647 4475 3789 4534 prae-

2256 4549 2434 4624 cipio,
2456 4555 2522 4609 ut
2557 4566 2679 4608 non
2702 4550 2986 4625 loquaris,
3016 4571 3045 4605 n
3086 4550 3261 4620 Quod
3305 4555 3371 4609 ut
3400 4551 3788 4626 philosophus

2255 4644 2501 4717 audivit,
2526 4644 2719 4703 statim
2741 4645 2856 4703 sibi
2874 4645 3138 4719 obligato
3163 4661 3286 4715 ore,
3306 4645 3462 4703 ultra
3476 4644 3650 4721 loqui
3668 4662 3787 4705 non

2252 4738 2459 4813 potuit.
2508 4739 2860 4814 Exemplum
2899 4742 3076 4799 etiam
3117 4740 3193 4798 de
3239 4740 3415 4799 beata
3456 4742 3784 4812 Camarina,
3866 4747 4005 4789 Βῆ·

2251 4849 2387 4907 quae
2410 4832 2606 4891 solum
2631 4834 2921 4893 Christum
2948 4834 3093 4892 dum
3121 4834 3389 4893 confessa
3413 4834 3542 4906 fuit,
3572 4837 3783 4894 electos
3806 4808 3946 4862 ψ

2248 4926 2638 5002 philosophos
2659 4928 3063 4987 obmutescere
3085 4927 3242 5001 feeit,
3261 4933 3321 4987 et
3344 4944 3447 4987 eos
3473 4929 3557 4988 ad
3582 4929 3783 4988 Christi

2247 5020 2431 5080 fidem
2468 5022 2773 5080 convertit.

2317 5115 2529 5187 Tertio,
2565 5115 2848 5174 Dominus
2881 5130 3005 5175 non
3041 5114 3219 5189 elegit
3248 5114 3481 5189 divites,
3510 5117 3620 5176 sed
3645 5133 3779 5176 eon-

2244 5208 2603 5283 temptibiles
2655 5224 2966 5284 pauperes
3018 5209 3181 5268 Unde
3236 5209 3381 5268 dicit
3395 5212 3419 5248 ⁸
3464 5230 3481 5269 ε
3534 5234 3566 5267 ιι
3582 5214 3777 5270 Nonne

2245 5348 2428 5385 versus
2454 5334 2567 5395 fin„
2596 5339 2650 5386 et
2675 5335 2918 5398 confess„
2947 5335 3035 5385 lib.
3066 5335 3174 5398 vu,
3203 5350 3251 5385 c.
3283 5346 3356 5397 ix,
3386 5349 3442 5386 n.
3470 5339 3531 5386 ¹3
3553 5346 3606 5387 et
3628 5339 3698 5387 u.
3718 5362 3778 5375 -

2243 5406 2267 5444 '¹
2294 5406 2554 5472 Cassiod„
2577 5408 2710 5461 ΗΜ.
2738 5408 2971 5475 tripu-e„
2994 5406 3082 5462 lib.
3110 5409 3184 5471 ll,
3206 5421 3253 5459 c.
3274 5418 3348 5463 ιν.
3366 5432 3433 5450 --
3455 5409 3475 5439 ⁸
3499 5409 3625 5473 loc„
3645 5420 3703 5472 u,
3728 5411 3774 5458 ⁵.
