4059 6317
729 435 847 496 110
1817 424 2231 492 SERMONES
2276 424 2377 489 DE
2416 423 2810 494 TEMPORE.

726 562 938 630 dando
965 562 1311 646 perfecmm
1340 577 1478 628 esse
1501 559 1752 642 gratiae.
1783 558 1992 626 Tertio
2017 559 2266 630 bonitas

725 688 1179 736 consummans
1206 669 1277 733 in
1314 686 1481 750 agro
1514 667 1784 733 coelestis
1810 668 2035 751 patriae
2074 666 2264 732 semi-

723 779 902 843 navit
927 777 1341 860 sempiternas
1369 775 1819 857 refulgentias,
1850 776 2058 842 dando
2082 793 2266 842 eom-

722 884 967 967 pletum
993 901 1130 948 esse
1150 884 1396 966 gloriae.

804 991 1021 1056 Primo
1048 1009 1211 1073 ergo
1234 992 1516 1074 potentia
1540 1009 1762 1056 creans
1789 991 1856 1056 in
1882 1008 2047 1072 agro
2072 1008 2262 1056 mun-

723 1099 903 1165 dialis
946 1099 1264 1164 machinae
1299 1098 1639 1164 seminavit
1663 1098 2019 1181 spirituales
2060 1103 2263 1175 actus,

721 1205 1080 1289 corporales
1111 1207 1495 1272 substantias
1512 1254 1530 1286 ‚
1560 1206 1770 1271 dando
1803 1224 1938 1271 esse
1978 1206 2263 1271 substra-

722 1316 862 1379 tum
919 1313 999 1397 (a)
1056 1317 1342 1392 naturae3
1401 1313 1575 1378 unde
1619 1313 1848 1380 dicitur
1868 1314 1922 1375 ¹:
1967 1336 1996 1374 a
2020 1312 2161 1394 Ego
2204 1317 2266 1377 te

719 1420 1043 1503 plantavi,
1073 1422 1261 1486 vinea
1287 1439 1432 1486 mea
1456 1421 1655 1486 electa
1674 1469 1692 1501 ,
1719 1424 1784 1485 et
1818 1438 2009 1485 omne
2036 1438 2265 1484 verum

723 1545 968 1606 semen,
991 1549 1022 1586 υ
1057 1534 1178 1591 010.
1221 1527 1428 1593 Vinea
1453 1528 1574 1591 ista
1601 1527 1884 1611 plantata
1909 1546 1950 1591 a
1975 1528 2102 1594 Deo
2125 1546 2265 1594 om-

722 1633 1033 1718 nipotenti
1059 1639 1155 1700 est
1180 1637 1467 1701 mundus
1486 1684 1506 1716 ,
1544 1640 1609 1700 et
1633 1652 1842 1704 semen
1867 1631 2008 1719 ejus
2048 1653 2266 1703 verum

723 1744 819 1806 est
839 1740 1057 1820 homo,
1082 1744 1197 1826 qui
1222 1745 1468 1809 ratione
1490 1744 1796 1825 imaginis
1819 1748 1884 1808 et
1901 1743 2266 1809 similitudi-

722 1849 824 1913 nis
863 1851 1206 1933 dispositus
1243 1856 1341 1916 est
1364 1851 1444 1915 ad
1491 1851 1755 1915 modum
1782 1851 2046 1916 seminis
2072 1899 2091 1928 ,
2126 1869 2260 1916 me-

722 1956 936 2022 diante
978 1957 1292 2024 stillicidio
1319 1957 1590 2022 coelestis
1634 1958 2030 2036 influentiae,
2060 1958 2125 2022 in
2164 1958 2264 2021 vi-

725 2082 952 2145 gorem
981 2065 1209 2147 gratiae
1234 2065 1571 2149 pullulare,
1607 2069 1670 2130 et
1697 2084 1975 2132 creseere
2002 2065 2071 2129 in
2097 2083 2261 2130 mes-

720 2190 858 2237 sem
901 2172 1150 2253 gloriae.
1194 2172 1442 2238 Scilicet
1466 2173 1539 2255 (b)
1589 2173 1894 2240 inimicus
1935 2173 2170 2252 homo,
2199 2173 2265 2237 id

720 2283 852 2353 est,
898 2278 1186 2344 diabolus
1228 2280 1570 2363 aliquando
1615 2280 1978 2364 supplantat
2029 2279 2262 2346 falsum

721 2403 964 2465 semen,
993 2386 1057 2451 id
1086 2393 1215 2464 est,
1245 2388 1403 2452 vitia
1429 2391 1494 2451 et
1518 2393 1807 2472 peccata,
1837 2388 1915 2454 ad
1945 2386 2262 2452 suffocan-

721 2493 877 2558 dum
904 2511 1132 2558 verum
1151 2513 1391 2576 semen,
1408 2514 1490 2561 ne
1514 2499 1891 2579 prorumpat
1909 2495 1975 2559 in
1994 2513 2263 2576 germen

723 2599 974 2680 gratiae.
1022 2599 1101 2665 Et
1151 2601 1276 2666 hoc
1327 2606 1422 2666 est
1471 2601 1640 2685 quod
1693 2601 1923 2666 dicitur
1979 2602 2146 2666 intra
2194 2602 2261 2666 in

720 2706 1153 2789 Evangelio¹:
1199 2711 1467 2777 Domine
1487 2756 1509 2787 ,
1549 2725 1760 2776 nonne
1789 2710 2017 2778 bonum
2051 2725 2262 2777 semen

719 2817 1058 2884 seminasti
1084 2819 1157 2884 in
1184 2834 1338 2901 aare
1374 2825 1481 2886 tuo
1501 2820 1536 2883 P
1561 2818 1731 2885 tmde
1767 2834 1910 2903 erqo
1950 2819 2132 2886 habet
2155 2822 2258 2886 zi-

718 2924 1041 2989 zaniam?
1082 2925 1167 2992 Et
1214 2927 1312 2992 ait
1358 2924 1535 2992 iuis.-
1573 2926 1883 2992 Inimicus
1922 2926 2104 2994 homo
2148 2927 2261 2993 hoc

717 3028 898 3108 fecit.

800 3133 1123 3214 Secundo,
1173 3137 1481 3219 sapientia
1534 3138 1900 3220 gubernans
1960 3142 2027 3203 in
2100 3157 2260 3222 agro

718 3243 1011 3308 mentalis
1036 3246 1436 3312 conscientiae
1482 3247 1823 3312 seminavit
1851 3248 2133 3314 coelestes
2159 3249 2260 3312 in-

717 3349 1047 3431 fluentias,
1107 3351 1315 3416 dando
1370 3354 1718 3436 perfectum
1790 3373 1929 3419 esse
1986 3356 2252 3437 gratiae;

719 3456 888 3520 unde
926 3458 1233 3524 dieitur⁸t
1276 3459 1673 3525 «Seminabo
1700 3480 1844 3525 eam
1885 3462 1951 3525 in
1995 3467 2252 3542 terram,

716 3567 780 3626 et
807 3564 1153 3629 miserebor
1195 3567 1339 3648 eJus
1365 3584 1511 3650 quae
1545 3567 1615 3649 (c)
1662 3567 1784 3631 fuit
1824 3568 1960 3632 sine
2007 3570 2255 3633 miseri-

716 3671 949 3735 cordia.
972 3694 1003 3731 »
1044 3672 1222 3738 Tunc
1248 3673 1413 3740 Deus
1455 3676 1793 3741 miseretur
1831 3676 2069 3743 animae
2111 3696 2254 3760 pec-

717 3778 909 3856 canti,
939 3781 1194 3862 quando
1234 3783 1543 3865 exstirpat
1570 3801 1653 3847 ex
1685 3802 1763 3847 ea
1788 3801 2009 3848 omnes
2042 3785 2256 3869 spinas

714 3882 1015 3948 vitiorum
1043 3933 1061 3963 ,
1090 3892 1164 3952 ut
1203 3889 1474 3953 seminet
1512 3890 1581 3954 in
1620 3907 1733 3970 ea,
1766 3890 1942 3956 velut
1980 3892 2052 3955 10
2085 3895 2257 3960 terra

713 3990 929 4070 electa,
964 4010 1180 4058 semen
1212 3995 1483 4061 verbum
1521 3996 1611 4078 (d)
1641 3996 1750 4061 Dei
1783 3998 2153 4080 pullulantis
2186 4000 2255 4066 in

712 4114 980 4177 germen
1022 4100 1275 4181 gratiae,
1306 4104 1498 4184 atque
1525 4104 1857 4168 crescentis
1881 4106 1949 4168 in
1980 4123 2251 4170 messem

716 4203 966 4285 gloriae.
987 4204 1068 4270 Et
1084 4212 1341 4290 propter
1366 4208 1488 4273 boc
1510 4209 1661 4274 dicit
1686 4210 1992 4275 Dominus
2009 4212 2058 4292 ⁸,
2078 4213 2253 4295 quod

711 4311 944 4376 scilicet
991 4335 1022 4373 (ι
1039 4332 1259 4379 semen
1302 4316 1689 4382 seminatum
1733 4319 1800 4383 in
1845 4323 2082 4385 terram
2134 4322 2254 4387 bo-

709 4437 883 4497 nam,
914 4419 1024 4484 hic
1047 4422 1158 4504 qui
1185 4423 1363 4487 audit
1382 4423 1657 4489 verbum
1685 4425 1817 4507 Dei,
1843 4433 1907 4492 et
1933 4428 2249 4512 intelligit,

709 4530 772 4591 et
814 4528 1096 4593 fructum
1133 4528 1339 4594 affert.
1360 4551 1392 4590 υ
1427 4532 1707 4596 Verbum
1748 4532 1859 4597 Dei
1898 4536 2251 4602 seminatur

710 4634 778 4698 in
816 4639 1055 4701 terram
1096 4637 1331 4701 bonam
1355 4687 1373 4718 ,
1404 4638 1576 4721 quod
1616 4639 1871 4705 auditur
1896 4660 2046 4707 cum
2072 4661 2252 4707 reve-

708 4742 915 4806 rentia
933 4791 951 4823 ,
985 4746 1049 4806 et
1077 4741 1458 4825 intelligitur
1486 4762 1635 4809 eum
1660 4747 2031 4813 executione
2058 4749 2247 4816 effec-

710 4852 814 4913 tus
837 4896 857 4927 ‚
899 4848 1054 4932 quia
1105 4854 1258 4918 tunc
1299 4850 1528 4916 devota
1568 4852 1813 4934 anima,
1857 4854 1936 4919 ad
1981 4856 2248 4922 modum

708 4960 898 5022 terrae
945 4956 1130 5023 bonae
1172 4960 1500 5026 seminatae
1519 5007 1537 5039 ,
1568 4958 1752 5025 affert
1788 4961 2068 5028 fructum
2093 4983 2248 5046 gra-

769 5118 788 5153 1
809 5120 1010 5178 lev-em„
1045 5130 1110 5181 ιι,
1144 5123 1224 5170 21.
1247 5146 1311 5158 -
1341 5119 1360 5151 ²
1388 5120 1594 5179 naith..
1622 5133 1741 5187 xm,
1773 5125 1941 5177 27-28.
1970 5152 2034 5164 —
2059 5127 2082 5163 ⁸
2112 5129 2247 5193 ose„

709 5199 775 5252 ιι,
802 5190 882 5239 23.
910 5216 972 5228 —
996 5192 1020 5228 ὁ
1052 5191 1257 5252 Manli„
1283 5203 1410 5255 11111,
1443 5194 1523 5244 23.
1554 5218 1617 5231 -
1647 5195 1665 5225 ⁸
1693 5195 1813 5258 lea„
1848 5208 1967 5260 111,
1995 5200 2046 5262 9,
2076 5203 2152 5251 1ο.
2181 5227 2246 5239 --

706 5258 728 5295 ⁶
756 5260 902 5311 Hunc
937 5265 990 5311 et
1026 5262 1155 5313 duos
1192 5265 1463 5327 sequentes
1497 5262 1656 5316 babet
1688 5280 1893 5332 quoque
1922 5269 2047 5320 edit.
2085 5270 2242 5322 Paris.

705 5343 789 5380 an.
818 5333 959 5381 1521.
989 5358 1052 5370 -
1084 5335 1101 5365 ⁷
1127 5332 1333 5394 11101111..
1369 5343 1498 5397 1111,
1532 5336 1610 5386 24.
1639 5361 1700 5374 -
1733 5337 1751 5366 ⁸
1772 5338 1910 5399 Luc„
1936 5350 2069 5403 xm,
2101 5342 2150 5392 8.
2177 5366 2241 5379 -

703 5416 725 5446 ο
750 5401 931 5463 ludio„
959 5415 1028 5467 11,
1055 5407 1133 5455 21.
1163 5430 1227 5442 -
1250 5404 1291 5439 ¹⁰
1313 5405 1467 5468 Greg.

2371 561 2512 638 tim,
2554 562 2808 644 quando
2842 561 3017 644 quod
3055 560 3394 646 intelligit,
3433 580 3624 648 opere
3654 563 3888 648 implet.

2452 665 2664 732 Tertio
2716 668 2965 734 bonitas
3005 686 3456 736 consummans
3486 671 3556 736 in
3584 688 3743 752 agro
3775 690 3894 736 0111-

2371 774 2542 838 lestis
2592 775 2817 858 patriae
2864 775 3200 842 seminavit
3258 777 3669 860 sempiternas
3716 777 3897 843 reful-

2372 881 2625 964 gentias
2647 931 2664 962 ,
2718 882 2925 947 dando
2997 884 3381 966 completum
3447 903 3582 950 esse
3637 886 3887 966 gloriae;

2371 988 2543 1056 unde
2570 989 2800 1054 dicitur
2821 991 2882 1054 ¹⁶:
2920 1013 2951 1051 a
2971 989 3076 1054 Isti
3107 995 3259 1054 sunt
3298 1009 3553 1072 semen,
3583 993 3684 1056 cui
3722 992 3896 1058 bene-

2370 1096 2533 1162 dixit
2560 1096 2889 1164 Dominus.
2914 1097 3205 1164 Gaudens
3216 1099 3508 1180 gaudebo
3521 1099 3591 1163 in
3612 1098 3897 1181 Domino;

2371 1207 2435 1268 et
2462 1204 2774 1269 exultavit
2812 1205 3031 1272 anima
3076 1224 3221 1270 mea
3262 1206 3331 1269 in
3377 1205 3503 1271 Deo
3542 1224 3717 1282 me0,
3753 1205 3896 1288 quia

2337 1307 2341 1312 ’
2371 1305 2579 1373 induit
2606 1326 2711 1372 me
2740 1308 3044 1374 Dominus
3071 1309 3448 1374 vestimento
3476 1308 3719 1374 salutis,
3739 1331 3770 1368 1>
3794 1308 3897 1373 lsti

2372 1420 2522 1481 sunt
2566 1434 2782 1481 semen
2821 1417 3282 1502 sempiternalis
3316 1416 3713 1499 refulgentiae
3734 1464 3755 1496 ‚
3791 1434 3900 1480 ex·

2374 1521 2649 1588 uitantes
2677 1541 2718 1587 a
2742 1524 2898 1588 facie
2921 1523 3218 1590 claritatis
3260 1524 3410 1604 Dei,
3440 1525 3544 1589 cui
3584 1523 3900 1590 benedixit

2375 1628 2682 1695 Dominus
2716 1631 3149 1698 benedictione
3182 1632 3430 1714 gloriae.
3461 1631 3558 1697 Ex
3598 1632 3707 1696 illa
3731 1632 3897 1697 enim

2372 1737 2734 1804 immediata
2757 1739 3000 1804 visione
3026 1740 3205 1804 faciei
3236 1740 3365 1818 Dei,
3398 1743 3573 1804 tanto
3599 1738 3901 1804 desiderio

2372 1846 2610 1909 amoris
2642 1848 2886 1930 rapitur
2928 1848 3144 1912 anima
3188 1847 3541 1929 glorificata
3562 1895 3581 1924 ,
3629 1852 3705 1911 ut
3753 1847 3902 1912 dum

2371 1952 2661 2033 gaudens
2706 1955 2982 2036 gaudeat
3032 1955 3272 2037 gaudio
3312 1972 3556 2038 magno
3604 1953 3898 2033 exterius,

2370 2063 2685 2146 quantum
2723 2060 2801 2124 ad
2832 2066 3157 2146 aspectum
3199 2060 3614 2127 humanitatis
3657 2060 3899 2139 Christi,

2370 2167 2611 2234 exultet
2649 2168 2720 2234 in
2748 2169 2874 2233 Deo
2912 2169 3178 2234 interius
3221 2174 3534 2254 quantum
3582 2169 3664 2234 ad
3702 2185 3904 2250 aspec-

2372 2278 2509 2339 tum
2540 2275 2920 2357 divinitatiS,
2965 2277 3037 2359 (e)
3084 2295 3170 2342 ex
3195 2295 3325 2360 qua
3362 2276 3623 2361 quidem
3666 2275 3901 2339 visione

2369 2382 2659 2447 induitur
2742 2384 3122 2449 vestimento
3207 2383 3445 2452 salutis.
3524 2382 3705 2461 Quod
3784 2400 3901 2447 no-

2368 2489 2467 2554 bis
2487 2538 2505 2564 ,
2556 2494 2676 2554 etc.

2848 2660 3133 2731 senno
3176 2662 3237 2730 11
3279 2661 3361 2754 (f)
3394 2670 3440 2730 ο.

2451 2812 2672 2879 Simile
2719 2813 2963 2894 sactum
3012 2820 3104 2882 est
3146 2831 3411 2899 reanum
3453 2813 3750 2882 coelorum
3796 2814 3904 2880 lto-

2368 2921 2557 3002 mini,
2591 2922 2710 3004 qui
2736 2924 3012 2990 seminat
3038 2924 3266 2992 bonum
3302 2940 3514 2991 semen
3538 2924 3584 2987 ⁷.
3632 2923 3702 2987 ln
3738 2939 3894 3007 pree-

2368 3028 2529 3093 senti
2585 3028 2938 3112 Evangelio
2992 3031 3346 3096 declaratur
3385 3032 3568 3097 nobis
3613 3030 3895 3097 divinum

2366 3136 2748 3202 beneficium
2767 3185 2785 3215 ‚
2811 3139 3194 3204 diabolicum
3234 3139 3615 3206 maleficium
3635 3188 3652 3221 ,
3684 3139 3900 3203 huma-

2367 3262 2527 3312 num
2552 3244 2963 3326 exercitium,
3003 3246 3368 3328 angelicum
3412 3246 3717 3310 officium.
3758 3243 3895 3309 Pri-

2368 3371 2549 3419 mum
2591 3354 2945 3420 ostenditur
2988 3374 3117 3420 non
3160 3356 3365 3421 solum
3408 3355 3478 3420 in
3531 3354 3896 3421 seminando

2367 3480 2584 3526 semen
2608 3463 2888 3542 bonum,
2926 3462 3164 3527 scilicet
3202 3463 3369 3528 filios
3402 3453 3634 3546 'regni3
3685 3464 3793 3529 sed
3831 3463 3896 3526 in

2366 3568 2643 3635 tollendo
2664 3588 2882 3634 semen
2906 3569 3172 3648 malum,
3202 3570 3266 3634 id
3289 3574 3387 3634 est
3409 3570 3575 3644 filios
3594 3589 3891 3654 nequam,

2365 3678 2533 3743 inter
2571 3675 2798 3742 bonos.
2840 3675 3017 3741 Unde
3061 3676 3263 3741 noluit
3302 3677 3466 3741 Deus
3513 3677 3702 3742 evelli
3749 3677 3893 3742 ziza-
3976 3691 4059 3736 m

2364 3787 2539 3850 niam
2584 3787 2841 3867 propter
2881 3784 3229 3852 maximam
3288 3783 3641 3850 bonitatem
3688 3805 3886 3852 suam.
3915 3758 4059 3860 Ἐξ

2365 3893 2562 3958 Malos
2603 3892 2776 3957 enim
2811 3890 3118 3956 Dominus
3152 3891 3223 3955 in
3250 3892 3373 3956 1100
3398 3893 3641 3958 mundo
3674 3877 4059 3984 10101111ω’ἷζῖξζξἰ

2364 4003 2622 4083 propter
2658 4002 2933 4083 quatuor
2967 4016 3215 4078 causaS,
3255 3998 3545 4066 videlicet
3578 4021 3594 4064 :
3644 4004 3890 4086 propter
3924 4004 4059 4048 mm

2362 4124 2589 4172 eorum
2625 4106 3077 4172 correctionem
3108 4105 3131 4140 ⁸
3173 4128 3188 4171 ε
3230 4127 3262 4167 α
3301 4105 3566 4172 Domine
3583 4157 3600 4190 ,
3652 4109 3889 4174 dimitte

2363 4212 2540 4278 illam
2567 4217 2631 4278 et
2653 4212 2777 4280 boc
2802 4230 2992 4293 anno,
3037 4233 3070 4273 n
3099 4216 3217 4276 etc.
3248 4211 3329 4276 Et
3353 4211 3462 4277 hic
3485 4213 3733 4280 zizania
3764 4232 3886 4279 000

2360 4319 2694 4400 tolluntur,
2725 4320 2904 4404 quia,
2933 4325 3009 4384 ut
3024 4319 3116 4384 ait
3150 4318 3367 4384 Glossa
3383 4369 3403 4401 ‚
3440 4320 3705 4386 forsitan
3731 4320 3888 4385 triti-

2363 4446 2513 4494 cum
2558 4429 2851 4496 futurum
2897 4431 3070 4492 sunt.
3115 4426 3163 4492 Ο
3218 4432 3376 4510 quot
3409 4427 3560 4492 mali
3604 4432 3745 4514 jam
3787 4427 3886 4492 hic

2361 4541 2533 4617 sunt,
2567 4536 2682 4619 qui
2707 4534 2758 4599 si
2779 4535 2970 4600 modo
2987 4534 3378 4614 tollerentur,
3409 4535 3881 4614 damnarentur,

2360 4643 2475 4725 qui
2500 4643 2760 4707 forsitan
2786 4642 2909 4706 cito
2935 4642 3087 4706 boni
3110 4646 3321 4721 erunt,
3343 4646 3408 4707 et
3434 4643 3880 4710 salvabuntur!

2360 4748 2519 4816 Item
2559 4754 2819 4834 propter
2874 4750 3191 4814 bonorum
3244 4750 3753 4816 exercitationem
3795 4750 3818 4783 ⁹
3863 4770 3879 4812 :

2366 4881 2397 4921 α
2423 4857 2477 4932 N
2479 4876 2565 4926 on
2589 4858 2811 4923 delebo
2845 4862 3069 4940 gentes
3106 4874 3269 4940 quas
3302 4856 3540 4922 dimisit
3567 4857 3789 4938 Josue,
3814 4858 3883 4923 111

2356 4965 2426 5029 10
2443 4964 2597 5048 ipsis
2607 4963 2899 5048 experiar
2925 4962 3137 5029 lsrael.
3154 4985 3186 5024 1>
3213 4963 3559 5048 Gregorius
3581 4966 3664 5028 ¹⁰:
3694 4962 3884 5029 «Abel

2356 5090 2494 5137 esse
2536 5072 2777 5150 renuit,
2818 5089 3014 5156 quem
3043 5070 3195 5136 Cain
3240 5072 3484 5137 malitia
3525 5090 3655 5137 non
3701 5088 3883 5138 exer-

2422 5268 2484 5333 (α)
2516 5267 2640 5320 Goet.
2663 5267 2787 5319 edit.
2813 5269 3114 5320 subtratum.
3137 5294 3198 5306 —
3217 5268 3284 5334 (ὁ)
3309 5270 3423 5335 Le9.
3453 5270 3573 5324 Sed.
3598 5296 3661 5309 —
3682 5270 3742 5334 (c)
3766 5270 3880 5326 coet.

2354 5339 2475 5392 edit.
2512 5340 2618 5405 qui.
2648 5366 2712 5379 —
2743 5338 2821 5406 (d)
2862 5341 2976 5404 Ley.
3012 5339 3249 5394 1101111.-
3271 5341 3333 5406 (e)
3363 5343 3489 5391 coet.
3523 5340 3644 5393 edit.
3672 5340 3789 5392 add.
3816 5343 3881 5391 et.

2353 5438 2415 5451 -
2433 5412 2645 5477 (f)Coet.
2664 5411 2792 5465 edit.
2812 5411 3082 5463 Dominica
3101 5417 3282 5477 quarta
3306 5419 3422 5478 post
3436 5414 3616 5480 Epiph.
3638 5426 3806 5466 sermo
3821 5423 3878 5464 11.
