4059 6317
995 500 1375 570 DOMINICA
1414 495 1471 564 11
1517 496 1714 564 POST
1755 491 2338 564 PENTEGOSTEN.
2384 498 2649 569 SERMO
2691 502 2741 568 l.

259 640 445 703 erant
466 638 593 704 sub
617 639 780 723 ipso.
811 638 1033 705 Darius
1060 638 1514 721 interpretatur
1540 634 1806 716 fertilis,

260 750 328 811 et
349 749 558 830 potest
582 746 842 828 signare
882 745 1126 828 Regem
1162 761 1401 827 regum
1445 741 1803 818 Christum,

262 855 374 939 qui
420 855 669 921 ratione
718 872 857 920 suae
903 854 1242 937 dignitatis
1285 857 1350 918 et
1392 850 1809 917 humanitatis

263 965 359 1025 est
382 960 566 1025 cibus
592 961 865 1044 perfecte
891 960 1130 1025 satians
1156 960 1463 1038 animam,
1494 961 1808 1040 quantum

261 1069 340 1133 ad
371 1067 688 1153 duplicem
714 1071 857 1152 ejus
885 1071 1182 1150 gustum,
1206 1065 1574 1131 interiorem
1600 1067 1665 1129 et
1695 1080 1810 1128 exs

262 1179 585 1244 teriorem.
630 1176 794 1244 Nam
839 1178 1023 1242 cibus
1063 1175 1484 1243 humanitatis
1524 1174 1807 1239 animam

260 1285 449 1351 satiat
474 1289 792 1370 quantum
819 1285 904 1350 ad
925 1287 1194 1367 gustum
1239 1283 1620 1349 exteriorem
1646 1304 1666 1362 ;
1696 1281 1806 1345 sed

260 1391 446 1457 cibus
470 1392 845 1472 divinitatis,
874 1396 1194 1476 quantum
1221 1392 1302 1457 ad
1339 1393 1609 1474 gustum
1638 1389 1802 1455 inte-

260 1499 519 1565 riorem.
546 1500 664 1565 Hic
689 1503 908 1566 autem
933 1499 1117 1565 cibus
1141 1499 1290 1565 licet
1313 1499 1518 1578 satiet,
1550 1515 1680 1563 non
1708 1501 1805 1562 ta-

260 1625 412 1672 men
446 1610 717 1691 generat
758 1608 1115 1686 fastidium3
1159 1607 1294 1672 imo
1329 1607 1660 1671 continuat
1704 1605 1809 1670 de-

259 1715 592 1796 siderium,
633 1715 810 1799 quia,
846 1715 1095 1780 ratione
1125 1732 1261 1780 suae
1287 1712 1705 1797 simplicitatis
1742 1717 1808 1778 et

260 1824 748 1902 convenientia,
770 1821 1069 1887 medullis
1095 1823 1329 1886 animae
1355 1821 1606 1886 intimae
1633 1821 1807 1904 illap-

0 1944 233 2064 Ἄ
261 1947 370 1995 sus
414 1932 686 2014 perfecte
743 1928 1013 1995 delectat
1064 1945 1085 1994 ε
1136 1946 1290 1993 cum
1343 1926 1675 1993 delectatio
1724 1928 1806 1994 sit

258 2041 402 2121 conj
412 2038 626 2103 unctio
670 2036 1111 2103 convenientis
1156 2054 1306 2101 cum
1359 2036 1801 2114 convenienti,

257 2149 323 2210 et
348 2145 568 2210 anima
593 2162 746 2210 cum
774 2144 955 2210 nullo
992 2145 1187 2210 habet
1214 2145 1527 2226 majorem
1567 2160 1801 2208 conve·

255 2253 564 2319 nientiam
582 2301 601 2331 ‚
632 2270 829 2336 quam
857 2269 1009 2324 cum
1034 2251 1145 2316 illo
1165 2300 1184 2331 ,
1213 2249 1294 2315 ad
1339 2251 1439 2333 cuj
1451 2268 1525 2314 us
1564 2250 1803 2327 imagi-

253 2379 409 2427 nem
435 2365 500 2426 et
524 2358 1009 2424 similitudinem
1037 2360 1200 2424 facta
1227 2360 1345 2423 est.
1374 2357 1637 2423 Ratione
1664 2371 1803 2423 suae

252 2471 656 2556 perfectionis
680 2473 745 2535 et
774 2470 1197 2549 sufficientiae,
1221 2466 1505 2550 undique
1530 2467 1715 2531 satiat
1741 2470 1805 2531 et

252 2580 488 2663 replet;
519 2577 629 2644 sed
655 2578 903 2643 ratione
930 2595 1068 2642 suae
1111 2575 1445 2642 infinitatis
1485 2577 1550 2639 et
1590 2573 1802 2639 abun-

253 2687 511 2766 dantiae,
540 2685 954 2768 capacitatem
983 2685 1223 2749 animae
1249 2682 1496 2748 excedit
1528 2685 1594 2747 et
1619 2682 1802 2766 quie-

254 2796 371 2858 tat.
388 2791 629 2857 Namiu
641 2791 824 2857 nullo
837 2792 1007 2857 bono
1031 2792 1216 2856 finito
1235 2790 1552 2874 appetitus
1564 2790 1802 2855 animas

255 2900 522 2983 quietat,
548 2917 628 2966 eo
654 2900 828 2983 quod
855 2900 1065 2984 qualis
1098 2898 1357 2965 habitus
1385 2902 1481 2964 est
1507 2898 1755 2963 affectio
1774 2946 1796 2977 ,

256 3010 326 3071 et
359 3007 439 3090 (a)
477 3007 764 3089 cognitio
811 3008 950 3074 sive
994 3006 1359 3072 aestimatio.
1391 3005 1548 3071 Cum
1595 3006 1802 3088 igitur

257 3115 600 3181 aestimatio
626 3120 691 3181 et
715 3116 1001 3198 cognitio
1023 3118 1172 3198 apta
1197 3118 1348 3180 nata
1373 3114 1503 3179 sint
1543 3115 1801 3180 extendi

248 3221 336 3286 ad
360 3220 635 3301 infinita,
658 3223 901 3305 pariter
922 3225 987 3288 et
1011 3224 1153 3306 ejus
1175 3221 1424 3287 affectio
1446 3221 1525 3287 ad
1548 3222 1802 3287 infinita

248 3347 326 3394 se
368 3329 675 3395 extendit.
722 3329 900 3412 Ergo
944 3329 1229 3414 quolibet
1279 3330 1450 3395 bono
1494 3330 1755 3394 obtento
1776 3378 1794 3410 ‚

246 3436 468 3502 adhuc
493 3437 666 3503 ultra
703 3442 915 3520 posset
957 3437 1305 3519 insurgere
1345 3437 1665 3521 appetitus
1686 3486 1704 3517 ,
1735 3440 1801 3501 et

248 3543 346 3608 sic
371 3548 970 3628 quantumcumque
995 3545 1239 3610 bonum
1271 3549 1557 3609 creatum
1591 3544 1801 3609 multi-

248 3652 621 3736 plicaretur,
645 3670 979 3736 nunquam
1006 3653 1079 3716 in
1104 3652 1216 3718 illo
1243 3652 1662 3735 quietaretur,
1680 3671 1799 3718 nec

246 3760 742 3825 beatificaretur.
773 3759 951 3826 Unde
978 3760 1326 3826 Anselmus
1352 3762 1373 3798 ¹
1407 3782 1422 3824 ε
1467 3783 1499 3821 α
1526 3761 1600 3826 In
1629 3781 1794 3844 gau-

248 3868 434 3934 dium
463 3867 719 3932 Domini
743 3868 1053 3948 introibit,
1081 3869 1250 3952 quod
1291 3869 1348 3932 si
1382 3871 1639 3934 tantum
1684 3888 1797 3935 ca-

248 3985 466 4065 peret,
512 3983 578 4046 et
618 3999 751 4046 non
793 3982 1160 4046 vinceretur
1205 3985 1268 4046 et
1312 3980 1760 4048 absorberetur
1775 4032 1793 4065 ‚

250 4089 467 4155 adhuc
492 4093 701 4173 posset
716 4089 1061 4171 insurgere
1078 4088 1401 4172 appetitus
1425 4088 1505 4154 ad
1525 4074 1798 4174 amplius

247 4197 703 4281 appetendum,
734 4195 839 4262 vel
864 4196 1268 4280 capiendum.
1298 4218 1331 4256 ι
1566 4177 1574 4192 ’

332 4304 548 4370 Tertio
564 4303 632 4367 in
648 4303 771 4367 ista
788 4322 974 4369 coena
995 4305 1117 4369 erit
1133 4304 1663 4388 sempiternalitas
1675 4305 1801 4371 du-

246 4411 516 4477 rationis
540 4410 991 4492 continuantia,
1011 4415 1272 4494 propter
1288 4412 1634 4476 carentiam
1663 4430 1795 4477 om-

244 4518 532 4583 nimodae
567 4517 1073 4583 defectibilitatis,
1118 4517 1193 4583 In
1234 4518 1358 4583 ista
1396 4520 1572 4585 enim
1613 4539 1795 4585 coena

244 4641 584 4709 nunquam
611 4625 903 4690 deficient
936 4625 1176 4691 fercula
1194 4673 1217 4705 ,
1245 4645 1583 4711 nunquam
1611 4646 1789 4694 amo·

246 4733 506 4798 vebitur
531 4731 768 4813 tabula,
799 4750 877 4797 eo
905 4732 1077 4815 quod
1100 4733 1270 4798 beati
1308 4736 1501 4798 erunt
1540 4751 1795 4818 semper

246 4842 319 4905 in
370 4841 676 4907 continua
726 4840 917 4905 laude
967 4844 1033 4905 et
1094 4840 1574 4923 glorificatione.
1628 4841 1791 4922 Nam

246 4947 557 5032 quidquid
586 4947 737 5012 boni
776 4946 1114 5032 accipient,
1160 4950 1228 5012 in
1255 4966 1407 5013 eum
1436 4949 1646 5015 solum
1687 4969 1793 5016 re-

243 5056 532 5136 solvent,
579 5055 691 5139 qui
733 5054 920 5139 plene
957 5058 1165 5139 potest
1201 5074 1308 5121 eos
1338 5057 1698 5138 glorificare
1727 5062 1791 5125 et

244 5164 501 5230 satiare.
536 5162 714 5229 Unde
752 5162 916 5227 sicut
951 5163 1341 5246 impossibile
1385 5169 1483 5229 est
1506 5166 1789 5250 aliquem

156 5345 163 5350 ‚
242 5272 333 5336 ibi
357 5271 550 5350 mori,
581 5271 672 5335 sic
699 5270 1093 5355 impossibile
1118 5279 1217 5337 est
1240 5273 1521 5357 aliquem
1550 5276 1784 5342 fames-

305 5435 325 5471 ί
354 5433 601 5498 Anneium„
632 5432 830 5499 Media,
858 5444 980 5500 xxi,
1010 5434 1179 5505 quoad
1205 5449 1431 5493 sensum.
1460 5459 1525 5477 ·—-
1558 5439 1580 5473 ²
1614 5438 1789 5506 apoc„

242 5517 355 5573 xlx,
381 5509 433 5561 9.
465 5532 520 5544 -
549 5505 571 5537 ⁸
597 5505 763 5571 Pron„
793 5516 835 5573 1,
863 5508 944 5558 2⁴.

3345 510 3457 572 331

1917 649 2084 698 cere.
2113 631 2193 697 Et
2218 637 2480 717 propter
2506 637 2629 703 hoc
2654 635 2888 703 dicitur
2909 645 2935 681 ²
2980 659 2997 704 ε
3049 660 3083 700 α
3125 635 3300 705 Beati
3348 640 3464 724 qui

1917 741 1998 804 ad
2041 757 2292 806 coeuam
2335 743 2712 826 nuptiarum
2742 745 2915 827 Agni
2951 747 3160 812 vocati
3204 751 3376 812 sunt.
3423 770 3456 808 ι

1916 847 2152 913 Beatus
2179 849 2352 913 enim
2383 850 2513 932 ille,
2544 854 2655 937 qni
2685 855 2905 918 omnia
2925 857 3140 936 optata
3159 904 3176 934 ,
3210 856 3350 920 sine
3379 857 3459 921 ti-

1917 974 2098 1020 more
2112 957 2472 1034 amittendi‚
2494 965 2801 1044 perpetuo
2815 962 3108 1044 possidet.
3130 962 3290 1028 Nam
3309 980 3461 1028 cum

1914 1062 2242 1129 beatitudo
2264 1066 2347 1130 sit
2373 1066 2632 1133 habitus
2656 1069 2727 1134 in
2752 1075 2921 1150 actu,
2953 1070 3341 1154 impossibile
3365 1074 3461 1135 est

1915 1172 2200 1236 animam
2224 1171 2474 1239 beatam
2504 1171 2665 1256 ess‘e,
2690 1181 2752 1241 et
2770 1177 3082 1243 actualem
3110 1178 3463 1244 considera-

1913 1277 2156 1343 tionem
2184 1296 2437 1362 eorum,
2457 1300 2603 1365 quae
2630 1289 2784 1350 sunt
2810 1285 2889 1350 de
2915 1286 3189 1351 essentia
3205 1285 3455 1368 gloriae,

1913 1403 2047 1450 non
2090 1386 2365 1468 habere,
2405 1391 2561 1472 quia
2598 1390 2666 1454 in
2713 1393 3101 1458 beatitudine
3140 1393 3321 1458 nulla
3364 1400 3460 1457 est

1914 1494 2346 1576 variabilitas,
2379 1497 2563 1562 nulla
2591 1499 2959 1582 temporalis
3001 1501 3336 1565 successio.
3385 1500 3462 1564 Et

1913 1604 2171 1683 propter
2196 1602 2319 1667 hoc
2346 1604 2467 1668 ista
2491 1623 2675 1671 coena
2694 1654 2712 1687 ,
2762 1607 3007 1672 ratione
3051 1625 3187 1672 suae
3228 1607 3460 1691 sempi-

1912 1709 2314 1790 ternalitatis,
2346 1730 2477 1777 non
2504 1717 2601 1779 est
2627 1714 3010 1798 requirenda
3032 1716 3102 1780 in
3133 1715 3268 1780 istis
3291 1715 3454 1781 infe-

1911 1815 2221 1896 rioribus,
2239 1818 2348 1882 sed
2376 1819 2444 1883 in
2472 1821 2931 1903 superioribus,
2954 1823 3109 1905 quia
3125 1840 3258 1888 nou
3286 1840 3459 1887 men·

1911 1926 2239 1992 surabitur
2262 1931 2571 2012 tempore,
2592 1931 2765 2015 quod
2793 1936 2889 1996 est
2915 1932 3301 2015 principium
3322 1950 3459 1997 cor-

1911 2033 2247 2116 ruptionis,
2281 2036 2392 2100 sed
2426 2038 2815 2117 aeternitate,
2847 2055 2998 2122 quse
3023 2043 3120 2104 est
3160 2040 3455 2123 quaedam

1913 2158 2218 2207 mensura
2242 2143 2506 2210 omnino
2530 2149 2838 2229 perpetua
2864 2150 2928 2212 et
2953 2147 3372 2214 invariabilis.

1992 2246 2204 2314 Tertio
2228 2255 2292 2315 et
2319 2251 2546 2317 ultimo
2583 2256 3072 2324 commendatur
3105 2254 3391 2321 Christus
3416 2275 3457 2321 a

1910 2354 2356 2423 benevolentia
2380 2359 2713 2425 invitantis
2740 2361 3088 2442 charitatis,
3119 2364 3225 2429 vel
3251 2364 3457 2430 curia-

1908 2461 2104 2528 litatis
2128 2513 2146 2546 ,
2177 2484 2325 2531 cum
2356 2467 2668 2532 subinfert
2718 2490 2733 2533 ε
2784 2469 2870 2533 Et
2904 2471 3157 2537 vocavit
3198 2471 3450 2539 multos.

1910 2570 2219 2638 Dominus
2254 2578 2471 2639 noster
2486 2624 2506 2655 ‚
2539 2576 2786 2641 ratione
2812 2595 2949 2642 suae
2991 2578 3367 2644 curialitatis
3392 2584 3457 2646 et

1909 2679 2391 2763 benevolentiae,
2423 2681 2635 2748 noluit
2659 2701 2794 2749 esse
2821 2685 2996 2750 solus
3017 2687 3088 2751 in
3111 2705 3315 2765 coena,
3344 2687 3456 2754 wd

1909 2787 2165 2853 vocavit
2190 2790 2428 2855 multos
2466 2790 2554 2855 de*
2572 2789 2843 2856 diversis
2869 2793 3261 2859 nationibus.
3292 2793 3455 2861 Nam

1909 2894 2120 2975 primo
2169 2899 2354 2961 vocat
2403 2897 2710 2963 instanter
2752 2900 2889 2965 sine
2930 2900 3269 2982 desitione‚
3316 2902 3452 2966 ins-

1907 3001 2180 3068 truendo
2207 3021 2320 3086 per
2348 3003 2732 3069 documenta
2746 3010 2809 3071 et
2825 3007 3153 3090 exempla3
3178 3007 3455 3075 secundo

1913 3111 2137 3191 gratis,
2174 3110 2310 3176 sine
2340 3113 2948 3196 recompensatione,
2980 3114 3313 3182 alliciendo
3340 3133 3458 3200 per

1908 3218 2217 3283 beneficia
2242 3221 2305 3283 et
2329 3219 2644 3302 promissa
2662 3240 2681 3300 ;
2708 3222 2893 3286 tertio
2912 3223 3297 3304 generaliter
3317 3224 3456 3290 sine

1907 3327 2271 3410 acceptione
2293 3373 2310 3406 ‚
2348 3327 2801 3393 comminando
2849 3347 2965 3413 per
3009 3334 3253 3396 aeterna
3299 3350 3453 3415 sup·

1908 3433 2116 3518 plicia.

1989 3540 2207 3607 Primo
2260 3547 2446 3608 vocat
2498 3540 2784 3607 Christus
2834 3542 2916 3608 ad
2965 3542 3155 3608 istam
3204 3562 3454 3611 coenam

1908 3652 2223 3717 instanter
2285 3653 2424 3718 sine
2492 3653 2799 3719 desitione
2816 3702 2838 3734 ,
2909 3655 3283 3723 instruendo
3342 3675 3455 3742 per

1906 3760 2288 3825 documenta
2313 3764 2376 3825 et
2392 3761 2715 3844 exempla3
2746 3760 2920 3826 unde
2948 3766 2972 3803 ⁸
3003 3784 3019 3827 z
3058 3761 3361 3844 «vocavi,
3392 3769 3455 3830 et

1907 3867 2242 3946 renuistis;
2274 3867 2531 3933 extendi
2558 3885 2823 3933 manum
2844 3886 3082 3947 meam,
3103 3875 3167 3936 et
3185 3888 3315 3936 nou
3335 3872 3455 3938 tuit

1907 3976 2018 4058 qui
2063 3976 2399 4059 aspiceret3
2448 3975 2825 4059 despexistis
2877 3995 3070 4043 omne
3115 3979 3453 4047 consilium

1906 4101 2151 4148 meum.
2178 4103 2209 4143 n
2245 4082 2462 4166 Inquit
2494 4082 2662 4149 Deus
2689 4083 2878 4150 Pater
2909 4106 2924 4149 ε
2967 4085 3207 4153 vocavi
3231 4104 3348 4152 vos
3371 4087 3451 4152 ad

1904 4192 2093 4255 istam
2120 4208 2392 4270 coenam,
2422 4190 2723 4256 continue
2755 4192 3151 4272 instruendo,
3182 4211 3298 4276 per
3321 4211 3453 4259 ser-

1906 4315 2024 4364 vos
2065 4316 2243 4364 meos
2269 4301 2520 4363 sanctos
2557 4302 2622 4363 et
2648 4299 3017 4384 prophetas;
3050 4306 3115 4368 et
3139 4304 3451 4370 renuistis

1905 4405 2175 4494 veniret:
2206 4408 2473 4491 insuper
2498 4409 2754 4473 extendi
2796 4427 3064 4474 manum
3104 4428 3314 4474 meam
3333 4459 3351 4491 ,
3383 4412 3450 4478 id

1904 4503 2290 4596 est,'Filium
2315 4533 2538 4584 meum
2582 4517 2662 4581 ad
2691 4535 2809 4582 vos
2851 4517 2931 4582 de
2968 4517 3096 4583 alto
3146 4518 3293 4582 misi
3338 4537 3453 4603 per

1904 4624 2114 4688 carnis
2143 4623 2666 4707 assumptionem,
2685 4623 2753 4687 in
2778 4643 2908 4707 quo
2935 4624 3223 4690 doctrina
3239 4626 3449 4692 omnis

1904 4732 2191 4798 veritatis
2212 4779 2232 4812 ,
2283 4734 2349 4796 et
2396 4730 2691 4814 exempla
2739 4732 2950 4796 omnis
2987 4733 3342 4799 honestatis
3385 4740 3449 4801 et

1903 4842 2252 4907 sanctitatis
2278 4840 2599 4919 relucent,
2631 4840 2867 4923 quibus
2907 4842 2988 4906 ad
3019 4860 3269 4907 coenam
3312 4844 3445 4927 pri-

1903 4970 2079 5018 mam
2107 4949 2462 5017 vocamini:
2511 4955 2574 5017 et
2622 4965 2754 5017 non
2797 4951 2933 5030 tm't
2973 4954 3090 5035 qui
3134 4953 3449 5035 aspiceret

1901 5060 1980 5126 ad
2008 5057 2361 5125 doctrinam
2390 5074 2506 5138 per
2533 5054 3008 5123 inclinationem
3035 5058 3293 5124 auditus
3310 5107 3333 5140 ,
3364 5059 3446 5125 ad

1900 5169 2102 5236 vitam
2138 5184 2254 5250 per
2287 5162 2709 5229 imitationem
2743 5163 3006 5230 affectus
3017 5185 3040 5247 ς,
3086 5166 3220 5232 imo
3265 5183 3445 5236 omne

1899 5275 2244 5344 consilium
2268 5287 2476 5340 meum
2486 5271 2906 5355 despexistis,
2931 5273 3317 5342 inveniendo
3336 5295 3460 5344 vo·-

1898 5386 1999 5451 bis
2023 5383 2441 5450 occasionem.
2470 5379 2632 5446 Nam
2660 5380 2906 5463 primus
2941 5382 3022 5448 de
3063 5384 3305 5450 vocatis
3341 5385 3441 5454 di.

1965 5510 2030 5574 (a)
2061 5509 2177 5580 Leq.
2204 5507 2320 5559 talis
2344 5505 2549 5559 habitus
2576 5508 2656 5564 est
2680 5502 2903 5573 affeouo,
2932 5507 3112 5578 qualis.
