4059 6317
736 514 817 576 u
1817 498 2236 570 SERMONES
2279 500 2379 568 DE
2417 500 2810 570 TEMPORE.

736 650 849 731 pta
887 646 1162 709 natura:
1197 640 1315 706 hoc
1353 640 1751 723 significatur
1773 639 1845 704 in
1869 657 2014 705 rore
2039 637 2275 704 divini·

736 752 884 819 tatis
908 749 1320 816 descendente
1349 747 1418 812 in
1442 747 1650 813 vellus
1682 745 2122 813 humanitatis.
2152 742 2282 809 No·-

737 860 989 926 biscum
1022 855 1091 921 in
1126 854 1524 921 Eucharistia
1553 874 1570 917 :
1602 854 1725 919 hoc
1766 852 2168 936 significatur
2209 852 2282 916 in

738 984 903 1052 pane
946 965 1296 1031 hordeaceo
1328 961 1736 1028 subvertente
1763 964 1970 1025 castra
2006 958 2285 1039 Madian,

740 1075 807 1139 id
870 1077 966 1138 est
1026 1071 1197 1135 vires
1262 1068 1516 1134 diaboli.
1572 1066 1975 1133 Hordeaceus
2025 1066 2281 1147 dicitur,

739 1184 997 1265 propter
1019 1178 1272 1244 aculeos
1284 1177 1651 1262 passionum
1669 1173 1917 1240 Christi.
1937 1173 2283 1239 Nobiscum

740 1288 809 1353 in
853 1286 1065 1370 gratia
1102 1309 1118 1350 ε
1168 1285 1292 1350 hoc
1332 1284 1732 1366 significatur
1770 1281 1840 1346 in
1879 1283 2039 1364 igne
2064 1299 2283 1346 ascen·

742 1395 930 1461 dente
955 1393 1035 1458 de
1058 1395 1257 1476 petra,
1299 1392 1365 1457 id
1406 1396 1501 1455 est
1540 1390 1751 1471 gratia
1780 1388 2058 1472 Spiritus
2085 1389 2284 1452 sancti

743 1503 823 1568 de
853 1501 1099 1567 Christo
1134 1499 1358 1565 effusa.
1400 1498 1743 1564 Nobiscum
1777 1497 1848 1560 in
1875 1495 2088 1578 gloria
2117 1514 2136 1560 ε
2165 1496 2288 1560 hoc

748 1608 1143 1692 significatur
1159 1608 1229 1671 in
1250 1604 1541 1689 lampade
1562 1607 1607 1684 ¹,
1634 1604 1867 1686 lagena
1891 1604 2109 1684 tracta,
2140 1602 2289 1667 hos-

747 1718 880 1781 tem
918 1715 1205 1797 fugante.
1246 1712 1508 1794 Lagena
1549 1711 1722 1777 enim
1756 1711 2101 1793 frangitur,
2130 1709 2289 1775 dum

749 1840 980 1904 corpus
1022 1821 1318 1887 moritur.
1361 1820 1539 1886 Tunc
1581 1818 1914 1903 splendore
1952 1817 2285 1901 lampadis,

750 1930 817 1996 id
863 1932 961 1994 est
989 1929 1273 1994 claritate
1300 1929 1534 1992 sanctae
1561 1927 1797 1992 animae
1823 1924 2135 1991 evolantis
2163 1924 2293 1990 dia-

751 2036 938 2104 bolus
965 2034 1395 2102 confunditur.

976 2268 1074 2345 IN
1129 2266 1685 2344 NAT1V1TATE
1740 2265 2073 2342 DOMINI.

1180 2436 1470 2508 SERMO
1513 2435 1866 2506 PRIMUS.

836 2578 894 2643 A
920 2589 1164 2643 summo
1197 2573 1343 2642 coelo
1387 2574 1658 2656 eqressio
1685 2570 1823 2653 eius
1848 2571 1895 2635 ².
1942 2569 2140 2636 Filius
2185 2568 2295 2634 Dei

757 2688 830 2752 in
852 2683 1288 2750 incarnatione
1317 2699 1436 2747 sua
1455 2698 1587 2745 non
1615 2684 1863 2746 tantum
1887 2699 1927 2744 a
1951 2679 2113 2744 coelo
2142 2678 2299 2744 side-

758 2811 871 2860 reo
908 2791 1012 2856 vel
1047 2807 1387 2873 empyreo,
1426 2789 1559 2852 imo
1599 2805 1640 2851 a
1676 2803 1930 2852 summo
1970 2785 2302 2850 Trinitatis

757 2900 917 2966 coelo
944 2913 1273 2980 egressus,
1304 2913 1435 2978 quo
1462 2896 1656 2960 etiam
1683 2892 1930 2958 Lucifer
1956 2893 2299 2958 ascendere

759 3006 963 3086 voluit
982 3007 1046 3069 ⁸:
1076 3005 1158 3069 In
1182 3003 1403 3071 coelum
1428 3000 1773 3069 ascendam
1795 3002 1920 3080 (a),
1945 3006 2090 3077 eto„
2124 2999 2301 3065 venit

759 3114 829 3178 in
857 3113 1190 3178 mundum.
1228 3109 1544 3192 Egressus
1571 3112 1666 3172 est
1691 3111 1908 3173 autem
1953 3107 2034 3171 ad
2065 3107 2297 3171 clarifl-

761 3220 1036 3286 candum
1060 3219 1143 3302 (b)
1161 3217 1447 3283 divinam
1461 3217 1861 3298 majestatem
1881 3234 1901 3291 ;
1923 3213 2003 3278 ad
2022 3213 2303 3295 irrigan-

762 3328 908 3394 dam
927 3326 1278 3392 humanam
1295 3322 1650 3388 ariditatem
1665 3342 1682 3399 ;
1704 3320 1787 3386 ad
1800 3320 2301 3405 expugnandam

762 3433 1134 3499 diabolicam
1160 3432 1532 3514 potestatem
1555 3447 1573 3508 ;
1612 3428 1694 3493 ad
1727 3425 2149 3509 reparandam
2175 3443 2302 3490 an-

765 3542 1041 3625 gelicam
1066 3540 1453 3605 societatem.

843 3647 931 3713 De
965 3647 1171 3730 primo
1195 3645 1255 3709 ⁸:
1287 3645 1546 3727 Propter
1593 3643 1761 3710 Sion
1797 3656 1927 3708 non
1963 3640 2172 3709 tacebo
2193 3687 2215 3720 ,
2246 3647 2307 3708 et

761 3761 1020 3840 propter
1063 3752 1465 3821 Hierusalem
1513 3766 1645 3817 non
1688 3749 2015 3833 quiescam
2037 3796 2055 3828 ‚
2107 3748 2305 3816 donec

768 3863 1155 3948 condiatur,
1203 3867 1279 3929 ut
1318 3857 1639 3944 splendor,
1673 3856 1897 3939 justus
1941 3857 2117 3938 eius,
2181 3861 2300 3923 etc.

767 3971 1074 4055 Splendor
1113 3968 1320 4035 Patris
1382 3967 1669 4034 Christus
1719 3970 1837 4031 est.
1898 3964 2078 4030 Sicut
2130 3967 2305 4030 enim

768 4080 1065 4165 splendor
1091 4079 1241 4143 solis
1273 4077 1378 4143 vel
1410 4076 1591 4159 ignis
1625 4075 1898 4140 ostendit
1924 4073 2300 4156 claritatem,

768 4189 859 4253 sic
897 4185 1095 4252 Filius
1127 4190 1459 4269 paternam
1492 4183 1565 4246 in
1598 4181 1843 4247 mundo
1880 4183 2303 4264 majestatem.

770 4295 948 4361 Unde
964 4295 1184 4359 beatus
1200 4291 1608 4374 Augustinus
1616 4289 1869 4354 Patrem
1884 4289 2054 4372 igni,
2073 4288 2307 4354 Filium

767 4402 1087 4486 splendori
1111 4449 1131 4481 ‚
1184 4399 1496 4484 Spiritum
1543 4402 1834 4462 sanctum
1880 4396 2078 4460 calori
2132 4415 2309 4462 com-

767 4515 973 4594 parat.
1004 4514 1026 4550 ⁸
1068 4509 1189 4582 Qui
1226 4524 1374 4574 cum
1416 4508 1505 4574 sit
1542 4504 1843 4587 splendor
1876 4506 2134 4590 qloffae,
2184 4509 2306 4571 etc.

768 4617 950 4685 Sicut
974 4620 1190 4682 autem
1225 4614 1520 4698 splendor
1554 4631 1672 4696 per
1699 4614 1942 4677 vitrum
1970 4610 2305 4693 integrum

769 4723 1038 4804 transit,
1067 4724 1157 4787 ita
1192 4720 1477 4787 Christus
1520 4738 1636 4804 per
1681 4718 1948 4785 Mariam
1987 4718 2310 4800 integram

772 4837 838 4900 et
862 4833 1295 4915 incorruptam
1316 4831 1414 4892 est
1439 4843 1763 4909 egressus·
1798 4825 1887 4890 De
1913 4824 2039 4890 hoc
2064 4825 2231 4891 vitro
2246 4827 2306 4893 ἐ

773 4941 929 5023 Ipsa
942 4954 1089 5006 vero
1115 4937 1351 5004 civitas
1367 4982 1389 5015 ,
1416 4934 1480 5000 id
1499 4938 1594 4998 est
1619 4930 1850 5010 Maria,
1880 4947 2116 4998 aurum
2131 4948 2312 5000 mun·

773 5046 953 5126 durn,
999 5063 1113 5128 per
1138 5042 1510 5109 charitatem
1534 5063 1552 5119 ;
1590 5038 1799 5109 simile
1823 5041 1994 5107 vitro
2022 5039 2263 5109 mundo
2284 5089 2306 5122 ,

838 5210 856 5246 ¹
881 5207 1064 5272 ludio„
1094 5218 1185 5271 vu,
1226 5208 1302 5257 ¹9.
1328 5231 1391 5244 -
1418 5205 1442 5241 ⁸
1467 5202 1606 5255 Psal.
1635 5215 1783 5266 svm,
1834 5204 1882 5252 7.
1908 5228 1974 5240 —
1999 5202 2019 5234 ⁸
2041 5204 2163 5262 Im„
2201 5216 2311 5271 xiv,

774 5282 855 5332 ¹3.
882 5305 946 5318 —
968 5280 987 5311 ⁴
1014 5279 1135 5341 lea„
1162 5290 1292 5337 un,
1322 5280 1368 5329 1.
1390 5300 1453 5314 —
1481 5276 1504 5312 ⁸
1530 5274 1701 5337 Reor..
1732 5287 1770 5339 1,
1796 5276 1844 5326 3.
1868 5300 1933 5313 -
1955 5274 1979 5310 ⁸
2005 5274 2176 5339 apoc..
2199 5287 2312 5342 111,

777 5354 855 5402 ¹8.
881 5376 944 5390 —
967 5352 990 5388 ‘¹
1018 5350 1154 5412 Iob„
1187 5360 1387 5411 xxvm,
1431 5350 1506 5398 ¹6.
1533 5373 1597 5384 —
1622 5346 1646 5381 ⁸
1670 5352 1802 5410 ose„
1844 5357 1926 5409 vr,
1954 5348 2004 5397 3.
2033 5371 2097 5383 —
2120 5347 2142 5381 ⁹
2175 5348 2312 5405 Luc..

775 5437 939 5486 xxm,
958 5428 1036 5476 42.
1059 5451 1119 5464 —
1144 5426 1184 5457 ¹·
1212 5423 1462 5487 Anselm„
1488 5421 1687 5478 Media,
1732 5434 1925 5487 11,pag.
1948 5422 2173 5484 208‚col.
2198 5426 2308 5474 723.

776 5498 891 5540 --¹²
919 5495 1124 5560 nauh„
1150 5507 1246 5561 vn,
1272 5498 1418 5548 19.-
1440 5495 1481 5532 ¹²
1506 5494 1643 5546 Psal.
1670 5505 1826 5558 nm,
1850 5491 2017 5544 6.-¹⁸
2041 5492 2227 5560 ludia,
2255 5506 2309 5549 vi

2384 656 2501 722 per
2524 638 2897 703 castitatem.
2945 636 3258 720 Splendor
3281 643 3498 706 autem
3538 659 3673 707 non
3715 641 3930 707 solum
4049 591 4050 622 ᾖ

2386 764 2501 829 per
2525 746 2857 828 integrum
2883 744 3127 810 vitrum
3155 747 3420 830 ἱππείῃ
3447 748 3560 814 sed
3587 750 3784 815 etiam
3823 768 3933 815 co·

2386 852 2589 918 lorem
2615 854 2785 919 inter
2812 854 3386 937 pertranseundum
3412 854 3624 921 induit
3653 877 3670 921 z
3697 857 3790 920 sic
3816 855 3931 920 Dei
4051 861 4052 912 1

2389 960 2589 1026 Filius
2608 960 3014 1044 purissimam
3039 978 3298 1025 carnem
3320 965 3387 1026 et
3408 962 3933 1045 pulcherrimum
4051 953 4052 1030 Ῐ

2389 1068 2667 1133 colorem
2701 1068 2780 1133 de
2806 1066 3075 1149 Virgine
3111 1067 3306 1132 traxit
3345 1074 3755 1151 superantem
3791 1088 3935 1134 om-

2390 1193 2503 1240 nes
2530 1175 2755 1240 mundi
2781 1174 3022 1240 colores
3042 1175 3066 1211 '¹
3092 1196 3108 1240 z
3141 1175 3285 1243 Non
3308 1177 3672 1256 conferetur
3698 1178 3934 1246 tinctis

2391 1282 2605 1349 Indioe
2629 1282 2966 1349 coloribus.

2471 1389 2558 1454 De
2584 1391 2862 1456 secundo
2884 1396 2908 1431 ⁸
2934 1412 2952 1454 :
2986 1390 3184 1465 Quasi
3209 1389 3567 1458 diluculum
3589 1407 3940 1475 proepara-

2393 1507 2501 1567 tus
2525 1506 2619 1567 est
2653 1514 2940 1583 eqressus
2967 1498 3138 1581 eius,
3167 1504 3229 1567 et
3262 1500 3478 1567 veniet
3503 1501 3699 1583 quasi
3729 1499 3948 1567 imber

2394 1613 2838 1689 temporaneus
2871 1607 3055 1675 nobis
3097 1616 3161 1676 et
3197 1609 3515 1677 serotinus
3558 1613 3767 1676 terroe.
3813 1608 3943 1674 Per

2394 1714 2668 1780 imbrem
2714 1713 3048 1798 multiplex
3082 1713 3310 1781 Christi
3350 1715 3560 1798 gratia
3604 1715 3943 1798 significa·

2394 1825 2522 1900 tur,
2577 1838 2706 1904 qua
2749 1822 3013 1886 veniens
3060 1822 3377 1888 mundum
3424 1822 3724 1905 irrigavit
3747 1840 3767 1902 ;
3819 1840 3943 1905 per

2394 1930 2910 2011 temporaneum,
2928 1929 3138 2011 gratia
3164 1931 3591 2013 praeveniens3
3619 1947 3740 2014 per
3766 1947 3945 1994 sero-

2395 2036 2636 2116 tinum,
2663 2036 2873 2119 gratia
2895 2037 3311 2122 subsequens.
3329 2038 3445 2106 Vel
3471 2038 3658 2121 quasi
3684 2042 3948 2121 tempo-

2397 2162 2631 2209 raneus
2652 2144 2858 2210 imber
2876 2149 2972 2210 est
2991 2144 3274 2212 Christus
3297 2146 3423 2211 illis
3441 2146 3556 2230 qui
3573 2146 3724 2226 cito,
3752 2146 3948 2230 qussi

2398 2252 2717 2319 serotinus
2741 2254 2866 2319 illis
2890 2255 3004 2337 qui
3029 2254 3208 2320 tarde
3248 2258 3732 2333 convertunmr,
3779 2252 3953 2318 sicut

2400 2361 2562 2426 latro
2583 2362 2653 2426 in
2675 2363 2916 2427 cruce⁹.
2945 2362 3109 2427 Ante
3130 2361 3498 2445 ingressum
3517 2360 3661 2426 Filii
3688 2360 3808 2426 Dei
3830 2379 3952 2444 per

2401 2486 2656 2533 carnem
2686 2469 2966 2535 mundus
2992 2469 3211 2534 aridus
3233 2469 3353 2534 fuit
3380 2469 3461 2534 ab
3487 2469 3773 2534 humore
3800 2487 3960 2551 gra·

2401 2575 2511 2640 tiae
2531 2624 2551 2656 ‚
2592 2594 2803 2659 neque
2844 2593 3113 2658 germen
3133 2623 3153 2654 ‚
3201 2593 3413 2658 neque
3457 2575 3742 2640 fructum
3791 2576 3960 2641 boni

2404 2681 2614 2764 operis
2637 2681 2902 2762 faciens,
2934 2686 2998 2747 et
3020 2685 3204 2746 erant
3228 2680 3523 2746 homines
3549 2680 3740 2762 ligna
3766 2681 3962 2746 arida

2405 2788 2544 2869 igni
2569 2792 2822 2854 tantum
2838 2790 3008 2872 apta.
3035 2788 3378 2853 Anselmus
3394 2788 3464 2852 in
3485 2786 3842 2870 soliloquio
3865 2789 3914 2829 ²⁰
3931 2809 3953 2853 ε

2415 2919 2447 2957 α
2468 2897 2517 2962 Ο
2547 2896 2810 2979 lignum
2832 2897 3086 2963 aridum
3113 2901 3178 2961 et
3202 2894 3465 2975 inutile,
3492 2893 3755 2959 aeternis
3783 2894 3961 2975 igni-

2408 3003 2530 3069 bus
2556 3004 2864 3086 dignum!
2908 3004 3071 3083 Quid
3115 3002 3526 3087 respondebis
3549 3000 3619 3065 in
3646 3000 3762 3065 illa
3805 3001 3916 3067 die
3936 3048 3958 3082 ‚

2408 3111 2564 3176 dum
2589 3113 2889 3193 exigetur
2909 3132 2949 3177 a
2972 3117 3036 3177 te
3061 3129 3264 3196 usque
3290 3110 3372 3176 ad
3393 3110 3592 3174 ictum
3617 3108 3796 3174 oculi
3822 3126 3966 3174 om-

2406 3236 2490 3282 ne
2515 3222 2768 3303 tempus
2792 3220 3054 3286 vivendi
3078 3219 3194 3284 tibi
3233 3218 3601 3301 impensum
3619 3264 3638 3296 ,
3672 3216 3964 3299 qualiter

2408 3326 2530 3390 fuit
2554 3344 2909 3410 expensum
2925 3329 2957 3391 ⁴?
2979 3351 3010 3388 n
3031 3328 3069 3369 ¹¹
3107 3327 3329 3393 Omnis
3356 3324 3574 3404 arbor,
3593 3327 3716 3388 etc.
3749 3323 3962 3388 Stilli-

2408 3431 2590 3500 cidiis
2615 3435 2974 3518 gratiarum
3016 3453 3131 3518 per
3155 3449 3492 3516 egressum
3531 3430 3767 3496 Christi
3814 3449 3968 3514 per-

2410 3545 2594 3610 fusus
2615 3546 2713 3609 est
2737 3543 3017 3609 mundus
3047 3541 3287 3607 aridus.
3318 3539 3657 3604 Psalmista
3683 3538 3768 3603 ¹⁸:
3793 3539 3970 3606 Des-

2409 3650 2630 3718 cendet
2671 3651 2842 3718 sieut
2876 3648 3261 3728 stillicidia,
3302 3651 3424 3712 etc.
3458 3645 3721 3728 Expone
3747 3645 3967 3711 histo-

2411 3760 2578 3824 riam
2601 3759 2682 3825 de
2703 3758 2937 3823 vellere
2964 3755 3272 3822 Gedeonis
3296 3755 3361 3820 ¹⁸.

2493 3866 2580 3931 De
2605 3866 2879 3933 tertio²·:
2906 3865 3021 3944 Tu,
3051 3862 3386 3943 Bethleem,
3414 3867 3590 3930 terra
3616 3858 3816 3940 Iuda,
3833 3863 3966 3925 etc.

2413 3975 2524 4041 Ea·
2546 3978 2604 4041 te
2627 3974 2797 4041 enim
2823 3971 3204 4056 condietur,
3231 3971 3348 4054 qui
3363 3972 3455 4038 sit
3479 3968 3852 4036 dommator
3869 3968 3970 4035 Is·

2416 4082 2554 4148 rael
2562 4103 2581 4161 ;
2611 4084 2673 4147 et
2693 4096 2977 4165 omasus
3001 4078 3164 4161 ejus,
3187 4082 3251 4144 et
3277 4078 3564 4161 sequitur
3595 4096 3613 4140 ι
3644 4075 3970 4158 Reliqm‘oe

2411 4192 2692 4271 fratrum
2729 4188 2870 4271 eius
2909 4193 3349 4257 convertentur
3390 4185 3482 4252 ad
3517 4184 3690 4266 filios
3729 4182 3970 4250 lsrael.

2418 4296 2722 4379 Reliquiae
2749 4295 3135 4379 quandoque
3174 4293 3496 4371 dicantur,
3541 4307 3692 4374 quae
3735 4307 3971 4372 super-

2417 4403 2637 4468 fluunt
2661 4401 3156 4469 comedentibus.
3177 4399 3579 4480 Quicumque
3594 4414 3753 4478 ergo
3771 4415 3816 4461 a
3831 4396 3971 4461 dia·

2419 4510 2565 4576 bolo
2604 4528 2737 4576 non
2778 4509 3094 4586 devorati,
3141 4507 3608 4589 relinquuntur,
3667 4503 3971 4586 reliquiae

2422 4623 2596 4683 sunt.
2630 4618 2675 4655 ¹⁸
2703 4618 2791 4684 De
2813 4618 3205 4700 pauperibus
3234 4623 3418 4683 terroe
3451 4613 3711 4696 reliquit
3737 4611 3973 4680 Nabu-

2422 4725 2682 4793 zardan
2724 4728 3023 4809 princeps
3057 4723 3317 4791 militiae
3349 4722 3446 4805 (id
3479 4725 3578 4785 est
3617 4717 3968 4800 diabolus)

2421 4836 2734 4903 vinitores
2781 4839 2841 4900 et
2885 4831 3221 4917 apricolas.
3281 4829 3429 4895 Filii
3495 4827 3688 4893 Israel
3737 4827 3970 4909 angeli

2420 4947 2574 5008 sunt
2630 4944 2675 4985 ²⁸
2716 4963 2731 5007 ε
2795 4941 3141 5009 constituit
3206 4939 3512 5006 terminos
3572 4934 3970 5019 populorum

2410 5050 2617 5133 ,iu-ma
2642 5065 2973 5117 numerum
2999 5048 3282 5129 fitiorum
3310 5046 3535 5112 Israel.
3564 5042 3708 5107 Alia
3746 5041 3973 5106 littera

2421 5157 2611 5223 habet
2635 5203 2654 5237 ‚
2693 5155 3057 5240 angelorum
3110 5154 3249 5221 Dei.
3305 5149 3499 5217 Israel
3553 5150 3731 5214 enim
3779 5149 3968 5215 visio

2423 5334 2474 5381 et
2501 5341 2591 5380 vn.
2623 5355 2686 5367 -
2712 5328 2755 5364 ¹⁴
2782 5325 2953 5386 nich„
2980 5337 3030 5390 v,
3058 5329 3106 5389 2,
3139 5327 3190 5377 3.
3221 5348 3284 5362 -
3309 5320 3353 5359 ¹⁸
3380 5321 3444 5374 lV
3470 5320 3611 5386 aeq„
3641 5321 3762 5384 xxv,
3787 5321 3869 5371 ¹2.
3896 5343 3972 5358 —

2423 5399 2466 5436 ¹⁸
2495 5400 2663 5462 Deua,
2686 5410 2853 5462 xxxn,
2881 5400 2930 5449 8.

2484 5502 2552 5568 (a)
2577 5500 2728 5568 Vulg-
2754 5497 3091 5553 mamaeam.
3110 5521 3171 5538 -
3191 5496 3261 5563 (ὁ)
3284 5495 3399 5560 seq.
3419 5492 3811 5547 clarificandam·
