4059 6317
987 458 1071 525 IN
1111 458 1243 526 DIE
1283 458 1586 526 SANCTO
1628 458 2203 528 PENTECOSTES.
2245 461 2509 531 SERMO
2549 463 2656 532 lv.

210 594 474 678 primus
489 593 575 660 sit
597 615 616 661 ε
648 596 802 660 utet
826 592 897 660 in
913 594 1075 661 coelo
1094 594 1244 661 etin
1266 597 1439 662 terra
1458 598 1768 681 appareat

210 703 566 786 gloriosus.
594 724 627 764 n
661 702 823 769 Item
868 702 1002 768 noli
1046 702 1415 770 contristare
1455 703 1767 788 Spiritum

210 814 516 878 sanctum
544 810 653 877 Dei
668 857 691 891 ,
719 809 1084 893 accipiendo
1119 828 1237 894 pro
1261 812 1453 894 signo
1489 829 1762 895 pauper-

212 921 369 985 tatis
391 920 661 1004 signum
684 918 1045 1003 cupiditatis
1065 967 1085 999 ‚
1113 919 1194 986 de
1219 937 1352 1003 quo
1376 921 1399 959 ²
1438 942 1455 985 z
1493 942 1526 982 ι
1551 919 1770 985 Posuit

214 1029 489 1111 signum
517 1027 827 1094 Dominus
848 1027 919 1091 in
944 1026 1099 1094 Cain
1118 1075 1139 1108 ,
1167 1049 1200 1089 n
1226 1028 1351 1093 hoc
1376 1031 1471 1094 est
1500 1028 1765 1110 signum

214 1136 510 1202 avaritiae
525 1185 547 1218 ,
576 1136 750 1220 quod
769 1136 840 1201 in
862 1135 1094 1219 cupida
1118 1135 1513 1218 possessione
1537 1134 1643 1201 vel
1668 1153 1768 1200 ac·

214 1245 565 1330 quisitione
589 1243 1038 1327 temporalium
1069 1242 1375 1308 consistit.
1423 1241 1576 1307 Cain
1608 1257 1766 1324 pos-

214 1353 425 1421 sessio
451 1349 558 1418 vel
583 1352 933 1435 acquisitio
974 1352 1451 1433 interpretatur.
1487 1347 1603 1416 Vae
1646 1349 1764 1416 ha-

215 1460 525 1527 bentibus
537 1458 967 1541 hocsignuml
988 1459 1012 1497 ⁸
1034 1455 1192 1524 «Vae
1217 1456 1333 1537 eis,
1362 1456 1477 1540 qui
1502 1456 1573 1522 in
1590 1456 1765 1524 viam

218 1566 376 1633 Cain
425 1567 744 1632 abienmt.
774 1587 807 1627 n
844 1565 1003 1631 Item
1061 1566 1262 1635 nolite
1323 1566 1767 1632 contravenire

220 1675 509 1757 Spiritui
542 1681 760 1742 sancto
790 1675 914 1742 Dei
934 1720 953 1752 ,
998 1672 1363 1757 accipiendo
1408 1690 1526 1756 pro
1570 1673 1764 1756 signo

215 1781 550 1848 charitatis
570 1782 833 1864 signum
850 1780 1220 1861 dolositatis,
1247 1780 1325 1846 de
1345 1781 1513 1864 quo⁸
1536 1801 1552 1844 ε
1587 1803 1618 1843 c
1643 1779 1766 1858 Qui

214 1889 481 1955 tradidit
502 1907 681 1968 eum,
704 1888 876 1954 dedit
901 1888 993 1954 eis
1017 1889 1071 1954 si
1079 1907 1289 1971 gnum
1316 1888 1555 1970 dicens,
1575 1909 1607 1949 n
1639 1893 1760 1955 etc.

216 1995 399 2061 Heul
432 1996 602 2061 haul
633 1998 790 2078 quot
831 1995 1042 2061 adhuc
1067 1999 1220 2061 sunt
1262 1995 1296 2062 J
1301 1995 1447 2063 udae
1487 1995 1764 2063 imitato·

214 2121 325 2168 res
344 2152 362 2184 ‚
394 2102 509 2186 qui
533 2103 602 2167 in
623 2101 782 2167 facie
804 2106 1107 2184 ungunt,
1137 2121 1179 2166 a
1200 2107 1388 2184 tergo
1415 2107 1757 2185 pungunt,

217 2227 333 2275 ore
358 2209 667 2275 simulant
690 2227 979 2276 amorem
997 2257 1017 2288 ‚
1050 2211 1239 2277 corde
1263 2213 1489 2277 tenent
1530 2229 1761 2276 ranco-

214 2335 381 2382 rem.
426 2316 657 2382 Contra
689 2335 855 2401 quos
888 2317 1124 2384 dicitur
1150 2323 1174 2358 ⁴
1204 2339 1222 2383 z
1260 2341 1293 2381 ι
1325 2317 1582 2385 Dilectio
1620 2319 1766 2384 sine

217 2425 643 2491 simulatione.
671 2446 704 2485 ι
738 2424 873 2491 Hoc
895 2425 1087 2508 signo
1108 2426 1522 2493 contristatur
1549 2428 1760 2492 maxi-

213 2550 323 2597 me
348 2532 627 2615 Spiritus
652 2535 931 2597 sanctus.
960 2531 1191 2598 Contra
1215 2534 1357 2599 haec
1387 2533 1580 2616 signa
1604 2552 1763 2617 qua-

217 2645 366 2705 tuor
388 2638 654 2723 spiritus
679 2638 987 2722 maligni,
1041 2640 1293 2721 signari
1317 2641 1625 2707 debemus
1648 2660 1759 2707 su-

201 2816 205 2820 ,
215 2746 517 2830 predictis
538 2751 817 2830 quatuor
840 2747 1045 2829 signis
1066 2746 1340 2832 Spiritus
1360 2750 1588 2830 sancti,
1614 2767 1760 2833 quae

214 2855 381 2919 bene
406 2857 557 2919 sunt
572 2854 951 2935 significata,
974 2854 1090 2919 ubi
1114 2855 1411 2921 dicitur⁸:
1442 2853 1761 2938 «Signum

214 2959 516 3043 apparuit
540 2960 613 3024 in
637 2959 820 3040 coelo,
842 2960 1072 3026 mulier
1089 2962 1323 3027 amicta
1346 2962 1500 3044 sole,
1522 2969 1585 3029 et
1606 2963 1761 3030 luna

212 3068 338 3134 sub
382 3067 650 3151 pedibus
687 3069 862 3150 eius,
905 3072 969 3134 et
1002 3070 1070 3133 in
1095 3070 1298 3153 capite
1334 3071 1477 3153 ejus
1522 3089 1761 3136 corona

208 3174 543 3240 stellarum
569 3175 901 3242 duodecim
914 3219 937 3256 ‚
981 3177 1139 3241 etin
1164 3182 1347 3243 utero
1381 3178 1625 3244 habens
1642 3225 1665 3258 ,
1696 3183 1761 3246 et

208 3283 547 3363 clamavit,
576 3287 652 3350 ut
677 3284 902 3368 pariat.
924 3305 957 3344 ι
984 3283 1156 3350 Bene
1182 3303 1499 3368 magnum
1527 3287 1760 3353 dicitur

208 3394 336 3459 hoc
360 3394 631 3475 signum
652 3441 672 3472 ,
720 3392 893 3476 quod
918 3395 1199 3476 quatuor
1223 3395 1418 3476 signa
1459 3413 1758 3478 compre-

204 3500 455 3567 hendit.
495 3498 724 3566 Mulier
770 3516 934 3581 ergo
974 3500 1099 3564 ista
1136 3500 1227 3565 sic
1252 3500 1507 3583 signata
1546 3503 1760 3568 Eccle-

207 3609 373 3672 siam
390 3656 410 3688 ,
440 3607 544 3674 vel
584 3607 925 3691 perfectam
953 3607 1239 3672 animam
1280 3608 1620 3691 significat.
1656 3610 1756 3676 Si-

210 3734 428 3798 gnum
451 3719 667 3781 autem
684 3715 1069 3781 credulitatis
1086 3715 1154 3780 in
1177 3734 1413 3783 corona
1429 3718 1759 3785 stellarum

208 3823 549 3891 duodecim
582 3822 1020 3905 significatum
1060 3840 1326 3889 corona·
1340 3823 1515 3889 enim
1545 3825 1760 3891 stella-

209 3950 363 3998 rum
389 3935 487 3996 est
528 3930 857 3996 catholicae
882 3929 1176 3997 Ecclesiae
1201 3931 1393 4012 fides,
1425 3951 1624 4017 quam
1653 3952 1761 4019 sy-

211 4057 476 4122 nagoga
506 4038 781 4123 perdidit
810 4038 881 4103 ⁶:
921 4060 955 4100 α
992 4038 1224 4105 Cecidit
1262 4038 1497 4105 corona
1538 4042 1760 4125 capitis

215 4148 441 4213 nostri.
460 4168 493 4208 n
530 4146 867 4212 Duodecim
906 4145 1106 4211 stellae
1132 4146 1468 4213 duodecim
1506 4149 1759 4216 articuli

210 4256 364 4322 fidei
391 4257 547 4321 sunt
561 4301 584 4335 ,
630 4254 745 4338 qui
780 4271 975 4337 supra
998 4270 1114 4337 per
1143 4253 1477 4320 duodecim
1520 4254 1758 4339 lapides

212 4360 456 4444 signati
481 4363 634 4426 sunt
652 4407 672 4438 ‚
700 4360 814 4444 qui
834 4365 1142 4443 tanquam
1168 4361 1368 4426 stellae
1393 4361 1621 4428 lucidae
1648 4363 1759 4430 Ec-

214 4469 476 4535 clesiam
499 4467 886 4533 illuminant.
916 4466 1195 4549 Signum
1211 4471 1428 4534 autem
1454 4468 1757 4536 claritatis

215 4592 476 4641 morum
512 4575 583 4639 in
617 4573 855 4638 amictu
898 4572 1088 4639 solari
1116 4573 1542 4656 significatur.
1589 4574 1756 4653 Quid

214 4682 391 4748 enim
416 4684 514 4746 est
539 4684 755 4745 sancta
779 4681 1179 4748 conversatio
1196 4728 1213 4759 ‚
1244 4681 1370 4744 nisi
1394 4680 1756 4748 luminosus

212 4788 527 4854 amictus?
560 4787 584 4824 '¹
618 4810 651 4849 α
691 4785 838 4854 Vidi
877 4805 1086 4852 unum
1129 4787 1440 4869 angelum
1479 4793 1755 4856 stantem

213 4896 282 4962 in
308 4896 462 4962 sole.
492 4915 525 4955 n
558 4893 850 4977 Angelus
879 4894 949 4958 in
972 4893 1103 4960 sole
1128 4898 1224 4958 est
1256 4894 1605 4977 spiritualis
1630 4897 1757 4963 ho-

215 5023 323 5071 mo
370 5004 443 5068 in
484 5003 695 5069 lucida
728 5003 1205 5069 conversatione
1230 5002 1254 5039 ⁸
1295 5024 1312 5068 z
1346 5025 1378 5065 α
1402 5001 1505 5069 Sic
1546 5004 1756 5073 luceat

214 5113 333 5180 lux
356 5115 572 5178 vestra
589 5159 610 5193 ‚
637 5132 670 5172 n
703 5115 821 5177 etc.
869 5111 1149 5195 Signum
1176 5129 1331 5180 vero
1366 5115 1755 5199 paupertatis

276 5312 294 5347 ι
324 5309 473 5369 cen„
506 5318 578 5372 ιν,
607 5309 770 5361 ¹5.—
806 5307 829 5341 2
852 5306 992 5372 rua„
1016 5308 1189 5368 11.—
1215 5308 1235 5340 ³
1259 5309 1463 5371 uates..
1496 5323 1642 5377 xm,
1670 5313 1749 5367 ts.

213 5406 277 5420 -
303 5381 326 5416 ⁸
350 5382 512 5436 Rom„
536 5390 636 5443 ω,
667 5381 717 5430 9.
746 5404 803 5417 -
832 5380 856 5415 ⁸
879 5381 1051 5445 Apoc„
1079 5392 1181 5443 111,
1209 5383 1310 5434 1·2.
1335 5407 1400 5419 —
1425 5381 1449 5418 ⁸
1473 5381 1671 5447 rtem„
1699 5396 1753 5451 v,

216 5454 295 5504 ¹6·
317 5476 382 5491 ‘¹¹'
405 5452 429 5490 τ
456 5452 633 5516 ΔΜ.)
659 5461 778 5516 ¹1¹,
805 5452 887 5502 1⁷·
910 5476 974 5490 “-”
998 5451 1021 5488 .
1047 5452 1252 5518 ussuka,
1280 5465 1332 5519 v,
1364 5452 1444 5506 16·
1472 5479 1534 5492 -
1563 5455 1583 5486 ο
1617 5455 1752 5507 pm!-

3290 467 3410 534 293

1874 595 1941 659 in
1969 596 2126 661 luna
2151 597 2273 662 sub
2291 597 2558 682 pedibus
2574 601 2973 684 significatur
2994 621 3012 666 ε
3032 599 3189 666 luna
3206 598 3432 680 enim,.

1874 720 2023 786 quae
2050 703 2271 769 crescit
2311 708 2378 771 et
2419 706 2758 789 decrescit,
2798 709 2881 792 (a)
2930 707 3155 776 eodem
3188 707 3413 774 sistere

1872 811 2109 891 nescit,
2154 813 2600 895 temporalium
2642 815 3120 882 instabilitatem
3158 814 3410 899 signifi·

1874 923 2004 999 cat3
2031 925 2095 985 ct
2120 920 2286 986 sicut
2310 940 2351 985 a
2377 921 2533 987 luna
2559 922 2966 1003 intemperies
2979 925 3012 1003 ,'
3041 925 3107 987 et
3129 922 3413 988 turbatio

1874 1028 2041 1093 aeris
2054 1075 2076 1108 ,
2118 1029 2384 1094 tonitrui
2411 1032 2477 1095 et
2504 1030 2837 1112 grandinis
2862 1031 3193 1114 generatio
3228 1030 3409 1096 duci-

1872 1137 2003 1214 tur,
2051 1135 2139 1200 ita
2181 1139 2247 1201 et
2288 1135 2667 1201 turbationis
2709 1138 2906 1204 totius
2945 1137 3171 1202 mundi
3220 1156 3413 1205 causa

1871 1244 2023 1306 sunt
2048 1242 2441 1326 temporalia.
2470 1242 2654 1308 Multi
2665 1245 2840 1310 enim
2860 1244 3181 1328 justitiam
3208 1248 3272 1310 et
3298 1264 3411 1329 pa-

1871 1367 2011 1414 cem
2040 1350 2205 1416 bene
2232 1353 2525 1433 servant,
2557 1351 2758 1417 donec
2804 1352 3268 1435 temporalibus
3300 1372 3410 1419 eo·-

1871 1474 2019 1522 rum
2048 1460 2368 1539 parcatur,
2395 1457 2502 1523 vel
2534 1458 2909 1541 temporalia
2946 1477 3077 1524 non
3117 1460 3413 1524 auteran-

1869 1568 2000 1632 tur.
2049 1564 2345 1631 Psalmus
2378 1570 2402 1606 ⁹
2441 1585 2516 1634 τι
2556 1564 2810 1632 Orietur
2832 1565 2903 1630 in
2938 1565 3162 1631 diebus
3184 1565 3414 1648 (Domi-

1869 1674 1984 1756 ni),
2002 1695 2035 1734 υ
2053 1677 2172 1740 etc.
2203 1672 2356 1739 Haec
2379 1673 2534 1739 luna
2559 1675 2657 1739 est
2682 1674 2803 1739 sub
2830 1674 3100 1757 pedibus
3123 1691 3241 1758 per
3264 1694 3412 1740 con·-

1869 1785 2187 1864 temptum
2228 1781 2534 1846 omnium
2576 1781 3029 1864 temporalium
3050 1828 3073 1861 ,
3148 1782 3409 1865 quando

1869 1887 2296 1953 conculcando
2312 1891 2623 1971 tanquam
2641 1887 2796 1953 vilia
2815 1891 3216 1972 reputantur.
3244 1889 3411 1955 Psal-

1870 1996 2114 2063 mista¹⁰
2126 2013 2145 2060 ε
2156 2018 2186 2058 α
2200 1995 2425 2061 Omnia
2438 1995 2760 2079 subjecisti
2772 1996 2894 2062 sub
2912 1995 3180 2079 pedibus
3195 1998 3358 2080 ejus,
3370 2017 3403 2056 ι

1869 2111 1989 2169 etc.
2043 2102 2328 2186 Signum
2365 2122 2621 2187 quoque
2676 2103 3003 2170 charitatis
3049 2104 3257 2170 cordis
3297 2121 3416 2188 per

1869 2210 1993 2277 hoc
2002 2258 2025 2291 ,
2059 2211 2233 2295 quod
2258 2211 2491 2278 dicitur
2517 2210 2753 2279 liabens
2791 2212 2870 2277 in
2911 2214 3093 2280 utero
3107 2257 3126 2291 ,
3161 2212 3414 2293 signifi-

1870 2321 2052 2383 catur
2083 2339 2100 2383 z
2130 2317 2288 2400 quid
2312 2317 2487 2382 enim
2528 2322 2624 2383 est
2661 2317 2837 2401 quod
2873 2315 2944 2382 in
2984 2320 3170 2383 utero
3209 2318 3417 2384 cordis

1869 2424 2240 2490 habendum
2263 2428 2362 2490 est
2377 2471 2397 2502 ‚
2426 2424 2597 2508 quod
2622 2424 2702 2489 ad
2729 2422 3106 2507 pariendum
3128 2424 3411 2505 cruciat,

1868 2532 1996 2597 nisi
2011 2550 2196 2597 amor
2211 2533 2245 2595 ⁸?
2262 2530 2436 2597 Nihil
2463 2531 2637 2597 enim
2651 2531 2734 2597 ad
2748 2534 3006 2615 partum
3033 2531 3187 2597 boni
3204 2531 3414 2616 operis

1868 2641 1960 2705 sic
1988 2639 2319 2705 bominem
2340 2643 2570 2722 urget,
2592 2639 2757 2705 sicut
2772 2656 2956 2703 amor
2976 2638 3088 2703 Dei
3112 2639 3185 2703 in
3206 2639 3414 2705 cordis

1840 2750 2056 2842 'utero
2096 2750 2458 2831 conceptus.
2512 2746 2675 2825 Quia
2731 2747 2924 2812 toetus
2967 2763 3126 2828 ergo
3176 2748 3415 2814 amoris

1867 2874 2001 2921 non
2021 2860 2228 2939 potest
2244 2874 2380 2921 eme
2405 2855 2532 2921 nisi
2554 2855 2623 2921 in
2642 2859 2826 2921 utero
2852 2854 3079 2934 cordis,
3101 2856 3414 2940 tanquam

1868 2964 1937 3028 in
1962 2967 2148 3029 utero
2175 2961 2481 3045 virginali
2501 3009 2521 3042 ,
2550 2961 2693 3028 ideo
2731 2962 2895 3027 bene
2932 2961 3013 3026 de
3057 2960 3180 3026 hoc
3221 2964 3413 3046 signo

1868 3071 2104 3137 dicitur
2149 3072 2192 3108 ¹¹
2243 3092 2261 3136 ε
2297 3093 2329 3133 ι
2355 3070 2542 3136 Dabit
2581 3070 2890 3136 Dominus
2927 3070 3062 3153 ipse
3101 3070 3283 3136 vobis
3324 3071 3415 3136 si-

1870 3197 2113 3260 gnum,
2143 3201 2174 3239 n
2206 3182 2326 3244 etc.
2359 3177 2464 3245 Sic
2489 3196 2647 3261 ergo
2666 3226 2687 3258 ,
2718 3177 3072 3244 charissimi
3085 3225 3107 3259 ,
3135 3196 3251 3262 per
3276 3178 3414 3263 Spi-

1866 3287 2068 3352 ritum
2094 3290 2388 3352 sanctum
2427 3285 2870 3377 significantur
2898 3284 3102 3372 electi.
3133 3283 3260 3350 Leo
3287 3286 3410 3352 Pa-

1867 3416 1951 3482 pa
1971 3399 2019 3436 ¹¹
2053 3420 2127 3463 z«
2158 3396 2574 3479 consignavit
2610 3398 2855 3461 animas
2885 3400 3134 3462 nostras
3156 3400 3414 3481 proprio

1869 3505 2113 3590 Spiritu
2127 3552 2144 3583 ‚
2174 3508 2237 3571 et
2261 3504 2553 3569 membra
2578 3503 2863 3588 corporis
2886 3504 3089 3569 nostri
3119 3523 3237 3569 suo
3261 3524 3411 3572 san-

1872 3613 2075 3695 guine
2095 3611 2396 3696 pretioso.
2411 3631 2443 3672 ιο
2466 3610 2682 3682 Nolite
2698 3613 3071 3681 contristare
3081 3612 3412 3696 Spiritum

1866 3725 2162 3788 sanctum
2171 3765 2198 3800 ,
2227 3723 2347 3785 etc.

2406 3886 2697 3958 SERMO
2751 3886 2870 3959 IV.

1950 4043 2267 4113 Ascendit
2292 4043 2474 4127 ignis
2509 4041 2590 4108 dc
2613 4044 2795 4124 petra
2821 4039 2889 4104 ¹⁸.
2921 4061 2954 4101 ι
2985 4038 3170 4105 Petra
3195 4042 3410 4107 autem

1867 4150 2377 4218 eratGhristus1‘.
2406 4171 2436 4210 ι
2455 4148 2630 4230 Ignis
2645 4165 2802 4230 ergo
2819 4146 2898 4213 de
2914 4149 3095 4230 petra
3110 4147 3408 4230 ascendit,

1867 4260 2125 4345 quando
2162 4258 2439 4343 Spiritus
2479 4261 2736 4323 sanctus
2780 4255 2851 4320 in
2893 4255 3047 4338 igne
3087 4274 3128 4319 a
3165 4253 3411 4321 Christo

1869 4369 2108 4434 missus
2129 4366 2252 4432 fuit
2276 4363 2602 4447 discipulis
2627 4381 2646 4427 ε
2676 4365 2740 4427 ct
2762 4362 2926 4427 bene
2949 4361 3179 4427 dicitur
3199 4380 3413 4428 ascen·

1867 4477 2017 4543 dere
2034 4523 2054 4555 ‚
2084 4475 2237 4557 quia
2261 4490 2380 4539 nos
2401 4472 2551 4537 tacit
2589 4469 2947 4535 ascendere.
2992 4467 3406 4535 Consideran-

1866 4584 2024 4649 dum
2066 4587 2282 4648 autem
2308 4579 2480 4664 quod
2507 4577 2587 4643 de
2616 4580 2797 4660 petra
2832 4593 3110 4659 aquam,
3155 4576 3366 4642 oleum
3383 4624 3402 4659 ‚

1865 4691 2090 4773 iguem
2109 4736 2126 4767 ‚
2183 4686 2313 4752 mel
2362 4684 2645 4767 legimus
2703 4683 3060 4749 ministrata
3108 4704 3126 4748 ι
3172 4684 3409 4766 quibus

1866 4796 2145 4880 Spiritus
2168 4797 2427 4859 sanctus
2446 4793 2790 4875 figuratur,
2816 4794 2952 4876 qui,
2972 4811 3086 4876 per
3111 4792 3407 4884 effectum

1865 4903 2094 4987 gratiae
2121 4919 2259 4969 suae
2281 4948 2299 4980 ‚
2330 4919 2501 4985 aqua
2539 4904 2637 4965 est
2662 4900 3108 4983 incipientibus
3126 4948 3147 4980 ‚
3189 4900 3407 4966 oleum

1864 5010 2343 5095 proficientibus
2359 5057 2379 5089 ‚
2408 5007 2585 5090 iguis
2612 5007 3205 5082 consummantibus
3224 5056 3243 5087 ,
3278 5008 3407 5072 mel

1865 5115 2310 5200 regnantibus.
2328 5115 2516 5199 Aqua
2531 5115 2756 5199 utique
2776 5120 2871 5181 est
2897 5116 3106 5198 gratia
3131 5115 3405 5199 Spiritus

1864 5297 2008 5349 mxx,
2030 5288 2084 5336 7.
2101 5310 2165 5324 —
2192 5286 2234 5323 ¹⁰
2253 5286 2389 5337 Psoi.
2418 5297 2536 5348 vm,
2557 5288 2602 5336 8.
2627 5311 2688 5323 —
2709 5286 2748 5322 ¹¹
2772 5285 2894 5351 Ira„
2921 5296 3014 5350 vu,
3036 5286 3115 5339 14.
3136 5312 3197 5324 —
3224 5286 3259 5320 ¹¹
3279 5286 3402 5338 Leo.

1865 5385 1928 5397 —
1959 5358 2003 5395 ¹⁸
2025 5355 2215 5418 ludia..
2246 5368 2318 5422 vt,
2348 5359 2429 5409 21.
2457 5383 2520 5397 —
2553 5358 2591 5394 ¹⁴
2619 5358 2637 5408 l
2668 5356 2806 5420 Cor„
2833 5369 2889 5421 x,
2918 5358 2967 5410 4.

1928 5454 2007 5520 (a)
2033 5454 2213 5520 suppl.
2241 5457 2294 5508 et
2318 5454 2372 5506 in
2396 5457 2549 5506 statu.
2831 5446 2835 5449 ⁴
