4059 6317
661 363 781 426 360
1750 352 2168 422 8ΕΒΜΟΝΕ8
2207 356 2311 424 DE
2348 356 2745 426 TEMPORE.

658 513 823 577 pane
846 494 1011 562 vivit
1032 494 1230 561 homo
1249 542 1270 576 ‚
1297 494 1408 560 sed
1449 493 1520 558 in
1558 489 1740 558 omni
1782 489 1982 557 verbo
2020 491 2195 574 quod

659 606 940 692 procedit
959 606 1038 671 de
1063 623 1175 671 ore
1201 604 1336 671 Dei.
1373 627 1406 666 n

738 713 949 779 Tertio
973 712 1308 795 indigebat
1331 712 1454 776 ista
1479 711 1668 776 turba
1705 708 2197 775 manducatione

659 820 1132 888 sacramentalis
1155 820 1510 885 refectionis
1531 866 1550 895 ,
1578 820 1764 901 cuius
1804 817 2050 882 defectu
2075 817 2194 882 ha-

660 926 1249 1010 bebattepiditatem
1272 926 1578 1009 ignaviae,
1594 928 1659 990 et
1669 924 1927 990 acediae.
1945 922 2155 989 Unde¹
2176 942 2194 989 ε

671 1058 702 1097 ι
718 1036 926 1100 Amen
950 1033 1092 1099 dico
1116 1033 1322 1114 vobis,
1352 1033 1474 1098 nisi
1498 1029 2031 1098 manducaveritis
2055 1048 2194 1095 car·

660 1160 812 1209 nem
838 1141 980 1207 Filii
1004 1141 1308 1222 hominis,
1340 1145 1404 1206 et
1433 1139 1722 1206 biberitis
1746 1139 1890 1220 ejus
1927 1139 2195 1220 sangui-

663 1267 812 1314 nem
832 1298 851 1329 ,
902 1266 1034 1314 non
1081 1247 1396 1313 hababitis
1439 1248 1643 1313 vitam
1692 1246 1761 1309 in
1821 1245 2024 1311 vobis.
2078 1245 2199 1323 Qui

662 1358 1006 1424 manducat
1049 1376 1259 1422 meam
1311 1374 1567 1422 carnem
1587 1404 1609 1436 ,
1665 1359 1730 1421 et
1770 1354 1933 1419 bibit
1978 1372 2199 1419 meum

664 1464 1084 1547 sanguinem,
1127 1466 1321 1530 habet
1359 1465 1560 1531 vitam
1606 1467 1938 1529 aeternam
1967 1483 1998 1522 ο
2042 1461 2201 1527 Ecce

663 1573 836 1657 quod
860 1576 1055 1638 tamae
1083 1571 1468 1637 necessitatis
1494 1573 1590 1637 est
1614 1571 1737 1635 ista
1768 1569 2197 1649 manducatio,

664 1681 836 1764 quod
860 1680 981 1745 nisi
1009 1698 1123 1763 per
1161 1698 1303 1744 eam
1337 1679 1607 1763 quilibet
1644 1682 1953 1762 tanquam
1995 1695 2199 1742 mem-

664 1788 857 1853 brum
884 1787 1375 1870 compaginetur
1392 1785 1640 1869 corpori
1657 1785 1926 1869 mystico
1944 1783 2199 1865 Christi,

665 1894 730 1962 id
756 1898 850 1960 est
875 1894 1167 1961 Ecclesiae
1181 1943 1199 1975 ,
1229 1910 1637 1978 nequaquam
1677 1895 1881 1975 potest
1919 1891 2203 1974 recipere

663 2001 1065 2066 influentIam
1092 2001 1246 2067 vitae
1280 2020 1320 2066 a
1364 2001 1568 2085 capite
1590 2048 1608 2081 ,
1656 1999 1892 2065 scilicet
1931 1998 2199 2065 Christo.

666 2099 846 2175 Unde
868 2109 1155 2192 sequitur
1171 2111 1231 2173 ⁸:
1269 2132 1301 2172 α
1327 2106 1446 2187 Qui
1476 2107 1817 2172 manducat
1843 2124 2055 2172 meam
2073 2124 2206 2171 car-

664 2234 838 2296 nem,
867 2221 931 2281 et
955 2217 1117 2282 bibit
1141 2234 1360 2282 meum
1389 2215 1806 2298 sanguinem,
1836 2214 1907 2278 in
1933 2232 2040 2279 me
2065 2233 2201 2279 ma-

664 2328 798 2403 net,
826 2328 890 2389 et
912 2343 1036 2406 ego
1062 2325 1132 2390 in
1158 2343 1258 2390 eo.
1281 2347 1317 2386 a

747 2433 1038 2500 Secundo
1063 2434 1133 2498 in
1170 2433 1368 2498 verbo
1395 2432 1715 2516 proposito
1738 2433 1998 2498 notatur
2022 2430 2208 2496 beni-

668 2541 882 2623 gnitas
906 2540 1370 2626 compatientiae
1397 2539 1853 2619 subvenientia,
1880 2555 2033 2603 cum
2059 2537 2207 2603 sub-

668 2648 810 2713 dit:
841 2649 1138 2716 Misereor
1171 2662 1364 2731 super
1403 2646 1674 2714 turbam.
1718 2645 2025 2711 Dominus
2054 2664 2201 2710 nos·

669 2758 790 2836 ter,
819 2761 1078 2839 propter
1105 2755 1371 2820 nimiam
1415 2756 1872 2839 benignitatem
1919 2755 2209 2822 benevo-

673 2863 883 2929 lentiae
896 2912 917 2944 ,
947 2882 1142 2947 quam
1181 2863 1453 2929 habebat
1492 2882 1654 2946 erga
1692 2863 2057 2929 humanum
2091 2881 2209 2945 ge·

674 2990 820 3052 nna,
851 2971 1060 3054 primo
1087 2971 1423 3036 miseretur
1447 2989 1642 3055 super
1675 2971 1933 3036 turbam
1973 2970 2211 3036 haben-

673 3083 803 3143 tem
847 3078 1232 3144 debilitatem
1284 3078 1675 3161 impotentiae
1693 3123 1712 3155 ,
1767 3095 1910 3144 eam
1968 3081 2213 3142 susten-

675 3185 867 3251 tando
893 3185 1035 3250 cibo
1060 3184 1401 3268 corporali;
1430 3184 1708 3250 secundo
1732 3184 2074 3250 miseretur
2101 3203 2212 3249 su-

677 3311 793 3376 per
828 3293 1084 3357 turbam
1129 3291 1469 3356 habentem
1513 3291 1858 3356 caecitatem
1902 3291 2212 3373 ignoran-

677 3400 811 3477 tiae,
841 3417 984 3463 eam
1029 3397 1454 3464 illuminando
1492 3398 1874 3464 documento
1913 3399 2211 3476 salutari;

679 3506 869 3572 tertio
896 3506 1235 3572 miseretur
1260 3524 1454 3590 super
1479 3506 1735 3571 turbam
1757 3505 2104 3570 habentem
2131 3509 2220 3570 te-

678 3614 1015 3697 piditatem
1043 3614 1349 3696 ignaviae,
1377 3632 1521 3678 eam
1544 3612 2001 3678 inflammando
2018 3612 2222 3678 oblec-

682 3726 963 3787 tamento
989 3720 1451 3786 sacramentali.

765 3826 978 3891 Primo
1005 3828 1342 3894 miseretur
1377 3827 1684 3893 Dominus
1726 3844 1918 3911 super
1964 3825 2222 3891 turbam

685 3936 1025 4002 habentem
1051 3936 1439 4002 debilitatem
1467 3936 1887 4020 impotentiae,
1919 3953 2065 4000 eam
2089 3952 2226 3999 sus·

686 4042 989 4108 tentando
1014 4043 1156 4108 cibo
1182 4043 1515 4126 corporali.
1545 4041 1765 4108 Unde
1748 4062 1819 4107 in
1849 4040 2123 4106 Psalmis
2149 4042 2219 4105 ⁸.

697 4174 730 4213 α
756 4149 1084 4228 Quomodo
1127 4151 1463 4215 miseretur
1505 4153 1686 4234 pater
1730 4149 2057 4228 filiorum,
2102 4147 2230 4212 mi-

689 4261 898 4323 sertus
922 4260 1017 4321 est
1047 4257 1352 4322 Dominus
1376 4255 1753 4322 timentibus
1781 4273 1890 4338 se,
1920 4255 2228 4340 quoniam

691 4364 827 4448 ipae
852 4364 1163 4446 cognovit
1188 4365 1575 4446 figmentum
1611 4367 1925 4429 nostrum.
1970 4384 2001 4422 n
2053 4361 2231 4428 Sicut

691 4477 873 4558 pater
898 4473 1235 4539 miseretur
1259 4473 1543 4538 filiorum
1570 4490 1841 4538 suorum
1867 4472 2038 4555 ipsos
2075 4472 2229 4536 refl-

695 4580 919 4646 ciendo
965 4581 1107 4646 cibo
1152 4580 1506 4664 corporali,
1553 4598 1634 4645 ne
1678 4580 2100 4645 succumbant
2151 4580 2234 4645 ad

694 4688 1136 4767 moriendum,
1173 4688 1263 4752 ita
1303 4688 1612 4753 Dominus
1661 4692 1880 4753 noster
1922 4687 2236 4753 hodierna

697 4794 798 4860 die
821 4795 1119 4859 misertus
1140 4798 1239 4859 est
1264 4793 1436 4861 illius
1461 4795 1671 4860 turbae
1710 4794 2021 4861 famelicas
2040 4843 2056 4875 ,
2088 4813 2234 4859 eam

697 4902 1008 4985 pascendo
1035 4905 1100 4967 et
1113 4902 1397 4968 satiando
1419 4903 1828 4986 corporaliter
1843 4902 1924 4968 de
1945 4903 2238 4986 quinque

699 5009 992 5092 panibus,
1023 5013 1087 5074 et
1111 5009 1328 5092 paucis
1351 5009 1667 5092 pisciculis
1687 5059 1704 5089 ,
1734 5029 1816 5076 ne
1842 5011 1911 5074 in
1941 5012 2050 5075 via
2075 5010 2231 5074 defl-

764 5136 779 5171 ¹
811 5137 972 5197 Joan„
1004 5146 1075 5196 vl,
1104 5136 1266 5186 54-55.
1301 5164 1352 5173 -
1387 5136 1410 5170 ¹
1438 5136 1585 5200 lbid„
1620 5139 1698 5188 57.
1729 5163 1792 5175 —
1821 5136 1841 5167 ³
1871 5135 2005 5186 Paul.
2036 5148 2127 5198 cu,
2158 5139 2235 5186 ¹3.

702 5233 763 5246 —
791 5207 807 5236 ⁴
837 5207 1020 5267 Booti..
1048 5218 1197 5268 xvm,
1234 5210 1307 5259 ¹3.
1343 5233 1398 5245 —
1439 5209 1461 5244 ⁸
1488 5209 1691 5266 unuh„
1725 5220 1797 5262 vt.
1825 5211 1906 5259 35.
1941 5234 2004 5246 -
2041 5208 2063 5243 ⁸
2096 5207 2233 5258 Psal.

703 5290 821 5333 cn.
859 5280 906 5329 4.
943 5303 1007 5316 —
1045 5280 1062 5310 ⁷
1089 5279 1230 5341 Sap„
1271 5291 1385 5341 xvn,
1412 5283 1493 5330 20.
1529 5305 1591 5318 -
1630 5281 1649 5312 ⁸
1681 5279 1820 5330 Peal.
1851 5291 2053 5344 xum,
2089 5281 2136 5330 9.
2175 5305 2238 5316 -

704 5351 723 5383 ’
750 5350 928 5417 Εοεὶί.,
954 5363 1097 5418 xxxv,
1124 5354 1204 5406 27.
1235 5375 1294 5389 -
1328 5353 1369 5389 ¹⁰
1394 5351 1526 5405 Psal.
1556 5364 1683 5417 xxx,
1710 5355 1789 5406 2⁰.

2303 498 2474 560 ceret
2502 515 2520 559 ε
2551 495 2725 579 quod
2749 498 2845 562 est
2870 495 3350 566 attribuendum
3374 499 3842 585 divinaepoten-

2304 600 2437 680 fiae,
2462 618 2593 667 non
2614 602 2923 668 debilitati
2957 604 3313 672 humanaez
3354 608 3675 690 quoniam
3714 609 3843 691 ipss

2305 711 2601 792 movit
2653 711 3028 794 nomentum
3065 720 3358 782 nostrum
3391 715 3685 799 corporis
3720 734 3844 784 nos

2307 834 2489 900 posse
2529 818 2905 885 naturaliter
2929 820 3044 886 diu
3072 821 3445 900 subsistere,
3490 823 3625 888 nisi
3650 826 3842 890 conti·

2306 924 2455 988 nuis
2479 923 2805 990 alimoniis
2831 929 3246 993 sustentetur.

2388 1030 2679 1097 Secundo
2698 1032 3034 1100 miseretur
3050 1033 3359 1102 Dominus
3375 1055 3579 1122 super
3594 1040 3848 1106 ται-113111

2306 1135 2649 1204 habentem
2684 1140 3030 1206 caecitatem
3057 1142 3486 1227 ignorantiae,
3518 1164 3679 1211 eam
3712 1148 3848 1214 illu-

2309 1243 2615 1311 minando
2634 1245 3017 1314 documento
3043 1250 3339 1332 salutari3
3368 1253 3546 1319 unde
3564 1255 3643 1292 ⁴·
3626 1277 3711 1318 ,ι
3740 1255 3851 1334 Qui

2307 1349 2504 1417 habet
2537 1353 3066 1435 misericordiam,
3108 1356 3292 1423 docet
3314 1363 3380 1424 et
3416 1361 3644 1427 enidit
3682 1364 3854 1445 qnasi

2309 1464 2525 1542 pastor
2585 1480 2859 1545 gregem
2912 1483 3128 1531 suum.
3182 1488 3216 1527 »
3276 1467 3593 1535 Dominus
3648 1476 3855 1538 noster

2310 1567 2504 1633 habet
2532 1569 2612 1652 (α)
2640 1569 3163 1653 misericordiam,
3194 1573 3330 1658 ipse
3352 1576 3528 1641 enim
3554 1582 3663 1642 est
3686 1582 3857 1662 patm-

2313 1674 2802 1758 misericordiae3
2833 1682 2899 1744 et
2920 1679 3063 1745 ideo
3093 1683 3352 1764 propter
3386 1681 3856 1766 benignitatem

2312 1782 2764 1852 misericordias
2789 1790 2854 1852 et
2890 1788 3383 1870 compatientiae,
3428 1809 3642 1874 quam
3677 1792 3861 1857 habet

2311 1888 2393 1956 ad
2436 1890 2795 1973 hominem,
2841 1892 3025 1959 docet
3060 1899 3126 1960 et
3168 1896 3377 1961 erudit
3426 1898 3603 1964 sicut
3647 1905 3858 1982 pastor

2314 2015 2589 2080 gregem
2607 2017 2800 2064 suum
2816 2001 3018 2066 verbo
3035 2001 3360 2068 doctrinm.
3384 2003 3675 2071 Multum
3694 2007 3856 2073 enim

2312 2121 2427 2187 per
2451 2105 2672 2171 omnia
2688 2105 2993 2173 sollicitus
3013 2113 3152 2174 erat
3166 2114 3231 2176 et
3257 2111 3582 2178 studiosus
3607 2132 3859 2197 pascere

2311 2228 2585 2293 gregem
2612 2212 2975 2280 humanum
3007 2234 3172 2299 pane
3203 2218 3357 2284 vitae
3384 2223 3451 2284 et
3473 2220 3853 2288 intellectus.

2313 2316 2492 2384 Unde
2536 2320 2818 2403 quotidie
2856 2340 2992 2388 non
3030 2324 3316 2390 cessabat
3354 2326 3666 2410 circuire,
3704 2328 3859 2394 sicut

2312 2425 2463 2491 dicit
2502 2426 2726 2492 beatus
2762 2426 3099 2496 Matthaeus
3123 2432 3171 2512 ⁸,
3193 2433 3511 2514 civitates,
3542 2437 3764 2516 vicos,
3800 2442 3858 2502 et

2314 2532 2565 2598 castella
2575 2580 2597 2614 ,
2626 2535 3017 2602 annuntians
3054 2555 3333 2621 regnum
3374 2540 3531 2607 Dei:
3566 2562 3650 2610 eo
3696 2544 3859 2628 quod

2314 2645 2521 2726 major
2545 2647 2641 2709 est
2659 2645 2917 2711 refectio
2945 2648 3199 2728 mentis,
3229 2667 3429 2733 quam
3455 2654 3731 2718 ventris.

2396 2748 2610 2817 Tertio
2635 2751 2973 2818 miseretur
3012 2772 3205 2839 super
3228 2758 3488 2825 turbam
3513 2760 3857 2826 habentem

2315 2858 2707 2942 tepiditatem
2778 2862 3066 2943 ignaviae
3091 2911 3115 2945 ,
3188 2883 3331 2931 eam
3400 2867 3857 2936 inflammando

2316 2965 2778 3033 oblectamento
2821 2972 3288 3038 sacramentali.
3336 2974 3514 3042 Unde
3559 2979 3636 3042 in
3685 2977 3854 3044 Psal-

2320 3073 2444 3139 mis
2477 3076 2500 3112 ⁸
2545 3096 2560 3138 ε
2611 3099 2643 3139 α
2678 3075 3030 3143 Misericors
3067 3083 3134 3145 et
3173 3081 3513 3150 miserator
3551 3085 3857 3151 Dominus

2320 3199 2531 3247 escam
2575 3182 2748 3249 dedit
2789 3186 3166 3252 timentibus
3206 3208 3299 3255 se.
3341 3212 3373 3252 n
3424 3192 3760 3259 Miserator
3797 3195 3857 3259 et

2320 3288 2679 3354 misericors
2719 3289 3028 3358 Dominus
3058 3311 3270 3360 escam
3303 3298 3547 3381 proprii
3584 3300 3857 3384 corporis

2323 3396 2446 3461 sub
2487 3397 2693 3480 specie
2727 3399 2910 3482 panis
2949 3401 3121 3466 dedit
3161 3402 3456 3470 fidelibus
3490 3406 3855 3473 timentibus

2326 3521 2396 3569 se
2436 3503 2669 3570 timore
2708 3505 2918 3570 filialis
2969 3510 3378 3590 reverentiae,
3404 3510 3428 3547 '¹
3464 3535 3497 3574 α
3520 3512 3855 3580 habentem

2323 3628 2517 3676 omne
2564 3611 3093 3681 delectamentum
3110 3663 3133 3696 ,
3192 3621 3258 3682 et
3304 3636 3568 3686 omnem
3626 3622 3856 3706 saporis

2328 3719 2709 3785 suavitatem
2742 3742 2759 3784 :
2790 3742 2822 3782 ι
2856 3724 3044 3806 quus
3084 3727 3287 3806 gustu
3312 3726 3531 3794 anima
3558 3733 3742 3796 tanto
3759 3747 3854 3795 ar-

2328 3826 2483 3893 dore
2518 3828 2913 3912 accenditur,
2952 3834 3027 3895 ut
3068 3831 3389 3899 destructa
3422 3838 3605 3902 omni
3642 3837 3856 3922 tepidi-

2329 3938 2491 4014 tate,
2535 3939 2601 4000 et
2632 3936 2809 4000 omni
2843 3937 3238 4019 carnalitate,
3277 3940 3398 4006 soli
3432 3941 3577 4009 cibo
3616 3946 3721 4012 isti
3757 3960 3856 4028 pet

2331 4060 2617 4108 amorem
2643 4043 2927 4123 uniatur,
2958 4048 3022 4109 et
3045 4043 3115 4109 in
3154 4063 3305 4111 eum
3344 4056 3778 4130 convertatur,
3804 4051 3859 4113 et

2330 4151 2486 4215 tunc
2523 4153 2759 4232 gustus
2788 4149 2926 4234 (b),
2879 4149 2903 4186 ⁸
2955 4151 3261 4235 quoniam
3292 4156 3507 4222 suavis
3540 4163 3639 4225 est
3662 4156 3857 4224 Domi·

2334 4275 2491 4339 nus,
2533 4258 2897 4341 experitur,
2941 4258 3319 4342 quomodo·
3360 4284 3393 4324 ι
3427 4265 3689 4347 spiritus
3728 4267 3858 4348 ejus

2335 4383 2529 4449 super
2553 4365 2683 4430 mel
2705 4364 2933 4446 dulcis,
2952 4386 2984 4426 ι
3019 4370 3082 4431 et
3108 4369 3587 4451 comprehendit
3608 4369 3856 4440 sensibi-

2335 4472 2551 4538 liter¹⁰
2553 4495 2645 4553 ,ι
2668 4491 2864 4556 quam
2892 4491 3136 4557 magna
3158 4476 3500 4544 multitudo
3526 4476 3856 4548 dulcedinis

2337 4597 2487 4663 quae
2512 4579 2921 4646 absconditur
2946 4602 2978 4642 ι
3020 4582 3089 4647 111
3116 4581 3236 4649 isto
3274 4590 3669 4652 sacramento
3691 4600 3850 4652 amo·

2336 4703 2448 4751 ns.

2418 4791 2632 4858 Tertio
2668 4791 2739 4857 in
2765 4794 2962 4860 verbo
2989 4798 3309 4881 proposito
3348 4803 3611 4868 notatur
3648 4802 3853 4881 longa·

2338 4901 2597 4967 nimitas
2621 4906 3108 4987 perseverantiae
3136 4908 3559 4991 impetrantis,
3586 4927 3732 4977 cum
3753 4923 3847 4970 su·

2340 5007 2700 5074 binsertur:
2743 5011 2904 5093 quia
2936 5026 3067 5080 coco
3098 5012 3245 5096 ,iam
3286 5015 3508 5085 triduo
3550 5016 3850 5086 sustinent

2342 5133 2460 5182 me.
2511 5115 2607 5180 Illi
2648 5117 2991 5199 impetrant
3034 5121 3412 5189 beneficium
3465 5144 3506 5191 a
3550 5125 3706 5205 Deo,
3752 5116 3845 5203 (11¹i

2345 5277 2643 5413 affingat.
2677 5277 2800 5329 east.
2838 5279 3049 5336 meus.
3081 5310 3135 5321 -
3182 5284 3256 5351 (ὁ)
3283 5285 3434 5340 rone
3472 5286 3572 5356 ιη.
3610 5288 3750 5352 guam
3781 5275 3848 5333 vel
