4059 6317
689 447 811 511 428

690 580 800 645 bet
814 577 1248 645 hareditatem
1263 578 1332 643 in
1350 596 1557 661 regno
1576 578 1708 645 Dei.
1735 601 1767 641 »
1802 577 1953 646 Tela
1970 596 2226 645 araneae

690 687 1166 751 instabilitatem
1180 686 1626 770 temporalium
1640 687 1963 769 significat
1982 706 2000 753 t
2020 688 2226 753 multo

690 794 864 858 enim
889 792 1105 858 labore
1133 794 1392 871 texitur,
1429 794 1612 859 facile
1656 794 2027 874 destruitur,
2058 795 2226 859 sicut

690 900 1088 982 temporalia.
1123 899 1301 965 Unde
1329 901 1506 966 avari
1524 906 1675 967 sunt
1698 920 1950 967 araneae
1967 901 2224 967 diaboli.

692 1007 787 1072 Ad
818 1007 1082 1073 modum
1107 1008 1281 1072 enim
1304 1026 1711 1090 aranearum,
1741 1009 1994 1092 quando
2033 1008 2228 1074 telam

690 1113 1138 1199 temporalium
1182 1120 1572 1198 componunt
1610 1116 1915 1197 exterius,
1956 1133 2025 1180 se
2065 1115 2230 1182 evis-

691 1228 907 1289 cerant
936 1222 1227 1288 interius.
1260 1222 1365 1289 Sic
1390 1224 1570 1289 ava-ri
1596 1224 1853 1307 quando
1878 1224 2037 1289 telas
2061 1227 2229 1289 tem-

690 1329 1008 1413 poralium
1038 1336 1450 1413 componunt,
1479 1336 1747 1398 ventum
1772 1331 2029 1415 quidem
2056 1335 2232 1416 cupi·

692 1437 903 1502 ditatis
936 1455 1050 1520 per
1076 1456 1340 1520 usuras,
1380 1457 1495 1522 per
1540 1438 1816 1527 rapinas,
1865 1457 1977 1522 per
2016 1438 2230 1505 illicita

692 1544 872 1610 lucra
898 1546 1249 1628 seminant3
1289 1547 1400 1613 sed
1445 1547 1767 1612 turbinem
1806 1546 2231 1612 damnationis

694 1656 954 1719 metent.

772 1758 863 1824 De
890 1763 1118 1842 quarto
1143 1764 1200 1824 ¹:
1227 1783 1259 1822 α
1286 1759 1972 1843 Seminantijustitiam
1993 1782 2232 1830 meroes

697 1866 922 1947 fidelis,
954 1886 986 1926 n
1018 1867 1321 1949 docendo,
1350 1870 1691 1952 operando,
1717 1870 2081 1953 judicando.
2117 1871 2234 1938 Se-

697 1973 999 2039 minanda
1034 1979 1130 2039 881
1158 1975 1428 2057 justitia,
1476 1980 1551 2041 ut
1577 1978 1751 2060 justa
1785 1979 1867 2044 sit
1908 1979 2229 2058 doctrina,

692 2084 869 2165 justa
894 2083 1048 2161 vita,
1069 2084 1237 2147 bona
1253 2083 1626 2167 temporalia
1644 2086 1817 2167 justa
1842 2085 1922 2171 (α)
1939 2092 2092 2153 sunt
2116 2107 2233 2172 pro

691 2189 960 2272 justitia.
1011 2190 1148 2268 Quo
1189 2190 1377 2256 modo
1419 2196 1633 2256 autem
1678 2191 2059 2274 seminares,
2110 2194 2232 2258 nisi

699 2297 881 2380 prius
920 2315 1133 2363 arares
1162 2303 1189 2363 *ἓ
1216 2304 1240 2340 ¹
1272 2321 1304 2360 α
1348 2298 1571 2363 Ambit
1607 2300 1830 2380 Judas,
1873 2302 2235 2384 confringet

701 2402 829 2467 sibi
854 2404 1061 2469 sulcos
1087 2405 1301 2471 Jacob.
1329 2404 1653 2472 Seminate
1670 2406 1851 2471 vobis
1868 2407 1938 2472 in
1965 2408 2234 2475 veritate

693 2511 1011 2593 Justitiam
1055 2511 1156 2594 (b),
1188 2516 1253 2577 et
1287 2513 1504 2579 metite
1528 2513 1598 2577 in
1624 2532 1735 2580 ore
1761 2514 2230 2597 misericordiae,

702 2617 1001 2683 innovate
1038 2618 1221 2683 vobis
1256 2620 1508 2686 novale.
1562 2619 1842 2705 Tempus
1875 2626 2089 2687 autem
2137 2641 2236 2689 re-

703 2725 997 2807 quirendi
1022 2725 1388 2807 Dominum,
1420 2728 1532 2810 qui
1559 2747 1709 2793 cum
1733 2730 2002 2810 venerit,
2043 2731 2231 2795 doce—

705 2831 798 2895 bit
823 2850 938 2897 vos
947 2831 1282 2914 justitiam.
1311 2833 1548 2898 Arastis
1567 2835 1978 2919 impietatem,
1999 2835 2235 2921 iniqui-

704 2941 899 3003 tatem
941 2939 1325 3020 messuistis,
1374 2941 1727 3006 comedistis
1765 2944 2023 3025 frugem
2063 2963 2236 3010 men-

706 3047 863 3113 dacii
876 3068 938 3112 .»
973 3048 1007 3114 J
1009 3048 1167 3113 udas
1193 3050 1500 3132 confitens
1527 3049 1999 3134 interpretatur.
2035 3050 2237 3117 Confi-

705 3160 845 3219 tens
881 3171 1043 3236 ergo
1089 3160 1255 3237 arat,
1317 3157 1474 3222 dum
1517 3176 1778 3224 vomere
1824 3160 2236 3225 confessionis

706 3263 906 3345 aperit
927 3265 1165 3332 terram
1206 3264 1428 3330 cordis.
1467 3264 1645 3330 Unde
1672 3268 2071 3348 Augustinus
2097 3269 2238 3351 qui·

706 3370 974 3436 busdam
1001 3370 1091 3435 ait
1118 3377 1188 3413 ⁸·
1171 3395 1248 3436 ,α
1277 3372 1509 3437 Semen
1535 3373 1741 3439 seritis
1764 3374 2005 3440 devotis
2029 3375 2235 3441 cordi-

705 3477 866 3554 bus,
917 3482 1226 3561 tanquam
1254 3478 1497 3544 sulcata
1547 3480 1942 3548 invenientes
1981 3487 2238 3567 pectora

704 3589 922 3650 nostra
944 3590 1156 3651 aratro
1175 3586 1602 3652 confessionis.
1631 3611 1662 3648 ι)
1695 3589 2104 3673 Contringere
2128 3610 2238 3657 au-

705 3698 836 3759 tem
865 3694 1261 3760 contritionis
1287 3702 1383 3759 est
1412 3717 1428 3759 :
1459 3696 1696 3778 frangit
1734 3699 1907 3762 enim
1944 3701 2236 3765 contritio

705 3800 1005 3866 duritiam
1030 3801 1257 3867 cordis.
1292 3801 1522 3868 Deinde
1539 3803 1908 3869 seminanda
1924 3809 2020 3869 est
2039 3807 2237 3890 justi-

703 3908 862 3973 titia.
913 3908 1181 3991 Legitur
1222 3909 1397 3974 enim
1436 3910 1506 3973 in
1542 3912 1837 3993 praesenti
1883 3910 2237 3996 Evangelio

701 4032 920 4080 semen
947 4017 1210 4098 aruisse,
1237 4018 1410 4101 quod
1436 4018 1776 4084 humorem
1800 4037 1933 4085 non
1958 4019 2186 4086 habuit
2214 4044 2229 4088 z

701 4120 843 4185 ideo
869 4120 1143 4187 humore
1172 4125 1401 4205 gratiae
1430 4128 1494 4188 et
1507 4123 1937 4208 lacrymarum
1962 4127 2235 4209 riganda

699 4232 850 4295 sunt
866 4229 1110 4294 semina
1125 4230 1444 4296 bonorum
1471 4250 1759 4314 operum.
1777 4256 1808 4293 ι)
1844 4233 1868 4269 ”
1892 4232 2234 4301 Effundam

659 4380 668 4390 -
701 4353 897 4418 aquas
924 4339 997 4417 (8)
1037 4354 1229 4418 super
1263 4338 1613 4419 sitientem,
1654 4343 1720 4404 et
1762 4331 2004 4407 fluenta
2047 4361 2237 4425 super

701 4442 968 4507 aridam.
1020 4441 1356 4507 Effundam
1415 4443 1710 4526 spiritum
1766 4463 1984 4512 meum
2046 4467 2237 4533 super

702 4567 919 4614 semen
949 4552 1163 4614 tuum.
1190 4570 1222 4610 n
1253 4549 1304 4615 E
1330 4552 1648 4616 contrario
1671 4552 1896 4636 injusti
1920 4556 2239 4622 seminant

702 4674 919 4722 semen
963 4657 1311 4740 iniquitatis
1353 4665 1415 4723 et
1459 4657 1714 4741 injuriae
1737 4659 1760 4695 ⁸
1793 4683 1808 4726 ε
1844 4683 1875 4723 c
1918 4662 2042 4727 Sex
2088 4668 2239 4729 sunt

702 4781 850 4846 quae
875 4764 1008 4829 odit
1033 4763 1373 4844 DominuS‚
1403 4769 1467 4830 et
1508 4767 1853 4848 septimum
1891 4768 2237 4836 detestatur

701 4871 915 4935 anima
943 4871 1117 4952 ejus:
1141 4872 1358 4937 oculos
1381 4872 1710 4951 sublimeS,
1740 4873 2034 4956 linguam
2057 4896 2236 4942 men-

702 4977 918 5043 dacem
937 5024 957 5054 ,
1007 4996 1236 5043 manus
1273 4979 1672 5045 effundentes
1718 4981 2058 5047 innoxium
2099 5002 2238 5051 san-

703 5085 991 5166 guinem,
1021 5102 1130 5150 cor
1167 5085 1538 5152 machinans
1581 5088 2001 5169 cogitationes
2041 5095 2238 5175 pessi·

763 5209 1333 5273 ¹v-Pro,xi‚18.²—
1366 5210 1499 5273 Oce„
1526 5215 1908 5277 x,-.1113—⁸
1934 5216 2237 5281 August.—

700 5281 870 5345 41318,
912 5281 1481 5347 xL1v‚3..,-—⁸Prov
1515 5283 2234 5354 v117-L2ae„v1n‚.8

700 5326 2235 5426 -’Gen..111,19.—⁸Greg„i.n8vanq,hom.xxx‚

699 5437 755 5476 n.
787 5431 835 5475 2.
854 5425 1123 5491 —0Luc.‚
1151 5427 1543 5492 xxu,.44-¹⁸
1571 5427 1752 5492 Booti„
1776 5433 2211 5493 x‚.9—¹¹Ge.

1784 443 2199 513 SERMONES
2239 445 2341 512 DE
2380 441 2769 512 TEMPORE.
2888 475 2895 482 ·

2330 598 2491 661 mas,
2520 581 2710 665 pedes
2733 579 3073 647 velocesad
3099 581 3493 648 currendum
3506 582 3577 648 in
3593 583 3853 666 malum,

2328 690 2754 773 proferentem
2795 690 3125 756 mendacia
3166 695 3390 758 testem
3434 692 3717 759 fallacem
3734 740 3752 773 ,
3796 697 3860 759 et

2330 816 2481 863 eum
2508 798 2622 882 qui
2663 797 2933 863 seminat
2968 798 3135 865 inter
3168 800 3395 865 fratres
3424 800 3792 881 discordias,
3820 822 3852 860 n

2330 903 2453 969 hoc
2482 907 2597 984 est,
2630 904 2979 987 pessimum
2994 923 3213 971 semen
3236 908 3685 973 detractorum.
3707 906 3862 972 Ecce

2329 1010 2399 1075 in
2423 1011 2740 1094 praedictis
2781 1012 2993 1077 verbis
3032 1010 3334 1079 Salomon
3375 1015 3674 1079 describit
3709 1015 3863 1081 vitia

2331 1118 2662 1184 oculorum
2681 1168 2699 1199 ‚
2747 1137 3091 1200 manuum,
3143 1121 3377 1204 pedum
3391 1170 3410 1201 ‚
3459 1122 3668 1188 cordis
3680 1169 3702 1202 ,
3740 1122 3860 1186 lin-

2332 1243 2486 1308 guae
2517 1247 2534 1289 ι
2577 1226 2914 1309 cuiuslibet
2937 1246 3146 1292 unum
3172 1229 3436 1307 vitium,
3467 1228 3670 1294 solius
3713 1246 3866 1294 vero

2331 1333 2579 1416 linguae
2618 1332 3064 1398 infelicissimae
3100 1335 3226 1399 tria
3258 1334 3415 1400 vitia
3461 1335 3864 1416 describens,

2332 1440 2645 1520 videlicet,
2680 1439 3105 1519 mendacium,
3135 1441 3365 1507 falsum
3405 1442 3866 1524 testimonium,

2333 1546 2665 1614 discordiae
2689 1547 3160 1613 seminatorem.

2867 1729 3159 1801 SERMO
3213 1731 3333 1804 l'V.

2415 1872 2622 1940 Aliud
2637 1872 2870 1941 cecidit
2895 1875 2971 1940 in
2997 1879 3232 1942 terram
3259 1874 3557 1942 bonam.
3508 1880 3534 1916 ⁸
3590 1872 3877 1952 Quadru-
3934 1885 4051 1928 τοπι

2337 1978 2485 2063 plex
2511 1985 2606 2046 est
2638 1985 2811 2047 terra
2849 1981 3065 2046 bona.
3099 1982 3466 2063 materialis,
3508 1982 3873 2066 virginaliS,
3910 2008 4059 2065 quan

2335 2087 2704 2171 spiritualis,
2730 2088 3068 2154 aeternalis.

2415 2194 2504 2259 De
2531 2195 2838 2260 materiali
2863 2195 2926 2232 ⁷·
2910 2218 2991 2261 ,α
3007 2195 3080 2260 In
3095 2195 3326 2261 sudore
3342 2195 3561 2262 vultus
3577 2195 3703 2275 tui,
3717 2199 3875 2262 tete.

2338 2302 2471 2367 Hoc
2510 2305 2608 2367 est
2647 2306 2866 2368 contra
2918 2302 3324 2367 otiositatem.
3370 2302 3724 2385 Gregorius
3777 2303 3802 2338 ⁸
3858 2326 3875 2368 z

2346 2432 2379 2471 α
2401 2408 2744 2492 Nunquam
2772 2413 2868 2475 est
2890 2428 3074 2475 amor
3100 2409 3208 2476 Dei
3243 2411 3506 2490 otiosus,
3547 2431 3580 2471 n
3613 2413 3738 2476 etc.
3770 2409 3882 2475 Li-

2338 2516 2558 2582 benter
2578 2517 2875 2583 sudorem
2916 2516 3214 2583 laborum
3252 2535 3370 2600 pro
3410 2517 3520 2583 illo
3561 2519 3880 2583 sustinea-

2337 2643 2506 2705 mus,
2557 2622 2667 2707 qui
2705 2642 2824 2708 pro
2867 2625 3056 2690 nobis
3096 2624 3350 2690 sudavit
3392 2625 3784 2707 sanguinem
3808 2624 3832 2659 ⁹
3865 2646 3883 2689 ε

2348 2731 2632 2798 «Factus
2669 2735 2765 2798 est
2795 2734 2988 2799 sudor
3023 2735 3193 2816 ejus,
3238 2753 3270 2793 n
3312 2736 3434 2800 etc.
3476 2732 3881 2815 Sequitur⁷2

2348 2863 2380 2902 α
2406 2839 2614 2905 Donec
2640 2840 2982 2906 revertaris
3006 2842 3089 2906 ad
3114 2844 3374 2919 terram,
3402 2840 3481 2904 de
3507 2857 3634 2922 qua
3662 2855 3887 2921 sump—

2337 2952 2444 3013 tus
2460 2964 2585 3012 es.»
2612 2946 2727 3012 Hic
2744 2946 3144 3030 reprehendit
3162 2945 3530 3030 superbiam
3544 2946 3592 2982 ¹·
3613 2967 3629 3010 ε
3661 2968 3695 3007 ι
3716 2945 3886 3023 Quid

2339 3055 2658 3138 superbis,
2686 3058 2860 3120 terra
2898 3057 2961 3118 et
3005 3051 3263 3117 818181»
3301 3052 3522 3118 Merito
3561 3052 3743 3118 enim
3769 3053 3881 3119 de-

2339 3163 2446 3228 bet
2462 3180 2599 3228 esse
2617 3164 2960 3246 subjectus,
2983 3163 3097 3246 qui
3117 3162 3196 3227 de
3214 3164 3405 3244 terra,
3425 3180 3572 3246 quae
3584 3163 3886 3229 omnium

2340 3270 2611 3352 pedibus
2634 3270 3067 3351 conculcatur,
3091 3274 3186 3333 est
3208 3273 3595 3352 assumptus.

2423 3377 2510 3442 De
2537 3378 2858 3460 virginali,
2905 3396 3053 3462 quae
3083 3381 3180 3444 est
3215 3379 3401 3443 beata
3435 3377 3631 3460 Virgo
3657 3377 3882 3457 Maria,

2342 3483 2569 3548 dicitur
2584 3485 2664 3522 ¹²·
2649 3507 2728 3548 ,α
2747 3483 2916 3550 Fons
2940 3485 3313 3550 ascendebat
3340 3487 3418 3550 de
3434 3489 3685 3549 terra.»
3714 3484 3887 3550 Fons

2343 3588 2629 3655 Christus
2659 3595 2774 3656 est.
2807 3590 3102 3657 Psalmus
3129 3594 3172 3636 ¹²
3206 3614 3222 3658 ε
3264 3592 3523 3658 «sitivit
3553 3593 3775 3657 anima
3807 3593 3890 3657 ad

2343 3696 2547 3761 Deum
2607 3699 2847 3765 fontem
2901 3700 2984 3783 (d)
3030 3700 3279 3767 vivum.
3313 3723 3345 3762 α
3399 3699 3750 3782 Gregorius
3771 3699 3821 3738 ¹⁸
3865 3720 3882 3763 ε

2352 3827 2384 3866 α
2422 3804 2596 3871 Bone
2638 3806 2791 3872 Jesu
2810 3854 2829 3885 ‚
2889 3808 3031 3873 fons
3078 3808 3446 3873 indeficiens
3489 3810 3553 3872 et
3593 3806 3887 3871 humana

2343 3912 2534 3977 corda
2559 3913 2872 3995 reficiens,
2902 3915 2984 3980 ad
3006 3918 3069 3980 te
3086 3934 3296 3995 curro,
3319 3919 3381 3980 te
3399 3914 3609 3979 solum
3634 3912 3880 3992 8111888,

2343 4023 2415 4082 111
2442 4019 2614 4084 88188
2638 4021 2798 4086 mihi
2826 4040 2896 4086 es
2932 4022 3274 4087 sufficienS.
3307 4043 3338 4083 n
3374 4021 3548 4089 Fons
3586 4018 3887 4087 ascende-

2343 4128 2449 4196 but
2473 4129 2553 4197 de
2578 4138 2773 4213 terra,
2799 4133 3057 4216 quando
3084 4131 3369 4198 Christus
3394 4133 3779 4198 nascebatur
3805 4130 3886 4196 de

2346 4234 2568 4302 Maria.
2601 4238 2683 4303 De
2719 4258 2850 4323 qua
2888 4241 3102 4304 terra?
3128 4238 3174 4275 ¹⁸
3213 4263 3246 4302 α
3270 4237 3468 4305 Τ8ιϊ8
3506 4238 3616 4303 1118
3640 4238 3886 4304 inculta

2341 4342 2507 4408 faeta
2532 4350 2631 4410 est
2654 4345 2832 4411 velut
2859 4345 3084 4410 hortus
3110 4343 3474 4430 voluptatis.
3503 4367 3535 4405 n
3560 4343 3761 4410 Terra
3782 4345 3882 4409 in-

2342 4450 2511 4516 culta
2536 4455 2630 4517 est
2660 4451 2857 4517 Maria
2888 4451 3087 4535 Virgo
3115 4452 3347 4517 intacta
3363 4500 3381 4531 ,
3411 4457 3476 4517 et
3507 4456 3721 4516 tamen
3758 4452 3883 4517 foe-

2343 4559 2575 4625 cunda.
2597 4558 2670 4623 ln
2689 4560 2810 4624 hoc
2827 4558 3015 4623 horto
3028 4559 3259 4624 herbas
3282 4558 3619 4640 virtutum,
3650 4557 3882 4624 flores-

2342 4684 2469 4748 que
2493 4667 2938 4748 exemplorum
2964 4666 3366 4748 colligamus.
3382 4666 3429 4703 ¹⁸
3458 4688 3491 4728 α
3510 4665 3726 4732 Flores
3753 4667 3882 4732 mei

2344 4772 2588 4837 fructus
2612 4772 2901 4837 honoris.
2930 4793 2962 4832 n

2426 4881 2512 4946 De
2537 4880 2846 4964 spirituali
2864 4927 2887 4961 ,
2916 4900 3064 4965 quae
3103 4884 3199 4946 est
3224 4900 3332 4947 cor
3357 4881 3750 4964 humanum,
3776 4885 3883 4952 vel

2343 4987 2586 5067 anima,
2614 4987 2847 5054 dicitur
2870 4990 2937 5053 in
2958 4988 3081 5054 hoc
3097 4987 3447 5072 Evangelio
3459 4988 3537 5053 ¹⁸:
3565 4991 3751 5070 Quod
3768 5009 3881 5060 au-

2345 5197 2404 5250 11,
2427 5190 2478 5237 63
2500 5212 2562 5225 —
2583 5186 2624 5222 1²
2644 5185 2784 5237 Psal.
2803 5198 2913 5250 xm,
2934 5188 2982 5238 3.
3005 5213 3069 5225 -
3098 5186 3138 5222 ¹⁸
3157 5188 3388 5254 (888.-
3413 5188 3457 5225 ¹⁸
3477 5188 3677 5255 ezech„
3699 5202 3877 5256 xxxv,

2346 5259 2427 5308 35.
2461 5283 2517 5293 -
2540 5257 2584 5294 ¹⁸
2609 5256 2791 5323 Eecli„
2818 5269 2966 5322 xxrv,
2989 5260 3068 5309 23.
3091 5285 3157 5298 —
3182 5259 3223 5295 ²⁸
3247 5259 3384 5323 Luc„
3410 5270 3526 5326 vm,
3552 5262 3602 5313 8.

2408 5364 2476 5430 (a)
2518 5365 2640 5430 Leq.
2667 5364 2850 5417 sint.—
2872 5364 2944 5431 (ὁ)
2969 5365 3115 5432 Vulq.
3147 5364 3201 5418 in
3224 5366 3431 5432 Justitia.
3452 5394 3507 5406 —
3523 5367 3581 5434 (c)
3612 5369 3735 5421 Goet.
3752 5369 3874 5422 odie.

2343 5448 2546 5501 aquam.
2570 5462 2634 5475 —
2661 5435 2734 5502 (d)
2769 5437 2913 5504 Vutq.
2937 5436 3144 5489 fortem.
