4059 6317
874 429 1256 498 DOMINiCA
1295 427 1406 496 XV
1443 425 1641 493 POST
1684 424 2266 497 PENTECOSTEN.
2311 425 2725 512 SERMOJIV.

196 566 361 632 nitas
395 568 704 631 remanet.
752 566 870 644 Qui
907 571 1124 632 autem
1170 565 1240 628 in
1284 562 1743 628 consuetudine

194 673 481 758 peccavit
506 674 889 754 vivificatus,
922 675 1166 757 ligatus
1203 677 1321 751 est,
1369 670 1523 754 quia
1553 669 1744 733 habet

194 798 503 862 magnam
533 783 914 865 pronitatem
939 783 1019 849 ad
1048 781 1294 847 malum
1323 784 1385 844 et
1412 769 1745 844 difficulta-

192 891 324 953 tem
345 889 426 953 ad
454 889 717 955 bonum.
1554 961 1570 978 ⁸

274 994 511 1076 Tertio,
557 996 625 1059 in
668 996 866 1062 verbo
907 995 1227 1080 proposito
1254 997 1516 1059 notatur
1539 991 1747 1056 laudis

196 1104 624 1186 amplificam,
657 1107 972 1187 quantum
998 1104 1079 1169 ad
1104 1102 1526 1168 reverentiam
1563 1117 1747 1163 crea-

197 1211 374 1276 tricis
397 1211 747 1294 sapientiae,
772 1229 922 1276 cum
950 1211 1261 1276 subinfert
1292 1229 1309 1273 ε
1340 1209 1598 1290 Accepit
1623 1222 1741 1273 au-

199 1324 328 1385 tem
362 1333 576 1386 omnes
612 1321 829 1397 timor,
876 1325 937 1386 et
980 1316 1486 1401 maqnificabant
1523 1315 1741 1380 Deum.

199 1427 312 1494 Est
335 1428 505 1492 enim
539 1431 906 1492 reverenter
936 1424 1449 1508 magnificandus
1477 1421 1643 1487 Deus
1669 1422 1747 1486 de

201 1555 391 1620 opere
431 1536 840 1601 recreationis
859 1582 877 1613 ,
926 1554 1003 1600 eo
1046 1533 1219 1617 quod
1254 1536 1349 1597 est
1385 1532 1592 1615 primo
1635 1531 1746 1596 de-

201 1644 578 1710 clarativum
609 1643 910 1727 potentiae
937 1643 1007 1706 in
1035 1641 1383 1724 dejectione
1417 1639 1615 1704 hostis
1640 1656 1749 1702 an·

200 1753 367 1836 tiqui
390 1773 408 1831 ;
447 1753 723 1818 secundo
750 1751 1289 1816 manifestativum
1317 1747 1644 1830 sapientise
1676 1748 1747 1810 in

202 1860 589 1925 revelatione
614 1859 892 1924 hominis
922 1856 1254 1941 prostrati;
1284 1858 1471 1920 tertio
1494 1870 1749 1937 expres-

201 1969 416 2033 sivum
473 1967 918 2032 misericordiae
977 1965 1046 2028 in
1104 1963 1404 2028 missione
1474 1960 1749 2045 Spiritus

201 2076 424 2140 sancti.
482 2074 561 2139 Et
614 2078 872 2157 propter
919 2073 1043 2136 hoc
1107 2071 1414 2136 debemus
1484 2069 1750 2133 laudare

201 2182 405 2248 Deum
429 2183 509 2247 de
540 2199 732 2265 opere
767 2179 1209 2256 recreationis3
1247 2177 1421 2261 quod
1447 2176 1514 2239 in
1542 2176 1748 2240 refor-

201 2290 484 2355 matione
523 2293 588 2354 et
622 2287 1097 2353 resuscitatione
1136 2285 1309 2349 illius
1338 2283 1751 2349 adolescentis

203 2398 502 2479 signatur
520 2415 538 2460 ε
557 2400 697 2461 tum
713 2395 864 2477 quia
880 2412 997 2459 sua
1016 2394 1097 2476 (a)
1114 2393 1509 2458 virtuositate
1521 2396 1749 2475 poten-

202 2505 311 2570 tiae
346 2505 575 2586 deJecit
620 2503 941 2568 crudelem
983 2505 1373 2584 tyrannum3
1417 2506 1558 2565 tum
1596 2499 1752 2583 quia

202 2631 324 2676 sua
351 2612 435 2694 (a)
471 2611 817 2692 sagacitate
836 2609 1166 2693 sapientiae
1193 2608 1502 2674 relevavit
1539 2606 1753 2671 homi-

201 2737 353 2783 nem
370 2722 783 2802 prostratum;
799 2722 939 2782 tum
959 2718 1110 2801 quia
1127 2736 1246 2782 sua
1262 2717 1340 2799 (a)
1357 2715 1754 2796 benignitate

203 2825 560 2891 clementiae
604 2825 778 2888 misit
808 2824 888 2888 ad
915 2842 1033 2888 nos
1079 2823 1385 2907 Spiritum
1431 2828 1749 2888 sanctum.

286 2933 507 2999 Primo
551 2931 1055 3013 magnificabant
1091 2931 1297 2995 Deum
1325 2931 1403 2995 de
1431 2949 1623 3014 opere
1647 2949 1751 2995 re·

203 3039 544 3105 creationis
561 3087 583 3118 ,
630 3042 893 3122 propter
945 3037 1410 3102 virtuositatem
1453 3038 1751 3120 potentiae

205 3147 274 3211 in
304 3146 651 3231 dejectione
676 3144 873 3209 hostis
900 3144 1149 3228 antiqui
1172 3164 1188 3223 ;
1226 3148 1291 3209 et
1313 3145 1437 3210 hoc
1462 3149 1555 3210 est
1580 3146 1751 3229 quod

204 3254 360 3319 dicit
375 3254 558 3318 beata
583 3250 788 3333 Virgo
817 3252 838 3287 ²
872 3272 888 3315 :
931 3274 961 3312 a
988 3250 1352 3332 Magnificat
1367 3254 1585 3318 anima
1606 3273 1753 3319 mea

203 3361 576 3426 Dominum.
601 3380 632 3419 n
667 3358 747 3423 Et
772 3359 1065 3442 sequitur
1094 3380 1110 3422 ε
1140 3380 1172 3420 α
1202 3358 1376 3424 Fecit
1401 3362 1749 3443 potentiam

203 3469 276 3534 in
316 3467 581 3533 brachio
622 3485 739 3531 suo
759 3515 776 3544 ‚
825 3467 1121 3549 dispersit
1173 3467 1484 3549 superbos
1537 3473 1751 3534 mente

204 3575 415 3641 cordis
436 3574 563 3639 sui.
582 3595 615 3633 n
636 3572 839 3656 Virgo
855 3573 1134 3655 gloriosa
1145 3578 1277 3639 toto
1295 3574 1525 3660 affectu
1547 3581 1753 3640 osten·

205 3682 303 3748 dit
329 3701 398 3749 se
426 3682 688 3747 laudare
714 3681 1000 3746 divinam
1018 3680 1323 3747 virtutem
1348 3682 1423 3763 (b)
1445 3683 1752 3747 beneflcio

204 3788 687 3868 incarnationis,
719 3807 870 3853 cum
898 3787 1085 3854 dicit:
1112 3788 1499 3871 Magnificac
1526 3791 1753 3856 anima

205 3913 353 3964 mea
365 3897 709 3963 Dominum
729 3916 752 3967 ‚·
778 3895 1004 3960 deinde
1023 3895 1228 3960 reddit
1246 3897 1581 3977 rationem,
1600 3917 1752 3962 cum

206 4005 425 4069 subdit
456 4005 686 4071 :Fecit
722 4005 1082 4086 potentiam
1121 4004 1198 4070 in
1235 4002 1490 4071 brachio
1518 4020 1656 4082 suo,
1687 4006 1752 4071 id

209 4117 331 4190 est,
358 4112 429 4175 in
456 4110 615 4176 Filio
646 4133 662 4176 z
694 4111 1001 4193 dispersit
1043 4109 1343 4194 superbos
1383 4117 1586 4179 mente
1612 4128 1749 4179 cor-

206 4219 323 4287 dis
348 4220 479 4300 sui,
510 4219 577 4284 id
603 4223 734 4297 est,
765 4217 1090 4283 diabolum
1139 4223 1204 4282 et
1246 4222 1386 4300 ejus
1426 4237 1750 4301 sequaces,

204 4327 325 4410 qui
350 4329 564 4391 mente
590 4326 797 4391 cordis
819 4325 921 4390 sui
952 4325 1308 4409 superbivit
1333 4326 1402 4388 in
1430 4326 1753 4392 intellectu

205 4453 327 4519 per
352 4434 943 4519 praesumptionem,
973 4432 1129 4497 etin
1157 4432 1390 4497 affectu
1413 4451 1528 4516 per
1553 4434 1754 4497 ambi-

205 4544 479 4608 tionem.
509 4540 622 4608 Vel
637 4541 950 4624 dispersit
978 4541 1278 4623 superbos
1303 4547 1512 4607 mente
1537 4541 1753 4607 cordis

204 4653 343 4730 sui,
375 4668 523 4715 cum
568 4667 649 4714 ex
677 4648 1052 4714 diffinitione
1097 4648 1345 4714 consilii
1380 4649 1480 4712 sui
1508 4648 1748 4713 daemo·

204 4775 330 4822 nes
357 4755 794 4840 superbientes
817 4754 1067 4835 dejecit.
1095 4753 1218 4819 Ista
1242 4759 1458 4819 autem
1484 4755 1751 4836 dejectio

204 4863 541 4929 diabolicae
568 4861 983 4942 crudelitatis,
1010 4879 1121 4943 per
1142 4880 1338 4944 quam
1360 4867 1653 4927 tenemur
1672 4861 1754 4928 ad

205 4968 798 5054 magnificationem
854 4968 1092 5033 divinae
1128 4969 1584 5048 virtuositatis,
1633 4969 1757 5035 tuit

205 5081 496 5162 figurata
532 5075 606 5141 in
631 5076 978 5159 dejectione
1000 5076 1371 5160 aegyptiacae
1399 5077 1747 5160 potestatis,

280 5279 462 5343 vtae„
510 5289 559 5341 ι,
601 5279 682 5341 ⁴6,
719 5279 797 5327 51.
829 5301 891 5315 —
931 5277 953 5310 ¹
993 5276 1173 5338 Exod„
1208 5288 1294 5341 xv,
1326 5279 1428 5328 6-7.
1467 5305 1529 5317 -
1565 5279 1587 5314 ⁸
1611 5278 1752 5330 Psal.

209 5363 419 5415 xxxin,
456 5353 557 5400 ⁴·5.
591 5371 656 5386 -
689 5347 709 5378 ⁴
747 5349 882 5409 Luc„
925 5359 969 5406 1,
1007 5350 1086 5397 73.
1128 5371 1193 5386 -
1228 5349 1251 5384 ⁸
1284 5349 1435 5410 Dan„
1474 5360 1547 5414 lv,
1582 5353 1662 5402 34,
1690 5379 1753 5391 .-

212 5423 237 5459 ⁸
263 5423 448 5484 Ecca,
476 5431 630 5481 xuni,
659 5422 825 5470 33-35.

3273 436 3395 499 429

1854 565 2210 629 secundum
2236 565 2428 649 -quod
2473 565 2705 630 dicitur
2750 563 2775 599 ²
2815 585 2830 627 z
2865 555 2899 624 ἰ
2943 562 3213 630 Dextera
3256 570 3392 647 tua,

1855 670 2146 752 Domine,
2170 673 2582 754 magnificata
2599 675 2694 735 est
2718 671 2786 734 in
2812 667 3215 753 fortitudine3
3246 675 3398 739 dex·

1855 783 1989 844 tera
2015 786 2150 860 tua,
2183 781 2472 861 Domine,
2501 779 2809 864 percussit
2834 779 3166 845 inimicum
3200 786 3304 846 :et
3329 783 3398 846 in

1855 886 2266 953 multitudine
2296 887 2525 969 gloriae
2560 892 2692 953 tuae
2727 886 3069 969 deposuisti
3095 888 3392 953 adversa-

1855 994 1991 1059 rios
2018 1000 2185 1061 tuos.
2214 1018 2245 1056 n

1937 1100 2229 1168 Secundo
2275 1102 2774 1185 magnificabant
2819 1102 3020 1167 Deum
3073 1104 3152 1169 de
3205 1122 3399 1188 opere

1855 1211 2283 1291 recreationis,
2315 1215 2575 1294 propter
2606 1210 3014 1293 sagacitatem
3043 1212 3394 1295 sapientiae,

1856 1317 1927 1381 in
1977 1317 2365 1383 relevatione
2414 1318 2697 1382 hominis
2738 1318 3056 1401 prostrati.
3114 1318 3293 1384 Unde
3327 1321 3398 1384 in

1857 1422 2111 1489 Psalmo
2145 1426 2169 1462 ⁸
2201 1447 2217 1488 :
2265 1448 2298 1485 α
2319 1424 2723 1513 Magnificate
2748 1423 3089 1490 Dominum
3118 1445 3392 1509 mecum,

1855 1534 1920 1594 et
1956 1531 2311 1595 exaltemus
2347 1549 2581 1596 nomen
2626 1534 2768 1612 ejus
2811 1531 2880 1594 in
2928 1531 3226 1615 idipsum.
3272 1533 3398 1598 Ex-

1856 1639 2094 1722 quisivi
2138 1639 2521 1720 Dominum,
2562 1644 2627 1705 et
2671 1640 3000 1705 exaudivit
3042 1659 3182 1724 me,
3224 1647 3396 1707 etex

1857 1747 2038 1811 omni
2090 1747 2498 1812 tribulatione
2544 1765 2689 1811 mea
2733 1747 2965 1830 eripuit
3011 1765 3136 1813 me.
3179 1770 3210 1809 n
3244 1747 3396 1815 Pro-

1856 1857 2051 1939 pheta
2092 1856 2328 1936 David‚
2379 1874 2660 1938 magnus
2694 1874 2940 1939 praecO,
2972 1860 3034 1921 et
3063 1858 3399 1941 ampliator

1857 1962 2095 2029 divinae
2122 1963 2359 2043 laudis,
2390 1963 2797 2028 considerans
2818 2013 2836 2043 ,
2868 1966 3174 2047 quoniam
3203 1985 3392 2047 saga-

1858 2071 2014 2135 citer
2040 2071 2260 2135 divina
2300 2071 2631 2155 sapientia,
2662 2072 3015 2136 seeundum
3043 2074 3214 2157 quod
3241 2075 3397 2140 ordo

1858 2182 2097 2243 nostrae
2139 2178 2391 2259 salutis,
2440 2181 2505 2243 et
2552 2178 2956 2244 relevationis
3003 2180 3397 2263 deposcebat,

1858 2304 1976 2350 sua
2003 2286 2380 2350 multiformi
2408 2291 2542 2350 arte
2568 2286 2783 2350 fefellit
2801 2290 3003 2352 artem
3033 2289 3396 2372 proditoris,

1860 2391 2009 2457 inde
2038 2392 2352 2457 medelam
2381 2392 2637 2457 ferendo
2668 2392 2865 2457 hostis
2884 2442 2906 2474 ,
2935 2395 3107 2459 unde
3127 2394 3400 2476 laeserat,

1861 2501 1940 2564 ut
1974 2499 2074 2582 (c),
2107 2501 2270 2564 sicut
2297 2501 2374 2564 de
2401 2499 2586 2581 ligno
2613 2500 2880 2582 dejectio
2903 2503 3124 2566 mortis
3151 2503 3398 2569 orieba-

1858 2613 1993 2688 tur,
2021 2608 2133 2672 ita'
2151 2607 2230 2673 de
2256 2609 2443 2690 ligno
2470 2609 2769 2674 relevatio
2812 2610 2962 2677 vitae
2991 2618 3397 2693 resurgeret:

1859 2715 2089 2781 invitat
2114 2733 2373 2780 omnem
2409 2717 2743 2782 hominem
2785 2719 2862 2782 ad
2907 2720 3266 2799 gratiarum
3293 2739 3399 2785 ac-

1859 2823 2127 2901 tionem,
2163 2842 2314 2888 cum
2356 2823 2505 2888 dicit
2552 2842 2571 2887 :
2606 2825 3019 2907 Maqnificate
3065 2827 3407 2894 Dominum

1859 2948 2124 3009 mecum,
2156 2932 2365 3011 corde,
2408 2950 2543 3012 ore,
2573 2951 2797 3015 opere3
2838 2939 2898 3001 et
2921 2933 3274 3003 exaltemus
3298 2952 3409 3004 no-

1860 3056 2004 3105 men
2031 3039 2169 3121 ejus
2197 3041 2271 3106 in
2312 3039 2638 3122 idipsum,
2682 3040 2800 3103 sibi
2828 3042 2943 3106 soli
2990 3043 3301 3108 honorem
3342 3051 3406 3110 et

1862 3146 2138 3228 gloriam
2164 3146 2527 3211 tribuendo.
2572 3144 2685 3210 Vel
2721 3144 2871 3210 cu'm
2900 3146 3106 3213 laudis
3128 3150 3405 3233 ampliti-

1858 3254 2105 3318 catioue
2157 3253 2475 3335 adjungit·
2512 3252 2941 3318 laudationem
2962 3303 2983 3334 ,
3041 3255 3260 3320 dicens
3330 3257 3402 3322 in

1857 3379 2131 3444 persona
2155 3364 2525 3424 sanctorum
2555 3357 2817 3425 Patrum
2850 3381 2868 3425 ε
2903 3362 3262 3445 Exquisivi
3284 3364 3402 3431 Do·

1857 3470 2130 3547 minum,
2160 3467 2389 3532 devota
2434 3486 2696 3551 precum
2743 3469 3046 3534 instantia
3062 3519 3080 3548 ,
3129 3472 3399 3553 petendo

1856 3575 2192 3641 accelerari
2219 3574 2376 3638 illud
2402 3575 2785 3640 beneficium
2818 3577 3264 3643 misericordiae
3291 3598 3394 3645 re-

1855 3682 2213 3748 levationis·
2245 3684 2327 3750 Ec
2357 3683 2708 3752 exaudivit
2733 3702 2866 3765 me,
2893 3705 3080 3753 aures
3106 3707 3242 3753 suae
3271 3690 3393 3754 mi-

1858 3791 2217 3855 sericordiae
2243 3790 2324 3855 ad
2348 3809 2565 3873 preces
2601 3810 2766 3857 meae
2808 3793 3192 3860 humilitatis
3214 3795 3395 3861 incli-

1857 3896 2092 3962 nando.
2110 3897 2312 3980 ‘asusj
2321 3898 2642 3963 urandum
2662 3900 2832 3983 quod
2849 3901 3095 3982 juravit
3110 3902 3191 3967 ad
3204 3902 3400 3968 Abra-

1855 4004 2012 4069 ham
2038 4010 2285 4089 patrem
2312 4009 2635 4086 nostrum,
2682 4006 2985 4073 daturum
3021 4027 3090 4074 se
3132 4011 3337 4092 nobis,
3358 4033 3390 4072 n

1858 4115 2048 4197 cujus
2069 4114 2407 4179 donatione
2432 4134 2511 4178 ex
2538 4117 2839 4181 omnibus
2858 4116 3395 4200 tribulationibuS,

1859 4224 2092 4306 quibus
2107 4223 2515 4306 opprimebar
2528 4224 2610 4289 ab
2625 4204 2979 4307 aegyptiaca
3009 4226 3395 4310 crudelitate,

1859 4332 2097 4413 eripuit
2125 4349 2230 4395 me
2257 4332 2692 4397 transferendo
2733 4333 2811 4398 de
2847 4331 3124 4416 AEgypto
3164 4337 3400 4418 peccati

1858 4438 1927 4501 in
1955 4455 2234 4519 regnum
2258 4437 2613 4502 dilectionis
2640 4437 2779 4502 Filii
2807 4440 2931 4504 sui.
2964 4438 3050 4503 De
3078 4440 3200 4505 hoc
3225 4441 3397 4505 simi-

1857 4544 2001 4609 liter
2043 4548 2248 4628 potest
2290 4544 2560 4626 intelligi
2602 4544 2760 4610 illud
2788 4551 2855 4611 ⁸:
2910 4568 2942 4607 α
2981 4546 3401 4629 Magnificabo

1858 4671 2085 4735 regem
2120 4653 2292 4732 coeli,
2341 4653 2649 4736 quoniam
2689 4673 2886 4738 opera
2922 4656 2979 4737 ej
2991 4675 3064 4720 us
3113 4674 3306 4738 vera,
3337 4661 3400 4721 et

1859 4761 1983 4827 viae
2010 4766 2153 4844 ejus
2173 4761 2439 4843 judicia.
2481 4782 2512 4821 n

1939 4867 2155 4933 Tertio
2181 4868 2682 4950 magnificabant
2720 4867 2921 4933 Deum
2963 4869 3042 4934 de
3082 4889 3272 4954 opere
3299 4889 3399 4936 re·

1860 4975 2192 5041 creationis
2208 5022 2226 5051 ‚
2259 4979 2518 5057 propter
2547 4975 3012 5055 benignitatem
3038 4978 3396 5044 misericor-

1859 5084 1984 5149 diae
2039 5084 2107 5147 in
2161 5081 2461 5147 missione
2506 5079 2780 5163 Spiritus
2834 5084 3054 5148 sancti.
3102 5084 3278 5150 Unde
3314 5087 3338 5123 ⁸
3378 5108 3395 5153 ε

1869 5215 1902 5255 ι
1945 5190 2395 5256 Benedicentes
2450 5188 2790 5254 Dominum
2809 5238 2832 5271 ,
2891 5192 3161 5257 exaltate
3214 5193 3399 5259 illum

1860 5301 2176 5383 quantum
2219 5297 2478 5381 potestis
2535 5320 2551 5363 :
2598 5300 2806 5380 major
2855 5304 2952 5365 est
2994 5301 3169 5366 enim
3222 5304 3401 5368 omni

1926 5424 1993 5494 (a)
2023 5423 2143 5489 leq.
2167 5436 2360 5474 suae.-
2376 5420 2449 5488 (ὁ)
2471 5421 2649 5488 suppl.
2672 5438 2850 5489 pro.-
2868 5427 2931 5492 (c)
2950 5428 3074 5479 σοι.
3090 5427 3215 5481 edit.
3234 5429 3397 5483 Unde.
