<?xml version="1.0" encoding="UTF-8"?>
<!DOCTYPE html PUBLIC "-//W3C//DTD XHTML 1.0 Transitional//EN"
    "http://www.w3.org/TR/xhtml1/DTD/xhtml1-transitional.dtd">
<html xmlns="http://www.w3.org/1999/xhtml" xml:lang="en" lang="en">
 <head>
  <title>
</title>
<meta http-equiv="Content-Type" content="text/html;charset=utf-8" />
  <meta name='ocr-system' content='tesseract 3.04.00' />
  <meta name='ocr-capabilities' content='ocr_page ocr_carea ocr_par ocr_line ocrx_word'/>
</head>
<body>
  <div class='ocr_page' id='page_1' title='image "./srecardinalissb02peltgoog_0170.png"; bbox 0 0 4059 6317; ppageno 0'>
   <div class='ocr_carea' id='block_1_1' title="bbox 745 556 2822 627">
    <p class='ocr_par' dir='ltr' id='par_1_1' title="bbox 745 556 2822 627">
     <span class='ocr_line' id='line_1_1' title="bbox 745 556 2822 627; baseline 0.003 -6"><span class='ocrx_word' id='word_1_1' title='bbox 745 561 864 624; x_wconf 77' lang='lat' dir='ltr'><strong>uo</strong></span> <span class='ocrx_word' id='word_1_2' title='bbox 1828 556 2248 625; x_wconf 65' lang='lat' dir='ltr'><strong>§meum</strong></span> <span class='ocrx_word' id='word_1_3' title='bbox 2284 556 2390 624; x_wconf 80' lang='grc' dir='ltr'><strong>ΒΕ</strong></span> <span class='ocrx_word' id='word_1_4' title='bbox 2427 556 2822 627; x_wconf 61' lang='lat' dir='ltr'><strong>Tmolia</strong></span> 
     </span>
    </p>
   </div>
   <div class='ocr_carea' id='block_1_2' title="bbox 736 692 2291 3015">
    <p class='ocr_par' dir='ltr' id='par_1_2' title="bbox 736 692 2291 3015">
     <span class='ocr_line' id='line_1_2' title="bbox 736 692 2279 777; baseline 0 -20"><span class='ocrx_word' id='word_1_5' title='bbox 736 695 936 776; x_wconf 81' lang='lat' dir='ltr'><strong>caput</strong></span> <span class='ocrx_word' id='word_1_6' title='bbox 988 695 1178 758; x_wconf 86' lang='lat' dir='ltr'><strong>tunm</strong></span> <span class='ocrx_word' id='word_1_7' title='bbox 1231 693 1682 759; x_wconf 72' lang='lat' dir='ltr'><strong>subcineritius</strong></span> <span class='ocrx_word' id='word_1_8' title='bbox 1732 692 1974 777; x_wconf 84' lang='lat' dir='ltr'><strong>panis,</strong></span> <span class='ocrx_word' id='word_1_9' title='bbox 2027 697 2097 758; x_wconf 88' lang='lat' dir='ltr'><strong>et</strong></span> <span class='ocrx_word' id='word_1_10' title='bbox 2160 711 2279 757; x_wconf 83' lang='lat' dir='ltr'><strong>vas</strong></span> 
     </span>
     <span class='ocr_line' id='line_1_3' title="bbox 739 797 2279 882; baseline 0 -18"><span class='ocrx_word' id='word_1_11' title='bbox 739 815 950 882; x_wconf 82' lang='lat' dir='ltr'><strong>aquae.</strong></span> <span class='ocrx_word' id='word_1_12' title='bbox 979 821 1013 858; x_wconf 72' lang='lat' dir='ltr'><em>n</em></span> <span class='ocrx_word' id='word_1_13' title='bbox 1047 797 1292 865; x_wconf 86' lang='lat' dir='ltr'><strong>Panem</strong></span> <span class='ocrx_word' id='word_1_14' title='bbox 1341 800 1758 866; x_wconf 64' lang='lat' dir='ltr'><strong>Eucharistiae</strong></span> <span class='ocrx_word' id='word_1_15' title='bbox 1799 818 1935 866; x_wconf 88' lang='lat' dir='ltr'><strong>non</strong></span> <span class='ocrx_word' id='word_1_16' title='bbox 1969 800 2279 866; x_wconf 86' lang='lat' dir='ltr'><strong>debemus</strong></span> 
     </span>
     <span class='ocr_line' id='line_1_4' title="bbox 737 907 2277 989; baseline 0.001 -18"><span class='ocrx_word' id='word_1_17' title='bbox 737 924 994 973; x_wconf 79' lang='lat' dir='ltr'><strong>sumere</strong></span> <span class='ocrx_word' id='word_1_18' title='bbox 1017 907 1334 989; x_wconf 73' lang='lat' dir='ltr'><strong>andum,</strong></span> <span class='ocrx_word' id='word_1_19' title='bbox 1369 909 1658 974; x_wconf 75' lang='lat' dir='ltr'><strong>incurate</strong></span> <span class='ocrx_word' id='word_1_20' title='bbox 1681 913 1748 975; x_wconf 81' lang='lat' dir='ltr'><strong>et</strong></span> <span class='ocrx_word' id='word_1_21' title='bbox 1772 909 2067 974; x_wconf 76' lang='lat' dir='ltr'><strong>indevote</strong></span> <span class='ocrx_word' id='word_1_22' title='bbox 2092 926 2277 973; x_wconf 89' lang='lat' dir='ltr'><strong>acce-</strong></span> 
     </span>
     <span class='ocr_line' id='line_1_5' title="bbox 737 1010 2280 1099; baseline -0.001 -20"><span class='ocrx_word' id='word_1_23' title='bbox 737 1010 1656 1082; x_wconf 67' lang='lat' dir='ltr'><strong>dendo¹21Noncomedetis</strong></span> <span class='ocrx_word' id='word_1_24' title='bbox 1705 1015 2280 1099; x_wconf 83' lang='lat' dir='ltr'><strong>excoquidquam</strong></span> 
     </span>
     <span class='ocr_line' id='line_1_6' title="bbox 737 1119 2280 1201; baseline 0 -15"><span class='ocrx_word' id='word_1_25' title='bbox 737 1120 1089 1186; x_wconf 75' lang='lat' dir='ltr'><strong>crudum.»</strong></span> <span class='ocrx_word' id='word_1_26' title='bbox 1111 1119 1808 1189; x_wconf 86' lang='lat' dir='ltr'><strong>Subcineritiusantem</strong></span> <span class='ocrx_word' id='word_1_27' title='bbox 1827 1126 2101 1201; x_wconf 76' lang='lat' dir='ltr'><strong>assatur,</strong></span> <span class='ocrx_word' id='word_1_28' title='bbox 2122 1122 2280 1187; x_wconf 90' lang='lat' dir='ltr'><strong>dnm</strong></span> 
     </span>
     <span class='ocr_line' id='line_1_7' title="bbox 738 1228 2275 1309; baseline 0 -16"><span class='ocrx_word' id='word_1_29' title='bbox 738 1228 968 1294; x_wconf 89' lang='lat' dir='ltr'><strong>timore</strong></span> <span class='ocrx_word' id='word_1_30' title='bbox 1019 1229 1294 1309; x_wconf 88' lang='lat' dir='ltr'><strong>mortis,</strong></span> <span class='ocrx_word' id='word_1_31' title='bbox 1359 1235 1425 1295; x_wconf 90' lang='lat' dir='ltr'><strong>et</strong></span> <span class='ocrx_word' id='word_1_32' title='bbox 1468 1231 1704 1295; x_wconf 68' lang='lat' dir='ltr'><strong>futurae</strong></span> <span class='ocrx_word' id='word_1_33' title='bbox 1757 1229 2275 1308; x_wconf 85' lang='lat' dir='ltr'><strong>incineratiouis,</strong></span> 
     </span>
     <span class='ocr_line' id='line_1_8' title="bbox 741 1334 2281 1418; baseline -0.001 -19"><span class='ocrx_word' id='word_1_34' title='bbox 741 1334 938 1400; x_wconf 86' lang='lat' dir='ltr'><strong>homo</strong></span> <span class='ocrx_word' id='word_1_35' title='bbox 981 1335 1060 1400; x_wconf 82' lang='lat' dir='ltr'><strong>ad</strong></span> <span class='ocrx_word' id='word_1_36' title='bbox 1111 1337 1634 1402; x_wconf 87' lang='lat' dir='ltr'><strong>communionem</strong></span> <span class='ocrx_word' id='word_1_37' title='bbox 1675 1354 1789 1418; x_wconf 87' lang='lat' dir='ltr'><strong>per</strong></span> <span class='ocrx_word' id='word_1_38' title='bbox 1835 1335 2281 1400; x_wconf 73' lang='lat' dir='ltr'><strong>contritionem</strong></span> 
     </span>
     <span class='ocr_line' id='line_1_9' title="bbox 741 1442 2284 1527; baseline 0.001 -20"><span class='ocrx_word' id='word_1_39' title='bbox 741 1447 807 1507; x_wconf 87' lang='lat' dir='ltr'><strong>et</strong></span> <span class='ocrx_word' id='word_1_40' title='bbox 841 1442 1244 1509; x_wconf 86' lang='lat' dir='ltr'><strong>devotionem</strong></span> <span class='ocrx_word' id='word_1_41' title='bbox 1270 1444 1468 1527; x_wconf 77' lang='lat' dir='ltr'><strong>digne</strong></span> <span class='ocrx_word' id='word_1_42' title='bbox 1510 1447 1927 1527; x_wconf 79' lang='lat' dir='ltr'><strong>praeparatnr.</strong></span> <span class='ocrx_word' id='word_1_43' title='bbox 1975 1443 2165 1526; x_wconf 73' lang='lat' dir='ltr'><strong>Aqua</strong></span> <span class='ocrx_word' id='word_1_44' title='bbox 2201 1442 2284 1508; x_wconf 85' lang='lat' dir='ltr'><strong>ad</strong></span> 
     </span>
     <span class='ocr_line' id='line_1_10' title="bbox 741 1551 2283 1637; baseline 0.001 -21"><span class='ocrx_word' id='word_1_45' title='bbox 741 1551 1226 1635; x_wconf 87' lang='lat' dir='ltr'><strong>caputestilla,</strong></span> <span class='ocrx_word' id='word_1_46' title='bbox 1255 1553 1577 1637; x_wconf 81' lang='lat' dir='ltr'><strong>dequa’:</strong></span> <span class='ocrx_word' id='word_1_47' title='bbox 1617 1552 1834 1631; x_wconf 76' lang='lat' dir='ltr'><strong>«Quis</strong></span> <span class='ocrx_word' id='word_1_48' title='bbox 1875 1553 2052 1618; x_wconf 88' lang='lat' dir='ltr'><strong>dabit</strong></span> <span class='ocrx_word' id='word_1_49' title='bbox 2094 1553 2283 1636; x_wconf 72' lang='lat' dir='ltr'><strong>oepiti</strong></span> 
     </span>
     <span class='ocr_line' id='line_1_11' title="bbox 743 1661 2274 1744; baseline 0.001 -21"><span class='ocrx_word' id='word_1_50' title='bbox 743 1677 889 1724; x_wconf 90' lang='lat' dir='ltr'><strong>meo</strong></span> <span class='ocrx_word' id='word_1_51' title='bbox 913 1677 1152 1743; x_wconf 87' lang='lat' dir='ltr'><strong>aquam</strong></span> <span class='ocrx_word' id='word_1_52' title='bbox 1168 1666 1196 1725; x_wconf 71' lang='grc' dir='ltr'><strong><em>τ</em></strong></span> <span class='ocrx_word' id='word_1_53' title='bbox 1215 1682 1248 1722; x_wconf 72' lang='grc' dir='ltr'><strong><em>ο</em></strong></span> <span class='ocrx_word' id='word_1_54' title='bbox 1268 1667 1388 1726; x_wconf 88' lang='lat' dir='ltr'><strong>etc.</strong></span> <span class='ocrx_word' id='word_1_55' title='bbox 1420 1662 1657 1727; x_wconf 89' lang='lat' dir='ltr'><strong>Panem</strong></span> <span class='ocrx_word' id='word_1_56' title='bbox 1681 1680 1834 1726; x_wconf 87' lang='lat' dir='ltr'><strong>cum</strong></span> <span class='ocrx_word' id='word_1_57' title='bbox 1858 1679 2028 1744; x_wconf 87' lang='lat' dir='ltr'><strong>aqua</strong></span> <span class='ocrx_word' id='word_1_58' title='bbox 2052 1661 2274 1742; x_wconf 88' lang='lat' dir='ltr'><strong>sumit,</strong></span> 
     </span>
     <span class='ocr_line' id='line_1_12' title="bbox 741 1765 2286 1852; baseline 0.001 -21"><span class='ocrx_word' id='word_1_59' title='bbox 741 1765 857 1848; x_wconf 84' lang='lat' dir='ltr'><strong>qui</strong></span> <span class='ocrx_word' id='word_1_60' title='bbox 909 1783 1141 1849; x_wconf 87' lang='lat' dir='ltr'><strong>corpus</strong></span> <span class='ocrx_word' id='word_1_61' title='bbox 1183 1766 1418 1832; x_wconf 85' lang='lat' dir='ltr'><strong>Christi</strong></span> <span class='ocrx_word' id='word_1_62' title='bbox 1464 1786 1611 1833; x_wconf 92' lang='lat' dir='ltr'><strong>cum</strong></span> <span class='ocrx_word' id='word_1_63' title='bbox 1653 1768 2088 1852; x_wconf 85' lang='lat' dir='ltr'><strong>lacrymarum</strong></span> <span class='ocrx_word' id='word_1_64' title='bbox 2128 1772 2286 1852; x_wconf 89' lang='lat' dir='ltr'><strong>potu</strong></span> 
     </span>
     <span class='ocr_line' id='line_1_13' title="bbox 743 1871 2287 1957; baseline 0.001 -19"><span class='ocrx_word' id='word_1_65' title='bbox 743 1873 988 1957; x_wconf 83' lang='lat' dir='ltr'><strong>recipit.</strong></span> <span class='ocrx_word' id='word_1_66' title='bbox 1037 1871 1153 1939; x_wconf 81' lang='lat' dir='ltr'><strong>Vel</strong></span> <span class='ocrx_word' id='word_1_67' title='bbox 1191 1874 1352 1938; x_wconf 84' lang='lat' dir='ltr'><strong>cinis</strong></span> <span class='ocrx_word' id='word_1_68' title='bbox 1398 1876 1776 1940; x_wconf 89' lang='lat' dir='ltr'><strong>memoriam</strong></span> <span class='ocrx_word' id='word_1_69' title='bbox 1805 1876 2028 1939; x_wconf 90' lang='lat' dir='ltr'><strong>mortis</strong></span> <span class='ocrx_word' id='word_1_70' title='bbox 2056 1875 2287 1941; x_wconf 87' lang='lat' dir='ltr'><strong>Christi</strong></span> 
     </span>
     <span class='ocr_line' id='line_1_14' title="bbox 744 1981 2291 2063; baseline 0.002 -17"><span class='ocrx_word' id='word_1_71' title='bbox 744 1981 1088 2063; x_wconf 76' lang='lat' dir='ltr'><strong>significat.</strong></span> <span class='ocrx_word' id='word_1_72' title='bbox 1116 1981 1251 2048; x_wconf 87' lang='lat' dir='ltr'><strong>Hoc</strong></span> <span class='ocrx_word' id='word_1_73' title='bbox 1265 1989 1739 2047; x_wconf 86' lang='lat' dir='ltr'><strong>sacramentum</strong></span> <span class='ocrx_word' id='word_1_74' title='bbox 1767 1982 2041 2048; x_wconf 78' lang='lat' dir='ltr'><strong>offertur</strong></span> <span class='ocrx_word' id='word_1_75' title='bbox 2056 1984 2123 2047; x_wconf 92' lang='lat' dir='ltr'><strong>in</strong></span> <span class='ocrx_word' id='word_1_76' title='bbox 2152 2002 2291 2049; x_wconf 92' lang='lat' dir='ltr'><strong>me-</strong></span> 
     </span>
     <span class='ocr_line' id='line_1_15' title="bbox 745 2088 2289 2173; baseline 0 -19"><span class='ocrx_word' id='word_1_77' title='bbox 745 2088 1020 2154; x_wconf 82' lang='lat' dir='ltr'><strong>moriam</strong></span> <span class='ocrx_word' id='word_1_78' title='bbox 1055 2089 1392 2155; x_wconf 82' lang='lat' dir='ltr'><strong>dominicae</strong></span> <span class='ocrx_word' id='word_1_79' title='bbox 1427 2089 1828 2173; x_wconf 84' lang='lat' dir='ltr'><strong>passionis⁸:</strong></span> <span class='ocrx_word' id='word_1_80' title='bbox 1876 2113 1907 2151; x_wconf 73' lang='grc' dir='ltr'><strong>α</strong></span> <span class='ocrx_word' id='word_1_81' title='bbox 1933 2089 2068 2155; x_wconf 87' lang='lat' dir='ltr'><strong>Hoc</strong></span> <span class='ocrx_word' id='word_1_82' title='bbox 2104 2091 2289 2154; x_wconf 78' lang='lat' dir='ltr'><strong>facite</strong></span> 
     </span>
     <span class='ocr_line' id='line_1_16' title="bbox 743 2196 2288 2280; baseline 0.002 -19"><span class='ocrx_word' id='word_1_83' title='bbox 743 2196 814 2261; x_wconf 93' lang='lat' dir='ltr'><strong>in</strong></span> <span class='ocrx_word' id='word_1_84' title='bbox 860 2214 1070 2263; x_wconf 86' lang='lat' dir='ltr'><strong>meam</strong></span> <span class='ocrx_word' id='word_1_85' title='bbox 1113 2198 1812 2263; x_wconf 83' lang='lat' dir='ltr'><strong>commemorationem.</strong></span> <span class='ocrx_word' id='word_1_86' title='bbox 1830 2219 1863 2259; x_wconf 72' lang='lat' dir='ltr'><strong>n</strong></span> <span class='ocrx_word' id='word_1_87' title='bbox 1894 2197 2087 2264; x_wconf 88' lang='lat' dir='ltr'><strong>Panis</strong></span> <span class='ocrx_word' id='word_1_88' title='bbox 2130 2216 2288 2280; x_wconf 81' lang='lat' dir='ltr'><strong>ergo</strong></span> 
     </span>
     <span class='ocr_line' id='line_1_17' title="bbox 743 2304 2291 2383; baseline 0.001 -13"><span class='ocrx_word' id='word_1_89' title='bbox 743 2305 868 2370; x_wconf 80' lang='lat' dir='ltr'><strong>sub</strong></span> <span class='ocrx_word' id='word_1_90' title='bbox 908 2304 1121 2371; x_wconf 87' lang='lat' dir='ltr'><strong>cinere</strong></span> <span class='ocrx_word' id='word_1_91' title='bbox 1158 2309 1418 2383; x_wconf 88' lang='lat' dir='ltr'><strong>coctus,</strong></span> <span class='ocrx_word' id='word_1_92' title='bbox 1460 2304 1745 2371; x_wconf 88' lang='lat' dir='ltr'><strong>Christus</strong></span> <span class='ocrx_word' id='word_1_93' title='bbox 1787 2310 1884 2372; x_wconf 83' lang='lat' dir='ltr'><strong>est</strong></span> <span class='ocrx_word' id='word_1_94' title='bbox 1924 2307 2048 2371; x_wconf 90' lang='lat' dir='ltr'><strong>sub</strong></span> <span class='ocrx_word' id='word_1_95' title='bbox 2090 2323 2291 2371; x_wconf 89' lang='lat' dir='ltr'><strong>sacra-</strong></span> 
     </span>
     <span class='ocr_line' id='line_1_18' title="bbox 746 2412 2290 2496; baseline 0.001 -19"><span class='ocrx_word' id='word_1_96' title='bbox 746 2417 967 2478; x_wconf 90' lang='lat' dir='ltr'><strong>mento</strong></span> <span class='ocrx_word' id='word_1_97' title='bbox 1011 2412 1083 2476; x_wconf 92' lang='lat' dir='ltr'><strong>in</strong></span> <span class='ocrx_word' id='word_1_98' title='bbox 1131 2413 1511 2478; x_wconf 81' lang='lat' dir='ltr'><strong>memoriam</strong></span> <span class='ocrx_word' id='word_1_99' title='bbox 1541 2412 1851 2496; x_wconf 80' lang='lat' dir='ltr'><strong>passionis</strong></span> <span class='ocrx_word' id='word_1_100' title='bbox 1890 2412 2161 2477; x_wconf 89' lang='lat' dir='ltr'><strong>oblatus.</strong></span> <span class='ocrx_word' id='word_1_101' title='bbox 2193 2413 2290 2478; x_wconf 83' lang='lat' dir='ltr'><strong>Ad</strong></span> 
     </span>
     <span class='ocr_line' id='line_1_19' title="bbox 745 2521 2290 2605; baseline 0 -19"><span class='ocrx_word' id='word_1_102' title='bbox 745 2525 936 2605; x_wconf 88' lang='lat' dir='ltr'><strong>caput</strong></span> <span class='ocrx_word' id='word_1_103' title='bbox 960 2538 1216 2604; x_wconf 89' lang='lat' dir='ltr'><strong>quoque</strong></span> <span class='ocrx_word' id='word_1_104' title='bbox 1242 2521 1348 2586; x_wconf 89' lang='lat' dir='ltr'><strong>hic</strong></span> <span class='ocrx_word' id='word_1_105' title='bbox 1373 2521 1559 2605; x_wconf 89' lang='lat' dir='ltr'><strong>panis</strong></span> <span class='ocrx_word' id='word_1_106' title='bbox 1576 2521 1870 2601; x_wconf 85' lang='lat' dir='ltr'><strong>babetur,</strong></span> <span class='ocrx_word' id='word_1_107' title='bbox 1894 2521 2052 2586; x_wconf 90' lang='lat' dir='ltr'><strong>dum</strong></span> <span class='ocrx_word' id='word_1_108' title='bbox 2078 2538 2290 2586; x_wconf 83' lang='lat' dir='ltr'><strong>sacra·</strong></span> 
     </span>
     <span class='ocr_line' id='line_1_20' title="bbox 748 2629 2285 2695; baseline 0.001 -3"><span class='ocrx_word' id='word_1_109' title='bbox 748 2632 1035 2693; x_wconf 87' lang='lat' dir='ltr'><strong>mentum</strong></span> <span class='ocrx_word' id='word_1_110' title='bbox 1063 2646 1210 2693; x_wconf 91' lang='lat' dir='ltr'><strong>cum</strong></span> <span class='ocrx_word' id='word_1_111' title='bbox 1237 2629 1571 2695; x_wconf 82' lang='lat' dir='ltr'><strong>excellenti</strong></span> <span class='ocrx_word' id='word_1_112' title='bbox 1614 2629 1971 2695; x_wconf 89' lang='lat' dir='ltr'><strong>reverentia</strong></span> <span class='ocrx_word' id='word_1_113' title='bbox 1996 2633 2062 2693; x_wconf 87' lang='lat' dir='ltr'><strong>et</strong></span> <span class='ocrx_word' id='word_1_114' title='bbox 2089 2629 2285 2694; x_wconf 88' lang='lat' dir='ltr'><strong>devo-</strong></span> 
     </span>
     <span class='ocr_line' id='line_1_21' title="bbox 747 2735 2289 2819; baseline -0.001 -17"><span class='ocrx_word' id='word_1_115' title='bbox 747 2735 921 2802; x_wconf 84' lang='lat' dir='ltr'><strong>tione</strong></span> <span class='ocrx_word' id='word_1_116' title='bbox 935 2739 1261 2801; x_wconf 87' lang='lat' dir='ltr'><strong>tractatur.</strong></span> <span class='ocrx_word' id='word_1_117' title='bbox 1283 2736 1382 2801; x_wconf 78' lang='lat' dir='ltr'><strong>Ad</strong></span> <span class='ocrx_word' id='word_1_118' title='bbox 1399 2736 1592 2819; x_wconf 87' lang='lat' dir='ltr'><strong>pedes</strong></span> <span class='ocrx_word' id='word_1_119' title='bbox 1609 2741 1825 2801; x_wconf 88' lang='lat' dir='ltr'><strong>autem</strong></span> <span class='ocrx_word' id='word_1_120' title='bbox 1840 2737 2109 2815; x_wconf 87' lang='lat' dir='ltr'><strong>locatur,</strong></span> <span class='ocrx_word' id='word_1_121' title='bbox 2129 2737 2289 2801; x_wconf 91' lang='lat' dir='ltr'><strong>dum</strong></span> 
     </span>
     <span class='ocr_line' id='line_1_22' title="bbox 747 2842 2289 2928; baseline 0.001 -20"><span class='ocrx_word' id='word_1_122' title='bbox 747 2843 829 2908; x_wconf 87' lang='lat' dir='ltr'><strong>ab</strong></span> <span class='ocrx_word' id='word_1_123' title='bbox 864 2842 1129 2924; x_wconf 76' lang='lat' dir='ltr'><strong>indigne</strong></span> <span class='ocrx_word' id='word_1_124' title='bbox 1155 2842 1774 2908; x_wconf 83' lang='lat' dir='ltr'><strong>communicantibus</strong></span> <span class='ocrx_word' id='word_1_125' title='bbox 1802 2844 1990 2927; x_wconf 87' lang='lat' dir='ltr'><strong>quasi</strong></span> <span class='ocrx_word' id='word_1_126' title='bbox 2019 2844 2289 2928; x_wconf 88' lang='lat' dir='ltr'><strong>pedibus</strong></span> 
     </span>
     <span class='ocr_line' id='line_1_23' title="bbox 749 2948 1177 3015; baseline -0.002 -1"><span class='ocrx_word' id='word_1_127' title='bbox 749 2948 1177 3015; x_wconf 84' lang='lat' dir='ltr'><strong>conculcatur.</strong></span> 
     </span>
    </p>
   </div>
   <div class='ocr_carea' id='block_1_3' title="bbox 1295 3116 1747 3188">
    <p class='ocr_par' dir='ltr' id='par_1_3' title="bbox 1295 3116 1747 3188">
     <span class='ocr_line' id='line_1_24' title="bbox 1295 3116 1747 3188; baseline 0 -1"><span class='ocrx_word' id='word_1_128' title='bbox 1295 3116 1585 3188; x_wconf 84' lang='lat' dir='ltr'><strong>SERMO</strong></span> <span class='ocrx_word' id='word_1_129' title='bbox 1630 3118 1747 3187; x_wconf 91' lang='grc' dir='ltr'><strong>ΠΙ.</strong></span> 
     </span>
    </p>
   </div>
   <div class='ocr_carea' id='block_1_4' title="bbox 533 3267 2290 3347">
    <p class='ocr_par' dir='ltr' id='par_1_4' title="bbox 533 3267 2290 3347">
     <span class='ocr_line' id='line_1_25' title="bbox 533 3267 2290 3347; baseline 0.003 -13"><span class='ocrx_word' id='word_1_130' title='bbox 533 3293 730 3347; x_wconf 65' lang='lat' dir='ltr'><strong>osam</strong></span> <span class='ocrx_word' id='word_1_131' title='bbox 839 3267 1299 3338; x_wconf 78' lang='lat' dir='ltr'><strong>convertimini</strong></span> <span class='ocrx_word' id='word_1_132' title='bbox 1351 3269 1442 3338; x_wconf 81' lang='lat' dir='ltr'><strong>ad</strong></span> <span class='ocrx_word' id='word_1_133' title='bbox 1493 3287 1590 3337; x_wconf 83' lang='lat' dir='ltr'><strong>me</strong></span> <span class='ocrx_word' id='word_1_134' title='bbox 1640 3273 1715 3337; x_wconf 81' lang='lat' dir='ltr'><strong>in</strong></span> <span class='ocrx_word' id='word_1_135' title='bbox 1768 3275 1893 3339; x_wconf 81' lang='lat' dir='ltr'><strong>toto</strong></span> <span class='ocrx_word' id='word_1_136' title='bbox 1942 3270 2129 3338; x_wconf 79' lang='lat' dir='ltr'><strong>corde</strong></span> <span class='ocrx_word' id='word_1_137' title='bbox 2187 3288 2290 3339; x_wconf 82' lang='lat' dir='ltr'><strong>ve-</strong></span> 
     </span>
    </p>
   </div>
   <div class='ocr_carea' id='block_1_5' title="bbox 533 3353 713 3412">
    <p class='ocr_par' dir='ltr' id='par_1_5' title="bbox 533 3353 713 3412">
     <span class='ocr_line' id='line_1_26' title="bbox 533 3353 713 3412; baseline -0.011 1"><span class='ocrx_word' id='word_1_138' title='bbox 533 3353 713 3412; x_wconf 57' lang='grc' dir='ltr'><strong>1131)·άῦ</strong></span> 
     </span>
    </p>
   </div>
   <div class='ocr_carea' id='block_1_6' title="bbox 534 3377 2294 3589">
    <p class='ocr_par' dir='ltr' id='par_1_6' title="bbox 534 3377 2294 3569">
     <span class='ocr_line' id='line_1_27' title="bbox 553 3377 2293 3464; baseline 0.001 -22"><span class='ocrx_word' id='word_1_139' title='bbox 553 3431 656 3464; x_wconf 69' lang='lat' dir='ltr'><strong>mon</strong></span> <span class='ocrx_word' id='word_1_140' title='bbox 627 3421 703 3462; x_wconf 43' lang='lat' dir='ltr'><strong>„a</strong></span> <span class='ocrx_word' id='word_1_141' title='bbox 754 3380 948 3457; x_wconf 79' lang='lat' dir='ltr'><strong>stre,</strong></span> <span class='ocrx_word' id='word_1_142' title='bbox 971 3381 1091 3443; x_wconf 87' lang='lat' dir='ltr'><strong>etc.</strong></span> <span class='ocrx_word' id='word_1_143' title='bbox 1112 3377 1402 3456; x_wconf 85' lang='lat' dir='ltr'><strong>Quatuor</strong></span> <span class='ocrx_word' id='word_1_144' title='bbox 1428 3382 1602 3456; x_wconf 82' lang='lat' dir='ltr'><strong>sunt,</strong></span> <span class='ocrx_word' id='word_1_145' title='bbox 1629 3397 1777 3462; x_wconf 82' lang='lat' dir='ltr'><strong>quae</strong></span> <span class='ocrx_word' id='word_1_146' title='bbox 1803 3380 2293 3445; x_wconf 83' lang='lat' dir='ltr'><strong>conversionem</strong></span> 
     </span>
     <span class='ocr_line' id='line_1_28' title="bbox 534 3484 2294 3589; baseline 0.002 -41"><span class='ocrx_word' id='word_1_147' title='bbox 534 3495 645 3528; x_wconf 82' lang='lat'><strong>⁰⁰¹²</strong></span> <span class='ocrx_word' id='word_1_148' title='bbox 646 3493 712 3589; x_wconf 68' lang='lat'><strong>⁰:-</strong></span> <span class='ocrx_word' id='word_1_149' title='bbox 754 3484 1101 3567; x_wconf 88' lang='lat' dir='ltr'><strong>peccatoris</strong></span> <span class='ocrx_word' id='word_1_150' title='bbox 1145 3485 1544 3569; x_wconf 87' lang='lat' dir='ltr'><strong>impediunt,</strong></span> <span class='ocrx_word' id='word_1_151' title='bbox 1600 3485 1889 3551; x_wconf 88' lang='lat' dir='ltr'><strong>videlicet</strong></span> <span class='ocrx_word' id='word_1_152' title='bbox 1932 3487 2158 3569; x_wconf 89' lang='lat' dir='ltr'><strong>pudor,</strong></span> <span class='ocrx_word' id='word_1_153' title='bbox 2206 3488 2294 3552; x_wconf 89' lang='lat' dir='ltr'><strong>ti-</strong></span> 
     </span>
    </p>
   </div>
   <div class='ocr_carea' id='block_1_7' title="bbox 518 3669 596 3714">
    <p class='ocr_par' dir='ltr' id='par_1_7' title="bbox 518 3669 596 3714">
     <span class='ocr_line' id='line_1_29' title="bbox 518 3669 596 3714; baseline 0 0"><span class='ocrx_word' id='word_1_154' title='bbox 518 3669 596 3714; x_wconf 72' lang='lat' dir='ltr'><strong>riu.</strong></span> 
     </span>
    </p>
   </div>
   <div class='ocr_carea' id='block_1_8' title="bbox 525 3592 2292 3676">
    <p class='ocr_par' dir='ltr' id='par_1_8' title="bbox 525 3592 2292 3676">
     <span class='ocr_line' id='line_1_30' title="bbox 525 3592 2292 3676; baseline 0.003 -24"><span class='ocrx_word' id='word_1_155' title='bbox 525 3610 720 3664; x_wconf 60' lang='grc' dir='ltr'><strong>μακω-</strong></span> <span class='ocrx_word' id='word_1_156' title='bbox 756 3607 920 3670; x_wconf 89' lang='lat' dir='ltr'><strong>mor,</strong></span> <span class='ocrx_word' id='word_1_157' title='bbox 963 3608 1139 3673; x_wconf 84' lang='lat' dir='ltr'><strong>spes,</strong></span> <span class='ocrx_word' id='word_1_158' title='bbox 1171 3596 1232 3657; x_wconf 90' lang='lat' dir='ltr'><strong>et</strong></span> <span class='ocrx_word' id='word_1_159' title='bbox 1268 3592 1667 3676; x_wconf 84' lang='lat' dir='ltr'><strong>desperatio:</strong></span> <span class='ocrx_word' id='word_1_160' title='bbox 1701 3593 1908 3675; x_wconf 91' lang='lat' dir='ltr'><strong>pudor</strong></span> <span class='ocrx_word' id='word_1_161' title='bbox 1953 3593 2292 3659; x_wconf 78' lang='lat' dir='ltr'><strong>confessio-</strong></span> 
     </span>
    </p>
   </div>
   <div class='ocr_carea' id='block_1_9' title="bbox 755 3697 2299 5467">
    <p class='ocr_par' dir='ltr' id='par_1_9' title="bbox 755 3697 2294 3890">
     <span class='ocr_line' id='line_1_31' title="bbox 755 3697 2294 3781; baseline 0.001 -19"><span class='ocrx_word' id='word_1_162' title='bbox 755 3697 885 3778; x_wconf 87' lang='lat' dir='ltr'><strong>nis,</strong></span> <span class='ocrx_word' id='word_1_163' title='bbox 916 3698 1110 3763; x_wconf 90' lang='lat' dir='ltr'><strong>timor</strong></span> <span class='ocrx_word' id='word_1_164' title='bbox 1153 3698 1630 3777; x_wconf 71' lang='lat' dir='ltr'><strong>satisfactionis,</strong></span> <span class='ocrx_word' id='word_1_165' title='bbox 1675 3716 1819 3781; x_wconf 90' lang='lat' dir='ltr'><strong>spes</strong></span> <span class='ocrx_word' id='word_1_166' title='bbox 1861 3698 2097 3764; x_wconf 82' lang='lat' dir='ltr'><strong>futurae</strong></span> <span class='ocrx_word' id='word_1_167' title='bbox 2144 3718 2294 3765; x_wconf 91' lang='lat' dir='ltr'><strong>con-</strong></span> 
     </span>
     <span class='ocr_line' id='line_1_32' title="bbox 755 3804 1928 3890; baseline -0.001 -20"><span class='ocrx_word' id='word_1_168' title='bbox 755 3804 1100 3886; x_wconf 80' lang='lat' dir='ltr'><strong>versionis,</strong></span> <span class='ocrx_word' id='word_1_169' title='bbox 1129 3806 1484 3890; x_wconf 87' lang='lat' dir='ltr'><strong>desperatio</strong></span> <span class='ocrx_word' id='word_1_170' title='bbox 1510 3805 1928 3871; x_wconf 86' lang='lat' dir='ltr'><strong>remissionis.</strong></span> 
     </span>
    </p>

    <p class='ocr_par' dir='ltr' id='par_1_10' title="bbox 755 3911 2299 5286">
     <span class='ocr_line' id='line_1_33' title="bbox 836 3911 2299 3996; baseline -0.001 -18"><span class='ocrx_word' id='word_1_171' title='bbox 836 3911 1066 3978; x_wconf 88' lang='lat' dir='ltr'><strong>Contra</strong></span> <span class='ocrx_word' id='word_1_172' title='bbox 1086 3930 1182 3996; x_wconf 79' lang='lat' dir='ltr'><strong>pri</strong></span> <span class='ocrx_word' id='word_1_173' title='bbox 1190 3932 1372 3979; x_wconf 91' lang='lat' dir='ltr'><strong>mum</strong></span> <span class='ocrx_word' id='word_1_174' title='bbox 1392 3912 1658 3978; x_wconf 87' lang='lat' dir='ltr'><strong>dicitur</strong></span> <span class='ocrx_word' id='word_1_175' title='bbox 1642 3931 1711 3976; x_wconf 90' lang='grc' dir='ltr'><strong>ιιι</strong></span> <span class='ocrx_word' id='word_1_176' title='bbox 1736 3911 1985 3977; x_wconf 90' lang='lat' dir='ltr'><strong>Psalmo</strong></span> <span class='ocrx_word' id='word_1_177' title='bbox 1999 3918 2022 3955; x_wconf 88' lang='lat'>⁸</span> <span class='ocrx_word' id='word_1_178' title='bbox 2053 3934 2069 3978; x_wconf 74' lang='grc' dir='ltr'><strong><em>ε</em></strong></span> <span class='ocrx_word' id='word_1_179' title='bbox 2098 3936 2128 3974; x_wconf 78' lang='grc' dir='ltr'>α</span> <span class='ocrx_word' id='word_1_180' title='bbox 2146 3912 2299 3978; x_wconf 90' lang='lat' dir='ltr'><strong>Con-</strong></span> 
     </span>
     <span class='ocr_line' id='line_1_34' title="bbox 757 4019 2292 4103; baseline 0.002 -20"><span class='ocrx_word' id='word_1_181' title='bbox 757 4019 948 4084; x_wconf 84' lang='lat' dir='ltr'><strong>vertit</strong></span> <span class='ocrx_word' id='word_1_182' title='bbox 993 4038 1193 4103; x_wconf 86' lang='lat' dir='ltr'><strong>aquas</strong></span> <span class='ocrx_word' id='word_1_183' title='bbox 1237 4039 1463 4086; x_wconf 89' lang='lat' dir='ltr'><strong>eorum</strong></span> <span class='ocrx_word' id='word_1_184' title='bbox 1510 4020 1580 4085; x_wconf 92' lang='lat' dir='ltr'><strong>in</strong></span> <span class='ocrx_word' id='word_1_185' title='bbox 1631 4019 2016 4102; x_wconf 79' lang='lat' dir='ltr'><strong>sanguinem</strong></span> <span class='ocrx_word' id='word_1_186' title='bbox 2038 4069 2054 4100; x_wconf 89' lang='lat'><strong>,</strong></span> <span class='ocrx_word' id='word_1_187' title='bbox 2099 4041 2130 4081; x_wconf 75' lang='lat' dir='ltr'><strong>n</strong></span> <span class='ocrx_word' id='word_1_188' title='bbox 2174 4025 2292 4086; x_wconf 82' lang='lat' dir='ltr'><strong>etc.</strong></span> 
     </span>
     <span class='ocr_line' id='line_1_35' title="bbox 758 4126 2294 4212; baseline 0 -20"><span class='ocrx_word' id='word_1_189' title='bbox 758 4126 959 4210; x_wconf 77' lang='lat' dir='ltr'><strong>Aquae</strong></span> <span class='ocrx_word' id='word_1_190' title='bbox 985 4126 1437 4212; x_wconf 79' lang='lat' dir='ltr'><strong>AEgyptiorum</strong></span> <span class='ocrx_word' id='word_1_191' title='bbox 1478 4133 1630 4193; x_wconf 86' lang='lat' dir='ltr'><strong>sunt</strong></span> <span class='ocrx_word' id='word_1_192' title='bbox 1656 4128 1894 4193; x_wconf 85' lang='lat' dir='ltr'><strong>fluctus</strong></span> <span class='ocrx_word' id='word_1_193' title='bbox 1943 4127 2253 4193; x_wconf 87' lang='lat' dir='ltr'><strong>vitiorum</strong></span> <span class='ocrx_word' id='word_1_194' title='bbox 2275 4176 2294 4207; x_wconf 88' lang='lat'><strong>,</strong></span> 
     </span>
     <span class='ocr_line' id='line_1_36' title="bbox 755 4231 2298 4319; baseline 0.002 -22"><span class='ocrx_word' id='word_1_195' title='bbox 755 4233 824 4298; x_wconf 87' lang='lat' dir='ltr'><strong>in</strong></span> <span class='ocrx_word' id='word_1_196' title='bbox 844 4234 1076 4317; x_wconf 88' lang='lat' dir='ltr'><strong>quibus</strong></span> <span class='ocrx_word' id='word_1_197' title='bbox 1091 4231 1449 4319; x_wconf 84' lang='lat' dir='ltr'><strong>peccatores</strong></span> <span class='ocrx_word' id='word_1_198' title='bbox 1461 4237 1971 4317; x_wconf 79' lang='lat' dir='ltr'><strong>submerguntur</strong></span> <span class='ocrx_word' id='word_1_199' title='bbox 1985 4234 2008 4269; x_wconf 81' lang='lat'>⁸</span> <span class='ocrx_word' id='word_1_200' title='bbox 2031 4257 2047 4299; x_wconf 71' lang='grc' dir='ltr'>ε</span> <span class='ocrx_word' id='word_1_201' title='bbox 2085 4258 2116 4297; x_wconf 78' lang='grc' dir='ltr'>α</span> <span class='ocrx_word' id='word_1_202' title='bbox 2134 4234 2298 4301; x_wconf 87' lang='lat' dir='ltr'><strong>Sub·</strong></span> 
     </span>
     <span class='ocr_line' id='line_1_37' title="bbox 759 4342 2294 4427; baseline 0.002 -21"><span class='ocrx_word' id='word_1_203' title='bbox 759 4342 954 4407; x_wconf 89' lang='lat' dir='ltr'><strong>mersi</strong></span> <span class='ocrx_word' id='word_1_204' title='bbox 978 4346 1132 4408; x_wconf 90' lang='lat' dir='ltr'><strong>sunt</strong></span> <span class='ocrx_word' id='word_1_205' title='bbox 1173 4343 1355 4427; x_wconf 87' lang='lat' dir='ltr'><strong>quasi</strong></span> <span class='ocrx_word' id='word_1_206' title='bbox 1391 4343 1730 4427; x_wconf 88' lang='lat' dir='ltr'><strong>plumbum</strong></span> <span class='ocrx_word' id='word_1_207' title='bbox 1775 4343 1845 4406; x_wconf 90' lang='lat' dir='ltr'><strong>in</strong></span> <span class='ocrx_word' id='word_1_208' title='bbox 1888 4342 2074 4425; x_wconf 88' lang='lat' dir='ltr'><strong>aquis</strong></span> <span class='ocrx_word' id='word_1_209' title='bbox 2102 4342 2294 4409; x_wconf 88' lang='lat' dir='ltr'><strong>vehe-</strong></span> 
     </span>
     <span class='ocr_line' id='line_1_38' title="bbox 760 4448 2298 4532; baseline 0 -18"><span class='ocrx_word' id='word_1_210' title='bbox 760 4450 1099 4516; x_wconf 87' lang='lat' dir='ltr'><strong>mentibus.</strong></span> <span class='ocrx_word' id='word_1_211' title='bbox 1128 4471 1159 4511; x_wconf 68' lang='grc' dir='ltr'><strong>ιι</strong></span> <span class='ocrx_word' id='word_1_212' title='bbox 1193 4449 1316 4515; x_wconf 90' lang='lat' dir='ltr'><strong>Per</strong></span> <span class='ocrx_word' id='word_1_213' title='bbox 1344 4449 1728 4532; x_wconf 81' lang='lat' dir='ltr'><strong>sanguinem</strong></span> <span class='ocrx_word' id='word_1_214' title='bbox 1774 4448 2131 4531; x_wconf 78' lang='lat' dir='ltr'><strong>significari</strong></span> <span class='ocrx_word' id='word_1_215' title='bbox 2183 4467 2298 4532; x_wconf 91' lang='lat' dir='ltr'><strong>po-</strong></span> 
     </span>
     <span class='ocr_line' id='line_1_39' title="bbox 758 4554 2298 4637; baseline -0.001 -17"><span class='ocrx_word' id='word_1_216' title='bbox 758 4559 882 4620; x_wconf 85' lang='lat' dir='ltr'><strong>test</strong></span> <span class='ocrx_word' id='word_1_217' title='bbox 924 4557 1124 4622; x_wconf 91' lang='lat' dir='ltr'><strong>rubor</strong></span> <span class='ocrx_word' id='word_1_218' title='bbox 1165 4555 1618 4621; x_wconf 75' lang='lat' dir='ltr'><strong>erubescentiae</strong></span> <span class='ocrx_word' id='word_1_219' title='bbox 1663 4554 1741 4619; x_wconf 93' lang='lat' dir='ltr'><strong>de</strong></span> <span class='ocrx_word' id='word_1_220' title='bbox 1788 4554 2060 4637; x_wconf 85' lang='lat' dir='ltr'><strong>peccatis</strong></span> <span class='ocrx_word' id='word_1_221' title='bbox 2090 4603 2109 4635; x_wconf 89' lang='lat'><strong>,</strong></span> <span class='ocrx_word' id='word_1_222' title='bbox 2153 4558 2298 4620; x_wconf 90' lang='lat' dir='ltr'><strong>tum</strong></span> 
     </span>
     <span class='ocr_line' id='line_1_40' title="bbox 759 4662 2299 4746; baseline -0.001 -18"><span class='ocrx_word' id='word_1_223' title='bbox 759 4665 1016 4746; x_wconf 85' lang='lat' dir='ltr'><strong>propter</strong></span> <span class='ocrx_word' id='word_1_224' title='bbox 1041 4662 1350 4742; x_wconf 88' lang='lat' dir='ltr'><strong>colorem,</strong></span> <span class='ocrx_word' id='word_1_225' title='bbox 1377 4666 1516 4727; x_wconf 91' lang='lat' dir='ltr'><strong>tum</strong></span> <span class='ocrx_word' id='word_1_226' title='bbox 1541 4666 1797 4745; x_wconf 87' lang='lat' dir='ltr'><strong>propter</strong></span> <span class='ocrx_word' id='word_1_227' title='bbox 1820 4662 1944 4726; x_wconf 90' lang='lat' dir='ltr'><strong>boc</strong></span> <span class='ocrx_word' id='word_1_228' title='bbox 1960 4709 1979 4742; x_wconf 91' lang='lat'><strong>,</strong></span> <span class='ocrx_word' id='word_1_229' title='bbox 2005 4662 2174 4744; x_wconf 86' lang='lat' dir='ltr'><strong>quod</strong></span> <span class='ocrx_word' id='word_1_230' title='bbox 2200 4663 2299 4727; x_wconf 82' lang='lat' dir='ltr'><strong>uti</strong></span> 
     </span>
     <span class='ocr_line' id='line_1_41' title="bbox 761 4772 2298 4856; baseline 0.002 -19"><span class='ocrx_word' id='word_1_231' title='bbox 761 4773 889 4838; x_wconf 82' lang='lat' dir='ltr'><strong>vita</strong></span> <span class='ocrx_word' id='word_1_232' title='bbox 918 4772 1151 4839; x_wconf 83' lang='lat' dir='ltr'><strong>animae</strong></span> <span class='ocrx_word' id='word_1_233' title='bbox 1177 4773 1246 4837; x_wconf 89' lang='lat' dir='ltr'><strong>in</strong></span> <span class='ocrx_word' id='word_1_234' title='bbox 1285 4773 1603 4856; x_wconf 78' lang='lat' dir='ltr'><strong>sanguiue</strong></span> <span class='ocrx_word' id='word_1_235' title='bbox 1628 4777 1752 4853; x_wconf 89' lang='lat' dir='ltr'><strong>est,</strong></span> <span class='ocrx_word' id='word_1_236' title='bbox 1795 4774 1885 4838; x_wconf 90' lang='lat' dir='ltr'><strong>ita</strong></span> <span class='ocrx_word' id='word_1_237' title='bbox 1911 4773 2044 4840; x_wconf 87' lang='lat' dir='ltr'><strong>vita</strong></span> <span class='ocrx_word' id='word_1_238' title='bbox 2068 4774 2298 4856; x_wconf 81' lang='lat' dir='ltr'><strong>gratiae</strong></span> 
     </span>
     <span class='ocr_line' id='line_1_42' title="bbox 759 4879 2292 4965; baseline 0.001 -20"><span class='ocrx_word' id='word_1_239' title='bbox 759 4879 938 4945; x_wconf 87' lang='lat' dir='ltr'><strong>estin</strong></span> <span class='ocrx_word' id='word_1_240' title='bbox 955 4880 1190 4945; x_wconf 86' lang='lat' dir='ltr'><strong>rubore</strong></span> <span class='ocrx_word' id='word_1_241' title='bbox 1212 4899 1402 4964; x_wconf 89' lang='lat' dir='ltr'><strong>quem</strong></span> <span class='ocrx_word' id='word_1_242' title='bbox 1424 4881 1618 4947; x_wconf 90' lang='lat' dir='ltr'><strong>bomo</strong></span> <span class='ocrx_word' id='word_1_243' title='bbox 1641 4882 1832 4947; x_wconf 87' lang='lat' dir='ltr'><strong>habet</strong></span> <span class='ocrx_word' id='word_1_244' title='bbox 1857 4898 1974 4965; x_wconf 89' lang='lat' dir='ltr'><strong>pro</strong></span> <span class='ocrx_word' id='word_1_245' title='bbox 2001 4886 2292 4965; x_wconf 86' lang='lat' dir='ltr'><strong>peccato:</strong></span> 
     </span>
     <span class='ocr_line' id='line_1_43' title="bbox 759 4987 2298 5072; baseline 0.005 -23"><span class='ocrx_word' id='word_1_246' title='bbox 759 4987 874 5071; x_wconf 87' lang='lat' dir='ltr'><strong>qui</strong></span> <span class='ocrx_word' id='word_1_247' title='bbox 919 5004 1071 5051; x_wconf 89' lang='lat' dir='ltr'><strong>cum</strong></span> <span class='ocrx_word' id='word_1_248' title='bbox 1124 4987 1435 5054; x_wconf 84' lang='lat' dir='ltr'><strong>erubescit</strong></span> <span class='ocrx_word' id='word_1_249' title='bbox 1480 4988 1839 5071; x_wconf 86' lang='lat' dir='ltr'><strong>poeniteudo</strong></span> <span class='ocrx_word' id='word_1_250' title='bbox 1898 4987 2096 5068; x_wconf 86' lang='lat' dir='ltr'><strong>mala,</strong></span> <span class='ocrx_word' id='word_1_251' title='bbox 2149 5007 2298 5072; x_wconf 80' lang='lat' dir='ltr'><strong>quae</strong></span> 
     </span>
     <span class='ocr_line' id='line_1_44' title="bbox 760 5092 2294 5178; baseline 0.002 -21"><span class='ocrx_word' id='word_1_252' title='bbox 760 5092 905 5159; x_wconf 79' lang='lat' dir='ltr'><strong>fecit</strong></span> <span class='ocrx_word' id='word_1_253' title='bbox 922 5140 942 5173; x_wconf 89' lang='lat'><strong>,</strong></span> <span class='ocrx_word' id='word_1_254' title='bbox 977 5092 1059 5158; x_wconf 88' lang='lat' dir='ltr'><strong>ad</strong></span> <span class='ocrx_word' id='word_1_255' title='bbox 1082 5092 1234 5160; x_wconf 82' lang='lat' dir='ltr'><strong>vitae</strong></span> <span class='ocrx_word' id='word_1_256' title='bbox 1269 5092 1622 5160; x_wconf 86' lang='lat' dir='ltr'><strong>libertatem</strong></span> <span class='ocrx_word' id='word_1_257' title='bbox 1649 5095 1963 5178; x_wconf 86' lang='lat' dir='ltr'><strong>pervenit.</strong></span> <span class='ocrx_word' id='word_1_258' title='bbox 2010 5093 2294 5177; x_wconf 78' lang='lat' dir='ltr'><strong>Sangui-</strong></span> 
     </span>
     <span class='ocr_line' id='line_1_45' title="bbox 759 5200 2299 5286; baseline 0.003 -21"><span class='ocrx_word' id='word_1_259' title='bbox 759 5201 863 5266; x_wconf 89' lang='lat' dir='ltr'><strong>nis</strong></span> <span class='ocrx_word' id='word_1_260' title='bbox 889 5200 1260 5286; x_wconf 85' lang='lat' dir='ltr'><strong>hujusmodi</strong></span> <span class='ocrx_word' id='word_1_261' title='bbox 1286 5219 1419 5268; x_wconf 89' lang='lat' dir='ltr'><strong>vox</strong></span> <span class='ocrx_word' id='word_1_262' title='bbox 1442 5201 1717 5269; x_wconf 86' lang='lat' dir='ltr'><strong>clamare</strong></span> <span class='ocrx_word' id='word_1_263' title='bbox 1742 5202 1932 5270; x_wconf 88' lang='lat' dir='ltr'><strong>debet</strong></span> <span class='ocrx_word' id='word_1_264' title='bbox 1958 5202 2028 5267; x_wconf 92' lang='lat' dir='ltr'><strong>in</strong></span> <span class='ocrx_word' id='word_1_265' title='bbox 2055 5204 2299 5270; x_wconf 86' lang='lat' dir='ltr'><strong>confes-</strong></span> 
     </span>
    </p>

    <p class='ocr_par' dir='ltr' id='par_1_11' title="bbox 825 5396 2296 5467">
     <span class='ocr_line' id='line_1_46' title="bbox 825 5396 2296 5467; baseline 0.003 -19"><span class='ocrx_word' id='word_1_266' title='bbox 825 5398 844 5433; x_wconf 88' lang='lat'>¹</span> <span class='ocrx_word' id='word_1_267' title='bbox 873 5396 1055 5462; x_wconf 63' lang='lat' dir='ltr'><strong>Ecca..</strong></span> <span class='ocrx_word' id='word_1_268' title='bbox 1088 5411 1197 5465; x_wconf 72' lang='grc' dir='ltr'>ιιι,</span> <span class='ocrx_word' id='word_1_269' title='bbox 1225 5402 1274 5452; x_wconf 81' lang='grc'><strong>9.</strong></span> <span class='ocrx_word' id='word_1_270' title='bbox 1305 5426 1368 5440; x_wconf 91' lang='grc'>-</span> <span class='ocrx_word' id='word_1_271' title='bbox 1394 5399 1413 5431; x_wconf 84' lang='lat'>²</span> <span class='ocrx_word' id='word_1_272' title='bbox 1442 5400 1647 5462; x_wconf 69' lang='lat' dir='ltr'><strong>Jerem„</strong></span> <span class='ocrx_word' id='word_1_273' title='bbox 1674 5410 1760 5464; x_wconf 78' lang='lat' dir='ltr'><strong>tx,</strong></span> <span class='ocrx_word' id='word_1_274' title='bbox 1789 5402 1838 5451; x_wconf 92' lang='grc'><strong>1.</strong></span> <span class='ocrx_word' id='word_1_275' title='bbox 1864 5424 1926 5438; x_wconf 92' lang='grc'><strong>-</strong></span> <span class='ocrx_word' id='word_1_276' title='bbox 1952 5398 1973 5434; x_wconf 88' lang='lat'>⁸</span> <span class='ocrx_word' id='word_1_277' title='bbox 2001 5399 2137 5463; x_wconf 79' lang='lat' dir='ltr'><strong>Luc..</strong></span> <span class='ocrx_word' id='word_1_278' title='bbox 2163 5413 2296 5467; x_wconf 62' lang='grc' dir='ltr'>χιιι,</span> 
     </span>
    </p>
   </div>
   <div class='ocr_carea' id='block_1_10' title="bbox 763 5467 2298 5611">
    <p class='ocr_par' dir='ltr' id='par_1_12' title="bbox 763 5467 2298 5611">
     <span class='ocr_line' id='line_1_47' title="bbox 766 5467 2296 5538; baseline 0.002 -17"><span class='ocrx_word' id='word_1_279' title='bbox 766 5470 843 5522; x_wconf 81' lang='grc'><strong>10.</strong></span> <span class='ocrx_word' id='word_1_280' title='bbox 869 5494 932 5507; x_wconf 92' lang='grc'>-</span> <span class='ocrx_word' id='word_1_281' title='bbox 958 5467 980 5504; x_wconf 72' lang='lat'>⁸</span> <span class='ocrx_word' id='word_1_282' title='bbox 1002 5470 1151 5534; x_wconf 67' lang='lat'><em>1021„</em></span> <span class='ocrx_word' id='word_1_283' title='bbox 1183 5484 1253 5534; x_wconf 85' lang='lat'><strong>11,</strong></span> <span class='ocrx_word' id='word_1_284' title='bbox 1289 5475 1367 5524; x_wconf 77' lang='lat'><strong>12.</strong></span> <span class='ocrx_word' id='word_1_285' title='bbox 1395 5498 1456 5513; x_wconf 93' lang='lat'>—</span> <span class='ocrx_word' id='word_1_286' title='bbox 1495 5472 1520 5508; x_wconf 89' lang='lat'>⁸</span> <span class='ocrx_word' id='word_1_287' title='bbox 1544 5471 1683 5524; x_wconf 64' lang='lat' dir='ltr'><strong>Peme.</strong></span> <span class='ocrx_word' id='word_1_288' title='bbox 1718 5482 1822 5536; x_wconf 74' lang='lat' dir='ltr'><strong>civ,</strong></span> <span class='ocrx_word' id='word_1_289' title='bbox 1853 5473 1932 5524; x_wconf 68' lang='lat'><strong>29.</strong></span> <span class='ocrx_word' id='word_1_290' title='bbox 1966 5497 2029 5511; x_wconf 90' lang='lat'>—</span> <span class='ocrx_word' id='word_1_291' title='bbox 2065 5471 2087 5508; x_wconf 78' lang='lat'>⁸</span> <span class='ocrx_word' id='word_1_292' title='bbox 2112 5473 2296 5538; x_wconf 66' lang='lat' dir='ltr'><strong>Emd„</strong></span> 
     </span>
     <span class='ocr_line' id='line_1_48' title="bbox 763 5543 2298 5611; baseline 0.002 -17"><span class='ocrx_word' id='word_1_293' title='bbox 763 5551 851 5610; x_wconf 68' lang='grc' dir='ltr'><strong>κν,</strong></span> <span class='ocrx_word' id='word_1_294' title='bbox 877 5543 952 5594; x_wconf 91' lang='grc'><strong>10.</strong></span> <span class='ocrx_word' id='word_1_295' title='bbox 982 5568 1042 5584; x_wconf 91' lang='lat'><em>-</em></span> <span class='ocrx_word' id='word_1_296' title='bbox 1069 5544 1088 5576; x_wconf 70' lang='lat'><strong><em>⁹</em></strong></span> <span class='ocrx_word' id='word_1_297' title='bbox 1117 5543 1263 5608; x_wconf 66' lang='lat' dir='ltr'><strong>Gen„</strong></span> <span class='ocrx_word' id='word_1_298' title='bbox 1295 5557 1369 5608; x_wconf 81' lang='lat' dir='ltr'><strong>iv,</strong></span> <span class='ocrx_word' id='word_1_299' title='bbox 1392 5547 1469 5596; x_wconf 89' lang='grc'><strong>10.</strong></span> <span class='ocrx_word' id='word_1_300' title='bbox 1498 5569 1559 5584; x_wconf 92' lang='grc'><strong>-</strong></span> <span class='ocrx_word' id='word_1_301' title='bbox 1580 5544 1604 5583; x_wconf 82' lang='lat'>⁸</span> <span class='ocrx_word' id='word_1_302' title='bbox 1628 5545 1763 5610; x_wconf 67' lang='lat' dir='ltr'><strong>Ion„</strong></span> <span class='ocrx_word' id='word_1_303' title='bbox 1791 5555 1882 5611; x_wconf 82' lang='grc' dir='ltr'>ιιι,</span> <span class='ocrx_word' id='word_1_304' title='bbox 1912 5546 1989 5597; x_wconf 89' lang='grc'><strong>10.</strong></span> <span class='ocrx_word' id='word_1_305' title='bbox 2012 5571 2075 5587; x_wconf 90' lang='lat'><strong>-·-</strong></span> <span class='ocrx_word' id='word_1_306' title='bbox 2100 5547 2121 5578; x_wconf 79' lang='lat'>⁸</span> <span class='ocrx_word' id='word_1_307' title='bbox 2147 5544 2298 5611; x_wconf 65' lang='lat' dir='ltr'><strong>thid„</strong></span> 
     </span>
    </p>
   </div>
   <div class='ocr_carea' id='block_1_11' title="bbox 2384 696 3931 5396">
    <p class='ocr_par' dir='ltr' id='par_1_13' title="bbox 2384 696 3903 1636">
     <span class='ocr_line' id='line_1_49' title="bbox 2384 696 3886 780; baseline 0.003 -22"><span class='ocrx_word' id='word_1_308' title='bbox 2384 711 2595 771; x_wconf 69' lang='lat' dir='ltr'><strong>none,</strong></span> <span class='ocrx_word' id='word_1_309' title='bbox 2644 699 2984 779; x_wconf 78' lang='lat' dir='ltr'><strong>postquam</strong></span> <span class='ocrx_word' id='word_1_310' title='bbox 3008 697 3227 774; x_wconf 61' lang='lat' dir='ltr'><strong>trata,</strong></span> <span class='ocrx_word' id='word_1_311' title='bbox 3254 696 3320 761; x_wconf 88' lang='lat' dir='ltr'><strong>id</strong></span> <span class='ocrx_word' id='word_1_312' title='bbox 3346 699 3447 761; x_wconf 77' lang='lat' dir='ltr'><strong>est</strong></span> <span class='ocrx_word' id='word_1_313' title='bbox 3466 714 3734 780; x_wconf 78' lang='lat' dir='ltr'><strong>coepns,</strong></span> <span class='ocrx_word' id='word_1_314' title='bbox 3759 698 3886 762; x_wconf 87' lang='lat' dir='ltr'><strong>ani-</strong></span> 
     </span>
     <span class='ocr_line' id='line_1_50' title="bbox 2384 801 3887 884; baseline 0.006 -23"><span class='ocrx_word' id='word_1_315' title='bbox 2384 815 2561 862; x_wconf 86' lang='lat' dir='ltr'><strong>mam</strong></span> <span class='ocrx_word' id='word_1_316' title='bbox 2579 801 2844 866; x_wconf 84' lang='lat' dir='ltr'><strong>occidit</strong></span> <span class='ocrx_word' id='word_1_317' title='bbox 2824 820 2897 865; x_wconf 87' lang='lat' dir='ltr'><strong>m</strong></span> <span class='ocrx_word' id='word_1_318' title='bbox 2916 804 3461 884; x_wconf 56' lang='lat' dir='ltr'><strong>&amp;ansgrmone</strong></span> <span class='ocrx_word' id='word_1_319' title='bbox 3491 826 3577 868; x_wconf 82' lang='lat'><strong>:«</strong></span> <span class='ocrx_word' id='word_1_320' title='bbox 3595 803 3735 869; x_wconf 78' lang='lat' dir='ltr'><strong>Vox</strong></span> <span class='ocrx_word' id='word_1_321' title='bbox 3756 825 3887 870; x_wconf 75' lang='lat' dir='ltr'><strong>san-</strong></span> 
     </span>
     <span class='ocr_line' id='line_1_51' title="bbox 2384 903 3894 994; baseline 0.006 -26"><span class='ocrx_word' id='word_1_322' title='bbox 2384 903 2603 986; x_wconf 77' lang='lat' dir='ltr'><strong>guinis</strong></span> <span class='ocrx_word' id='word_1_323' title='bbox 2643 907 2859 971; x_wconf 75' lang='lat' dir='ltr'><strong>fratris</strong></span> <span class='ocrx_word' id='word_1_324' title='bbox 2897 910 2997 974; x_wconf 90' lang='lat' dir='ltr'><strong>tui</strong></span> <span class='ocrx_word' id='word_1_325' title='bbox 3029 910 3299 989; x_wconf 85' lang='lat' dir='ltr'><strong>clamat,</strong></span> <span class='ocrx_word' id='word_1_326' title='bbox 3326 933 3360 970; x_wconf 72' lang='lat' dir='ltr'><em>n</em></span> <span class='ocrx_word' id='word_1_327' title='bbox 3392 916 3515 975; x_wconf 83' lang='lat' dir='ltr'><strong>etc.</strong></span> <span class='ocrx_word' id='word_1_328' title='bbox 3552 910 3711 975; x_wconf 86' lang='lat' dir='ltr'><strong>Cum</strong></span> <span class='ocrx_word' id='word_1_329' title='bbox 3744 932 3894 994; x_wconf 77' lang='lat' dir='ltr'><strong>ergo</strong></span> 
     </span>
     <span class='ocr_line' id='line_1_52' title="bbox 2384 1014 3893 1100; baseline 0.004 -22"><span class='ocrx_word' id='word_1_330' title='bbox 2384 1014 2577 1094; x_wconf 82' lang='lat' dir='ltr'><strong>virga</strong></span> <span class='ocrx_word' id='word_1_331' title='bbox 2602 1018 3111 1082; x_wconf 84' lang='lat' dir='ltr'><strong>comminationis</strong></span> <span class='ocrx_word' id='word_1_332' title='bbox 3133 1017 3336 1082; x_wconf 83' lang='lat' dir='ltr'><strong>divini</strong></span> <span class='ocrx_word' id='word_1_333' title='bbox 3366 1019 3597 1100; x_wconf 86' lang='lat' dir='ltr'><strong>judicii</strong></span> <span class='ocrx_word' id='word_1_334' title='bbox 3626 1021 3893 1084; x_wconf 66' lang='lat' dir='ltr'><strong>extundi-</strong></span> 
     </span>
     <span class='ocr_line' id='line_1_53' title="bbox 2384 1121 3895 1208; baseline 0.005 -24"><span class='ocrx_word' id='word_1_335' title='bbox 2384 1121 2539 1185; x_wconf 81' lang='lat' dir='ltr'><strong>tur</strong></span> <span class='ocrx_word' id='word_1_336' title='bbox 2519 1140 2590 1184; x_wconf 86' lang='lat' dir='ltr'><strong>m</strong></span> <span class='ocrx_word' id='word_1_337' title='bbox 2616 1122 3097 1204; x_wconf 72' lang='lat' dir='ltr'><strong>praedicatione,</strong></span> <span class='ocrx_word' id='word_1_338' title='bbox 3128 1142 3315 1208; x_wconf 76' lang='lat' dir='ltr'><strong>aquae</strong></span> <span class='ocrx_word' id='word_1_339' title='bbox 3339 1125 3690 1190; x_wconf 79' lang='lat' dir='ltr'><strong>vitiorum</strong></span> <span class='ocrx_word' id='word_1_340' title='bbox 3671 1145 3739 1190; x_wconf 85' lang='grc' dir='ltr'><strong>ιιι</strong></span> <span class='ocrx_word' id='word_1_341' title='bbox 3762 1146 3895 1191; x_wconf 80' lang='lat' dir='ltr'><strong>san-</strong></span> 
     </span>
     <span class='ocr_line' id='line_1_54' title="bbox 2385 1230 3899 1314; baseline 0.004 -20"><span class='ocrx_word' id='word_1_342' title='bbox 2385 1230 2653 1311; x_wconf 84' lang='lat' dir='ltr'><strong>guinem</strong></span> <span class='ocrx_word' id='word_1_343' title='bbox 2682 1250 2797 1314; x_wconf 88' lang='lat' dir='ltr'><strong>per</strong></span> <span class='ocrx_word' id='word_1_344' title='bbox 2822 1233 3325 1298; x_wconf 78' lang='lat' dir='ltr'><strong>erubescentiam</strong></span> <span class='ocrx_word' id='word_1_345' title='bbox 3354 1236 3852 1300; x_wconf 75' lang='lat' dir='ltr'><strong>conver-tunnu-</strong></span> <span class='ocrx_word' id='word_1_346' title='bbox 3836 1255 3899 1300; x_wconf 88' lang='grc' dir='ltr'><strong>ιιι</strong></span> 
     </span>
     <span class='ocr_line' id='line_1_55' title="bbox 2386 1338 3897 1422; baseline 0.004 -21"><span class='ocrx_word' id='word_1_347' title='bbox 2386 1338 2823 1403; x_wconf 74' lang='lat' dir='ltr'><strong>confessione:</strong></span> <span class='ocrx_word' id='word_1_348' title='bbox 2850 1344 2917 1403; x_wconf 87' lang='lat' dir='ltr'><strong>et</strong></span> <span class='ocrx_word' id='word_1_349' title='bbox 2942 1340 3035 1404; x_wconf 88' lang='lat' dir='ltr'><strong>sic</strong></span> <span class='ocrx_word' id='word_1_350' title='bbox 3060 1342 3262 1422; x_wconf 82' lang='lat' dir='ltr'><strong>pisces</strong></span> <span class='ocrx_word' id='word_1_351' title='bbox 3286 1343 3645 1406; x_wconf 64' lang='lat' dir='ltr'><strong>carnalium</strong></span> <span class='ocrx_word' id='word_1_352' title='bbox 3670 1342 3897 1407; x_wconf 83' lang='lat' dir='ltr'><strong>deside·</strong></span> 
     </span>
     <span class='ocr_line' id='line_1_56' title="bbox 2388 1444 3903 1528; baseline 0.003 -19"><span class='ocrx_word' id='word_1_353' title='bbox 2388 1444 2639 1510; x_wconf 86' lang='lat' dir='ltr'><strong>riorum</strong></span> <span class='ocrx_word' id='word_1_354' title='bbox 2656 1445 3049 1526; x_wconf 84' lang='lat' dir='ltr'><strong>occiduntur,</strong></span> <span class='ocrx_word' id='word_1_355' title='bbox 3078 1452 3145 1511; x_wconf 86' lang='lat' dir='ltr'><strong>et</strong></span> <span class='ocrx_word' id='word_1_356' title='bbox 3170 1446 3461 1528; x_wconf 83' lang='lat' dir='ltr'><strong>Pharao,</strong></span> <span class='ocrx_word' id='word_1_357' title='bbox 3490 1449 3559 1512; x_wconf 86' lang='lat' dir='ltr'><strong>id</strong></span> <span class='ocrx_word' id='word_1_358' title='bbox 3580 1454 3681 1513; x_wconf 86' lang='lat' dir='ltr'><strong>est</strong></span> <span class='ocrx_word' id='word_1_359' title='bbox 3700 1449 3903 1514; x_wconf 88' lang='lat' dir='ltr'><strong>diabo-</strong></span> 
     </span>
     <span class='ocr_line' id='line_1_57' title="bbox 2387 1551 3495 1636; baseline 0.004 -20"><span class='ocrx_word' id='word_1_360' title='bbox 2387 1551 2523 1633; x_wconf 89' lang='lat' dir='ltr'><strong>lus,</strong></span> <span class='ocrx_word' id='word_1_361' title='bbox 2553 1552 2951 1635; x_wconf 84' lang='lat' dir='ltr'><strong>percutitur</strong></span> <span class='ocrx_word' id='word_1_362' title='bbox 2932 1573 3003 1618; x_wconf 90' lang='grc' dir='ltr'><strong>ιιι</strong></span> <span class='ocrx_word' id='word_1_363' title='bbox 3020 1556 3495 1636; x_wconf 79' lang='lat' dir='ltr'><strong>justificatione.</strong></span> 
     </span>
    </p>

    <p class='ocr_par' dir='ltr' id='par_1_14' title="bbox 2390 1658 3931 4844">
     <span class='ocr_line' id='line_1_58' title="bbox 2470 1658 3901 1727; baseline 0.001 -3"><span class='ocrx_word' id='word_1_364' title='bbox 2470 1658 2701 1724; x_wconf 82' lang='lat' dir='ltr'><strong>Contra</strong></span> <span class='ocrx_word' id='word_1_365' title='bbox 2740 1661 3095 1725; x_wconf 89' lang='lat' dir='ltr'><strong>secundnm</strong></span> <span class='ocrx_word' id='word_1_366' title='bbox 3128 1662 3360 1727; x_wconf 88' lang='lat' dir='ltr'><strong>dicitur</strong></span> <span class='ocrx_word' id='word_1_367' title='bbox 3389 1662 3469 1726; x_wconf 84' lang='lat' dir='ltr'><strong>de</strong></span> <span class='ocrx_word' id='word_1_368' title='bbox 3508 1660 3850 1726; x_wconf 83' lang='lat' dir='ltr'><strong>Ninivitis⁸</strong></span> <span class='ocrx_word' id='word_1_369' title='bbox 3887 1685 3901 1725; x_wconf 90' lang='lat'>:</span> 
     </span>
     <span class='ocr_line' id='line_1_59' title="bbox 2392 1766 3904 1851; baseline 0 -21"><span class='ocrx_word' id='word_1_370' title='bbox 2392 1790 2425 1829; x_wconf 75' lang='grc' dir='ltr'><strong>ι</strong></span> <span class='ocrx_word' id='word_1_371' title='bbox 2444 1766 2613 1832; x_wconf 82' lang='lat' dir='ltr'><strong>Vidit</strong></span> <span class='ocrx_word' id='word_1_372' title='bbox 2636 1767 2941 1831; x_wconf 89' lang='lat' dir='ltr'><strong>Dominus</strong></span> <span class='ocrx_word' id='word_1_373' title='bbox 2961 1785 3155 1850; x_wconf 81' lang='lat' dir='ltr'><strong>opera</strong></span> <span class='ocrx_word' id='word_1_374' title='bbox 3178 1786 3428 1849; x_wconf 87' lang='lat' dir='ltr'><strong>eorum,</strong></span> <span class='ocrx_word' id='word_1_375' title='bbox 3447 1768 3607 1851; x_wconf 87' lang='lat' dir='ltr'><strong>quia</strong></span> <span class='ocrx_word' id='word_1_376' title='bbox 3624 1768 3904 1833; x_wconf 85' lang='lat' dir='ltr'><strong>conversi</strong></span> 
     </span>
     <span class='ocr_line' id='line_1_60' title="bbox 2390 1875 3906 1956; baseline -0.001 -16"><span class='ocrx_word' id='word_1_377' title='bbox 2390 1880 2543 1940; x_wconf 90' lang='lat' dir='ltr'><strong>sunt</strong></span> <span class='ocrx_word' id='word_1_378' title='bbox 2567 1875 2775 1941; x_wconf 81' lang='lat' dir='ltr'><strong>devia</strong></span> <span class='ocrx_word' id='word_1_379' title='bbox 2802 1876 3147 1952; x_wconf 85' lang='lat' dir='ltr'><strong>suamala,</strong></span> <span class='ocrx_word' id='word_1_380' title='bbox 3174 1876 3765 1956; x_wconf 75' lang='lat' dir='ltr'><strong>etmisertusest,·</strong></span> <span class='ocrx_word' id='word_1_381' title='bbox 3798 1879 3906 1940; x_wconf 83' lang='lat' dir='ltr'><strong>etc.</strong></span> 
     </span>
     <span class='ocr_line' id='line_1_61' title="bbox 2392 1982 3910 2067; baseline 0 -19"><span class='ocrx_word' id='word_1_382' title='bbox 2392 1982 2594 2065; x_wconf 85' lang='lat' dir='ltr'><strong>Opera</strong></span> <span class='ocrx_word' id='word_1_383' title='bbox 2643 1984 3030 2067; x_wconf 82' lang='lat' dir='ltr'><strong>poeuitentiae</strong></span> <span class='ocrx_word' id='word_1_384' title='bbox 3086 2002 3312 2049; x_wconf 89' lang='lat' dir='ltr'><strong>eorum</strong></span> <span class='ocrx_word' id='word_1_385' title='bbox 3358 1985 3626 2049; x_wconf 80' lang='lat' dir='ltr'><strong>fuerunt</strong></span> <span class='ocrx_word' id='word_1_386' title='bbox 3646 2034 3668 2063; x_wconf 89' lang='lat'>‚</span> <span class='ocrx_word' id='word_1_387' title='bbox 3724 1986 3868 2067; x_wconf 85' lang='lat' dir='ltr'><strong>quia</strong></span> <span class='ocrx_word' id='word_1_388' title='bbox 3888 1982 3910 2017; x_wconf 79' lang='lat'>’</span> 
     </span>
     <span class='ocr_line' id='line_1_62' title="bbox 2400 2090 3909 2171; baseline 0.001 -19"><span class='ocrx_word' id='word_1_389' title='bbox 2400 2090 2861 2155; x_wconf 76' lang='lat' dir='ltr'><strong>«rexindutus</strong></span> <span class='ocrx_word' id='word_1_390' title='bbox 2896 2095 3242 2171; x_wconf 80' lang='lat' dir='ltr'><strong>estsacco,</strong></span> <span class='ocrx_word' id='word_1_391' title='bbox 3280 2095 3346 2156; x_wconf 88' lang='lat' dir='ltr'><strong>et</strong></span> <span class='ocrx_word' id='word_1_392' title='bbox 3379 2091 3543 2156; x_wconf 87' lang='lat' dir='ltr'><strong>sedit</strong></span> <span class='ocrx_word' id='word_1_393' title='bbox 3576 2090 3909 2168; x_wconf 87' lang='lat' dir='ltr'><strong>incinere,</strong></span> 
     </span>
     <span class='ocr_line' id='line_1_63' title="bbox 2393 2197 3916 2281; baseline 0.001 -20"><span class='ocrx_word' id='word_1_394' title='bbox 2393 2201 2458 2262; x_wconf 88' lang='lat' dir='ltr'><strong>et</strong></span> <span class='ocrx_word' id='word_1_395' title='bbox 2507 2197 2809 2281; x_wconf 77' lang='lat' dir='ltr'><strong>praecepit</strong></span> <span class='ocrx_word' id='word_1_396' title='bbox 2831 2247 2854 2277; x_wconf 89' lang='lat'><strong>,</strong></span> <span class='ocrx_word' id='word_1_397' title='bbox 2911 2198 3126 2263; x_wconf 89' lang='lat' dir='ltr'><strong>dicens</strong></span> <span class='ocrx_word' id='word_1_398' title='bbox 3166 2217 3185 2262; x_wconf 90' lang='lat'><strong>:</strong></span> <span class='ocrx_word' id='word_1_399' title='bbox 3236 2197 3543 2263; x_wconf 85' lang='lat' dir='ltr'><strong>Homines</strong></span> <span class='ocrx_word' id='word_1_400' title='bbox 3592 2203 3663 2263; x_wconf 88' lang='lat' dir='ltr'><strong>et</strong></span> <span class='ocrx_word' id='word_1_401' title='bbox 3704 2215 3916 2281; x_wconf 84' lang='lat' dir='ltr'><strong>pecora</strong></span> 
     </span>
     <span class='ocr_line' id='line_1_64' title="bbox 2394 2303 3918 2388; baseline -0.001 -20"><span class='ocrx_word' id='word_1_402' title='bbox 2394 2322 2526 2369; x_wconf 89' lang='lat' dir='ltr'><strong>non</strong></span> <span class='ocrx_word' id='word_1_403' title='bbox 2565 2309 2825 2387; x_wconf 79' lang='lat' dir='ltr'><strong>gustent</strong></span> <span class='ocrx_word' id='word_1_404' title='bbox 2861 2306 3220 2388; x_wconf 82' lang='lat' dir='ltr'><strong>quidquam</strong></span> <span class='ocrx_word' id='word_1_405' title='bbox 3240 2352 3259 2383; x_wconf 93' lang='lat'>‚</span> <span class='ocrx_word' id='word_1_406' title='bbox 3300 2309 3365 2369; x_wconf 88' lang='lat' dir='ltr'><strong>et</strong></span> <span class='ocrx_word' id='word_1_407' title='bbox 3396 2322 3636 2387; x_wconf 86' lang='lat' dir='ltr'><strong>aquam</strong></span> <span class='ocrx_word' id='word_1_408' title='bbox 3671 2323 3801 2368; x_wconf 89' lang='lat' dir='ltr'><strong>non</strong></span> <span class='ocrx_word' id='word_1_409' title='bbox 3825 2303 3918 2367; x_wconf 88' lang='lat' dir='ltr'><strong>bi-</strong></span> 
     </span>
     <span class='ocr_line' id='line_1_65' title="bbox 2394 2411 3919 2494; baseline -0.001 -18"><span class='ocrx_word' id='word_1_410' title='bbox 2394 2412 2589 2491; x_wconf 84' lang='lat' dir='ltr'><strong>bant,</strong></span> <span class='ocrx_word' id='word_1_411' title='bbox 2620 2416 2687 2477; x_wconf 88' lang='lat' dir='ltr'><strong>et</strong></span> <span class='ocrx_word' id='word_1_412' title='bbox 2710 2412 3079 2494; x_wconf 85' lang='lat' dir='ltr'><strong>operiantur</strong></span> <span class='ocrx_word' id='word_1_413' title='bbox 3106 2411 3402 2477; x_wconf 70' lang='lat' dir='ltr'><strong>bominoe</strong></span> <span class='ocrx_word' id='word_1_414' title='bbox 3444 2412 3685 2491; x_wconf 85' lang='lat' dir='ltr'><strong>saccis,</strong></span> <span class='ocrx_word' id='word_1_415' title='bbox 3720 2416 3783 2477; x_wconf 88' lang='lat' dir='ltr'><strong>et</strong></span> <span class='ocrx_word' id='word_1_416' title='bbox 3815 2415 3919 2494; x_wconf 89' lang='lat' dir='ltr'><strong>ju-</strong></span> 
     </span>
     <span class='ocr_line' id='line_1_66' title="bbox 2395 2518 3916 2603; baseline 0.001 -21"><span class='ocrx_word' id='word_1_417' title='bbox 2395 2522 2613 2583; x_wconf 88' lang='lat' dir='ltr'><strong>menta</strong></span> <span class='ocrx_word' id='word_1_418' title='bbox 2632 2566 2650 2598; x_wconf 86' lang='lat'><strong>,</strong></span> <span class='ocrx_word' id='word_1_419' title='bbox 2679 2541 2711 2578; x_wconf 73' lang='grc' dir='ltr'><strong>ι»</strong></span> <span class='ocrx_word' id='word_1_420' title='bbox 2741 2522 2862 2584; x_wconf 89' lang='lat' dir='ltr'><strong>etc.</strong></span> <span class='ocrx_word' id='word_1_421' title='bbox 2890 2518 3050 2583; x_wconf 89' lang='lat' dir='ltr'><strong>Ecce</strong></span> <span class='ocrx_word' id='word_1_422' title='bbox 3070 2519 3266 2584; x_wconf 87' lang='lat' dir='ltr'><strong>timor</strong></span> <span class='ocrx_word' id='word_1_423' title='bbox 3308 2525 3441 2583; x_wconf 87' lang='lat' dir='ltr'><strong>tam</strong></span> <span class='ocrx_word' id='word_1_424' title='bbox 3480 2521 3703 2601; x_wconf 80' lang='lat' dir='ltr'><strong>gravis</strong></span> <span class='ocrx_word' id='word_1_425' title='bbox 3726 2520 3916 2603; x_wconf 86' lang='lat' dir='ltr'><strong>poeni-</strong></span> 
     </span>
     <span class='ocr_line' id='line_1_67' title="bbox 2397 2625 3914 2705; baseline 0.001 -15"><span class='ocrx_word' id='word_1_426' title='bbox 2397 2626 2611 2691; x_wconf 84' lang='lat' dir='ltr'><strong>teutiae</strong></span> <span class='ocrx_word' id='word_1_427' title='bbox 2628 2643 2761 2690; x_wconf 91' lang='lat' dir='ltr'><strong>non</strong></span> <span class='ocrx_word' id='word_1_428' title='bbox 2786 2627 3052 2690; x_wconf 84' lang='lat' dir='ltr'><strong>retraxit</strong></span> <span class='ocrx_word' id='word_1_429' title='bbox 3072 2625 3387 2691; x_wconf 87' lang='lat' dir='ltr'><strong>Ninivitas</strong></span> <span class='ocrx_word' id='word_1_430' title='bbox 3406 2645 3447 2691; x_wconf 89' lang='lat' dir='ltr'><strong>a</strong></span> <span class='ocrx_word' id='word_1_431' title='bbox 3470 2629 3914 2705; x_wconf 88' lang='lat' dir='ltr'><strong>conversione;</strong></span> 
     </span>
     <span class='ocr_line' id='line_1_68' title="bbox 2397 2733 3919 2817; baseline 0.002 -20"><span class='ocrx_word' id='word_1_432' title='bbox 2397 2733 2504 2797; x_wconf 91' lang='lat' dir='ltr'><strong>sed</strong></span> <span class='ocrx_word' id='word_1_433' title='bbox 2519 2780 2541 2812; x_wconf 89' lang='lat'>‚</span> <span class='ocrx_word' id='word_1_434' title='bbox 2573 2733 2737 2798; x_wconf 85' lang='lat' dir='ltr'><strong>heu!</strong></span> <span class='ocrx_word' id='word_1_435' title='bbox 2771 2733 2966 2797; x_wconf 83' lang='lat' dir='ltr'><strong>timor</strong></span> <span class='ocrx_word' id='word_1_436' title='bbox 3001 2733 3238 2798; x_wconf 89' lang='lat' dir='ltr'><strong>multos</strong></span> <span class='ocrx_word' id='word_1_437' title='bbox 3280 2734 3372 2799; x_wconf 91' lang='lat' dir='ltr'><strong>sic</strong></span> <span class='ocrx_word' id='word_1_438' title='bbox 3420 2735 3724 2816; x_wconf 77' lang='lat' dir='ltr'><strong>retrahit,</strong></span> <span class='ocrx_word' id='word_1_439' title='bbox 3764 2735 3919 2817; x_wconf 87' lang='lat' dir='ltr'><strong>quod</strong></span> 
     </span>
     <span class='ocr_line' id='line_1_69' title="bbox 2398 2840 3921 2925; baseline 0.001 -21"><span class='ocrx_word' id='word_1_440' title='bbox 2398 2840 2654 2923; x_wconf 86' lang='lat' dir='ltr'><strong>quando</strong></span> <span class='ocrx_word' id='word_1_441' title='bbox 2678 2841 2906 2903; x_wconf 88' lang='lat' dir='ltr'><strong>timent</strong></span> <span class='ocrx_word' id='word_1_442' title='bbox 2930 2843 3185 2920; x_wconf 86' lang='lat' dir='ltr'><strong>peccata</strong></span> <span class='ocrx_word' id='word_1_443' title='bbox 3209 2841 3445 2920; x_wconf 85' lang='lat' dir='ltr'><strong>vitare,</strong></span> <span class='ocrx_word' id='word_1_444' title='bbox 3481 2860 3621 2906; x_wconf 88' lang='lat' dir='ltr'><strong>non</strong></span> <span class='ocrx_word' id='word_1_445' title='bbox 3654 2845 3921 2925; x_wconf 82' lang='lat' dir='ltr'><strong>&#39;possunt</strong></span> 
     </span>
     <span class='ocr_line' id='line_1_70' title="bbox 2398 2947 3917 3033; baseline 0.003 -23"><span class='ocrx_word' id='word_1_446' title='bbox 2398 2947 2638 3029; x_wconf 85' lang='lat' dir='ltr'><strong>injusta</strong></span> <span class='ocrx_word' id='word_1_447' title='bbox 2660 2947 2829 3011; x_wconf 89' lang='lat' dir='ltr'><strong>bona</strong></span> <span class='ocrx_word' id='word_1_448' title='bbox 2854 2947 3185 3012; x_wconf 86' lang='lat' dir='ltr'><strong>restituere</strong></span> <span class='ocrx_word' id='word_1_449' title='bbox 3201 2994 3223 3026; x_wconf 89' lang='lat'><strong>,</strong></span> <span class='ocrx_word' id='word_1_450' title='bbox 3264 2953 3331 3012; x_wconf 86' lang='lat' dir='ltr'><strong>et</strong></span> <span class='ocrx_word' id='word_1_451' title='bbox 3354 2950 3759 3031; x_wconf 86' lang='lat' dir='ltr'><strong>poenitentias</strong></span> <span class='ocrx_word' id='word_1_452' title='bbox 3783 2967 3917 3033; x_wconf 89' lang='lat' dir='ltr'><strong>por-</strong></span> 
     </span>
     <span class='ocr_line' id='line_1_71' title="bbox 2398 3052 3923 3134; baseline 0.003 -17"><span class='ocrx_word' id='word_1_453' title='bbox 2398 3057 2557 3117; x_wconf 87' lang='lat' dir='ltr'><strong>tare.</strong></span> <span class='ocrx_word' id='word_1_454' title='bbox 2583 3052 2712 3118; x_wconf 89' lang='lat' dir='ltr'><strong>Nos</strong></span> <span class='ocrx_word' id='word_1_455' title='bbox 2736 3057 2952 3117; x_wconf 88' lang='lat' dir='ltr'><strong>autem</strong></span> <span class='ocrx_word' id='word_1_456' title='bbox 2974 3099 2993 3134; x_wconf 88' lang='lat'><strong>,</strong></span> <span class='ocrx_word' id='word_1_457' title='bbox 3021 3055 3407 3133; x_wconf 81' lang='lat' dir='ltr'><strong>charissimi,</strong></span> <span class='ocrx_word' id='word_1_458' title='bbox 3451 3074 3604 3120; x_wconf 91' lang='lat' dir='ltr'><strong>cum</strong></span> <span class='ocrx_word' id='word_1_459' title='bbox 3636 3056 3923 3122; x_wconf 80' lang='lat' dir='ltr'><strong>Ninivitis</strong></span> 
     </span>
     <span class='ocr_line' id='line_1_72' title="bbox 2400 3159 3923 3244; baseline 0.003 -20"><span class='ocrx_word' id='word_1_460' title='bbox 2400 3178 2531 3225; x_wconf 92' lang='lat' dir='ltr'><strong>non</strong></span> <span class='ocrx_word' id='word_1_461' title='bbox 2557 3159 2897 3225; x_wconf 87' lang='lat' dir='ltr'><strong>timeamus</strong></span> <span class='ocrx_word' id='word_1_462' title='bbox 2922 3161 3326 3244; x_wconf 82' lang='lat' dir='ltr'><strong>poenitentias</strong></span> <span class='ocrx_word' id='word_1_463' title='bbox 3348 3164 3733 3229; x_wconf 82' lang='lat' dir='ltr'><strong>transitoriae</strong></span> <span class='ocrx_word' id='word_1_464' title='bbox 3760 3163 3923 3229; x_wconf 83' lang='lat' dir='ltr'><strong>satis·</strong></span> 
     </span>
     <span class='ocr_line' id='line_1_73' title="bbox 2400 3267 3924 3346; baseline 0.003 -15"><span class='ocrx_word' id='word_1_465' title='bbox 2400 3267 2690 3333; x_wconf 84' lang='lat' dir='ltr'><strong>factionis</strong></span> <span class='ocrx_word' id='word_1_466' title='bbox 2708 3314 2726 3346; x_wconf 86' lang='lat'><strong>,</strong></span> <span class='ocrx_word' id='word_1_467' title='bbox 2772 3271 2846 3332; x_wconf 89' lang='lat' dir='ltr'><strong>ut</strong></span> <span class='ocrx_word' id='word_1_468' title='bbox 2880 3269 3229 3334; x_wconf 89' lang='lat' dir='ltr'><strong>evadamus</strong></span> <span class='ocrx_word' id='word_1_469' title='bbox 3271 3269 3436 3334; x_wconf 86' lang='lat' dir='ltr'><strong>iram</strong></span> <span class='ocrx_word' id='word_1_470' title='bbox 3469 3276 3733 3337; x_wconf 81' lang='lat' dir='ltr'><strong>aeternae</strong></span> <span class='ocrx_word' id='word_1_471' title='bbox 3776 3272 3924 3335; x_wconf 87' lang='lat' dir='ltr'><strong>sub-</strong></span> 
     </span>
     <span class='ocr_line' id='line_1_74' title="bbox 2401 3374 3926 3458; baseline 0.003 -20"><span class='ocrx_word' id='word_1_472' title='bbox 2401 3374 2758 3440; x_wconf 90' lang='lat' dir='ltr'><strong>mersionis.</strong></span> <span class='ocrx_word' id='word_1_473' title='bbox 2781 3374 3110 3440; x_wconf 87' lang='lat' dir='ltr'><strong>Psalmista</strong></span> <span class='ocrx_word' id='word_1_474' title='bbox 3127 3376 3172 3411; x_wconf 80' lang='lat'><strong>¹⁰</strong></span> <span class='ocrx_word' id='word_1_475' title='bbox 3194 3397 3210 3440; x_wconf 74' lang='grc' dir='ltr'>ε</span> <span class='ocrx_word' id='word_1_476' title='bbox 3234 3375 3586 3443; x_wconf 77' lang='lat' dir='ltr'><strong>«Converte</strong></span> <span class='ocrx_word' id='word_1_477' title='bbox 3610 3396 3752 3458; x_wconf 90' lang='lat' dir='ltr'><strong>nos,</strong></span> <span class='ocrx_word' id='word_1_478' title='bbox 3776 3378 3926 3443; x_wconf 80' lang='lat' dir='ltr'><strong>neus</strong></span> 
     </span>
     <span class='ocr_line' id='line_1_75' title="bbox 2403 3484 3921 3569; baseline 0.001 -20"><span class='ocrx_word' id='word_1_479' title='bbox 2403 3484 2698 3549; x_wconf 84' lang='lat' dir='ltr'><strong>salutaris</strong></span> <span class='ocrx_word' id='word_1_480' title='bbox 2724 3489 2970 3562; x_wconf 88' lang='lat' dir='ltr'><strong>noster,</strong></span> <span class='ocrx_word' id='word_1_481' title='bbox 2999 3505 3032 3545; x_wconf 70' lang='grc' dir='ltr'><strong>ι»</strong></span> <span class='ocrx_word' id='word_1_482' title='bbox 3066 3488 3187 3550; x_wconf 87' lang='lat' dir='ltr'><strong>etc.</strong></span> <span class='ocrx_word' id='word_1_483' title='bbox 3226 3484 3403 3550; x_wconf 84' lang='lat' dir='ltr'><strong>Certe</strong></span> <span class='ocrx_word' id='word_1_484' title='bbox 3441 3489 3516 3550; x_wconf 89' lang='lat' dir='ltr'><strong>tu</strong></span> <span class='ocrx_word' id='word_1_485' title='bbox 3544 3489 3760 3569; x_wconf 87' lang='lat' dir='ltr'><strong>potius</strong></span> <span class='ocrx_word' id='word_1_486' title='bbox 3783 3504 3921 3552; x_wconf 90' lang='lat' dir='ltr'><strong>con·</strong></span> 
     </span>
     <span class='ocr_line' id='line_1_76' title="bbox 2404 3593 3925 3677; baseline 0 -19"><span class='ocrx_word' id='word_1_487' title='bbox 2404 3593 2567 3658; x_wconf 85' lang='lat' dir='ltr'><strong>verti</strong></span> <span class='ocrx_word' id='word_1_488' title='bbox 2596 3593 2786 3658; x_wconf 88' lang='lat' dir='ltr'><strong>debes</strong></span> <span class='ocrx_word' id='word_1_489' title='bbox 2806 3640 2826 3673; x_wconf 89' lang='lat'>‚</span> <span class='ocrx_word' id='word_1_490' title='bbox 2868 3593 2980 3674; x_wconf 88' lang='lat' dir='ltr'><strong>qui</strong></span> <span class='ocrx_word' id='word_1_491' title='bbox 3023 3611 3232 3677; x_wconf 88' lang='lat' dir='ltr'><strong>neque</strong></span> <span class='ocrx_word' id='word_1_492' title='bbox 3277 3594 3471 3658; x_wconf 88' lang='lat' dir='ltr'><strong>unius</strong></span> <span class='ocrx_word' id='word_1_493' title='bbox 3496 3593 3627 3659; x_wconf 90' lang='lat' dir='ltr'><strong>diei</strong></span> <span class='ocrx_word' id='word_1_494' title='bbox 3652 3596 3925 3661; x_wconf 83' lang='lat' dir='ltr'><strong>inducias</strong></span> 
     </span>
     <span class='ocr_line' id='line_1_77' title="bbox 2404 3697 3924 3782; baseline 0.001 -17"><span class='ocrx_word' id='word_1_495' title='bbox 2404 3701 2624 3765; x_wconf 86' lang='lat' dir='ltr'><strong>habes.</strong></span> <span class='ocrx_word' id='word_1_496' title='bbox 2656 3699 3003 3781; x_wconf 79' lang='lat' dir='ltr'><strong>Gregorius</strong></span> <span class='ocrx_word' id='word_1_497' title='bbox 3015 3701 3057 3736; x_wconf 88' lang='lat'><strong>¹¹</strong></span> <span class='ocrx_word' id='word_1_498' title='bbox 3083 3719 3102 3764; x_wconf 76' lang='grc' dir='ltr'>ε</span> <span class='ocrx_word' id='word_1_499' title='bbox 3131 3722 3162 3760; x_wconf 76' lang='grc' dir='ltr'><strong>α</strong></span> <span class='ocrx_word' id='word_1_500' title='bbox 3181 3697 3303 3775; x_wconf 83' lang='lat' dir='ltr'><strong>Qui</strong></span> <span class='ocrx_word' id='word_1_501' title='bbox 3323 3700 3659 3782; x_wconf 83' lang='lat' dir='ltr'><strong>poenitenti</strong></span> <span class='ocrx_word' id='word_1_502' title='bbox 3685 3702 3924 3767; x_wconf 85' lang='lat' dir='ltr'><strong>veniam</strong></span> 
     </span>
     <span class='ocr_line' id='line_1_78' title="bbox 2404 3806 3927 3893; baseline 0.001 -21"><span class='ocrx_word' id='word_1_503' title='bbox 2404 3807 2759 3892; x_wconf 87' lang='lat' dir='ltr'><strong>spopondit,</strong></span> <span class='ocrx_word' id='word_1_504' title='bbox 2779 3807 3062 3889; x_wconf 90' lang='lat' dir='ltr'><strong>peccanti</strong></span> <span class='ocrx_word' id='word_1_505' title='bbox 3081 3806 3251 3871; x_wconf 89' lang='lat' dir='ltr'><strong>diem</strong></span> <span class='ocrx_word' id='word_1_506' title='bbox 3270 3808 3623 3872; x_wconf 89' lang='lat' dir='ltr'><strong>crastinum</strong></span> <span class='ocrx_word' id='word_1_507' title='bbox 3647 3827 3778 3874; x_wconf 89' lang='lat' dir='ltr'><strong>non</strong></span> <span class='ocrx_word' id='word_1_508' title='bbox 3797 3827 3927 3893; x_wconf 90' lang='lat' dir='ltr'><strong>pro-</strong></span> 
     </span>
     <span class='ocr_line' id='line_1_79' title="bbox 2404 3913 3924 3982; baseline 0 -2"><span class='ocrx_word' id='word_1_509' title='bbox 2404 3914 2600 3980; x_wconf 86' lang='lat' dir='ltr'><strong>misit.</strong></span> <span class='ocrx_word' id='word_1_510' title='bbox 2631 3937 2662 3974; x_wconf 77' lang='lat' dir='ltr'>n</span> <span class='ocrx_word' id='word_1_511' title='bbox 2713 3913 2925 3978; x_wconf 88' lang='lat' dir='ltr'><strong>Nescis</strong></span> <span class='ocrx_word' id='word_1_512' title='bbox 2978 3919 3145 3979; x_wconf 88' lang='lat' dir='ltr'><strong>certe</strong></span> <span class='ocrx_word' id='word_1_513' title='bbox 3192 3914 3248 3978; x_wconf 90' lang='lat' dir='ltr'><strong>si</strong></span> <span class='ocrx_word' id='word_1_514' title='bbox 3287 3915 3479 3981; x_wconf 90' lang='lat' dir='ltr'><strong>bodie</strong></span> <span class='ocrx_word' id='word_1_515' title='bbox 3522 3918 3817 3982; x_wconf 89' lang='lat' dir='ltr'><strong>moriaris</strong></span> <span class='ocrx_word' id='word_1_516' title='bbox 3840 3919 3924 3980; x_wconf 80' lang='lat'><strong>¹⁸:</strong></span> 
     </span>
     <span class='ocr_line' id='line_1_80' title="bbox 2415 4020 3926 4105; baseline 0.002 -21"><span class='ocrx_word' id='word_1_517' title='bbox 2415 4045 2446 4084; x_wconf 74' lang='grc' dir='ltr'>α</span> <span class='ocrx_word' id='word_1_518' title='bbox 2473 4020 2677 4087; x_wconf 86' lang='lat' dir='ltr'><strong>Stulte</strong></span> <span class='ocrx_word' id='word_1_519' title='bbox 2692 4068 2714 4101; x_wconf 90' lang='lat'><strong>,</strong></span> <span class='ocrx_word' id='word_1_520' title='bbox 2744 4021 2867 4085; x_wconf 87' lang='lat' dir='ltr'><strong>bac</strong></span> <span class='ocrx_word' id='word_1_521' title='bbox 2906 4024 3089 4088; x_wconf 88' lang='lat' dir='ltr'><strong>nocte</strong></span> <span class='ocrx_word' id='word_1_522' title='bbox 3115 4026 3399 4105; x_wconf 86' lang='lat' dir='ltr'><strong>repetent</strong></span> <span class='ocrx_word' id='word_1_523' title='bbox 3433 4024 3720 4090; x_wconf 83' lang='lat' dir='ltr'><strong>animam</strong></span> <span class='ocrx_word' id='word_1_524' title='bbox 3759 4030 3926 4090; x_wconf 88' lang='lat' dir='ltr'><strong>tuam</strong></span> 
     </span>
     <span class='ocr_line' id='line_1_81' title="bbox 2405 4128 3926 4212; baseline 0.001 -18"><span class='ocrx_word' id='word_1_525' title='bbox 2405 4148 2446 4194; x_wconf 90' lang='lat' dir='ltr'><strong>a</strong></span> <span class='ocrx_word' id='word_1_526' title='bbox 2478 4133 2570 4207; x_wconf 89' lang='lat' dir='ltr'><strong>te,</strong></span> <span class='ocrx_word' id='word_1_527' title='bbox 2603 4151 2633 4189; x_wconf 72' lang='lat' dir='ltr'><strong>n</strong></span> <span class='ocrx_word' id='word_1_528' title='bbox 2670 4133 2786 4193; x_wconf 82' lang='lat' dir='ltr'><strong>etc.</strong></span> <span class='ocrx_word' id='word_1_529' title='bbox 2836 4128 3029 4207; x_wconf 88' lang='lat' dir='ltr'><strong>Ecce,</strong></span> <span class='ocrx_word' id='word_1_530' title='bbox 3089 4147 3129 4194; x_wconf 93' lang='lat' dir='ltr'><strong>o</strong></span> <span class='ocrx_word' id='word_1_531' title='bbox 3174 4135 3484 4212; x_wconf 87' lang='lat' dir='ltr'><strong>peccator,</strong></span> <span class='ocrx_word' id='word_1_532' title='bbox 3529 4133 3728 4197; x_wconf 86' lang='lat' dir='ltr'><strong>etiam</strong></span> <span class='ocrx_word' id='word_1_533' title='bbox 3768 4133 3926 4197; x_wconf 87' lang='lat' dir='ltr'><strong>diem</strong></span> 
     </span>
     <span class='ocr_line' id='line_1_82' title="bbox 2405 4236 3927 4304; baseline 0.001 -4"><span class='ocrx_word' id='word_1_534' title='bbox 2405 4236 2787 4302; x_wconf 89' lang='lat' dir='ltr'><strong>hodiernum</strong></span> <span class='ocrx_word' id='word_1_535' title='bbox 2824 4236 3022 4302; x_wconf 85' lang='lat' dir='ltr'><strong>habes</strong></span> <span class='ocrx_word' id='word_1_536' title='bbox 3060 4236 3377 4303; x_wconf 86' lang='lat' dir='ltr'><strong>incertum</strong></span> <span class='ocrx_word' id='word_1_537' title='bbox 3410 4242 3520 4303; x_wconf 85' lang='lat' dir='ltr'><strong>:et</strong></span> <span class='ocrx_word' id='word_1_538' title='bbox 3562 4243 3808 4304; x_wconf 85' lang='lat' dir='ltr'><strong>certum</strong></span> <span class='ocrx_word' id='word_1_539' title='bbox 3841 4241 3927 4303; x_wconf 89' lang='lat' dir='ltr'><strong>est</strong></span> 
     </span>
     <span class='ocr_line' id='line_1_83' title="bbox 2407 4344 3928 4430; baseline 0.001 -22"><span class='ocrx_word' id='word_1_540' title='bbox 2407 4344 2575 4426; x_wconf 87' lang='lat' dir='ltr'><strong>quod</strong></span> <span class='ocrx_word' id='word_1_541' title='bbox 2605 4344 2936 4422; x_wconf 90' lang='lat' dir='ltr'><strong>morieris;</strong></span> <span class='ocrx_word' id='word_1_542' title='bbox 2986 4344 3097 4409; x_wconf 90' lang='lat' dir='ltr'><strong>sed</strong></span> <span class='ocrx_word' id='word_1_543' title='bbox 3130 4345 3448 4410; x_wconf 88' lang='lat' dir='ltr'><strong>incertum</strong></span> <span class='ocrx_word' id='word_1_544' title='bbox 3464 4394 3484 4426; x_wconf 85' lang='lat'><strong>,</strong></span> <span class='ocrx_word' id='word_1_545' title='bbox 3523 4348 3784 4430; x_wconf 85' lang='lat' dir='ltr'><strong>quando</strong></span> <span class='ocrx_word' id='word_1_546' title='bbox 3823 4350 3928 4410; x_wconf 90' lang='lat' dir='ltr'><strong>aut</strong></span> 
     </span>
     <span class='ocr_line' id='line_1_84' title="bbox 2407 4450 3928 4536; baseline 0.001 -22"><span class='ocrx_word' id='word_1_547' title='bbox 2407 4468 2536 4532; x_wconf 86' lang='lat' dir='ltr'><strong>quo</strong></span> <span class='ocrx_word' id='word_1_548' title='bbox 2585 4450 2775 4515; x_wconf 89' lang='lat' dir='ltr'><strong>modo</strong></span> <span class='ocrx_word' id='word_1_549' title='bbox 2793 4498 2814 4529; x_wconf 89' lang='lat'><strong>,</strong></span> <span class='ocrx_word' id='word_1_550' title='bbox 2860 4455 2976 4515; x_wconf 89' lang='lat' dir='ltr'><strong>aut</strong></span> <span class='ocrx_word' id='word_1_551' title='bbox 3016 4451 3126 4516; x_wconf 93' lang='lat' dir='ltr'><strong>ubi</strong></span> <span class='ocrx_word' id='word_1_552' title='bbox 3171 4473 3186 4515; x_wconf 90' lang='lat'>:</span> <span class='ocrx_word' id='word_1_553' title='bbox 3240 4452 3548 4535; x_wconf 87' lang='lat' dir='ltr'><strong>quoniam</strong></span> <span class='ocrx_word' id='word_1_554' title='bbox 3591 4458 3659 4518; x_wconf 86' lang='lat' dir='ltr'><strong>te</strong></span> <span class='ocrx_word' id='word_1_555' title='bbox 3703 4453 3928 4536; x_wconf 83' lang='lat' dir='ltr'><strong>ubique</strong></span> 
     </span>
     <span class='ocr_line' id='line_1_85' title="bbox 2408 4559 3925 4646; baseline 0.002 -23"><span class='ocrx_word' id='word_1_556' title='bbox 2408 4577 2582 4624; x_wconf 91' lang='lat' dir='ltr'><strong>mors</strong></span> <span class='ocrx_word' id='word_1_557' title='bbox 2608 4564 2914 4643; x_wconf 84' lang='lat' dir='ltr'><strong>expectat.</strong></span> <span class='ocrx_word' id='word_1_558' title='bbox 2948 4559 3048 4625; x_wconf 86' lang='lat' dir='ltr'><strong>Tu</strong></span> <span class='ocrx_word' id='word_1_559' title='bbox 3073 4579 3330 4644; x_wconf 87' lang='lat' dir='ltr'><strong>quoque</strong></span> <span class='ocrx_word' id='word_1_560' title='bbox 3355 4562 3411 4626; x_wconf 90' lang='lat' dir='ltr'><strong>si</strong></span> <span class='ocrx_word' id='word_1_561' title='bbox 3438 4562 3693 4646; x_wconf 88' lang='lat' dir='ltr'><strong>sapiens</strong></span> <span class='ocrx_word' id='word_1_562' title='bbox 3718 4562 3925 4639; x_wconf 57' lang='lat' dir='ltr'><strong>suern,</strong></span> 
     </span>
     <span class='ocr_line' id='line_1_86' title="bbox 2409 4667 3931 4752; baseline 0 -21"><span class='ocrx_word' id='word_1_563' title='bbox 2409 4668 2648 4752; x_wconf 87' lang='lat' dir='ltr'><strong>ubique</strong></span> <span class='ocrx_word' id='word_1_564' title='bbox 2672 4688 2814 4733; x_wconf 86' lang='lat' dir='ltr'><strong>eam</strong></span> <span class='ocrx_word' id='word_1_565' title='bbox 2842 4668 3223 4751; x_wconf 85' lang='lat' dir='ltr'><strong>expectabis.</strong></span> <span class='ocrx_word' id='word_1_566' title='bbox 3246 4667 3371 4733; x_wconf 86' lang='lat' dir='ltr'><strong>Sed</strong></span> <span class='ocrx_word' id='word_1_567' title='bbox 3396 4669 3688 4735; x_wconf 88' lang='lat' dir='ltr'><strong>diabolus</strong></span> <span class='ocrx_word' id='word_1_568' title='bbox 3713 4669 3931 4737; x_wconf 88' lang='lat' dir='ltr'><strong>avertit</strong></span> 
     </span>
     <span class='ocr_line' id='line_1_87' title="bbox 2409 4775 3923 4844; baseline 0 -3"><span class='ocrx_word' id='word_1_569' title='bbox 2409 4777 2490 4841; x_wconf 88' lang='lat' dir='ltr'><strong>ab</strong></span> <span class='ocrx_word' id='word_1_570' title='bbox 2518 4776 2610 4842; x_wconf 90' lang='lat' dir='ltr'><strong>eis</strong></span> <span class='ocrx_word' id='word_1_571' title='bbox 2644 4795 2760 4841; x_wconf 89' lang='lat' dir='ltr'><strong>sua</strong></span> <span class='ocrx_word' id='word_1_572' title='bbox 2802 4777 3038 4841; x_wconf 88' lang='lat' dir='ltr'><strong>astutia</strong></span> <span class='ocrx_word' id='word_1_573' title='bbox 3070 4775 3295 4840; x_wconf 87' lang='lat' dir='ltr'><strong>talium</strong></span> <span class='ocrx_word' id='word_1_574' title='bbox 3341 4776 3923 4844; x_wconf 86' lang='lat' dir='ltr'><strong>considerationem.</strong></span> 
     </span>
    </p>

    <p class='ocr_par' dir='ltr' id='par_1_15' title="bbox 2407 4882 3931 5396">
     <span class='ocr_line' id='line_1_88' title="bbox 2488 4882 3926 4970; baseline 0.002 -21"><span class='ocrx_word' id='word_1_575' title='bbox 2488 4884 2576 4949; x_wconf 89' lang='lat' dir='ltr'><strong>De</strong></span> <span class='ocrx_word' id='word_1_576' title='bbox 2603 4884 2808 4965; x_wconf 88' lang='lat' dir='ltr'><strong>tertio,</strong></span> <span class='ocrx_word' id='word_1_577' title='bbox 2848 4882 3180 4949; x_wconf 82' lang='lat' dir='ltr'><strong>Psalmista</strong></span> <span class='ocrx_word' id='word_1_578' title='bbox 3203 4884 3250 4924; x_wconf 85' lang='lat'><strong>¹⁸</strong></span> <span class='ocrx_word' id='word_1_579' title='bbox 3277 4902 3295 4948; x_wconf 76' lang='lat' dir='ltr'>z</span> <span class='ocrx_word' id='word_1_580' title='bbox 3336 4906 3369 4945; x_wconf 75' lang='grc' dir='ltr'><strong>(ι</strong></span> <span class='ocrx_word' id='word_1_581' title='bbox 3386 4884 3800 4952; x_wconf 86' lang='lat' dir='ltr'><strong>Convertetur</strong></span> <span class='ocrx_word' id='word_1_582' title='bbox 3822 4904 3926 4970; x_wconf 91' lang='lat' dir='ltr'><strong>po-</strong></span> 
     </span>
     <span class='ocr_line' id='line_1_89' title="bbox 2407 4992 3931 5077; baseline -0.001 -19"><span class='ocrx_word' id='word_1_583' title='bbox 2407 4993 2597 5077; x_wconf 90' lang='lat' dir='ltr'><strong>pulus</strong></span> <span class='ocrx_word' id='word_1_584' title='bbox 2641 5010 2823 5057; x_wconf 90' lang='lat' dir='ltr'><strong>meus</strong></span> <span class='ocrx_word' id='word_1_585' title='bbox 2840 5039 2862 5071; x_wconf 90' lang='lat'><strong>,</strong></span> <span class='ocrx_word' id='word_1_586' title='bbox 2905 4997 2970 5056; x_wconf 90' lang='lat' dir='ltr'><strong>et</strong></span> <span class='ocrx_word' id='word_1_587' title='bbox 3021 4992 3155 5057; x_wconf 88' lang='lat' dir='ltr'><strong>dies</strong></span> <span class='ocrx_word' id='word_1_588' title='bbox 3202 4992 3372 5075; x_wconf 87' lang='lat' dir='ltr'><strong>pleni</strong></span> <span class='ocrx_word' id='word_1_589' title='bbox 3418 4993 3826 5061; x_wconf 89' lang='lat' dir='ltr'><strong>invenientur</strong></span> <span class='ocrx_word' id='word_1_590' title='bbox 3868 4994 3931 5057; x_wconf 90' lang='lat' dir='ltr'><strong>in</strong></span> 
     </span>
     <span class='ocr_line' id='line_1_90' title="bbox 2407 5098 3924 5182; baseline -0.001 -16"><span class='ocrx_word' id='word_1_591' title='bbox 2407 5101 2532 5178; x_wconf 82' lang='lat' dir='ltr'><strong>eis,</strong></span> <span class='ocrx_word' id='word_1_592' title='bbox 2561 5121 2594 5161; x_wconf 71' lang='grc' dir='ltr'><strong>ιο</strong></span> <span class='ocrx_word' id='word_1_593' title='bbox 2623 5103 2741 5165; x_wconf 90' lang='lat' dir='ltr'><strong>etc.</strong></span> <span class='ocrx_word' id='word_1_594' title='bbox 2769 5098 2935 5175; x_wconf 76' lang='lat' dir='ltr'><strong>DieS,</strong></span> <span class='ocrx_word' id='word_1_595' title='bbox 2963 5098 3253 5182; x_wconf 87' lang='lat' dir='ltr'><strong>inquam,</strong></span> <span class='ocrx_word' id='word_1_596' title='bbox 3286 5100 3702 5182; x_wconf 84' lang='lat' dir='ltr'><strong>poenitentiae,</strong></span> <span class='ocrx_word' id='word_1_597' title='bbox 3731 5102 3808 5167; x_wconf 89' lang='lat' dir='ltr'><strong>ad</strong></span> <span class='ocrx_word' id='word_1_598' title='bbox 3831 5118 3924 5165; x_wconf 77' lang='lat' dir='ltr'><strong>re-</strong></span> 
     </span>
     <span class='ocr_line' id='line_1_91' title="bbox 2409 5205 3930 5292; baseline -0.001 -20"><span class='ocrx_word' id='word_1_599' title='bbox 2409 5207 2704 5272; x_wconf 88' lang='lat' dir='ltr'><strong>dimenda</strong></span> <span class='ocrx_word' id='word_1_600' title='bbox 2731 5209 2985 5289; x_wconf 87' lang='lat' dir='ltr'><strong>peccata</strong></span> <span class='ocrx_word' id='word_1_601' title='bbox 3009 5207 3095 5270; x_wconf 81' lang='lat'><strong>¹⁸:</strong></span> <span class='ocrx_word' id='word_1_602' title='bbox 3128 5229 3161 5269; x_wconf 70' lang='lat' dir='ltr'><strong>c</strong></span> <span class='ocrx_word' id='word_1_603' title='bbox 3189 5205 3347 5271; x_wconf 87' lang='lat' dir='ltr'><strong>Ecce</strong></span> <span class='ocrx_word' id='word_1_604' title='bbox 3374 5226 3547 5272; x_wconf 89' lang='lat' dir='ltr'><strong>nunc</strong></span> <span class='ocrx_word' id='word_1_605' title='bbox 3573 5213 3821 5292; x_wconf 89' lang='lat' dir='ltr'><strong>tempus</strong></span> <span class='ocrx_word' id='word_1_606' title='bbox 3844 5225 3930 5272; x_wconf 81' lang='lat' dir='ltr'><strong>ac-</strong></span> 
     </span>
     <span class='ocr_line' id='line_1_92' title="bbox 2409 5312 3929 5396; baseline 0.001 -19"><span class='ocrx_word' id='word_1_607' title='bbox 2409 5313 2734 5396; x_wconf 87' lang='lat' dir='ltr'><strong>ceptabile,</strong></span> <span class='ocrx_word' id='word_1_608' title='bbox 2761 5331 2905 5379; x_wconf 89' lang='lat' dir='ltr'><strong>ecce</strong></span> <span class='ocrx_word' id='word_1_609' title='bbox 2924 5333 3100 5379; x_wconf 91' lang='lat' dir='ltr'><strong>nunc</strong></span> <span class='ocrx_word' id='word_1_610' title='bbox 3122 5313 3256 5381; x_wconf 87' lang='lat' dir='ltr'><strong>dies</strong></span> <span class='ocrx_word' id='word_1_611' title='bbox 3282 5313 3524 5379; x_wconf 87' lang='lat' dir='ltr'><strong>salutis.</strong></span> <span class='ocrx_word' id='word_1_612' title='bbox 3547 5337 3579 5376; x_wconf 71' lang='lat' dir='ltr'>n</span> <span class='ocrx_word' id='word_1_613' title='bbox 3607 5314 3732 5381; x_wconf 90' lang='lat' dir='ltr'><strong>Sed</strong></span> <span class='ocrx_word' id='word_1_614' title='bbox 3756 5312 3929 5381; x_wconf 87' lang='lat' dir='ltr'><strong>multi</strong></span> 
     </span>
    </p>
   </div>
   <div class='ocr_carea' id='block_1_12' title="bbox 2407 5474 3925 5614">
    <p class='ocr_par' dir='ltr' id='par_1_16' title="bbox 2407 5474 3925 5614">
     <span class='ocr_line' id='line_1_93' title="bbox 2407 5474 3925 5545; baseline 0.001 -19"><span class='ocrx_word' id='word_1_615' title='bbox 2407 5479 2457 5539; x_wconf 86' lang='lat'><strong>6,</strong></span> <span class='ocrx_word' id='word_1_616' title='bbox 2487 5478 2536 5526; x_wconf 86' lang='lat'><strong>7.</strong></span> <span class='ocrx_word' id='word_1_617' title='bbox 2559 5502 2612 5513; x_wconf 93' lang='lat'>-</span> <span class='ocrx_word' id='word_1_618' title='bbox 2641 5477 2686 5512; x_wconf 83' lang='lat'><strong>¹⁰</strong></span> <span class='ocrx_word' id='word_1_619' title='bbox 2710 5475 2846 5528; x_wconf 73' lang='lat' dir='ltr'><strong>psal.</strong></span> <span class='ocrx_word' id='word_1_620' title='bbox 2875 5487 3096 5540; x_wconf 77' lang='lat' dir='ltr'><strong>uxxlv,</strong></span> <span class='ocrx_word' id='word_1_621' title='bbox 3125 5479 3174 5528; x_wconf 80' lang='lat'><strong>5.</strong></span> <span class='ocrx_word' id='word_1_622' title='bbox 3192 5501 3255 5515; x_wconf 91' lang='lat'>—</span> <span class='ocrx_word' id='word_1_623' title='bbox 3280 5474 3325 5510; x_wconf 81' lang='lat'><strong>¹¹</strong></span> <span class='ocrx_word' id='word_1_624' title='bbox 3349 5476 3503 5545; x_wconf 79' lang='lat' dir='ltr'><strong>Greg.</strong></span> <span class='ocrx_word' id='word_1_625' title='bbox 3526 5502 3590 5514; x_wconf 97' lang='lat'>—</span> <span class='ocrx_word' id='word_1_626' title='bbox 3614 5475 3654 5511; x_wconf 84' lang='lat'><strong>¹²</strong></span> <span class='ocrx_word' id='word_1_627' title='bbox 3676 5477 3811 5538; x_wconf 79' lang='lat' dir='ltr'><strong>Luc..</strong></span> <span class='ocrx_word' id='word_1_628' title='bbox 3837 5485 3925 5539; x_wconf 74' lang='grc' dir='ltr'>ιιι,</span> 
     </span>
     <span class='ocr_line' id='line_1_94' title="bbox 2410 5546 3701 5614; baseline 0.001 -15"><span class='ocrx_word' id='word_1_629' title='bbox 2410 5550 2489 5599; x_wconf 78' lang='lat'><strong>20.</strong></span> <span class='ocrx_word' id='word_1_630' title='bbox 2512 5573 2576 5585; x_wconf 94' lang='lat'>—</span> <span class='ocrx_word' id='word_1_631' title='bbox 2606 5547 2642 5583; x_wconf 85' lang='lat'><strong>⁸⁸</strong></span> <span class='ocrx_word' id='word_1_632' title='bbox 2670 5547 2810 5602; x_wconf 73' lang='lat' dir='ltr'><strong>Psal.</strong></span> <span class='ocrx_word' id='word_1_633' title='bbox 2840 5560 3010 5614; x_wconf 69' lang='lat' dir='ltr'><strong>mxu,</strong></span> <span class='ocrx_word' id='word_1_634' title='bbox 3034 5551 3114 5601; x_wconf 85' lang='grc'><strong>10.</strong></span> <span class='ocrx_word' id='word_1_635' title='bbox 3140 5574 3204 5586; x_wconf 92' lang='grc'><strong>-</strong></span> <span class='ocrx_word' id='word_1_636' title='bbox 3227 5548 3271 5585; x_wconf 80' lang='lat'><strong>¹⁸</strong></span> <span class='ocrx_word' id='word_1_637' title='bbox 3301 5547 3346 5599; x_wconf 84' lang='lat'><strong>11</strong></span> <span class='ocrx_word' id='word_1_638' title='bbox 3375 5546 3515 5612; x_wconf 72' lang='lat' dir='ltr'><strong>cvr„</strong></span> <span class='ocrx_word' id='word_1_639' title='bbox 3546 5558 3627 5614; x_wconf 80' lang='lat' dir='ltr'><strong>vi,</strong></span> <span class='ocrx_word' id='word_1_640' title='bbox 3652 5550 3701 5600; x_wconf 81' lang='lat'><strong>2.</strong></span> 
     </span>
    </p>
   </div>
  </div>
 </body>
</html>
