4059 6317
969 436 1351 506 nomch
1393 435 1448 502 v
1484 434 1686 504 Posr
1730 434 2250 506 EPIPHANIAM.
2299 416 2560 506 selmo
2602 439 2680 504 11.

224 578 337 639 cet.
369 595 403 633 n
428 572 858 658 Augustinus
875 575 896 611 ¹
927 596 943 638 ε
971 596 1002 635 n
1030 572 1254 642 Omnis
1272 571 1482 638 malus
1497 570 1767 640 antideo

223 681 397 760 vivit,
428 685 505 746 ut
531 681 929 762 corrigatur,
966 683 1080 745 aut
1101 683 1174 743 ut
1213 697 1329 762 per
1368 696 1519 743 eum
1558 677 1770 742 honus

221 791 613 854 exerceatur.
662 810 696 848 ι
747 787 910 856 Item
950 790 1210 871 propter
1248 787 1567 851 honorum
1606 803 1774 851 asso-

221 898 592 978 ciationem3
636 898 814 962 unde
857 894 1202 964 Sodomitis
1240 895 1616 979 pepercisset
1655 894 1774 960 Do-

220 1006 434 1069 minus
461 1010 730 1089 propter
755 1023 990 1089 paucos
1013 1005 1217 1068 bonos
1238 1004 1331 1068 eis
1354 1003 1694 1070 associatos
1707 1009 1763 1065 ¹:

227 1135 258 1174 ι
280 1111 422 1177 Non
454 1111 687 1180 delebo
712 1117 970 1196 propter
995 1110 1236 1176 decem.
1262 1131 1294 1170 ι)
1332 1109 1488 1174 Item
1515 1113 1772 1192 propter

218 1219 543 1285 malorum
576 1219 1007 1301 punitionem,
1036 1222 1110 1283 ut
1133 1217 1290 1284 mali
1317 1234 1430 1301 per
1458 1216 1659 1280 malos
1683 1216 1773 1281 af-

221 1326 536 1408 fligantur
563 1327 587 1361 ⁸
618 1348 634 1389 ε
678 1349 710 1386 c
738 1325 805 1390 Si
834 1325 1165 1390 volueritis
1197 1325 1433 1390 harum
1479 1323 1771 1405 gentium

221 1433 551 1498 erroribus
577 1433 909 1498 adhaerere
930 1479 946 1511 ,
969 1434 1110 1514 jam
1153 1434 1309 1496 tunc
1351 1431 1571 1498 scitote
1597 1430 1769 1513 quod

228 1537 533 1604 Dominus
558 1538 729 1604 Deus
757 1542 967 1603 vester
990 1555 1123 1604 non
1148 1556 1258 1602 eas
1281 1536 1487 1602 deleat
1511 1542 1659 1614 ante
1685 1536 1770 1602 fa-

223 1647 379 1711 ciem
409 1649 724 1725 vestram,
753 1645 866 1710 sed
889 1645 1076 1710 vobis
1101 1649 1292 1709 erunt
1316 1645 1387 1712 in
1415 1645 1666 1710 foveam
1695 1663 1769 1710 ac

221 1756 549 1839 laqueum,
582 1759 646 1819 et
672 1753 1158 1819 offendiculum.
1180 1775 1214 1814 n

295 1863 672 1928 Secundum
719 1860 1076 1927 ostenditur
1118 1860 1208 1925 ibi
1233 1859 1254 1894 ¹
1286 1882 1302 1924 ε
1339 1859 1496 1925 Cum
1535 1858 1771 1925 darmi-

225 1977 359 2038 rent
388 1971 700 2049 honum,
731 1971 910 2035 venit
935 1971 1248 2038 inimicus
1274 1967 1437 2049 ejus,
1467 1971 1529 2034 et
1552 1982 1769 2049 super-

224 2082 573 2147 seminavit
616 2080 964 2147 zizaniam
1019 2079 1098 2160 (a)
1159 2080 1236 2145 in
1280 2076 1490 2144 medio
1537 2076 1764 2142 tritici.

225 2188 537 2256 mimicus
598 2188 752 2271 (Dei)
823 2193 916 2254 est
966 2185 1283 2254 diabolus.
1337 2184 1461 2250 Sed
1517 2182 1771 2248 attende

224 2296 389 2376 quid,
424 2294 714 2378 quande,
745 2294 860 2360 ubi
885 2293 1179 2364 seminat.
1212 2290 1372 2371 Quid
1403 2294 1605 2369 certe,
1648 2290 1769 2353 uisi

226 2404 577 2468 zizaniam?
605 2402 790 2480 Quod
832 2402 1141 2467 Dominus
1181 2416 1511 2483 exponens
1547 2397 1636 2462 ait
1676 2398 1698 2434 ⁸
1744 2417 1764 2463 z

236 2532 264 2570 ι
293 2509 541 2574 Zizania
585 2509 656 2572 hi
703 2513 855 2574 sunt
897 2509 1014 2572 filii
1057 2524 1361 2591 nequam.
1383 2514 1388 2518 '
1412 2528 1443 2566 n
1494 2504 1573 2568 Hi
1615 2506 1769 2569 sunt

226 2618 516 2712 adulteri,
546 2621 861 2702 raptores»,
894 2614 1194 2693 usurarii,
1222 2613 1416 2678 etalii
1455 2611 1764 2695 perversi,

225 2744 430 2792 semen
454 2725 723 2791 diaboli.
762 2726 785 2761 ⁸
818 2749 850 2787 α
875 2724 988 2790 Vae
1016 2724 1195 2806 genti
1236 2721 1598 2806 peccatrici,
1648 2739 1763 2804 po·

226 2833 363 2914 pulo
388 2833 583 2915 gravi
616 2833 974 2916 iniquitate,
1004 2830 1234 2896 semini
1262 2847 1566 2912 nequam,
1613 2828 1766 2891 filiis

226 2939 564 3017 sceleratis,
607 2961 641 2999 ι)
678 2944 797 3004 etc.
848 2937 1006 3003 Item
1050 2937 1357 3021 quando?
1407 2939 1574 3000 certe
1622 2951 1767 3001 cum

227 3045 572 3114 domi-ent
601 3046 913 3120 homines,
958 3045 1023 3109 id
1052 3047 1170 3124 est,
1213 3042 1464 3126 praelati
1504 3041 1610 3107 vel
1656 3041 1764 3106 alii

226 3152 525 3233 homiues,
560 3154 678 3236 qui
703 3153 1034 3218 dormiunt
1058 3169 1174 3232 per
1197 3155 1544 3233 torporem,
1569 3153 1634 3214 et
1660 3167 1768 3214 ne-

233 3259 632 3342 gligentiam,
663 3263 726 3325 et
751 3260 979 3324 otium.
1013 3258 1191 3323 Unde
1215 3259 1298 3335 ei,
1327 3260 1515 3339 cujus
1527 3274 1764 3337 agrum

231 3369 438 3435 urticae
464 3374 532 3434 et
553 3370 763 3452 spinae
784 3370 1209 3452 repleverant,
1240 3366 1473 3431 dicitur
1489 3366 1511 3399 ⁷
1544 3388 1560 3431 ε
1601 3389 1632 3428 α
1661 3365 1768 3431 Us-

232 3492 501 3559 quequo,
531 3476 745 3559 piger,
788 3476 1077 3540 dormis?
1103 3496 1135 3535 1>
1175 3479 1297 3539 etc.
1338 3473 1418 3539 Et
1456 3473 1611 3556 quid
1649 3473 1767 3537 tibi

232 3586 430 3662 posset
475 3584 682 3648 facere
726 3583 1057 3662 diabolus,
1114 3583 1170 3646 si
1224 3600 1355 3646 non
1405 3579 1765 3645 dormires?

233 3685 381 3753 Item
429 3691 585 3754 uhi?
634 3695 810 3756 certe
845 3691 916 3754 in
961 3691 1170 3755 medio
1209 3689 1422 3754 tritici.
1468 3686 1766 3752 Diabolus

233 3795 400 3858 enim
425 3814 678 3880 semper
699 3798 937 3880 quaerit
958 3797 1161 3863 malos
1189 3797 1622 3862 intermiscere
1646 3796 1763 3859 bo-

232 3900 346 3982 nis,
379 3905 453 3966 ut
479 3904 779 3967 scandalo
810 3905 940 3969 sint
965 3905 1056 3969 eIs
1070 3952 1092 3983 ,
1138 3907 1211 3968 ut
1250 3902 1594 3967 suffocetur
1611 3901 1768 3966 triti-

234 4025 407 4088 cum,
454 4010 522 4074 id
567 4014 697 4090 est,
744 4011 898 4075 honi
924 4060 942 4090 ,
996 4012 1162 4076 sicut
1219 4010 1328 4073 hic
1387 4008 1761 4074 ostenditur.

235 4110 400 4180 Unde
427 4116 451 4150 ⁸
482 4138 497 4180 ε
528 4139 561 4177 α
594 4117 876 4182 Mixtum
900 4123 1039 4182 erat
1063 4135 1284 4182 semen
1310 4121 1599 4182 sanctum
1624 4115 1767 4180 alie-

235 4220 476 4303 nigenis
524 4224 832 4304 gentihus
875 4228 1088 4290 terrae.
1138 4246 1171 4286 ιο
1214 4222 1327 4288 Vel
1369 4227 1442 4290 ut
1483 4221 1766 4286 triticum

235 4327 614 4407 destruatur,
644 4335 1021 4406 creverunt3
1050 4331 1222 4398 unde
1263 4328 1496 4396 dicitur
1520 4327 1564 4408 ⁹,
1595 4326 1769 4411 quod

234 4451 338 4515 per
360 4435 585 4518 vulpes
602 4442 968 4502 cremantur
989 4435 1474 4504 Philistinorum
1492 4439 1763 4517 segetes.

235 4538 460 4624 Vulpes
488 4543 861 4625 significant
886 4543 1319 4608 fraudulentos
1344 4547 1409 4606 et
1438 4559 1768 4625 perversos

237 4644 534 4714 homines.
580 4649 748 4715 Vere
783 4655 1031 4732 segetes
1074 4651 1243 4715 beati
1288 4649 1613 4729 homines,
1654 4647 1769 4731 qui

237 4750 370 4818 licet
393 4756 462 4819 in
497 4756 652 4838 igne
693 4757 955 4822 malitiae
1000 4775 1447 4841 perversorum
1493 4760 1769 4837 tangun-

239 4864 332 4925 tur
352 4911 369 4939 ,
419 4867 634 4928 tamen
681 4882 816 4927 non
874 4864 1221 4928 laeduntur.
1261 4863 1629 4930 Bernardus
1671 4863 1763 4925 ¹⁰:

249 4990 276 5024 ιι
311 4967 554 5034 Bonum
596 4989 734 5034 esse
759 4971 945 5034 inter
989 4971 1223 5050 malea,
1269 4974 1465 5035 tantae
1509 4968 1770 5033 virtutis

295 5130 309 5158 ¹
337 5132 482 5195 Aug,
521 5133 700 5185 Enarr.
742 5133 798 5182 in
829 5131 966 5182 Psal.
995 5143 1100 5192 mv,
1124 5145 1179 5183 n.
1212 5135 1259 5183 4.
1296 5159 1348 5170 —-
1380 5132 1399 5162 ²
1437 5131 1582 5194 Gen„
1617 5142 1771 5193 xvln,
1827 5113 1846 5132 ’

243 5199 315 5248 3¹.
343 5225 402 5238 —
427 5203 446 5232 ³
470 5203 596 5263 Ios..
626 5215 796 5265 xxm,
827 5203 909 5254 13.
943 5228 1006 5240 —
1029 5202 1048 5233 ⁴
1085 5203 1292 5267 matth„
1323 5215 1451 5265 xm,
1481 5204 1562 5267 25,
1596 5203 1676 5253 39.
1710 5226 1765 5240 -

243 5269 264 5304 ι
293 5270 435 5337 'bido’
473 5277 552 5327 38.
596 5301 660 5314 ''-
700 5275 722 5306 ⁸
760 5275 881 5336 ¹⁸⁰0,
916 5286 968 5339 Ι,
1014 5276 1063 5326 ⁴¹0
1107 5300 1170 5312 ''¹''
1209 5276 1226 5306 ⁷
1266 5277 1440 5330 prove,
1481 5286 1565 5336 vl,
1609 5275 1659 5326 ⁹·
1710 5297 1766 5308 ''⁸'’

245 5341 264 5375 ⁸
291 5343 346 5392 ΙΙΙ
375 5345 544 5410 Esdr„
572 5359 685 5411 vm,
715 5348 797 5410 Ἡ,
826 5345 961 5396 inter
985 5346 1276 5412 apocrypha
1301 5346 1429 5398 Bibl.
1455 5372 1516 5386 --
1538 5348 1560 5378 ²
1585 5343 1768 5402 ludio„

249 5422 325 5478 n,
351 5419 395 5465 5.
423 5443 484 5454 —-
522 5418 563 5454 ¹⁰
597 5420 770 5480 Rern„
813 5417 868 5466 in
905 5416 1076 5476 Cant„
1110 5430 1267 5470 serm.
1299 5429 1493 5482 xum,
1531 5430 1584 5467 n.
1623 5420 1674 5468 2.
1707 5439 1766 5451 -

3307 448 3417 508 1ss

1879 576 1998 651 effi,
2028 577 2289 657 quantae
2311 578 2376 640 et
2399 573 2825 640 difficultatis:
2855 595 2886 633 n
2915 574 3109 657 quale
3134 575 3312 640 enim
3329 580 3427 641 est

1881 679 2062 762 illud,
2106 684 2374 766 tangere
2409 681 2639 765 picem,
2688 683 2752 745 et
2794 698 2927 746 non
2969 681 3315 764 inquinari,
3356 683 3427 747 in

1879 787 2037 869 igne
2052 790 2189 854 sine
2214 790 2477 856 laesione
2501 789 2784 856 versari!

1960 894 2248 962 Tertium
2280 897 2636 962 ostenditur
2658 896 2748 961 ibi
2776 897 2817 933 ¹¹
2859 914 2878 959 ε
2920 898 3128 965 Sinite
3154 903 3425 982 utraque

1882 1018 2177 1082 crescere,
2222 1007 2345 1068 etc.
2388 1002 2521 1067 Hoc
2565 1004 2737 1067 enim
2785 1006 3161 1070 exercitium
3200 1006 3427 1071 huma-

1880 1128 2074 1189 num,
2108 1113 2182 1175 ut
2208 1109 2361 1174 mali
2384 1109 2453 1174 in
2494 1110 2689 1190 malo,
2736 1110 2891 1175 boni
2933 1111 3002 1175 in
3047 1112 3216 1177 bono
3262 1131 3426 1177 cres-

1883 1218 2034 1280 cant
2076 1216 2123 1252 ¹¹
2173 1238 2189 1280 ι
2250 1239 2282 1277 α
2325 1215 2446 1294 Qui
2503 1217 2573 1281 in
2615 1216 2907 1282 sordibus
2942 1223 3059 1298 est,
3108 1220 3425 1284 sordescat

1877 1322 2122 1402 adhuc;
2149 1324 2345 1406 etqui
2366 1326 2583 1406 justus
2603 1329 2719 1401 est,
2732 1325 3119 1407 justificetur
3139 1326 3371 1390 adhuc.
3383 1348 3415 1387 n

1879 1428 2165 1513 Utraque
2187 1449 2352 1512 ergo
2374 1435 2668 1497 crescunt
2707 1454 2723 1496 ε
2756 1431 3096 1512 luxuriosi,
3136 1433 3418 1515 superbi,

1879 1538 2058 1615 casti,
2086 1536 2400 1616 humiles3
2434 1542 2497 1603 et
2522 1538 2613 1602 sic
2638 1539 2717 1603 de
2742 1538 2881 1602 aliis
2899 1540 3092 1621 iustis
3116 1543 3181 1605 et
3210 1540 3417 1622 injus-

1879 1644 1963 1706 tis
1994 1663 2012 1707 ε
2039 1648 2315 1729 utraque
2333 1646 2402 1710 in
2429 1664 2561 1710 una
2585 1646 2796 1722 domo,
2828 1648 2900 1712 in
2927 1664 3168 1726 mensa,
3191 1647 3260 1712 in
3285 1648 3415 1727 via,

1878 1750 1948 1814 in
1992 1750 2271 1816 Ecclesia
2327 1751 2523 1817 simul
2568 1757 2722 1818 sunt
2770 1770 2971 1835 usque
3017 1753 3098 1817 ad
3144 1771 3417 1818 messem

1881 1860 2452 1924 consummationis
2500 1882 2516 1924 ι
2562 1861 2726 1926 sicut
2764 1861 2949 1925 honis
2981 1861 3063 1925 ad
3106 1861 3414 1944 gloriam,

1875 1966 1969 2030 sic
2011 1966 2198 2030 malis
2237 1967 2318 2031 ad
2362 1985 2618 2049 poeuam
2645 1968 2913 2051 proficit.
2955 1967 3300 2050 Gregorius
3326 1969 3371 2006 ¹⁸
3398 1991 3414 2033 z

1886 2097 1918 2134 α
1946 2073 2126 2138 Sicut
2153 2073 2475 2154 gravioris
2500 2078 2598 2138 est
2627 2075 2831 2157 culpae
2864 2075 3031 2140 inter
3077 2075 3276 2141 honos
3302 2076 3416 2141 bo·

1878 2198 2037 2245 num
2065 2198 2195 2245 non
2225 2198 2393 2259 esse3
2436 2181 2528 2245 ita
2555 2182 2638 2244 im
2650 2181 2853 2246 mensi
2879 2186 2971 2246 est
3001 2183 3328 2263 praeconii,
3357 2186 3422 2248 et

1878 2287 2046 2351 inter
2073 2288 2276 2352 malos
2294 2289 2540 2352 bonum
2561 2287 2867 2352 extitisse.
2898 2310 2930 2348 s
2960 2287 3239 2373 Utraque
3259 2306 3421 2371 ergo

1875 2395 2176 2460 sinuntur
2201 2395 2396 2460 simul
2422 2413 2560 2460 esse
2595 2395 2944 2478 tripliciter,
2967 2396 3258 2461 videlicet
3286 2418 3303 2461 t
3328 2397 3416 2461 si-

1873 2505 1985 2566 cut
2023 2504 2271 2566 semina
2313 2503 2480 2567 bona
2502 2550 2521 2581 ,
2569 2506 2634 2569 et
2684 2501 2856 2566 mala
2900 2502 2967 2566 iu
3006 2520 3203 2584 agr03
3253 2503 3420 2567 sicut

1875 2627 2029 2673 vasa
2056 2609 2322 2688 munda,
2370 2613 2434 2674 et
2480 2608 2816 2674 immunda
2838 2609 2906 2672 in
2936 2610 3125 2675 domo
3160 2612 3205 2650 ¹⁸
3237 2632 3252 2675 ε
3283 2632 3315 2671 α
3341 2609 3417 2674 In

1876 2734 2117 2798 magna
2151 2722 2367 2782 autem
2404 2715 2593 2781 domo
2636 2733 2769 2780 non
2815 2716 3027 2780 solum
3066 2721 3218 2781 suut
3265 2734 3416 2782 vasa

1871 2839 2073 2886 aurea
2098 2825 2162 2885 et
2188 2826 2520 2902 argentea3
2552 2821 2663 2886 sed
2685 2825 2748 2886 et
2776 2821 3015 2902 lignea,
3054 2827 3119 2886 et
3159 2821 3413 2899 fictilia,

1871 2932 1940 2994 et
1979 2929 2278 3010 quzedam
2319 2930 2578 3012 quidem
2614 2930 2683 2993 in
2729 2929 3073 3008 honorem,
3119 2929 3415 3011 quaedam

1874 3040 2092 3102 autem
2129 3037 2200 3101 in
2246 3036 2696 3102 contumeliam
2719 3084 2736 3113 ,
2783 3058 2814 3096 n
2862 3041 2981 3101 etc.
3035 3035 3196 3100 Boni
3237 3036 3413 3102 enim

1871 3148 2027 3207 sunt
2054 3162 2170 3225 pro
2199 3143 2350 3208 vino
2381 3144 2609 3225 gratiae
2637 3143 2779 3222 Dei;
2810 3143 2964 3208 mali
2991 3148 3205 3207 autem
3233 3162 3409 3224 vasa,

1872 3268 1991 3332 pro
2039 3250 2438 3333 sterquilinio
2487 3250 2742 3330 diaboli.
2806 3250 2965 3314 Item
3009 3249 3170 3315 sicut
3211 3250 3415 3333 pisces

1871 3356 2050 3436 honi,
2082 3362 2146 3421 et
2172 3358 2324 3422 mali
2363 3358 2431 3421 iu
2475 3375 2719 3438 sagena
2746 3361 2792 3398 ¹⁸
2823 3379 2839 3421 :
2880 3380 2912 3419 α
2938 3357 3163 3426 Simile
3188 3362 3286 3423 est
3308 3375 3410 3423 re-

1873 3482 2085 3546 gnum
2113 3464 2422 3529 coelorum
2460 3480 2723 3545 sagenae
2755 3463 2967 3528 missae
3011 3463 3082 3526 in
3126 3481 3321 3544 mare,
3353 3476 3415 3530 et

1872 3591 1957 3638 ex
1982 3572 2159 3636 omni
2179 3589 2417 3653 genere
2438 3571 2709 3653 piscium
2729 3571 3169 3652 congreganti,
3190 3590 3410 3654 quam,

1872 3699 2020 3746 cum
2054 3678 2314 3762 impleta
2339 3684 2523 3757 esset,
2556 3676 2917 3754 educentes,
2950 3679 3014 3740 et
3034 3695 3214 3742 secus
3236 3678 3415 3743 littus

1873 3788 2183 3865 sedenteS,
2214 3786 2553 3866 elegerunt
2571 3785 2793 3863 bonOS,
2823 3806 2854 3843 ι)
2880 3787 2999 3849 etc.
3030 3782 3188 3849 Boni
3211 3786 3412 3867 pisces

1871 3894 2190 3972 reficiunt,
2221 3892 2372 3958 mali
2398 3909 2555 3957 vero
2580 3891 2894 3955 inficiunt.

1952 3999 2263 4077 Quartum
2291 3999 2645 4063 ostenditur
2687 3998 2777 4062 ibi
2807 3998 2852 4034 ¹⁶
2887 4020 2902 4062 :
2942 3997 3224 4080 collique
3263 4001 3412 4081 pri-

1870 4123 2045 4172 mum
2071 4108 2414 4172 zizaniam
2435 4105 2539 4187 (a),
2572 4110 2690 4169 etc.
2720 4105 3104 4187 Angelicum
3130 4107 3408 4172 officium

1872 4213 2225 4277 ostenditur
2252 4213 2321 4276 in
2347 4212 2551 4275 tribus
2583 4234 2599 4275 :
2639 4212 2709 4276 in
2752 4211 3135 4293 colligendo,
3169 4214 3237 4277 iu
3267 4213 3410 4277 alli-

1878 4320 2119 4402 gando,
2153 4320 2222 4383 in
2264 4319 2740 4401 congregando.
2790 4317 3194 4401 Colliguntur
3237 4321 3410 4384 euim

1873 4426 2158 4510 perversi
2187 4445 2298 4509 per
2330 4425 2788 4508 separationem
2816 4444 2857 4488 a
2891 4426 3107 4506 bonis3
3138 4425 3407 4508 alligan-

1872 4540 1980 4600 tur
2022 4551 2138 4616 per
2185 4535 2325 4613 conj
2335 4533 2699 4598 unctionem
2745 4532 2816 4596 in
2859 4534 3095 4615 poenis;
3137 4551 3408 4615 congre·

1876 4644 2117 4722 gantur
2142 4642 2359 4703 autem
2385 4640 2533 4704 boni
2562 4657 2678 4721 per
2703 4639 3007 4704 unionem
3038 4640 3108 4703 iu
3133 4641 3407 4721 gaudiis.

1875 4747 1923 4811 Ο
1951 4765 2146 4830 quam
2174 4746 2462 4810 laetanter
2498 4749 2697 4810 totam
2736 4764 3008 4810 messem
3045 4764 3406 4827 congrega·

1872 4855 2061 4933 bunt,
2083 4855 2190 4936 qui
2208 4859 2338 4916 tam
2360 4853 2649 4917 laetanter
2672 4872 2878 4917 unum
2891 4870 3192 4934 granum,
3213 4871 3411 4920 unam

1873 4960 2157 5026 animam
2200 4960 2544 5042 colliguutl
2592 4958 2770 5024 Unde
2812 4960 2890 5022 de
2937 4958 3171 5024 Lazaro
3218 4959 3412 5026 ‹loan-

1876 5159 1915 5194 n
1941 5156 2147 5214 Manli„
2177 5155 2406 5216 x111,.30.
2433 5180 2498 5192 --
2534 5153 2579 5188 ¹²
2605 5153 2780 5218 Aper„
2813 5165 2953 5217 xxu,
2985 5158 3060 5204 Η.
3083 5178 3146 5190 -—
3176 5154 3214 5189 ¹⁸
3236 5155 3411 5222 Greg„

1875 5228 2076 5289 Mor-al„
2103 5226 2193 5278 lib.
2225 5228 2275 5291 l,
2314 5239 2361 5275 c.
2393 5238 2429 5277 1.
2458 5253 2520 5264 —
2548 5226 2589 5262 ¹⁴
2618 5226 2658 5275 ll
2692 5225 2834 5282 Tim..
2870 5237 2927 5289 n,
2952 5228 3030 5276 20.
3056 5251 3119 5262 —
3151 5227 3185 5257 '⁸
3206 5229 3411 5295 Marem,
3488 5245 3493 5252 ·

1875 5312 1996 5364 xm,
2023 5301 2185 5350 47-48.
2212 5324 2277 5337 --
2304 5299 2342 5330 ¹⁸
2366 5297 2514 5362 lbid.,
2540 5298 2621 5348 3⁰.

1936 5406 2010 5474 (a)
2043 5406 2193 5472 vulg.
2218 5407 2434 5458 zizania.
