4059 6317
580 1862 734 1906 Cultus

524 1926 678 1968 latria.

749 433 829 499 96

831 567 1168 654 Sequitur-t
1198 571 1433 639 Orabat
1455 588 1596 638 eum
1622 571 1862 639 dicen-3.
1890 570 2012 634 Ubi
2030 569 2286 634 notatur

750 678 975 743 debita?
1014 679 1421 762 subjectionis
1461 679 1795 758 exhibitio,
1839 696 1917 742 eo
1972 674 2144 759 quod
2198 672 2287 736 sic

752 779 1072 846 adorando
1093 783 1357 846 exhibet
1374 783 1492 846 sibi
1513 782 1748 847 divinae
1776 781 1980 846 latriae
2005 778 2284 842 cultum:

752 889 1089 954 exhibebat
1100 889 1271 954 enim
1291 889 1542 955 Christo
1561 889 2006 955 divinaelatriae
2019 886 2284 962 cultum,

753 1015 900 1061 cum
928 997 1232 1062 adorabat
1244 1017 1390 1063 eum
1402 1045 1417 1075 ,
1438 998 1671 1081 primo,
1688 1016 1833 1061 cum
1847 993 2289 1060 humiliatione

751 1104 1000 1168 timoris
1064 1108 1128 1168 et
1185 1106 1561 1170 reverentiae
1622 1105 1690 1168 in
1753 1103 1939 1168 eorde
1967 1152 1986 1181 ‚
2047 1100 2292 1164 ratione

754 1212 1021 1275 creantis
1047 1212 1380 1293 potentiae3
1411 1211 1708 1290 secunde,
1725 1228 1875 1275 cum
1887 1208 2293 1292 expressione

753 1318 1017 1384 honoris
1042 1323 1104 1384 et
1131 1310 1632 1400 magnificentiae
1660 1319 1730 1382 in
1754 1336 1887 1394 ore,
1917 1316 2157 1380 ratione
2173 1332 2294 1395 gu·

756 1427 1083 1491 hernantis
1125 1428 1485 1510 sapientiae3
1515 1427 1729 1502 tertio,
1758 1444 1907 1490 cum
1936 1423 2294 1488 ostensione

757 1535 993 1597 amoris
1045 1539 1109 1599 et
1156 1534 1615 1599 benevolentiae
1667 1535 1738 1597 in
1785 1550 1997 1616 opere,
2052 1531 2295 1594 ratione

757 1641 1126 1706 redimentis
1150 1648 1213 1706 et
1242 1641 1657 1724 glorificantis
1694 1640 2068 1706 clementiae.
2102 1637 2178 1702 Et
2205 1635 2296 1701 sic

758 1750 1001 1814 ratione
1059 1749 1330 1816 istarum
1384 1749 1581 1812 trium
1632 1748 2086 1832 proprietatum
2105 1794 2122 1824 ‚
2180 1743 2294 1809 soli

761 1857 910 1937 Deo,
939 1861 1004 1922 et
1029 1874 1161 1922 non
1184 1857 1324 1933 alii,
1350 1856 1617 1920 debetur
1662 1857 1872 1919 cultus
1898 1852 2121 1917 latriae.
2156 1850 2293 1916 Pri-

763 1983 869 2028 mo
903 1981 1066 2046 ergo
1102 1964 1401 2028 adorabat
1453 1981 1603 2028 eum
1648 1981 1801 2027 cum
1856 1958 2297 2025 humiliatione

757 2071 1008 2135 timoris
1073 2077 1136 2136 et
1202 2072 1581 2135 reverentiae
1637 2070 1705 2134 in
1758 2068 1944 2133 corde
1973 2116 1991 2147 ‚
2052 2066 2298 2131 ratione

764 2178 1031 2243 creantis
1047 2177 1344 2260 potentiae
1367 2201 1382 2240 ε
1407 2178 1578 2241 unde
1603 2177 1673 2240 in
1703 2175 1951 2263 Psalmo
1979 2176 1995 2210 ¹
2023 2196 2040 2237 ε
2078 2197 2109 2234 α
2136 2173 2300 2238 Ado·

763 2287 918 2350 rabo
958 2286 1038 2350 ad
1075 2286 1389 2369 templum
1431 2292 1724 2351 sanctum
1751 2290 1939 2350 tuum
1963 2332 1981 2363 ,
2011 2288 2073 2348 et
2099 2282 2299 2347 confl-

762 2393 943 2457 tebor
983 2392 1231 2456 nomini
1281 2398 1419 2459 tu0.
1452 2416 1483 2453 n
1519 2391 1784 2471 NulluS,
1820 2392 2117 2474 inquam,
2150 2407 2299 2471 per-

764 2501 922 2566 fecte
986 2504 1194 2584 potest
1257 2501 1456 2564 Deum
1515 2501 1777 2565 adorare
1815 2548 1831 2579 ‚
1892 2498 2018 2562 nisi
2071 2497 2301 2561 habeat

766 2608 1118 2671 maximam
1151 2606 1574 2671 reverentiam
1601 2606 1682 2670 ad
1709 2606 2103 2687 maJestatem
2132 2604 2297 2668 divi·

767 2731 941 2777 nam.
974 2713 1127 2791 Quis
1140 2714 1315 2778 enim
1327 2720 1531 2796 potest
1548 2713 1807 2777 mentali
1816 2712 2054 2777 intuitu
2068 2710 2300 2776 intueri

769 2839 1099 2886 summum
1137 2822 1379 2885 bonum
1405 2821 1473 2883 in
1508 2822 1834 2904 majestate
1873 2838 2023 2884 cum
2062 2819 2299 2883 severi-

769 2931 898 2992 tate
949 2926 1176 3008 judicii
1200 2977 1218 3005 ,
1272 2926 1527 3008 quando
1579 2925 1810 2991 resiliat
1858 2926 1925 2989 in
1978 2927 2301 3009 propriam

769 3031 1142 3112 parvitatem
1160 3031 1191 3092 ’ἲ
1221 3029 1544 3093 Diseamus
1570 3046 1725 3110 ergo
1755 3029 1982 3092 Christi
2001 3028 2302 3092 admirari

768 3145 831 3201 et
871 3136 1211 3201 formidare
1249 3136 1714 3200 virtuositatem
1746 3133 2067 3217 potentiae.
2104 3134 2304 3197 Nam·

776 3259 808 3299 a
857 3239 1241 3322 principium
1294 3238 1619 3320 sapientiae
1675 3238 1870 3300 timor
1921 3237 2209 3312 Domini,
2264 3259 2294 3298 n

767 3350 934 3432 quod
962 3348 1235 3432 disponit
1259 3352 1322 3412 et
1353 3348 1645 3430 purificat
1671 3365 1744 3411 os
1765 3346 1969 3411 cordis
1992 3353 2055 3411 et
2073 3349 2203 3412 oris
2225 3349 2306 3411 ad

766 3459 1008 3524 cultum
1048 3458 1285 3523 divinae
1331 3457 1678 3540 sapientire.
1722 3457 2033 3534 Secundo,
2080 3458 2303 3521 adora-

765 3567 870 3630 bat
926 3584 1076 3631 eum
1130 3566 1535 3649 expressione
1592 3565 1855 3629 honoris
1892 3568 1957 3628 et
1999 3564 2304 3645 magnifi-

766 3674 988 3738 centiae
1005 3673 1074 3737 in
1087 3692 1217 3752 ore,
1240 3676 1487 3736 ratione
1508 3672 1934 3753 gubernantis
1946 3670 2302 3753 sapientiae;

766 3780 937 3844 unde
977 3780 1044 3844 in
1096 3779 1347 3845 Psalmo
1372 3780 1395 3815 ⁸
1428 3800 1441 3842 :
1487 3802 1516 3840 c
1557 3777 1630 3841 In
1675 3781 2012 3861 conspectu
2048 3777 2308 3858 angelo-

766 3904 919 3951 rum
983 3886 1244 3969 psallam
1299 3887 1415 3951 tibi
1467 3911 1482 3951 :
1543 3886 1817 3951 adorabo
1866 3885 1946 3949 ad
1997 3885 2308 3970 templum

770 3997 1059 4058 sanctum
1105 3998 1315 4058 tuum.
1348 4014 1381 4053 ιι
1414 3992 1592 4058 Tunc
1626 3993 1822 4058 homo
1848 3991 2059 4075 psallit
2088 3991 2214 4056 Deo
2239 3992 2309 4056 in

771 4106 1108 4184 conspectu
1135 4102 1515 4183 angelorum
1539 4105 1602 4165 et
1629 4101 1699 4165 in
1733 4105 2070 4183 conspectu
2096 4100 2305 4165 homi-

771 4227 928 4274 num
956 4213 1388 4291 terrenorum,
1418 4209 1531 4292 qui
1565 4227 1696 4273 non
1734 4209 1943 4289 psallit
1968 4209 2048 4274 ad
2075 4228 2309 4275 vanam

773 4317 1080 4398 gloriam,
1127 4334 1245 4380 nec
1276 4319 1533 4398 propter
1558 4315 1934 4397 temporalia
1971 4316 2171 4397 lucra,
2201 4317 2309 4381 sed

689 4497 693 4504 ,
772 4425 980 4488 solum
1020 4422 1100 4488 ad
1125 4422 1380 4487 laudem
1411 4426 1474 4485 et
1500 4421 1774 4502 gloriam
1802 4420 2130 4503 CreatoriS,
2163 4442 2310 4488 cum

773 4531 1043 4612 puritate
1071 4535 1134 4593 et
1163 4528 1536 4594 rectitudine
1584 4528 1973 4595 intentionis.
2020 4531 2312 4598 Adorabo

775 4638 864 4705 ad
889 4637 1191 4721 templum
1238 4640 1527 4701 sanctum
1573 4641 1773 4703 tuum.
1821 4636 2158 4720 Templum
2205 4638 2312 4702 Dei

775 4753 1062 4812 sanctum
1102 4750 1199 4809 est
1236 4762 1467 4827 corpus
1500 4744 1818 4809 mundum
1845 4750 1910 4808 et
1935 4744 2309 4809 immacula-

779 4859 943 4932 tum,
983 4853 1050 4917 in
1094 4871 1223 4935 quo
1261 4850 1479 4914 anima
1524 4850 1727 4915 Deum
1770 4850 2009 4929 adorat,
2054 4856 2117 4915 et
2171 4854 2314 4935 ejus

781 4961 1022 5026 nomini
1051 4961 1133 5042 (a)
1163 4960 1520 5023 confitetur.
1553 4957 1757 5022 Portae
1773 4958 1944 5022 enim
1963 4962 2113 5022 sunt
2130 4961 2316 5042 quin-

784 5086 907 5151 que
934 5084 1180 5144 sensuS,
1208 5066 1318 5148 qui
1347 5068 1497 5130 sunt
1518 5065 1696 5128 omni
1714 5064 2041 5147 diligentia
2066 5084 2317 5131 conser-

791 5175 973 5239 vandi
991 5223 1008 5254 ,
1043 5192 1126 5237 ne
1158 5190 1329 5236 mors
1372 5171 1668 5236 foeditatis
1693 5175 1929 5255 peccati
1969 5174 2161 5237 intret
2201 5192 2314 5256 per

850 5336 868 5370 ¹
887 5335 1024 5386 Ρεαι.
1047 5346 1099 5397 v,
1127 5336 1175 5384 8.
1205 5360 1259 5370 -
1287 5334 1306 5364 ²
1334 5331 1468 5384 Psal.
1494 5344 1581 5397 cx,
1612 5335 1687 5383 10.
1707 5333 1811 5371 —⁸
1833 5333 1971 5384 Psal-
1996 5346 2237 5400 cxxxvii,
2263 5337 2309 5386 2.

787 5431 848 5445 -
870 5407 893 5443 ⁸
914 5406 1116 5472 Mateta„
1145 5417 1203 5469 11,
1233 5411 1308 5457 υ.
1335 5430 1397 5443 -
1420 5405 1444 5441 ⁸
1468 5403 1619 5465 lbid„
1658 5408 1735 5456 ιο.

1848 427 2263 502 SERMONES
2309 427 2407 493 DE
2447 425 2845 496 TEMPORE.

2394 582 2503 629 eos
2532 584 2550 628 ε
2581 566 2734 647 quia
2760 565 2923 630 sicut
2946 582 3079 629 non
3105 563 3310 646 placet
3333 562 3482 644 regi
3510 563 3717 627 vinum
3737 566 3877 647 quod

2397 672 2694 737 hauritur
2734 671 2814 737 de
2862 689 3013 736 vase
3050 671 3385 736 immundo
3421 669 3716 734 mediante
3744 670 3878 734 fora-

2396 777 2568 842 mine
2594 777 3073 860 superficialiter
3098 778 3533 860 pulchrificato
3557 776 3654 857 (b),
3674 776 3754 840 sic
3773 795 3882 841 non

2398 885 2607 968 placet
2651 885 2896 950 Christo
2938 885 3242 960 laudatis»,
3297 901 3446 967 quae
3486 883 3783 965 egreditur
3821 883 3884 947 de

2406 993 2594 1057 corde
2620 993 2980 1069 immundo,
3012 1009 3122 1056 ore
3158 989 3634 1073 superficialiter
3676 989 3883 1054 devoto.

2400 1099 2611 1164 Tertio
2632 1100 2932 1164 adorabat
2957 1116 3110 1162 eum
3135 1115 3283 1162 cum
3302 1096 3653 1162 ostensione
3668 1096 3885 1174 amoris,

2400 1209 2464 1268 et
2510 1205 2971 1270 benevolentiae
3007 1223 3221 1287 opere,
3279 1204 3525 1268 ratione
3573 1202 3891 1267 redimentis

2400 1315 2465 1378 et
2518 1314 2947 1394 glorificantis·
2981 1313 3370 1390 clementiae3
3400 1311 3572 1377 unde
3608 1311 3813 1375 dicitur
3833 1309 3895 1374 de

2409 1418 2613 1502 Magis
2655 1420 2677 1455 ⁴
2725 1443 2741 1484 ι
2783 1443 2814 1481 «1
2853 1420 3151 1485 Videntes
3195 1418 3441 1484 stellam
3461 1468 3481 1498 ,
3538 1418 3731 1501 gavisi
3773 1422 3899 1482 sunt

2405 1528 2644 1608 gaudio
2685 1545 2926 1609 magno
2966 1526 3149 1592 valde
3169 1575 3187 1607 ‚
3218 1529 3283 1591 et
3326 1527 3633 1591 intrantes
3674 1526 3898 1591 domum

2403 1633 2785 1699 invenerunt
2819 1651 3092 1716 puerum
3123 1650 3275 1698 cum
3305 1633 3501 1697 Maria
3544 1635 3735 1697 matre
3765 1634 3899 1713 ejus,

2404 1743 2468 1806 et
2492 1743 2886 1824 procidentes
2923 1741 3353 1806 adoraverunt
3394 1758 3589 1805 eum:
3621 1746 3682 1804 et
3705 1740 3904 1823 apertis

2403 1849 2723 1913 thesauris
2748 1849 2884 1914 suis
2913 1847 3279 1913 obtulerunt
3303 1847 3362 1911 ei
3390 1865 3663 1912 munera
3676 1864 3903 1922 aurum,

2404 1959 2578 2039 thus,
2617 1964 2680 2024 et
2726 1959 3084 2043 myrrham.
3134 1981 3165 2019 ι)
3229 1958 3385 2024 Ecce
3440 1959 3614 2041 quod
3663 1958 3819 2039 Magi
3850 1958 3908 2020 in

2405 2065 2793 2131 exhibitione
2818 2065 3028 2132 cultus
3048 2065 3253 2130 latriae
3276 2065 3601 2129 habebant
3626 2065 3910 2127 fervorem

2405 2172 2641 2236 amoris
2671 2176 2735 2236 et
2767 2172 3225 2238 benevolentias
3259 2190 3277 2235 ε
3308 2171 3461 2255 quia
3488 2189 3619 2235 non
3643 2169 3911 2234 vendide-

2407 2282 2647 2343 runtex
2662 2277 3038 2361 cupiditate;
3072 2277 3182 2343 sed
3199 2277 3566 2342 obtulerunt
3592 2281 3910 2361 spontanea

2406 2385 2729 2449 voluntate
2755 2403 2951 2467 puero
2980 2385 3271 2468 parvulo,
3313 2385 3382 2449 in
3406 2386 3457 2448 si
3463 2404 3673 2466 gnum
3709 2385 3916 2448 amoris

2406 2496 2470 2556 et
2507 2492 2986 2572 benevolentiae,
3018 2511 3148 2558 non
3174 2493 3423 2558 timoris
3450 2498 3514 2558 et
3554 2510 3780 2575 poenae.
3805 2490 3920 2555 Hoc

2408 2602 2502 2663 est
2526 2598 2698 2662 enim
2713 2646 2733 2678 ‚
2760 2599 2995 2664 scilicet
3021 2599 3367 2680 charitatis,
3400 2600 3536 2664 sive
3576 2598 3804 2664 amoris
3825 2597 3924 2662 do-

2408 2725 2591 2786 num,
2639 2706 2775 2771 sine
2811 2725 2943 2790 quo
2981 2706 3236 2773 nullum
3279 2709 3523 2772 bonum
3569 2712 3921 2789 acceptatur.

2412 2813 2553 2897 Ipsa
2577 2815 2751 2879 enim
2791 2815 3063 2879 charitas
3105 2815 3308 2880 reddit
3357 2816 3751 2881 voluntatem
3791 2815 3928 2878 hila-

2408 2939 2546 2985 rem
2583 2927 2873 3005 respectu
2913 2923 3053 3000 sui;
3085 2923 3255 2986 unde
3305 2922 3537 2987 dicitur
3566 2923 3633 2986 ⁸:
3676 2945 3707 2982 α
3742 2919 3929 2985 Gavisi

2410 3037 2559 3093 sunt
2586 3030 2823 3110 gaudio
2851 3047 3114 3111 magno.
3140 3050 3170 3088 n
3198 3028 3543 3095 Concordat
3574 3029 3842 3110 denique
3866 3027 3927 3106 (c)

2410 3142 2699 3219 respectu
2725 3136 2992 3214 Christi;
3025 3136 3195 3200 unde
3221 3137 3506 3219 sequitur
3533 3157 3549 3197 ε
3585 3135 3931 3199 «latrantes

2409 3244 2697 3307 domum.
2750 3265 2780 3303 n
2840 3243 3210 3323 Liberalem,
3262 3246 3555 3325 respectu
3593 3241 3752 3318 dati3
3782 3237 3932 3304 unde

2410 3350 2706 3416 subditur
2736 3374 2752 3414 ι
2795 3374 2825 3413 <1
2852 3351 3102 3434 Apertis
3144 3350 3460 3415 thesauris
3503 3350 3675 3428 sui5‚
3711 3347 3934 3413 obtule-

2409 3463 2564 3521 runt
2587 3458 2647 3522 ei
2675 3476 2963 3537 munera,
2993 3476 3250 3537 aurum,
3279 3458 3431 3521 thus
3443 3461 3507 3521 et
3533 3456 3925 3539 myrrham,»

2410 3564 2477 3626 in
2506 3563 2771 3644 signum
2798 3557 3218 3648 expressionis
3242 3564 3392 3628 fidei
3417 3564 3764 3628 interioris.

2491 3669 2702 3736 Tertio
2727 3672 3022 3738 subditur
3047 3671 3314 3736 discrete
3338 3669 3823 3754 supplicationis
3842 3685 3939 3751 pe·

2411 3777 2575 3857 titio,
2618 3796 2767 3842 cum
2804 3777 2997 3843 dicit:
3030 3778 3326 3854 Domine,
3357 3780 3420 3844 si
3445 3780 3582 3857 vis,
3634 3785 3808 3860 potes
3858 3791 3940 3839 me

2412 3882 2745 3950 mundare.
2785 3884 2879 3949 lta
2907 3885 3082 3949 enim
3122 3885 3245 3950 fuit
3279 3884 3594 3950 discretus
3618 3885 3727 3949 ille
3753 3885 3938 3967 lepro-

2414 4009 2526 4056 sus
2566 3991 2638 4055 in
2670 3991 2939 4073 petendo
2979 3991 3363 4056 medicinam
3400 3991 3505 4054 sui
3547 3992 3851 4074 corporis,
3879 3993 3942 4052 ut

2414 4096 2761 4180 quemlibet
2809 4098 3010 4162 alium
3064 4098 3368 4162 infectum
3412 4096 3595 4181 lepra
3648 4093 3947 4179 spirituali

2413 4204 2711 4269 informet
2747 4205 2827 4269 ad
2863 4204 3205 4288 petendum
3240 4222 3359 4269 suo
3385 4203 3692 4288 exemplo
3732 4201 3944 4268 sancti-

2416 4311 2776 4378 ficationem
2795 4313 3030 4377 animae
3058 4330 3216 4377 suae.
3244 4310 3423 4376 Unde
3450 4312 3849 4396 quicumque
3867 4312 3952 4374 est

2418 4419 2684 4486 infectus
2718 4421 2871 4486 vitio
2917 4421 3187 4503 alicujus
3221 4420 3415 4503 leprae
3442 4467 3460 4498 ‚
3486 4420 3685 4486 debet
3705 4420 3952 4485 discrete

2417 4528 2767 4593 secundum
2797 4529 3097 4594 morbum
3135 4531 3347 4610 petere
3375 4528 3732 4594 discretum
3775 4526 3957 4591 medi·

2418 4640 2809 4701 cementum.
2850 4634 3009 4699 Nam
3044 4636 3256 4718 primo
3290 4635 3613 4717 superbus
3643 4636 3830 4701 debet
3853 4651 3953 4718 pc·

2420 4748 2554 4807 tere
2588 4741 2884 4807 mundari
2913 4761 2952 4805 a
2978 4745 3230 4806 tumore
3271 4741 3616 4825 superbiae‚
3650 4761 3767 4825 per
3789 4759 3958 4806 amo·

2420 4867 2561 4915 rem
2584 4849 2795 4914 filialis
2819 4848 3225 4926 reverentiae;
3259 4848 3537 4913 secundo
3561 4848 3955 4915 luxuriosus„

2422 4977 2461 5022 a
2484 4958 2703 5021 foetore
2728 4955 3028 5031 luxuriae,
3058 4973 3172 5038 per
3191 4955 3504 5035 decorem,
3534 4958 3679 5021 sive
3709 4958 3960 5022 odorem

2420 5067 2719 5132 castitatis
2735 5071 2799 5132 et
2812 5066 3142 5131 munditiae
3157 5087 3174 5146 ;
3201 5067 3386 5131 tertio
3405 5085 3671 5147 avam,
3695 5070 3779 5134 ab
3794 5068 3963 5133 ardo-

2418 5193 2491 5239 re
2518 5173 2826 5254 avaritiae‚
2843 5193 2955 5256 per
2967 5174 3293 5239 dulcorem
3323 5174 3678 5256 spiritualis
3696 5177 3958 5241 iaetitiae:

2487 5337 2550 5400 (α)
2581 5337 2703 5388 Coet.
2734 5337 2855 5388 edit.
2890 5337 3118 5388 nomine.
3144 5362 3209 5373 —
3238 5336 3306 5400 (ὁ)
3334 5336 3483 5387 Forte
3514 5336 3793 5403 leym-dum
3830 5337 3959 5404 puri·

2421 5405 2590 5458 ficato.
2611 5432 2672 5446 -
2687 5409 2745 5474 (c)
2771 5407 3085 5460 concordem
3112 5420 3336 5473 quoque.
