4059 6317
1056 492 1140 559 IN
1179 493 1311 560 DIE
1351 492 1657 561 smum
1699 489 2272 559 PENTECOSTES.
2317 491 2582 561 SERMO
2622 494 2726 561 IX.

302 627 506 700 ΜΕ
526 676 548 710 ,
586 646 717 713 qua
759 628 1080 713 purgatur
1124 630 1198 695 i'n
1236 630 1553 715 baptismo
1599 629 1841 696 anima.

298 734 409 804 Sol
431 738 653 801 autem
678 755 720 801 a
744 753 877 820 qno
901 737 1082 819 ignis
1105 737 1227 803 iste
1260 738 1617 820 concipitur
1653 736 1847 804 Chri-

300 846 440 909 dus
463 847 595 923 est,
627 843 706 909 de
728 861 862 928 quo
889 846 951 909 ¹:
980 868 1011 907 α
1030 843 1313 929 Tempus
1339 846 1523 912 affuit
1543 894 1561 925 ‚
1593 837 1847 929 quo‘sol

297 949 549 1015 refulsit
570 998 589 1031 ‚
619 950 732 1033 qui
759 951 936 1035 prius
961 955 1102 1017 erat
1124 952 1194 1017 in
1216 953 1439 1019 nubilo
1456 1001 1476 1034 ,
1527 955 1593 1018 et
1618 971 1842 1018 accen·

299 1074 412 1124 sus
436 1061 535 1123 est
557 1058 731 1140 ignis
771 1076 1078 1141 magnus.
1108 1081 1140 1121 o
1177 1059 1313 1126 Hoc
1350 1064 1567 1126 antem
1604 1060 1846 1125 factum

300 1168 429 1244 est,
470 1165 729 1249 quando
769 1167 1155 1234 sacrificium
1196 1168 1549 1234 oecundum
1587 1169 1847 1250 jussum

301 1270 633 1339 Nehemiae
676 1275 1136 1357 aspergebatur
1179 1294 1350 1360 aqua
1402 1293 1617 1341 crassa
1658 1297 1675 1339 z
1724 1276 1849 1340 hoc

302 1381 496 1446 modo
538 1380 1030 1448 fitsacriflcium
1058 1382 1188 1449 Deo
1218 1368 1302 1449 'in
1328 1384 1646 1468 baptismo
1671 1430 1690 1463 ‚
1731 1384 1847 1449 ubi

300 1504 475 1571 aqua
498 1487 800 1571 baptismi
824 1507 1038 1555 crassa
1079 1509 1195 1573 per
1240 1492 1519 1574 gratiam
1569 1491 1848 1575 Spiritus

302 1597 505 1661 sancti
531 1614 826 1679 purgans
851 1598 1137 1663 animam
1164 1599 1235 1663 in
1276 1599 1526 1664 Christo
1553 1600 1844 1665 accendi-

301 1708 431 1770 tur.
468 1704 942 1789 cujuscumque
968 1708 1211 1773 vitrum
1252 1707 1523 1772 fractum
1564 1711 1706 1786 est,
1752 1706 1849 1771 illi

300 1812 480 1894 ignis
505 1811 778 1896 Spiritus
817 1816 1021 1880 sancti
1066 1814 1386 1880 extinctus
1420 1819 1565 1880 est:
1597 1818 1850 1897 oportet

296 1940 461 2006 ergo
484 1923 682 1990 istum
709 1925 930 2007 ignem
971 1925 1143 1991 ferro
1187 1924 1367 1990 durae
1412 1924 1845 2009 poenitentiae,

296 2034 483 2116 quasi
505 2037 809 2100 excutere
836 2035 916 2100 de
942 2034 1193 2118 lapideo
1220 2034 1445 2100 corde*
1476 2055 1493 2100 ε
1531 2057 1562 2096 α
1587 2033 1675 2099 De
1691 2033 1849 2117 lapi-

295 2139 488 2206 dibus
512 2141 740 2224 ignitis
759 2142 914 2224 igne
936 2146 1240 2228 concepto
1260 2142 1632 2208 obtulerunt
1659 2141 1851 2206 sacri-

296 2247 468 2313 ficia.
497 2271 531 2310 11
565 2249 687 2315 Sed
716 2249 874 2316 dicis
904 2269 923 2314 ε
954 2249 1126 2316 Heu!
1175 2269 1305 2317 non
1344 2269 1610 2334 possum
1649 2250 1847 2314 istum

296 2354 525 2436 ignem
555 2361 882 2423 excutere.
910 2355 1153 2424 Verum
1179 2361 1278 2424 est
1303 2357 1485 2423 molli
1514 2373 1735 2436 caseo3
1766 2375 1851 2422 ex

297 2462 625 2529 collisione
676 2467 894 2530 autem
950 2465 1097 2530 duri
1143 2464 1225 2531 ad
1280 2466 1521 2531 durum
1544 2512 1563 2542 ‚
1613 2463 1851 2530 scilicet

296 2571 482 2636 durae
510 2572 904 2655 poenitentiae
939 2573 1019 2637 ad
1058 2572 1297 2638 durum
1326 2591 1438 2638 cor
1478 2573 1653 2655 ignis
1693 2590 1847 2637 con-

298 2678 426 2763 cipi
449 2683 678 2763 potest.
727 2680 903 2763 Ergo
930 2699 1040 2746 cor
1070 2681 1309 2746 durum
1336 2685 1461 2761 est,
1500 2698 1630 2764 quo
1668 2679 1847 2745 nulla

299 2787 634 2869 castigatio
653 2835 672 2868 ,
700 2787 884 2852 nulla
925 2788 1503 2854 comminationum
1541 2791 1604 2853 et
1637 2791 1849 2854 terro-

295 2910 449 2959 rum
463 2894 703 2959 collisio
723 2912 926 2959 unam
940 2895 1277 2961 scintillam
1296 2895 1576 2980 Spiritus
1592 2899 1849 2962 sanctus

295 3005 506 3086 potest
534 3019 872 3084 generare.

304 3143 311 3150 ·
378 3110 469 3175 De
521 3112 752 3193 quarto
789 3115 813 3152 ⁸
842 3128 861 3175 ε
901 3133 933 3173 α
974 3110 1133 3177 Cum
1174 3110 1424 3176 venerit
1461 3111 1806 3196 paraclitus
1822 3161 1846 3195 ,

296 3235 497 3303 quem
522 3235 649 3300 ego
684 3218 966 3298 mittam,
996 3240 1029 3279 n
1064 3222 1209 3298 etc„
1242 3237 1446 3302 usque
1476 3237 1495 3283 t
1533 3218 1689 3283 «ille
1714 3221 1850 3283 tes·

296 3325 643 3391 timonium
684 3325 1044 3408 perhibebit
1086 3326 1165 3391 de
1212 3328 1399 3406 meg»
1463 3325 1849 3392 Testimonio

301 3451 423 3499 suo
446 3432 636 3498 nobis
664 3432 943 3516 Spiritus
978 3437 1236 3498 sanctus
1261 3433 1412 3498 facit
1431 3434 1625 3499 fldem
1652 3439 1715 3500 et
1741 3453 1849 3500 se-

300 3540 637 3607 curitatem
654 3588 678 3621 ,
732 3540 906 3623 quod
943 3540 1229 3606 Christus
1272 3559 1467 3607 verus
1509 3542 1677 3609 Deus
1713 3548 1807 3610 est
1827 3591 1843 3624 ,

299 3649 474 3732 quod
519 3647 679 3712 fides
724 3649 947 3713 nostra
989 3648 1070 3712 de
1112 3646 1363 3713 Christo
1404 3666 1559 3714 vera
1601 3653 1732 3732 est,
1785 3656 1849 3717 et

296 3757 550 3822 labores
618 3754 821 3821 nostri
880 3773 997 3839 pro
1052 3754 1298 3820 Christo
1351 3758 1661 3840 assumpti
1715 3776 1847 3823 non

299 3864 767 3930 fraudabuntur
814 3864 1131 3946 promissa
1170 3865 1538 3930 haereditate
1585 3865 1842 3931 coelesti.

300 3969 479 4037 Sicut
511 3971 951 4036 testimonium
993 3969 1231 4052 sigilli,
1266 3971 1373 4037 vel
1408 3971 1731 4053 pignoris,
1765 3974 1845 4037 fl-

299 4080 450 4146 dem
477 4083 542 4145 et
567 4079 972 4144 securitatem
1005 4077 1161 4144 solet
1188 4078 1422 4157 facere,
1462 4080 1555 4144 sio
1575 4079 1849 4162 Spiritus

301 4190 582 4253 sanctus.
631 4184 910 4269 Spiritus
937 4185 1110 4250 enim
1146 4189 1402 4251 sanctus
1440 4189 1624 4270 quasi
1667 4188 1847 4270 sigil-

298 4294 442 4359 lum
489 4297 553 4358 et
589 4294 837 4376 pignus
877 4296 974 4357 est
1024 4292 1210 4357 nobis
1237 4297 1304 4358 ⁸:
1338 4316 1369 4355 «
1402 4293 1655 4375 Signati
1698 4295 1848 4360 estis

302 4399 547 4483 Spiritu
571 4399 1009 4482 promissionis
1035 4404 1254 4464 sancto
1271 4448 1291 4478 ,
1338 4400 1454 4484 qui
1480 4404 1578 4466 est
1607 4401 1848 4484 pignus

298 4506 694 4572 haereditatis
731 4510 992 4570 nostrae.
1018 4528 1052 4567 n
1094 4505 1163 4572 Si
1212 4505 1457 4591 Spiritu
1496 4511 1716 4573 sancto
1759 4509 1846 4571 si·

303 4631 589 4696 gnamur
618 4613 698 4696 (α)
716 4662 734 4694 ,
775 4614 1056 4696 Spiritus
1080 4619 1337 4679 sanctus
1363 4633 1525 4698 ergo
1557 4616 1846 4700 sigillum

299 4724 420 4786 est.
450 4721 538 4785 De
569 4720 940 4786 haereditate
981 4738 1140 4803 ergo
1166 4725 1408 4787 aeterna
1452 4741 1580 4789 non
1624 4724 1845 4788 timea-

300 4846 483 4909 mus,
522 4829 635 4912 qui
664 4830 904 4913 pignus
931 4832 997 4893 et
1022 4829 1308 4911 sigillum
1339 4830 1615 4914 Spiritus
1649 4832 1848 4897 sancti

300 4954 422 5019 pro
465 4937 605 5021 ipsa
637 4939 950 5001 tenemus.
982 4935 1237 5002 Litterae
1275 4955 1437 5020 ergo
1473 4939 1847 5023 hujusmodi

302 5043 519 5126 sigillo
546 5043 816 5110 munitae
868 5047 1021 5108 sunt
1062 5045 1247 5110 bonae
1288 5046 1691 5113 conscientiae
1707 5095 1729 5127 ,
1776 5048 1848 5112 in

304 5151 544 5235 quibus
569 5151 786 5217 omnia
810 5151 982 5216 bona
1008 5168 1230 5235 opera,
1260 5155 1325 5218 et
1357 5153 1554 5219 verba
1570 5203 1592 5235 ,
1630 5158 1695 5220 et
1740 5154 1849 5221 de-

370 5350 387 5384 ¹
415 5349 455 5399 ΙΙ
485 5348 675 5412 Maeli„
701 5360 738 5413 1,
766 5351 925 5399 22.-
946 5349 971 5384 ²
1000 5349 1147 5413 ibid„
1172 5362 1227 5415 x,
1254 5353 1302 5402 3.
1325 5378 1389 5390 -
1407 5352 1430 5389 ⁸
1455 5352 1620 5415 loon„
1642 5363 1730 5416 xv,
1760 5353 1842 5404 26.

306 5448 368 5459 —
396 5421 414 5451 ⁴
441 5420 644 5485 Ephes„
668 5431 706 5481 1,
732 5422 905 5472 13.—⁵
930 5421 1100 5485 Eam„
1129 5433 1249 5486 vm,
1281 5425 1392 5475 8.—
1419 5424 1589 5486 δίκα,
1609 5434 1684 5488 ¹1,
1703 5426 1846 5475 20.—

309 5491 332 5526 '¹
354 5490 507 5555 Dan„
534 5502 641 5556 vn,
667 5494 745 5543 ¹0.
772 5516 829 5530 -
850 5493 869 5523 ⁸
889 5492 1091 5554 Manli„
1115 5503 1259 5556 xxii,
1281 5497 1361 5548 20.
1379 5520 1442 5533 -
1484 5496 1505 5526 ⁹
1530 5496 1696 5559 Pron„
1724 5505 1843 5558 111,

3368 499 3490 561 299

1950 628 2182 694 sideria
2204 631 2427 695 nostra
2451 629 2685 714 scripta
2709 635 2882 700 sunt.
2925 631 3049 698 Sed
3073 633 3239 699 sicut
3275 633 3493 699 littera

1949 737 2088 800 sine
2112 735 2326 818 sigillo
2347 786 2366 817 ,
2396 737 2488 802 sic
2512 740 2663 803 sunt
2688 739 2908 804 omnia
2929 740 3101 805 bona
3126 759 3321 824 opera
3347 741 3488 807 sine

1948 843 2256 909 charitate
2278 892 2296 922 ‚
2327 863 2457 929 qua
2481 845 2672 912 corda
2700 848 2921 912 nostra
2946 848 3183 931 sigillat
3219 847 3494 932 Spiritus

1950 954 2230 1018 sanctus.
2260 951 2347 1018 De
2372 953 2496 1018 hoc
2519 954 2955 1036 significatum
2981 961 3075 1021 est
3104 962 3149 1036 ⁸,
3184 956 3298 1020 ubi
3323 955 3489 1037 legi-

1950 1063 2060 1123 tur
2084 1060 2257 1143 quod
2289 1059 2363 1144 (b)
2393 1078 2509 1144 per-
2533 1061 2777 1127 litteras
2803 1063 3092 1143 signatas
3119 1063 3361 1128 annulo
3385 1081 3489 1128 re-

1949 1165 2054 1248 gis
2078 1166 2213 1231 vita
2239 1166 2386 1233 data
2407 1171 2503 1233 est
2527 1166 2766 1235 Judaeis
2783 1217 2801 1248 ‚
2831 1170 2947 1254 qui
2976 1189 3092 1253 per
3116 1170 3359 1235 litteras
3376 1188 3494 1235 ve·

1949 1276 2118 1338 teres
2131 1273 2342 1339 Aman
2348 1274 2623 1339 interfici
2637 1276 2970 1342 debebant.
2983 1276 3239 1343 Litterae
3252 1276 3485 1359 Aman,

1949 1379 2016 1444 id
2040 1384 2166 1459 est,
2198 1382 2432 1447 litterae
2466 1381 2702 1448 diaboli
2720 1430 2743 1462 ,
2771 1387 2922 1449 sunt
2948 1384 3137 1449 malae
3165 1384 3488 1450 conscien-

1950 1488 2094 1567 tiae,
2123 1488 2194 1552 in
2216 1489 2455 1572 quibus
2493 1492 2714 1555 omnia
2747 1508 2939 1574 opera
2958 1542 2975 1570 ‚
3026 1495 3090 1557 et
3137 1493 3336 1557 verba
3359 1541 3379 1572 ,
3430 1496 3494 1558 et

1951 1595 2261 1661 desideria
2288 1597 2457 1662 mala
2481 1598 2713 1682 scripta
2744 1601 2916 1663 sunt.
2942 1598 3252 1681 Sigillum
3273 1601 3492 1665 autem

1951 1700 2185 1767 diaboli
2208 1703 2550 1769 obstinatio
2566 1709 2702 1786 est;
2726 1704 2953 1770 litterae
2976 1708 3196 1770 autem
3223 1705 3492 1771 Assueri

1950 1808 2182 1874 litterae
2202 1817 2352 1875 sunt
2375 1811 2608 1877 Christi
2621 1860 2644 1892 ,
2671 1813 3072 1878 conscientiae
3093 1815 3303 1880 bonae.
3331 1813 3492 1878 Cum

1953 1921 2178 1982 autem
2196 1916 2479 2001 Spiritus
2499 1923 2755 1985 sanctus
2783 1920 3029 2002 digitus
3052 1920 3163 1985 Dei
3180 1920 3426 1986 dicatm·
3443 1921 3488 2001 ⁶,

1953 2024 2233 2089 annulus
2281 2024 2481 2107 hujus
2524 2025 2708 2107 digiti
2772 2025 3014 2091 donum
3060 2030 3155 2091 est
3220 2026 3495 2110 Spiritus

1956 2133 2157 2198 sancti
2179 2181 2197 2212 ‚
2227 2151 2356 2217 quo
2396 2150 2579 2198 mens
2619 2136 2836 2198 nostra
2873 2134 3214 2217 sigillatur.
3247 2135 3363 2200 11ae
3386 2136 3492 2202 lit-

1951 2244 2131 2319 terae,
2161 2244 2226 2305 et
2252 2240 2379 2321 Dei,
2412 2246 2476 2307 et
2519 2241 2751 2306 diaboli
2769 2289 2787 2317 ‚
2817 2242 2885 2306 in
2914 2247 3117 2307 morte
3160 2244 3498 2327 cujuslibet

1952 2349 2348 2430 aperientur,
2375 2352 2442 2414 et
2481 2349 2761 2414 maxime
2785 2349 2855 2413 in
2878 2349 3123 2432 judicio
3147 2352 3171 2387 ⁷
3197 2370 3216 2416 2
3255 2374 3288 2413 α
3310 2351 3493 2417 Judi-

1954 2456 2128 2521 cium
2154 2456 2347 2536 sedit,
2378 2463 2442 2523 et
2465 2457 2616 2522 libri
2641 2458 2844 2541 aperti
2869 2465 3041 2524 sunt.
3072 2480 3105 2519 11
3142 2459 3191 2525 Ο
3219 2477 3492 2544 quomo-

1955 2562 2038 2627 do
2074 2561 2363 2644 sigillum
2393 2571 2551 2628 tunc
2581 2564 2784 2646 judex
2830 2564 3261 2643 examinabit,
3307 2568 3497 2650 quus

1955 2669 2040 2734 sit
2057 2670 2358 2754 1⁸«GuJus
2371 2674 2468 2736 est
2476 2671 2694 2753 imago
2711 2671 2875 2748 haec,
2888 2674 3488 2757 etsuperscriptio‘en

1956 2777 2115 2843 Item
2133 2778 2573 2845 testimonium
2591 2778 2889 2863 pignoris
2911 2780 3201 2845 oetnobis
3219 2779 3497 2864 Spiritus

1955 2893 2211 2951 sanctus
2226 2906 2243 2964 3
2276 2886 2588 2971 quidquid
2626 2887 2798 2950 enim
2830 2886 3100 2952 facimus
3136 2907 3331 2971 super
3372 2890 3498 2955 hoe

1954 2993 2229 3076 pignus,
2262 2995 2530 3061 Domino
2557 2999 2932 3062 mutuamus
2958 2997 2982 3031 ⁹
3015 3019 3030 3062 :
3068 3019 3100 3059 α
3125 2996 3499 3063 Foeneratur

1957 3101 2227 3167 Domino
2248 3150 2270 3183 ‚
2322 3103 2435 3187 qui
2462 3103 2804 3168 miseretur
2829 3103 3151 3187 pauperis,
3183 3125 3214 3165 1
3242 3103 3492 3170 Mutue-

1957 3226 2106 3273 mus
2128 3210 2190 3274 ei
2212 3232 2228 3274 ε
2247 3227 2365 3292 pro
2391 3210 2661 3275 minimo
2678 3211 2852 3275 enim
2867 3211 3095 3276 merito
3120 3212 3498 3296 recipiemus

1956 3317 2108 3401 plus
2132 3318 2201 3383 in
2221 3318 2415 3399 coelo,
2446 3336 2643 3404 quam
2660 3320 2714 3383 si
2737 3337 2855 3403 pro
2880 3337 3013 3384 uno
3039 3320 3300 3387 denario
3325 3321 3499 3388 mille

1957 3426 2255 3491 marchas
2272 3428 2696 3511 reciperemus
2709 3427 3059 3493 inmundo.
3080 3427 3272 3493 Stulti
3282 3432 3498 3494 autem

1955 3532 2167 3599 Judaei
2204 3535 2329 3599 hoc
2373 3535 2618 3618 pignus
2655 3535 2939 3619 recipere
2984 3536 3355 3601 noluerunt.
3400 3537 3499 3603 Tu

1955 3645 2176 3707 autem
2191 3689 2211 3721 ,
2244 3641 2629 3722 Christiane,
2654 3643 2943 3726 quandiu
2971 3643 3097 3720 hoc
3123 3644 3366 3727 pignus
3390 3644 3498 3710 ha·

1954 3750 2070 3814 bes
2097 3749 2165 3812 in
2197 3767 2347 3814 arca
2380 3750 2589 3815 cordis
2605 3796 2627 3829 ,
2658 3768 2744 3814 ne
2770 3751 3000 3815 timeas
3027 3750 3107 3815 de
3149 3751 3334 3816 bonis
3369 3752 3499 3817 tuis

1957 3854 2228 3922 Domino
2256 3857 2742 3922 accommodatis
2760 3905 2778 3934 ‚
2822 3876 2941 3940 pro
2988 3857 3363 3923 haereditate
3404 3877 3496 3923 33-

1953 3967 2159 4028 terna.
2189 3964 2296 4028 Ait
2319 3963 2722 4045 Augustinus
2745 3965 2791 4001 ²⁰
2826 3987 2841 4030 :
2882 3962 3081 4029 mNon
3108 3965 3369 4030 dimittit
3394 3967 3499 4048 pi-

1959 4090 2136 4154 gnus
2164 4089 2358 4137 suum
2390 4091 2409 4136 ε
2442 4071 2495 4136 31
2523 4072 2701 4137 enim
2725 4091 2845 4137 nos
2871 4091 3005 4139 non
3030 4079 3273 4139 amaret
3299 4123 3317 4154 ‚
3347 4075 3500 4140 talia

1956 4181 2235 4264 pignora
2260 4198 2390 4244 non
2417 4180 2618 4246 daret.
2649 4201 2680 4239 n

2463 4361 2753 4431 SERMO
2796 4361 2894 4430 IX
2921 4362 2987 4432 ¹¹.

2036 4507 2334 4589 Spiritus
2346 4507 2613 4573 Domini
2629 4508 2888 4575 ornavit
2911 4508 3172 4575 coelos¹².
3192 4509 3496 4576 Summus

1958 4615 2190 4679 artifex
2218 4614 2489 4697 Spiritus
2522 4617 2814 4692 sanctus,
2847 4615 3068 4680 volens
3099 4617 3166 4681 in
3195 4618 3493 4701 apostoli·

1954 4722 2048 4786 cis
2075 4721 2245 4788 vasis
2270 4720 2521 4786 coeleste
2550 4737 2791 4785 manna
2833 4724 2900 4786 et
2941 4723 3234 4789 divinum
3276 4743 3498 4792 aroma

1954 4829 2239 4894 nominis
2265 4827 2496 4892 Christi
2527 4827 2909 4908 recondere,
2948 4830 3129 4912 prius
3164 4849 3273 4897 eos
3299 4833 3368 4898 in
3395 4834 3496 4899 die

1959 4936 2355 5002 Pentecostes
2383 4936 2749 5001 coelestibus
2776 4935 3183 5019 refulgentiis
3208 4940 3492 5022 pulchri-

1955 5043 2247 5110 formiter
2285 5044 2643 5110 adornavit.
2686 5042 2820 5109 Hoc
2851 5049 3069 5109 autem
3115 5048 3494 5114 beneficium

1956 5152 2082 5218 sibi
2112 5152 2471 5234 praestitum
2505 5151 2573 5235 (c)
2605 5150 2882 5217 Ecclesia
2928 5154 3149 5219 recolit
3187 5155 3497 5223 hodierna

1950 5272 2112 5321 n.-
2138 5269 2179 5305 1⁰
2207 5269 2440 5334 August„
2461 5270 2639 5319 Enarr.
2670 5269 2725 5319 in
2740 5268 2880 5320 Psal.
2908 5281 2995 5334 xe,
3013 5284 3066 5321 n.
3098 5274 3171 5322 13.
3194 5299 3253 5310 —
3280 5274 3318 5310 ¹¹
3347 5275 3494 5325 Hunc

1959 5355 2065 5392 non
2094 5341 2252 5391 habet
2292 5339 2412 5391 edit.
2451 5340 2611 5392 Paris.
2641 5353 2724 5393 an.
2768 5341 2906 5394 1521.
2934 5368 2999 5381 —
3029 5344 3073 5378 ¹²
3094 5343 3212 5406 lob,
3241 5356 3384 5410 xxvi,
3415 5347 3494 5397 13.

2020 5423 2091 5485 (α)
2122 5421 2247 5492 Coet.
2275 5420 2397 5471 edit.
2436 5420 2798 5487 significamur.
2826 5449 2890 5461 —
2927 5421 2996 5487 (b)
3031 5425 3155 5475 Item
3185 5425 3408 5490 quando.
3439 5452 3494 5464 -

1961 5494 2022 5559 (c)
2054 5495 2176 5545 Item
2201 5492 2489 5559 praeditum.
