4059 6317
1052 482 1137 551 IN
1178 481 1673 552 NATWJTATE
1714 481 1990 554 DOMINI
2009 537 2027 569 ‚

178 614 548 699 iamditur,
600 636 763 688 cum
829 618 973 704 ipsa
1022 638 1063 685 a
1113 619 1523 688 damnatione
1575 618 1705 688 sal-

178 727 359 790 vatur.

240 831 441 909 Quoad
466 774 821 900 secundam
855 853 1151 914 causam,
1183 852 1484 917 egressus
1509 838 1708 900 estut

172 938 433 1003 ίιιιιτίιιιιι
465 940 985 1023 :Emediebatur
1008 942 1253 1024 fluvius
1297 942 1379 1008 de
1423 941 1554 1010 loco
1593 958 1702 1011 vo-

172 1046 416 1128 matis
458 1047 551 1114 ad
578 1049 1001 1132 iffiqandum
1042 1049 1435 1133 paradisum
1452 1097 1474 1129 ‚
1501 1049 1571 1115 id
1610 1055 1708 1114 est

170 1152 509 1219 Ecclesiam.
530 1156 1009 1239 Augustinus22
1045 1156 1366 1223 «Ecclesia
1384 1157 1706 1223 insanctis

168 1266 575 1346 temperanter
620 1265 701 1347 (a)
682 1266 813 1343 )et
843 1269 1023 1350 juste
1064 1270 1132 1333 et
1186 1266 1291 1349 pie
1330 1266 1706 1334 viventibus

171 1371 238 1451 (b)
262 1372 590 1454 paradisus
613 1378 787 1440 recte
811 1375 1067 1456 dicitur,
1100 1376 1344 1459 pollens
1377 1375 1706 1440 affluentia

167 1481 501 1561 gratiarum
555 1483 878 1567 castisque
930 1483 1250 1550 deliciis.»
1289 1473 1563 1549 Fluvius
1607 1484 1706 1546 est

164 1586 487 1653 christus³
524 1589 938 1659 .Timebm2t
972 1593 1088 1674 qui
1121 1591 1203 1658 ab
1227 1589 1547 1659 occiderae
1585 1604 1700 1656 no·

162 1710 297 1762 mea
332 1696 617 1776 Domui,
658 1703 723 1765 et
768 1700 889 1781 qui
940 1698 1022 1765 ab
1071 1704 1216 1766 ortu
1245 1698 1402 1766 solis
1430 1697 1703 1781 olor-iam

164 1799 313 1882 dm,
353 1819 496 1868 cum
532 1806 782 1872 verterit
818 1805 893 1888 (c)
936 1807 1133 1888 quasi
1182 1806 1432 1888 fluvius
1467 1805 1704 1872 violen-

162 1915 280 1987 ws,
300 1913 415 1974 etc.
451 1909 502 1977 Ο
528 1929 728 1994 quam
757 1914 1150 1978 necessarius
1168 1913 1292 1978 fuit
1316 1912 1435 1978 iste
1459 1911 1702 1978 fluvius

165 2016 387 2081 mundo
406 2018 702 2085 ariditate
732 2019 1053 2086 deficienti
1068 2026 1086 2106 t,
1103 2019 1386 2097 Quatuor
1404 2020 1699 2098 flumina,

165 2122 223 2186 in
244 2142 385 2206 quae
406 2125 743 2203 dividitur,
775 2130 925 2192 sunt
951 2130 1225 2210 quatuor
1253 2126 1561 2191 humores
1587 2124 1701 2208 qui

168 2230 235 2295 ad
258 2233 471 2297 mundi
499 2233 970 2316 irrigationem,
1013 2238 1087 2300 ut
1122 2234 1504 2302 fructificare
1546 2252 1696 2317 pos·

168 2343 247 2404 m
274 2338 338 2403 in
367 2340 659 2422 salutem,
702 2340 786 2405 de
822 2339 1053 2406 Christi
1092 2359 1357 2424 corpore
1382 2342 1702 2424 profluxe-

168 2451 323 2512 rant.
348 2446 641 2516 Primum
664 2466 831 2530 ergo
855 2453 950 2514 est
970 2449 1217 2515 flumen
1239 2450 1695 2534 lacrymarum,

167 2571 304 2636 quas
326 2553 633 2619 Dominus
668 2556 910 2638 saepius
943 2555 1130 2631 flens,
1148 2556 1312 2624 fudit
1338 2575 1458 2641 pro
1479 2558 1697 2624 homi-

163 2661 331 2727 nibm
358 2663 384 2698 ⁴
414 2682 432 2727 ε
467 2662 711 2731 videns
748 2665 1080 2731 civitatem
1120 2664 1334 2746 flevit,
1375 2669 1494 2731 etc.
1526 2667 1698 2732 Istud

164 2768 385 2834 nmen
416 2770 615 2835 etiam
652 2772 725 2834 in
767 2769 1035 2835 infantia
1064 2771 1266 2838 fluere
1293 2772 1505 2856 coepit.
1536 2773 1694 2838 Am-

164 2873 391 2944 brosius
418 2880 442 2915 ⁵
473 2899 490 2941 :
528 2900 561 2939 a
586 2876 692 2943 Me
736 2878 910 2942 illius
951 2878 1239 2944 infantiae
1270 2879 1458 2945 fletus
1479 2881 1696 2947 ablue·

162 2991 329 3064 runt,
367 2986 496 3051 inae
544 2985 857 3070 lacrymae
905 3005 1048 3053 mea
1093 2986 1321 3052 delicta
1372 2987 1694 3055 laverunt.

162 3089 507 3159 Semndum
548 3098 648 3158 est
686 3093 941 3159 sudoris
974 3099 999 3136 ⁸
1031 3115 1047 3157 z
1084 3095 1323 3161 Factus
1359 3100 1454 3163 est
1497 3095 1698 3163 sttdor

158 3198 297 3280 dus,
320 3206 443 3266 etc.
474 3200 767 3266 Tettium
808 3205 907 3265 est
930 3201 1265 3283 sanguinis
1290 3219 1405 3284 per
1431 3201 1698 3268 vulnera

158 3306 408 3373 drusi&
434 3308 781 3376 Tuveroin
807 3310 1127 3391 sanquine
1148 3310 1536 3381 testamenti,
1568 3312 1690 3374 etc.

156 3412 378 3495 ’Apud
394 3416 757 3484 Dominum
782 3416 1273 3496 misericordia,
1330 3423 1391 3483 et
1438 3418 1699 3499 copiosa

153 3520 317 3603 apud
336 3539 484 3589 eum
508 3522 919 3607 mammio:
955 3540 1215 3607 prorsus
1238 3525 1519 3606 copiosa,
1543 3524 1698 3606 quia

152 3644 265 3692 nen
300 3634 513 3711 gutta,
542 3630 656 3696 sed
692 3629 873 3695 unda
908 3629 1241 3712 sanguinis
1279 3628 1547 3711 largiter
1585 3649 1700 3713 per

151 3751 417 3820 qumque
442 3741 665 3820 partes
690 3736 974 3819 corporis
1009 3736 1353 3802 emanavit.
1384 3736 1698 3814 Quartum

148 3846 233 3904 est
267 3842 517 3908 flumen
559 3861 786 3927 aquae,
838 3843 1008 3926 quod
1048 3844 1127 3908 de
1167 3844 1365 3909 latere
1408 3843 1599 3909 fluxit
1622 3849 1690 3908 ⁹:

154 3944 455 4018 Οοπτίηιιο
490 3952 708 4019 eoeivit
732 3951 1007 4033 sanquis
1026 3956 1088 4020 et
1113 3966 1309 4033 aqua.

214 4055 432 4133 Quoad
471 4058 774 4136 tertium,
804 4076 1105 4140 egressus
1149 4062 1246 4124 est
1289 4060 1363 4122 ut
1410 4056 1572 4141 lapis
1619 4057 1700 4124 de

148 4168 344 4231 munte
382 4163 707 4231 ¹⁰:1nde
753 4180 1043 4248 carcesae
1094 4172 1195 4233 est
1237 4168 1460 4247 pastor
1525 4163 1699 4247 lapis

147 4268 345 4340 lueet.
376 4270 1325 4355 Hicestlapisquidemome,
1356 4271 1696 4337 idestMa-

146 4377 247 4457 ria,
282 4380 622 4448 abscisam
664 4386 763 4448 est
805 4381 948 4446 sine
984 4378 1307 4458 mambae,
1348 4379 1415 4445 id
1440 4379 1700 4445 estsine

144 4482 293 4550 virili
317 4491 653 4566 contactu,
694 4487 859 4551 sicut
891 4486 1124 4552 dicitur
1150 4487 1216 4551 ²¹.
1243 4485 1363 4551 Hic
1383 4487 1575 4551 etiam
1604 4490 1700 4551 est

140 4588 304 4673 lapis,
351 4594 437 4659 de
482 4611 624 4677 quo
672 4592 1005 4658 psalmista
1037 4594 1082 4630 ¹¹
1109 4616 1124 4657 ε
1150 4592 1483 4676 Lapidem,
1516 4609 1701 4675 quem

141 4699 635 4782 reprobaverunt
676 4699 1103 4780 oedificantes,
1152 4705 1273 4766 etc.
1326 4700 1403 4766 In
1452 4699 1699 4782 angulo

136 4805 497 4889 junguntur
525 4807 663 4873 duo
688 4806 962 4890 parietes
992 4826 1009 4872 τ
1037 4807 1167 4873 duo
1181 4811 1398 4876 autem
1427 4806 1702 4891 parietes

193 4966 211 5001 ¹
238 4967 379 5035 Gen„
408 4981 479 5035 n,
519 4971 605 5019 ιο.
629 4992 695 5007 -
725 4970 752 5005 ι
772 4968 922 5032 Αιις,
949 4968 1011 5018 ae
1035 4969 1182 5031 Gen„
1212 4969 1283 5020 αα
1308 4969 1433 5030 tiu„
1463 4967 1554 5019 lib.
1584 4970 1696 5033 xu,

144 5042 619 5212 iffirffafi
630 5039 1042 5218 KQ?
1046 5043 1151 5163 ἐξ·
1157 5067 1266 5150 Σ
1266 5041 1468 5174 2¹53:
1483 5052 1595 5175 ²53,
1617 5044 1696 5164 ῗῗῑ

144 5207 199 5220 -
230 5183 407 5235 ‘m
448 5183 1697 5249 cxnx‚⁴1.-⁹Joan.,x1x‚u.-¹·Gen.‚

147 5326 251 5361 ..u
146 5258 443 5380 mxxi?-
451 5255 841 5389 gxffinfflu’if
844 5221 1183 5390 ῠνὲἳηῗέἷῖι
1207 5220 1698 5388 Ἄιιιῖςωωίπωιξέξ

148 5383 385 5464 litavit,
417 5415 480 5451 n.
518 5402 735 5450 21⁰.-
664 5397 986 5462 --¹⁸Aug.‚
1022 5404 1147 5451 cont.
1177 5399 1449 5450 Maximin-
1450 5397 1599 5464 ,lib.
1634 5398 1699 5460 ll,

153 5479 195 5517 c.
230 5482 328 5521 xxv
338 5436 655 5537 ς’ἑηλοωι..
693 5471 848 5520 tract.
882 5481 976 5534 cx,
1002 5483 1056 5522 n.
1094 5473 1142 5535 7,
1176 5436 1602 5535 quoadsensum.
1637 5494 1694 5508 ·-

2077 485 2362 556 SERMo·
2383 481 2487 556 lv.
3283 493 3363 560 47

1815 621 1887 688 in
1912 627 2233 692 structura
2262 624 2500 692 coelesti
2541 627 2697 690 sunt
2721 625 3014 694 homines
3035 629 3103 693 et
3128 627 3365 709 angen.

1819 728 1950 796 Hos
1976 732 2142 817 lapis
2166 733 2536 816 angularis,
2571 733 2632 797 id
2666 736 2760 798 est
2787 732 3093 814 Christus,
3116 735 3365 818 jungit,

1819 840 2260 925 caputwquli
2284 841 2518 919 facms3
2546 839 2613 906 id
2641 844 2737 906 est
2764 857 2958 923 super
2987 840 3282 906 homines
3307 846 3373 910 ct

1815 945 2082 1026 angelos
2108 947 2444 1012 exaltatus.
2492 945 2668 1013 Unde
2694 946 3057 1016 Bernardus
3083 949 3159 1013 ¹³:
3187 971 3218 1011 α
3250 948 3372 1016 Pa-

1816 1054 1950 1116 stor
1977 1052 2286 1120 christus.
2317 1054 2435 1119 Hic
2459 1058 2557 1120 est
2581 1054 2753 1120 enim
2782 1059 3016 1137 pastor,
3041 1056 3156 1139 qui
3180 1056 3373 1124 habet

1817 1161 2078 1224 centum
2121 1179 2276 1225 oves
2307 1183 2322 1226 ε
2353 1179 2543 1226 ovem
2570 1160 2911 1243 perditam,
2943 1161 3009 1228 id
3036 1166 3133 1228 est
3157 1162 3370 1228 homi-

1817 1284 1993 1345 nem,
2039 1267 2119 1331 ad
2166 1268 2516 1349 nonaginta
2549 1284 2786 1332 novem
2816 1268 2879 1334 id
2906 1272 3003 1333 est
3026 1270 3108 1335 ad
3135 1289 3369 1338 novem

1820 1373 2075 1438 ordines
2104 1374 2509 1456 angelorum,
2533 1375 2811 1455 reduxit,
2837 1376 3151 1459 aequalem
3177 1395 3371 1460 ange-

1811 1477 1892 1544 lis
1925 1480 2233 1545 faciens.»
2269 1482 2671 1564 Augustinus
2699 1482 2742 1520 ¹⁸
2773 1504 2788 1547 ε
2820 1505 2852 1544 α
2872 1481 3370 1550 Resurrectionis

1815 1592 1878 1651 et
1918 1588 2359 1670 promissionis
2399 1589 2514 1654 fflii
2563 1589 2845 1673 aequales
2885 1594 3078 1656 erunt
3120 1590 3370 1673 angelis

1813 1693 1947 1775 Dei,
1977 1694 2187 1762 sinon
2215 1715 2509 1780 corpore,
2537 1714 2748 1780 neque
2786 1701 3004 1778 aetate,
3036 1702 3203 1765 certe
3227 1679 3366 1763 feli-

1814 1800 2022 1866 citate.
2056 1825 2088 1862 ι)

1892 1907 2112 1986 Quoad
2162 1913 2470 1993 quartum
2493 1958 2512 1990 ‚
2555 1927 2854 1992 egressus
2899 1916 2996 1977 est
3032 1916 3107 1976 ut
3142 1911 3244 1978 leo
3286 1913 3368 1979 de

1809 2020 1995 2080 antro
2043 2017 2214 2081 uteri
2264 2016 2605 2098 virginalis
2658 2022 2878 2083 contra
2928 2017 3255 2083 diabolum
3268 2019 3313 2062 ¹⁸
3341 2042 3358 2084 ε

1809 2121 2127 2191 Ascendet
2164 2124 2256 2190 leo
2298 2124 2377 2190 de
2408 2123 2607 2190 cubili
2641 2139 2757 2192 suo
2785 2147 2812 2192 .·
2836 2125 3054 2208 proedo
3078 2128 3366 2209 acutium

1807 2247 1875 2298 se
1902 2230 2140 2298 levavit
2180 2231 2261 2313 (d)
2284 2249 2311 2313 ;
2337 2246 2619 2313 eqressus
2645 2230 2723 2298 de
2751 2232 2879 2299 loco
2906 2248 3044 2310 suo,
3076 2240 3148 2301 uc
3163 2239 3366 2317 ponat

1808 2343 2051 2406 terram
2113 2338 2189 2404 in
2248 2338 2662 2404 solitudinem
2733 2338 2831 2422 (e).
2894 2338 3021 2405 Leo
3076 2339 3364 2406 Christus

1807 2448 1902 2509 est
1921 2446 1998 2510 ¹⁸:
2019 2445 2177 2512 Ecce
2195 2445 2276 2527 (s)
2294 2447 2456 2512 vicit
2469 2443 2583 2525 lec,
2607 2449 2754 2524 etc.‚
2769 2445 2880 2531 qui
2904 2447 3091 2529 quasi
3109 2447 3209 2513 leo
3233 2448 3362 2514 dia-

1806 2550 2027 2618 bolum
2055 2551 2321 2631 invasit,
2354 2557 2419 2617 et
2445 2559 2668 2634 gentes
2702 2570 2818 2635 per
2848 2553 3247 2620 vocationem
3278 2556 3364 2622 ad

1805 2658 1999 2724 fidem
2045 2658 2125 2724 de
2165 2658 2463 2724 manibus
2487 2658 2720 2724 diaboli
2742 2659 2927 2742 quasi
2953 2661 3238 2744 praedam
3261 2681 3362 2728 ra-

1804 2766 1965 2849 puit.
1997 2764 2260 2830 Terram
2277 2765 2345 2829 in
2366 2765 2771 2832 solitudinem
2801 2765 2868 2849 (e)
2904 2769 3136 2849 posuit,
3161 2788 3362 2853 quan-

1805 2873 1887 2938 do
1914 2872 2188 2937 limbum
2219 2872 2449 2950 inferni
2477 2920 2493 2947 ,
2524 2872 2766 2938 eductis
2797 2873 3137 2940 animabus
3170 2895 3357 2942 sanc-

1804 2985 2018 3044 torum
2038 3026 2061 3060 ,
2091 2979 2448 3045 evacuavit.
2490 2977 2604 3042 Hic
2647 2985 2741 3046 est
2779 2980 2885 3046 ille
2916 2980 3038 3061 leo,
3079 2983 3147 3047 in
3174 2986 3360 3066 cujus

1803 3104 1914 3151 ore
1942 3086 2071 3151 mel
2100 3087 2240 3167 fuit,
2274 3086 2436 3151 sicut
2465 3086 2705 3169 legitur
2721 3088 2787 3150 ¹⁷.
2819 3088 2941 3153 Mel
2969 3093 3065 3154 est
3091 3089 3357 3156 dulcedo

1803 3192 2108 3259 doctrinae
2126 3191 2171 3234 ¹⁸
2196 3216 2211 3260 ε
2246 3194 2454 3276 Quam
2481 3192 2705 3261 dulcia
2725 3196 3022 3276 faucibus
3041 3199 3212 3276 mets,
3233 3202 3352 3263 etc.

1802 3297 1926 3365 Mel
1947 3306 2042 3365 est
2069 3300 2335 3367 dulcedo
2361 3303 2589 3382 gratiae
2617 3303 2662 3341 ¹⁹
2684 3320 2701 3366 z
2722 3302 3011 3385 Spiritus
3039 3321 3210 3372 meus
3236 3321 3356 3372 su·

1800 3423 1917 3489 per
1945 3408 2070 3474 mel
2107 3407 2342 3475 dulcis.
2385 3408 2509 3474 Mel
2558 3413 2655 3474 est
2704 3409 2968 3477 dulcedo
2997 3411 3227 3493 gloriae
3256 3418 3303 3453 ²⁰
3333 3434 3350 3478 z

1803 3514 2172 3582 Haereditas
2208 3531 2352 3582 mea
2384 3531 2576 3599 super
2613 3516 2736 3583 mel
2761 3523 2824 3585 et
2852 3518 3098 3598 favum.
3137 3519 3350 3585 Chris-

1804 3625 1910 3686 tus
1952 3622 2025 3685 in
2062 3639 2172 3687 ore
2199 3623 2424 3689 habuit
2450 3623 2733 3706 primum
2765 3624 2921 3704 mel,
2953 3626 3354 3707 praedicando

1804 3727 2268 3809 Evangelium3
2318 3730 2671 3795 secundum
2696 3778 2715 3811 ‚
2771 3730 3087 3797 sufflando
3148 3734 3354 3817 Spiri-

1803 3838 1984 3915 tum3
2043 3837 2306 3902 tertium
2328 3885 2349 3917 ‚
2404 3837 2636 3902 latroni
2692 3837 2899 3904 dando
2961 3840 3350 3924 paradisum.

1804 3941 2099 4009 Mortuus
2122 3948 2339 4009 autem
2364 3944 2466 4009 leo
2492 3945 2634 4023 fuit,
2667 3944 2782 4028 qui
2798 3945 2926 4010 mel
2947 3947 3352 4029 ministravit,

1804 4050 1955 4133 quia
1994 4055 2292 4116 mortuus
2325 4052 2445 4116 fuit
2487 4051 2793 4133 Christus,
2846 4057 2920 4117 ut
2975 4072 3089 4137 per
3143 4054 3355 4138 ipsum

1803 4157 1973 4224 hauc
1996 4157 2310 4244 triplicem
2337 4157 2734 4226 dulcedinem
2761 4158 3165 4226 haberemus.

2357 4337 2649 4409 SERMO
2694 4339 2812 4411 IV.

1884 4480 2286 4563 Evanqelizo
2313 4481 2489 4549 vobis
2516 4482 2831 4566 aaudium
2856 4500 3159 4568 maantam
3181 4481 3357 4569 quoa

1807 4588 1931 4655 erit
1959 4589 2137 4654 omni
2157 4588 2392 4672 populo
2418 4590 2484 4668 ²¹,
2515 4594 2636 4654 etc.
2662 4589 2797 4655 Hoc
2819 4592 3132 4672 gaudium
3159 4596 3356 4660 sensit

1804 4693 2127 4760 Elisabeth
2139 4694 2208 4760 in
2238 4700 2420 4761 utero
2434 4697 2503 4760 ²¹.
2529 4697 2872 4766 Exulcavit
2894 4701 2969 4765 in
2985 4699 3226 4782 aaudio
3253 4701 3354 4767 in·

1806 4801 1957 4881 fans
2002 4803 2078 4868 in
2120 4810 2303 4871 utero
2348 4819 2506 4871 meo.
2567 4804 2700 4870 Hoc
2743 4824 2918 4870 nunc
2960 4808 3352 4890 evangelizat

1806 4908 2121 4990 Angelus,
2135 4909 2354 4975 dicens
2371 4928 2389 4974 ε
2415 4911 2803 4994 Evanqelizo
2820 4913 2997 4981 vobis
3010 4915 3345 4997 (laudium.

1806 5080 2079 5143 ”leo-em„
2110 5093 2179 5146 tv,
2212 5085 2259 5133 7.
2286 5107 2345 5120 -
2372 5083 2417 5119 ¹⁸
2441 5083 2609 5150 Apoe„
2638 5095 2690 5147 v,
2716 5086 2763 5136 5.
2788 5110 2850 5123 -
2877 5086 2919 5121 ¹⁷
2945 5085 3131 5150 Judic„
3159 5097 3268 5151 xxv,
3299 5090 3347 5141 8.

1804 5178 1868 5189 —
1888 5154 1929 5183 ¹⁸
1952 5153 2094 5204 Psoi.
2119 5165 2302 5216 cxvm,
2333 5156 2520 5205 ιο3.-
2542 5156 2583 5191 ¹⁹
2604 5155 2781 5220 Eccli„
2808 5168 2955 5223 xxxv,
2977 5159 3057 5210 27.
3076 5185 3135 5197 --
3159 5159 3201 5193 ²⁰
3219 5159 3349 5212 lbid.

1805 5225 1930 5261 —21
1957 5224 2102 5286 Luc„
2129 5236 2194 5288 11,
2227 5229 2304 5276 lo.
2331 5252 2394 5264 —
2422 5225 2461 5257 ²²
2484 5227 2620 5288 Luc„
2651 5237 2688 5292 ι,
2715 5229 2793 5276 44.

1871 5321 1937 5386 (α)
1984 5323 2107 5375 Coee.
2149 5321 2271 5375 edit.
2315 5324 2677 5390 temporaliter.
2709 5351 2769 5364 —
2802 5325 2870 5391 (b)
2910 5327 3031 5381 coet.
3068 5328 3192 5382 edit.
3230 5330 3349 5384 aaa.

1807 5400 1955 5446 et.—
1978 5396 2041 5458 (c)
2071 5395 2196 5448 caet.
2230 5396 2351 5448 edit.
2382 5398 2527 5448 deest
2551 5412 2661 5448 cum
2687 5399 2959 5450 veneria—
2991 5401 3064 5465 (d)
3083 5403 3209 5455 caet.
3225 5403 3350 5455 edit.

1808 5467 2011 5518 levabit.
2046 5492 2106 5505 —
2144 5467 2203 5534 (e)
2232 5468 2361 5520 Item
2376 5468 2663 5522 solitudine.
2692 5495 2753 5509 --
2783 5471 2851 5535 (f)
2875 5473 3002 5524 item
3026 5474 3186 5528 Nunc.
