4059 6317
696 412 818 473 462

696 560 802 608 me
825 542 903 608 de
924 559 1188 627 corpore
1214 541 1437 607 mortis
1469 540 1712 625 hujus?
1739 541 1951 607 Gratia
1985 541 2095 607 Dei
2124 560 2238 625 per

694 649 913 715 lesum
956 647 1278 715 Christum
1317 648 1661 715 Dominum
1702 654 2018 714 nostrum.
2049 672 2081 709 ι)
2115 648 2237 714 Lo-

694 757 920 840 quitur
947 757 1287 841 Apostolus
1315 758 1384 821 in
1407 775 1680 840 persona
1706 757 1967 838 generis
2001 757 2232 821 huma-

694 866 784 945 ni,
814 870 877 930 et
903 871 1088 932 vocat
1111 866 1310 932 vitam
1351 865 1791 949 temporalem,
1834 866 1903 929 in
1947 884 2077 950 qua
2115 884 2237 949 op-

695 975 1001 1058 primitur
1024 975 1221 1041 homo
1264 974 1604 1058 multiplici
1640 974 2005 1058 poenalitate
2048 975 2241 1040 mise-

693 1082 842 1162 riae3
863 1084 1042 1166 quia,
1064 1084 1419 1149 secundum
1445 1083 1706 1148 beatum
1726 1082 2109 1165 Gregorium
2129 1085 2148 1119 ¹
2169 1084 2238 1148 in

693 1189 961 1256 homilia
992 1212 1008 1257 z
1056 1214 1088 1254 α
1127 1190 1520 1275 Temporalis
1562 1191 1719 1270 vita,
1768 1196 2026 1256 aeternae
2064 1209 2238 1256 com-

694 1302 938 1381 parata,
971 1317 1144 1364 mors
1169 1303 1265 1364 est
1293 1299 1507 1384 potius
1535 1299 1823 1379 dicenda,
1855 1317 2053 1382 quam
2080 1297 2232 1363 vita.

695 1402 836 1489 lpse
861 1407 1036 1471 enim
1059 1405 1467 1491 quotidianus
1483 1406 1764 1471 defectus
1785 1403 2231 1488 corruptionis,

696 1515 849 1599 quid
901 1520 998 1581 est
1055 1516 1229 1582 aliud
1296 1535 1495 1601 quam
1546 1515 1847 1598 quaedam
1904 1513 2238 1598 prolixitas

696 1622 966 1688 mortis?
992 1646 1023 1685 ο
1059 1624 1159 1689 Ab
1185 1624 1309 1689 hac
1336 1624 1507 1688 enim
1536 1622 1619 1706 (α)
1661 1621 1899 1705 poenali
1930 1621 2063 1687 vita
2090 1620 2240 1685 dicit

696 1749 766 1795 se
791 1730 1052 1797 liberari
1092 1750 1206 1816 per
1252 1733 1527 1814 gratiam
1566 1731 1795 1797 Christi
1838 1731 1907 1795 in
1949 1728 2234 1811 generali

695 1841 1180 1906 resurrectione.

776 1946 1085 2032 Sequitur
1115 1970 1132 2013 t
1171 1947 1525 2027 Descende3
1554 1947 1666 2012 ubi
1707 1947 1895 2012 tertio
1939 1945 2239 2029 implorat

695 2054 944 2143 pietatis
975 2056 1491 2122 misericordiam.
1524 2054 1732 2138 Igitur
1757 2054 1946 2133 Deus,
1979 2056 2238 2138 propter

697 2162 1194 2228 misericordiam
1234 2164 1521 2246 pietatis,
1564 2163 1884 2228 descendit
1922 2163 2132 2247 primo
2168 2162 2237 2226 in

696 2286 884 2333 carne
924 2268 996 2352 (b)
1017 2316 1033 2348 ,
1075 2274 1152 2335 ut
1193 2269 1399 2336 virtus
1441 2269 1878 2353 potentissima
1920 2268 1997 2333 ad
2042 2268 2232 2333 robo-

695 2375 974 2441 randum
986 2398 1003 2455 3
1030 2376 1306 2441 secundo
1334 2377 1402 2441 in
1425 2379 1638 2441 mente
1666 2377 1762 2458 (c),
1792 2379 1867 2440 ut
1891 2375 2011 2439 lux
2038 2373 2235 2439 retul-

697 2483 1072 2564 gentissima
1088 2485 1168 2550 ad
1193 2483 1729 2564 illuminandum3
1754 2483 1941 2548 tertio
1966 2482 2049 2547 ad
2063 2481 2237 2563 jndi-

615 2572 622 2579 ’
696 2591 893 2672 cium,
926 2595 995 2656 ut
1037 2592 1211 2657 salus
1236 2591 1717 2657 affluentissima
1758 2589 1839 2655 ad
1867 2589 2235 2670 glorifican-

694 2700 875 2766 dum.
910 2698 1201 2765 Primum
1228 2705 1325 2766 est
1348 2703 1566 2766 contra
1592 2699 1982 2764 debilitatem
2026 2699 2234 2782 impo-

693 2808 908 2873 tentiae
924 2832 943 2888 ;
965 2809 1314 2874 secundum
1329 2812 1426 2873 est
1446 2811 1668 2873 contra
1685 2806 2035 2872 caecitatem
2051 2807 2237 2890 igno-

693 2916 918 2980 rantiae
951 2935 972 2995 ς
1029 2915 1290 2981 tertium
1350 2920 1446 2980 est
1508 2920 1728 2980 contra
1804 2914 2235 2997 poenalitatem

696 3023 991 3089 miseriae.

777 3131 996 3199 Primo
1009 3131 1324 3198 descendit
1342 3132 1412 3195 in
1438 3150 1628 3197 carne
1649 3131 1734 3214 (d)
1753 3180 1770 3212 ,
1792 3136 1868 3197 ut
1886 3132 2092 3199 virtus
2116 3150 2232 3215 po-

694 3239 1043 3305 tentissima
1067 3240 1150 3306 ad
1189 3241 1653 3321 roborandum;
1685 3240 1856 3305 unde
1894 3239 2130 3305 dicitur
2157 3242 2181 3275 ¹
2213 3263 2228 3304 ε

702 3365 732 3404 «
792 3341 1095 3409 Descendi
1160 3343 1232 3408 in
1287 3342 1643 3428 AEgyptum
1678 3391 1696 3423 ,
1771 3347 1845 3408 ut
1892 3342 2234 3409 liberarem

693 3450 1005 3533 populum
1051 3469 1270 3516 meum
1314 3452 1393 3517 de
1435 3470 1636 3517 manu
1678 3449 2152 3535 AEgyptiorum.
2194 3471 2225 3511 n

691 3556 870 3622 Tunc
895 3558 1212 3625 descendit
1231 3560 1301 3625 in
1319 3559 1699 3644 AEgyptum,
1730 3559 1986 3644 quando
2015 3576 2234 3642 poena-

693 3663 934 3729 litatem
970 3666 1242 3732 miseriae
1269 3667 1633 3749 assumpsit,
1665 3671 1736 3732 ut
1765 3667 2073 3749 patienter
2100 3686 2235 3732 sus-

694 3771 951 3837 tinendo
999 3773 1167 3838 mala
1209 3791 1437 3856 poenae,
1470 3773 1539 3836 in
1563 3772 1748 3838 nobis
1789 3772 2027 3839 deleret
2062 3773 2232 3838 mala

693 3879 928 3962 culpae3
959 3884 1022 3945 et
1059 3880 1366 3945 tradendo
1409 3898 1477 3944 se
1505 3880 1802 3945 manibus
1834 3879 2228 3962 Judaeorum,

693 4005 812 4052 nos
840 3987 1135 4053 liberaret
1166 3988 1245 4053 de
1275 4006 1476 4053 manu
1512 3986 1987 4072 AEgyptiorum‚
2021 3988 2086 4053 id
2111 3994 2227 4070 est,

628 4132 636 4141 ·
691 4095 1159 4161 daemoniorum
1189 4119 1206 4175 ;
1256 4099 1321 4162 et
1369 4096 1439 4160 in
1503 4097 1898 4180 suscipiendo
1956 4103 2229 4164 mortem

691 4205 1130 4287 temporalem,
1160 4204 1511 4269 destrueret
1537 4209 1811 4269 mortem
1837 4205 2226 4271 aeternalem.

771 4308 1068 4375 Secundo
1092 4310 1414 4376 descendit
1451 4310 1762 4375 Dominus
1803 4311 1871 4374 in
1915 4317 2227 4392 mentem,

691 4419 765 4480 ut
790 4415 907 4480 lux
929 4416 1470 4499 refulgentissima
1501 4418 1582 4482 ad
1608 4416 2135 4499 illuminandum3
2166 4424 2231 4484 et

691 4523 769 4588 de
807 4523 931 4588 hoc
973 4524 1203 4589 dicitur
1228 4525 1252 4560 ⁸
1282 4545 1298 4588 z
1334 4546 1367 4585 α
1420 4523 1674 4589 Utinam
1722 4524 2123 4610 dirumperes
2155 4527 2226 4611 (e)

689 4632 903 4710 coelos,
952 4639 1015 4697 et
1059 4632 1502 4698 descenderes!
1533 4632 1591 4698 A
1635 4633 1794 4698 facie
1828 4638 1941 4699 tua
1980 4640 2230 4700 montes

689 4739 1042 4805 defluerent
1061 4741 1167 4823 (f).
1200 4760 1231 4799 υ
1259 4739 1445 4805 Petiit
1471 4739 1670 4806 David
1694 4742 1885 4807 coelos
1911 4743 2226 4824 inclinari,

688 4850 752 4913 et
783 4852 1033 4913 montes
1060 4848 1240 4930 tangi
1262 4896 1282 4928 ,
1310 4866 1459 4913 cum
1490 4848 1641 4914 dicit
1673 4848 1745 4913 in
1772 4849 2024 4915 Psalmo
2053 4851 2134 4935 (ρ)
2155 4851 2176 4886 ⁸
2208 4872 2224 4917 t

750 5017 768 5052 ¹
800 5020 972 5083 Greg„
1003 5018 1056 5067 in
1085 5018 1296 5083 Etanq„
1325 5017 1471 5069 hom.
1498 5031 1713 5084 xxxvu,
1740 5034 1794 5072 n.
1830 5026 1876 5072 ¹.
1902 5047 1963 5060 —
1990 5022 2012 5057 ⁸
2040 5022 2226 5087 Επεὶ,

690 5098 778 5148 m,
816 5091 863 5140 8.
903 5115 963 5127 -
1003 5088 1025 5123 ³
1065 5091 1184 5154 Im„
1229 5101 1370 5150 Lxlv‚
1413 5095 1458 5141 1.
1504 5117 1566 5129 —
1607 5091 1628 5126 ⁸
1663 5092 1799 5142 Psal.
1841 5105 2035 5155 cxun,
2083 5097 2130 5144 5.
2165 5119 2229 5135 -—

689 5159 709 5189 ⁸
738 5159 971 5225 Hieron„
1006 5159 1075 5210 ad
1110 5161 1446 5226 Principiam,
1475 5162 1622 5226 epist.
1676 5176 1776 5214 cxt.
1811 5164 1977 5228 Epist.
2013 5163 2104 5215 lih.
2142 5166 2229 5228 ΙΙΙ,

671 5230 788 5295 eol.
815 5245 884 5283 m.
920 5235 1024 5283 168.
1049 5259 1105 5269 —-
1135 5233 1154 5264 ⁸
1180 5232 1363 5298 Exod„
1397 5245 1504 5296 xlx,
1539 5236 1611 5285 ¹8.

751 5330 820 5393 (a)
858 5330 975 5395 leq.
1021 5333 1209 5383 autem.
1251 5358 1312 5370 —
1352 5330 1426 5397 (ὁ)
1467 5333 1586 5396 Leq.
1628 5347 1857 5385 carnem.
1897 5361 1960 5373 -
2007 5336 2067 5399 (c)
2109 5334 2226 5400 [ις.

689 5406 933 5454 mentem.
952 5428 1017 5442 —-
1038 5404 1115 5468 (d)
1139 5404 1254 5468 Lea.
1283 5416 1511 5456 carnem.
1534 5429 1594 5442 -
1620 5404 1681 5469 (el
1713 5406 1836 5459 Coet.
1864 5405 1985 5457 edit.
2010 5405 2230 5457 diarum-

1783 403 2207 473 SERMONES
2253 404 2356 472 DE
2394 405 2789 475 TEMPORE.

2360 565 2391 603 α
2439 541 2679 607 Inclina
2730 542 2920 608 coelos
2969 545 3139 624 tuos,
3186 547 3253 609 et
3299 543 3643 623 descende;
3704 547 3896 626 tange

2350 653 2636 730 montes,
2675 654 2739 714 et
2783 649 3212 731 fumigabunt.
3254 672 3285 711 n
3334 649 3459 716 Sed
3498 649 3698 715 isaias
3730 650 3899 733 petiit

2349 756 2542 821 coelos
2566 758 2844 841 dirumpi
2875 758 2983 839 (h),
3015 762 3079 823 et
3105 778 3143 823 a
3162 759 3318 824 facie
3341 758 3574 825 Christi
3593 759 3898 841 superbos

2349 863 2628 929 defluere
2655 865 2757 946 (03
2805 870 2868 929 et
2902 869 3119 931 tamen
3158 872 3429 950 uterque
3464 866 3729 931 Domini
3763 866 3897 930 des-

2348 988 2611 1036 censum
2626 971 3041 1036 desiderabat.
3057 971 3446 1038 Descendere
3464 973 3650 1038 enim
3672 973 3895 1050 Deum,

2349 1096 2481 1143 non
2522 1082 2619 1144 est
2661 1078 2880 1145 diviua
2920 1080 3336 1145 similitudine
3377 1080 3458 1163 (j)
3510 1081 3892 1163 degradari,

2348 1186 2460 1251 sed
2483 1186 2837 1252 humanam
2860 1193 3158 1252 naturam
3185 1188 3476 1254 exaltari.
3515 1189 3706 1254 Unde
3744 1188 3896 1254 Deus

2348 1297 2501 1357 tunc
2527 1294 2737 1374 coelos,
2770 1294 2835 1360 id
2859 1299 2977 1374 est,
3006 1295 3288 1361 coelestes
3322 1296 3604 1379 angelos
3631 1296 3892 1361 inclina-

2348 1401 2463 1481 vit,
2495 1419 2644 1466 cum
2671 1406 2969 1467 naturam
2992 1402 3347 1469 humanam
3373 1405 3499 1469 sibi
3531 1405 3894 1488 copulatam

2348 1526 2542 1591 super
2568 1509 2739 1592 ipsos
2758 1510 3148 1577 sublimavit.
3186 1509 3428 1577 Montes
3459 1530 3620 1578 vero
3666 1512 3891 1593 tetigit,

2351 1616 2503 1682 dum
2545 1635 2801 1683 carnem
2846 1618 3189 1685 habentem
3245 1619 3526 1685 detectus
3585 1618 3894 1685 humana

2348 1727 2599 1789 naturae
2631 1726 2977 1808 assumpsit
3020 1745 3059 1791 a
3096 1725 3467 1809 patriarchis
3491 1731 3559 1791 et
3600 1726 3894 1808 regibus,

2348 1833 2462 1915 qui
2488 1833 2736 1899 ratione
2756 1834 3103 1899 sanctitatis
3128 1838 3194 1899 et
3218 1833 3551 1916 dignitatis
3572 1835 3897 1899 montium

2347 1942 2607 2006 nomine
2635 1940 3109 2023 intelliguntur.
3143 1941 3338 2022 Unde,
3368 1942 3742 2008 secundum
3764 1941 3898 2007 Phi·

2346 2047 2709 2131 lomphum,
2738 2071 2770 2110 α
2796 2049 2906 2114 illa
2930 2068 3000 2114 se
3019 2054 3317 2133 tangunt,
3346 2068 3639 2133 quorum
3670 2051 3897 2116 ultima

2346 2161 2501 2222 sunt
2525 2156 2739 2227 simul.
2771 2178 2803 2218 n
2840 2158 3087 2224 Scilicet
3112 2159 3307 2224 coelos
3326 2158 3566 2241 dirupit
3600 2157 3719 2241 (k),
3756 2177 3896 2224 cum

2346 2264 2745 2329 obstaculum
2758 2314 2776 2346 ,
2823 2284 2953 2349 quo
3006 2266 3463 2350 prohibebatur
3511 2284 3739 2348 genus
3780 2268 3895 2331 hu-

2346 2390 2614 2437 manum
2641 2373 2880 2437 intrare
2900 2362 3166 2453 coeIum,
3196 2373 3470 2438 removit
3496 2373 3595 2455 (l).
3644 2376 3706 2439 A
3737 2375 3900 2455 facie

2346 2488 2485 2561 tua,
2518 2480 2755 2546 coelesti
2782 2482 3164 2565 proprietate
3196 2482 3398 2547 divini
3422 2480 3711 2564 fulgoris
3742 2483 3893 2547 insi-

2345 2589 2547 2671 gnita,
2592 2594 2852 2668 monta,
2893 2588 2961 2654 id
3000 2595 3118 2669 est,
3162 2589 3422 2674 superbi
3466 2589 3790 2672 defluent,
3836 2591 3897 2655 id

2345 2702 2461 2775 est,
2510 2696 2799 2761 deserent
2850 2696 3165 2779 superbiae
3207 2695 3632 2777 altitudinem,
3678 2704 3753 2763 et
3798 2717 3894 2763 se-

2344 2810 2623 2888 quentur
2641 2803 3057 2868 humanitatis
3070 2809 3414 2886 assumptae
3428 2804 3519 2869 hu
3526 2804 3892 2871 militatem.

2346 2912 2525 2978 Unde
2569 2910 3002 2995 Hieronymus
3052 2912 3125 2977 in
3178 2913 3457 2996 quadam
3508 2913 3785 2995 epistola
3811 2916 3833 2950 ⁸
3874 2938 3889 2980 :

2352 3044 2384 3082 α
2410 3019 2543 3085 Nisi
2571 3018 2857 3084 Christus
2883 3019 3376 3086 demonstrasset
3402 3020 3471 3085 in
3498 3020 3690 3086 vultu
3738 3040 3891 3087 ocu-

2340 3126 2545 3211 lisque
2592 3126 2851 3211 aliquod
2892 3126 3186 3192 divinum
3202 3175 3224 3207 ‚
3271 3144 3611 3211 nunquam
3673 3130 3893 3199 statim

2341 3237 2541 3302 secuti
2589 3255 2743 3303 eum
2790 3236 3084 3319 discipuli
3127 3235 3423 3316 fuissent,
3483 3254 3604 3301 nec
3654 3238 3773 3320 qui
3814 3238 3892 3302 ad

2341 3343 3006 3428 comprehendendum
3051 3363 3203 3409 eum
3247 3349 3559 3409 venerant
3602 3344 3704 3427 (m)
3748 3364 3889 3411 eor-

2340 3452 2636 3517 ruissent.
2686 3473 2717 3511 n
2774 3451 2861 3516 De
2899 3451 3021 3517 hoc
3061 3450 3351 3515 similiter
3392 3455 3599 3534 potest
3646 3455 3889 3536 exponi

2340 3557 2498 3623 illud
2524 3565 2548 3601 ·
2580 3580 2648 3624 :c
2676 3558 2875 3623 Totus
2902 3576 3088 3640 mons
3125 3556 3303 3622 Sinai
3328 3557 3614 3622 fumabat
3650 3560 3779 3641 (n),
3811 3577 3888 3624 eo
3996 3616 4009 3629 .

2340 3666 2511 3749 quod
2567 3665 2889 3731 descendit
2961 3663 3269 3730 Dominus
3331 3683 3527 3748 super
3592 3684 3753 3730 eum
3822 3666 3889 3730 in

2339 3774 2496 3856 igne
2537 3775 2637 3856 (o).
2692 3795 2723 3834 n
2764 3772 2945 3838 Mons
2988 3772 3165 3855 Syna
3213 3776 3310 3837 est
3351 3771 3621 3855 quilibet
3674 3774 3888 3838 bonus

2338 3899 2564 3947 servus
2585 3880 2840 3957 Christi,
2870 3880 2982 3964 qui
3005 3879 3193 3945 debet
3207 3882 3378 3944 totus
3400 3881 3653 3960 fumare
3680 3880 3769 3963 (p)
3792 3882 3887 3945 in-

2338 3988 2538 4051 terius
2558 4004 2672 4070 per
2688 3985 3046 4052 dolorosam
3068 3986 3277 4052 cordis
3295 3988 3881 4069 compunctionem,

2337 4100 2401 4159 et
2427 4082 2708 4159 exterius
2743 4111 2856 4177 per
2902 4094 3326 4177 lacrymosam
3368 4094 3498 4158 oris
3538 4094 3880 4159 confessio—

2337 4220 2510 4280 nem,
2543 4201 2769 4266 merito
2796 4219 3063 4266 suorum
3100 4206 3525 4284 peccatorum,
3557 4218 3710 4267 cum
3736 4200 3881 4268 des·

2336 4308 2552 4376 cendit
2579 4310 2895 4376 Dominus
2935 4324 3124 4392 super
3172 4325 3314 4375 etam
3354 4315 3666 4391 tanquam
3704 4310 3884 4392 ionis

2336 4413 2417 4478 ad
2461 4411 2958 4478 illuminandum
3007 4430 3123 4495 per
3182 4411 3584 4495 splendorem
3645 4413 3883 4477 verita-

2336 4520 2439 4599 tis,
2469 4524 2533 4586 et
2559 4520 2639 4585 ad
2670 4519 3203 4584 inflammandum
3242 4536 3357 4601 per
3392 4517 3689 4583 ardorem
3727 4518 3875 4584 cha-

2336 4627 2566 4693 ritatis.

2417 4733 2629 4800 Tertio
2652 4733 2975 4800 descendit
2996 4730 3302 4798 Dominus
3328 4733 3408 4797 ad
3428 4732 3776 4815 judicium,
3803 4739 3876 4798 ut

2336 4843 2510 4909 salus
2549 4841 3032 4908 affluentissima
3083 4840 3164 4904 ad
3225 4839 3742 4922 glorificandum.
3789 4840 3875 4906 De

2336 5057 2505 5107 peres.
2523 5068 2586 5080 —
2613 5041 2681 5105 (f)
2707 5042 2831 5091 Item
2859 5038 3277 5089 defluxerunt.-
3302 5038 3369 5103 (9)
3393 5040 3515 5088 Item
3538 5038 3666 5090 dicit
3688 5040 3871 5092 psalm.

2335 5140 2397 5152 —
2433 5114 2499 5178 (Ιι)
2542 5114 2665 5163 Item
2701 5109 2968 5174 disrumpi.
2997 5134 3059 5148 —
3100 5112 3162 5174 (i)
3194 5110 3320 5160 Item
3359 5109 3529 5160 deflui.
3565 5136 3629 5148 —
3659 5111 3732 5176 (j)
3760 5112 3873 5176 leq.

2336 5186 2560 5237 divinam
2616 5182 2972 5235 substantiam.
3005 5207 3060 5217 —
3101 5179 3172 5245 (k)
3218 5181 3341 5233 Goet.
3379 5181 3503 5230 edit.
3552 5181 3785 5247 disrupit.
3812 5209 3875 5222 —

2336 5259 2393 5323 (l)
2406 5261 2529 5310 Item
2539 5257 2886 5309 renovavit.—
2903 5254 2989 5319 (m)
3000 5254 3125 5304 Item
3139 5251 3872 5317 necadcomprehendendum.

2335 5357 2398 5369 -
2426 5330 2495 5395 (n)
2524 5330 2647 5381 Goet.
2674 5328 2798 5380 edit.
2823 5325 3119 5391 fumigabat.
3141 5351 3203 5362 —
3222 5324 3290 5390 (ο)
3313 5325 3439 5375 Item
3457 5326 3702 5393 tanquam
3722 5326 3869 5393 ignis.

2336 5428 2393 5442 -—
2445 5402 2516 5467 (ρ)
2558 5404 2685 5453 item
2711 5401 2984 5466 stamiqare.
