4059 6317
848 447 1237 517 DOMINICA
1278 446 1469 515 XXIII
1514 448 1714 516 POST
1756 448 2340 523 PENTECOSTEN.
2388 457 2652 527 SERMO
2694 460 2774 527 11.

209 583 588 667 intentione,
630 590 853 653 contra
892 584 1051 653 illud
1096 582 1332 649 Psalmi
1360 584 1380 620 ¹
1425 603 1444 648 ε
1483 606 1515 647 α
1541 586 1640 651 Ad
1678 589 1750 653 te

208 691 418 758 levavi
444 694 664 760 oculos
700 713 899 761 meos·
926 716 958 753 υ
993 693 1017 729 ¹
1049 715 1079 751 α
1114 690 1431 776 Sapientis
1471 695 1642 759 oculi
1679 695 1750 760 in

207 802 407 884 capite
439 805 603 885 ejuS,
633 827 663 863 n
700 803 765 868 id
790 806 907 882 est,
935 802 1203 868 ChriSto.

286 908 374 972 De
402 909 591 974 tertio
615 910 638 947 ⁸
672 930 688 970 :
727 934 760 971 a
797 909 1004 977 Oblati
1047 912 1199 973 sunt
1243 908 1303 973 ei
1348 911 1627 991 parvuli,
1675 913 1750 975 ut

206 1034 441 1081 manus
476 1017 569 1082 eis
607 1019 981 1102 imponeret,
1025 1020 1089 1081 et
1126 1021 1358 1081 oraret.
1407 1040 1439 1077 ι)
1497 1015 1748 1081 Interli-

205 1124 452 1189 neatis:
481 1148 511 1185 ι
540 1123 622 1189 Ut
647 1125 739 1189 eis
763 1143 962 1189 manu
988 1128 1053 1188 et
1078 1142 1234 1188 voce
1257 1124 1679 1189 benediceret.
1705 1143 1737 1182 n

204 1229 362 1295 Ecce
406 1230 639 1314 quibus
688 1230 1041 1296 benedictio
1093 1230 1321 1312 gratiae
1378 1230 1704 1296 confertur
1725 1278 1745 1310 ,

206 1337 358 1420 quia
386 1337 668 1420 parvulis
699 1341 763 1402 et
788 1337 1163 1402 humilibus.
1194 1335 1356 1401 Nota
1382 1354 1542 1419 ergo
1572 1338 1747 1419 quod

204 1444 559 1510 humilibus
610 1444 799 1511 datur
850 1444 1103 1509 licentia
1157 1444 1511 1509 accedendi.
1568 1442 1746 1510 Unde

204 1554 291 1619 ait
333 1554 357 1589 ⁴
405 1576 422 1619 ε
467 1579 499 1616 α
539 1554 739 1619 Sinite
782 1553 1084 1638 parvulos
1119 1553 1339 1619 venire
1386 1552 1465 1617 ad
1526 1571 1651 1617 me.
1705 1574 1737 1611 ι»

207 1665 229 1701 ⁸
263 1684 295 1723 α
321 1660 524 1737 Sinite
561 1660 773 1740 illam,
822 1683 854 1720 s
888 1663 1008 1724 etc.
1053 1658 1271 1725 Glossa
1295 1659 1318 1695 ⁸
1350 1677 1368 1723 ε
1408 1682 1439 1721 σι
1471 1657 1748 1742 Imponit

204 1769 491 1853 parvulis
515 1787 774 1847 manus,
799 1767 1055 1851 quando
1080 1765 1439 1831 humilibus
1464 1766 1573 1830 dat
1608 1784 1749 1848 gra·

205 1877 382 1943 tiam.
416 1876 623 1943 »Item
648 1876 880 1942 fiducia
903 1875 1351 1959 pervenIendi;
1380 1873 1550 1940 unde
1571 1873 1664 1937 ait
1681 1879 1703 1913 ⁷
1723 1894 1739 1938 ε

212 2010 244 2047 α
270 1984 522 2051 Talium
550 1989 646 2049 est
668 2002 948 2066 regnum
977 1982 1310 2049 coelorum.
1341 2003 1373 2041 n
1407 1980 1566 2045 ltem
1593 1998 1741 2063 gra-

204 2095 291 2159 tia
316 2093 682 2177 perficiendi
697 2116 713 2171 ;
749 2092 920 2158 unde
938 2093 1033 2156 ait
1055 2097 1079 2133 ⁸
1111 2113 1127 2155 :
1164 2113 1196 2152 α
1221 2089 1381 2154 Cum
1406 2087 1742 2172 imposuis-

202 2204 294 2265 set
319 2201 413 2266 eis
441 2219 692 2279 manuS,
721 2222 752 2260 υ
772 2204 889 2264 etc.
922 2200 946 2234 ⁹
969 2197 1148 2263 «Nisi
1163 2196 1452 2262 conversi
1471 2194 1740 2274 fueritis,

202 2313 262 2372 et
289 2307 656 2373 efficiamini
684 2307 846 2371 sicut
872 2305 1150 2390 parvuli,
1179 2321 1310 2368 non
1338 2302 1652 2366 intrabitis
1677 2301 1745 2365 in

201 2434 484 2498 regnum
537 2415 869 2481 coelorum.
924 2434 956 2473 n
1015 2411 1346 2490 Quomodo
1405 2410 1578 2474 enim
1634 2426 1749 2492 per

203 2541 481 2608 parvum
499 2521 736 2589 ostium
767 2521 1004 2585 intrare
1033 2535 1390 2602 possumuS,
1425 2516 1545 2580 nisi
1566 2518 1749 2598 parvi

201 2630 559 2697 fuerimus?
599 2627 847 2694 Ostium
886 2626 1028 2691 coeli
1069 2641 1344 2707 parvum
1387 2621 1749 2689 humilitate

204 2742 297 2802 est
324 2760 344 2817 ;
373 2737 426 2802 si
459 2754 614 2801 sano
639 2734 844 2817 capite
883 2732 1286 2798 voluerimus
1329 2728 1592 2808 intrare,
1631 2728 1746 2795 de·

205 2845 432 2911 bemus
457 2847 647 2926 caput
670 2841 1007 2908 dimittere.

281 2953 368 3018 De
392 2952 723 3037 quartum:
757 2947 1044 3013 «Iterum
1067 2945 1372 3030 imposuit
1402 2960 1632 3009 manus
1647 2962 1748 3008 su-

204 3079 317 3144 per
342 3059 563 3126 oculos
589 3059 645 3141 ej
655 3076 756 3137 us,
796 3060 860 3123 et
885 3055 1075 3138 coepit
1101 3053 1339 3132 videre,
1383 3056 1449 3116 et
1488 3051 1749 3117 restitu-

205 3174 307 3233 tus
341 3174 462 3248 est,
491 3168 580 3232 ita
605 3170 678 3231 ut
701 3165 868 3229 clare
896 3162 1138 3227 videret
1164 3161 1407 3224 omnia.
1440 3183 1470 3220 n
1508 3157 1613 3223 Bis
1638 3157 1746 3220 isti

205 3294 370 3341 caeco
411 3275 702 3340 Christus
745 3269 1049 3355 imposuit
1089 3285 1365 3332 manus:
1410 3267 1642 3350 primo,
1685 3266 1749 3329 et

203 3384 363 3449 vidit
403 3383 707 3461 obscure;
744 3378 1044 3457 secunde,
1089 3382 1154 3441 et
1198 3376 1414 3440 omnia
1441 3374 1631 3440 clare.
1676 3371 1748 3436 In

202 3509 329 3574 quo
349 3491 595 3573 duplex
617 3486 999 3553 illuminatio
1025 3483 1432 3566 sIgnificatur
1462 3504 1476 3543 τ
1511 3481 1742 3565 prima,

201 3616 314 3681 per
349 3599 550 3664 fldem
569 3619 588 3676 ;
637 3594 936 3669 secunda,
983 3610 1098 3676 per
1144 3608 1324 3674 spem
1355 3612 1369 3653 :
1404 3589 1614 3673 prima
1653 3591 1749 3652 est

204 3706 466 3787 gratiae3
498 3702 797 3779 secunda,
829 3700 1080 3782 gloriae,
1110 3697 1182 3761 in
1212 3715 1344 3781 qua
1368 3695 1583 3760 anima
1604 3712 1742 3759 om-

200 3813 306 3876 nia
333 3813 501 3878 clare
530 3811 721 3877 videt.
754 3809 961 3891 Igitur
998 3806 1115 3890 qui
1144 3804 1456 3871 Creatoris
1483 3802 1586 3868 sui
1615 3802 1743 3867 cla-

199 3921 450 3987 ritatem
497 3921 754 3997 vident,
798 3916 967 3982 nihil
1020 3920 1089 3979 in
1138 3917 1432 3979 creatura
1491 3909 1710 3992 agitur
1720 3957 1743 3989 ,

201 4031 371 4113 quod
387 4032 608 4097 videre
627 4047 755 4093 non
776 4027 1036 4112 possint.
1057 4024 1183 4090 Sed
1200 4028 1352 4090 nota
1374 4020 1546 4106 quod
1574 4020 1749 4084 hunc

200 4155 443 4203 caecum
483 4138 797 4204 Dominus
834 4138 1019 4200 extra
1059 4132 1277 4197 vicum
1319 4130 1525 4209 duxit,
1573 4133 1637 4193 et
1679 4128 1745 4192 in

199 4245 418 4311 oculos
444 4249 586 4331 ejus
624 4244 870 4328 expuit,
921 4247 987 4309 et
1024 4260 1255 4309 manus
1301 4240 1361 4306 ei
1390 4239 1695 4322 imposuit
1724 4261 1740 4300 z

201 4353 267 4417 in
293 4374 427 4439 quo
456 4355 860 4437 significatur
903 4352 1076 4435 quod
1103 4352 1182 4432 is,
1226 4366 1421 4434 quem
1463 4345 1747 4412 Christus

200 4468 386 4526 extra
432 4462 827 4528 mundanam
875 4459 1237 4524 societatem
1288 4460 1351 4521 et
1396 4454 1746 4519 vanitatem

199 4567 515 4649 eduxerit,
545 4573 735 4651 sputo
763 4566 1065 4632 doctrinae
1095 4568 1158 4639 et
1189 4562 1515 4647 sapientiae
1553 4559 1746 4624 linie-

198 4679 307 4739 tur
332 4695 349 4739 t
377 4676 482 4739 cui
502 4693 738 4739 manus
763 4674 1017 4739 virtutis
1042 4674 1108 4737 et
1119 4672 1345 4753 gratiae
1365 4667 1741 4751 imponitur,

200 4781 306 4847 ille
330 4787 433 4848 ad
482 4782 1012 4849 illuminationem
1057 4784 1362 4845 aeternam
1407 4774 1745 4860 pervenire

201 4892 452 4973 poterit.

262 5089 280 5125 ¹
313 5089 451 5141 Psal.
491 5100 673 5150 cxxn,
710 5091 753 5140 l.
789 5113 850 5127 —
886 5089 911 5123 ¹
947 5084 1132 5148 Eccle„
1168 5095 1236 5145 11,
1277 5084 1353 5134 ιι.
1381 5107 1445 5120 -
1479 5079 1503 5115 ⁸
1535 5078 1741 5140 Manli„

199 5170 310 5225 xix,
338 5166 419 5212 13.
452 5186 518 5200 -
556 5162 580 5198 ⁸
605 5160 755 5223 thid„
783 5162 860 5211 ιι.
887 5185 952 5198 -
975 5159 995 5190 ⁸
1018 5159 1183 5217 Joan„
1215 5167 1323 5217 ιιι,
1351 5155 1404 5205 7.
1435 5180 1499 5193 -
1525 5153 1546 5183 ⁸
1573 5151 1739 5202 Gloss.

201 5244 267 5283 ex
313 5232 461 5296 Bed„
508 5233 565 5282 in
611 5231 815 5295 matth„
849 5241 959 5282 xxx.
993 5254 1056 5267 —
1094 5229 1113 5261 2
1150 5225 1354 5292 nauh„
1399 5235 1520 5288 xlx,
1571 5225 1648 5273 ιι.
1684 5248 1739 5258 -

202 5304 222 5334 ⁸
251 5304 397 5365 lbid.,
439 5308 516 5355 15.
548 5330 607 5342 -—-
636 5305 658 5340 ⁹
687 5302 835 5361 ibid..
866 5312 1021 5359 xviii,
1052 5302 1099 5350 3.
1129 5326 1192 5338 --
1225 5299 1264 5333 ¹⁰
1296 5298 1474 5353 Marc„
1505 5305 1631 5359 vm,
1659 5295 1740 5345 25.

200 5399 262 5411 —
280 5375 324 5411 ¹⁸
353 5376 504 5427 Hunc
535 5374 693 5426 habet
717 5373 883 5425 codex
912 5371 1067 5424 Assis-
1092 5383 1211 5422 πο.
1239 5379 1354 5419 xm.
1383 5393 1438 5404 --
1467 5368 1514 5402 ¹²
1536 5365 1742 5426 Heme„

206 5456 333 5513 vm,
365 5450 426 5498 25
476 5474 539 5486 -
567 5447 610 5484 ¹⁸
635 5448 750 5510 Luc,
780 5457 900 5507 vm,
931 5447 1011 5496 54.
1044 5469 1099 5481 -
1127 5443 1167 5479 ¹⁴
1192 5439 1380 5494 Evod..
1411 5449 1576 5502 xxm,
1604 5439 1652 5489 2.
1683 5463 1739 5475 -

3291 468 3411 533 479

2389 665 2677 738 SERMO
2722 670 2784 738 Π
2811 679 2882 740 ¹¹.

1947 801 2104 870 Cum
2130 805 2325 889 ejecta
2361 818 2522 880 esset
2563 813 2775 891 turba,
2806 815 3088 883 intravit
3112 815 3318 897 Ιεσιιε,
3348 825 3411 885 et

1861 913 2072 980 tenuit
2102 932 2364 984 manum
2389 920 2526 1003 eius
2555 921 2629 1000 ¹¹,
2656 927 2717 988 et
2744 922 2911 990 dicit
2936 945 2963 1017 ‚j
2992 923 3231 1000 Puella,
3260 941 3405 991 sur-

1860 1030 1937 1096 qe
1963 1015 2028 1079 ¹⁸.
2057 1015 2124 1080 ln
2147 1018 2250 1083 his
2277 1024 2490 1088 verbis
2514 1030 2798 1107 quatuor
2821 1026 3278 1091 consideranda
3302 1045 3407 1092 oc-

1859 1129 2132 1188 currunt
2179 1148 2194 1191 :
2241 1129 2429 1193 turba
2469 1132 2741 1213 ejicitur,
2790 1131 2971 1197 lesus
3020 1133 3405 1215 ingreditur,

1858 1246 2090 1295 manus
2127 1235 2357 1316 puellae
2385 1241 2661 1318 tenetur,
2695 1257 2967 1321 surgere
2988 1241 3281 1322 Jubetur.
3315 1241 3409 1308 Si-

1857 1337 2247 1416 gnificantur
2275 1343 2342 1405 in
2375 1343 2480 1406 his
2508 1349 2784 1426 quatuor
2814 1348 3170 1411 necessaria
3197 1348 3276 1413 ad
3304 1367 3406 1413 sa-

1856 1441 2082 1526 lutem,
2110 1447 2345 1513 scilicet
2373 1456 2447 1515 ut
2469 1452 3002 1535 impedimentum
3027 1453 3250 1519 salutis
3278 1455 3408 1519 evi·

1857 1554 2051 1632 tetur,
2079 1559 2153 1618 ut
2190 1557 2529 1623 efficaciter
2574 1561 2654 1625 de
2698 1560 2906 1627 salute
2951 1562 3292 1643 cogitetur,
3336 1570 3411 1628 ut

1857 1658 2157 1747 yoluntas
2204 1680 2318 1745 per
2361 1666 2642 1747 gratiam
2702 1668 2781 1735 ad
2823 1667 3096 1734 salutem
3139 1669 3405 1752 adjuve-

1856 1768 1989 1846 tur,
2020 1772 2159 1833 uta
2197 1776 2450 1852 peccato
2485 1774 2704 1838 anima
2742 1775 2810 1838 in
2855 1775 3124 1842 salutem
3159 1778 3407 1859 ,iustifi-

1859 1877 2063 1939 cetur.

1941 1979 2233 2048 Primum
2262 1986 2666 2069 significatur
2685 1990 2811 2055 ibi:
2840 1991 2995 2057 Cum
3019 1991 3219 2073 eiecta
3246 2002 3408 2063 esset

1859 2089 2050 2155 turba
2078 2109 2100 2152 .·
2130 2094 2322 2157 turba
2347 2095 2539 2160 malae
2568 2096 2907 2179 societatis,
2940 2117 3088 2183 quae
3113 2119 3284 2185 saepe
3309 2120 3408 2167 sa-

1857 2196 2059 2261 lutem
2084 2198 2352 2281 impedit
2374 2202 2419 2239 ¹⁴
2449 2224 2465 2264 :
2507 2227 2539 2263 α
2565 2202 2704 2269 Non
2730 2208 3016 2290 sequeris
3043 2209 3298 2274 turbam
3328 2210 3410 2275 ad

1857 2301 2220 2369 faciendum
2261 2307 2529 2374 malum.
2557 2332 2589 2369 »
2628 2309 2786 2375 Item
2820 2313 3172 2403 nota—quod
3210 2316 3407 2380 relin-

1857 2428 2057 2493 quere
2103 2412 2271 2477 hanc
2318 2417 2574 2482 turbam
2623 2418 2794 2483 valet
2838 2420 2919 2484 ad
2966 2421 3407 2488 remissionem

1859 2524 2288 2600 peccatorum.
2324 2522 2503 2589 Unde
2529 2524 2654 2605 hic,
2690 2528 2891 2610 ejecta
2917 2530 3129 2610 turba,
3158 2530 3405 2614 puella,

1856 2624 1923 2689 id
1950 2630 2068 2706 est,
2098 2628 2314 2693 anima
2349 2631 2718 2697 suscitatur.
2762 2633 2922 2699 Item
2954 2635 3037 2701 ad
3063 2637 3406 2705 immissio-

1857 2749 2006 2796 nem
2036 2732 2354 2801 donorum
2391 2738 2436 2774 ¹⁸
2480 2760 2497 2802 ι
2542 2763 2573 2802 e
2599 2739 3100 2825 Apprehendens
3139 2762 3290 2810 eum
3331 2746 3410 2811 de

1856 2840 2049 2904 turba
2074 2860 2389 2924 seorsum,
2422 2846 2595 2912 misit
2620 2846 2878 2931 digitos,
2908 2871 2939 2909 ι)
2974 2850 3040 2915 id
3063 2854 3199 2932 est,
3242 2853 3409 2919 dona

1857 2945 2132 3029 Spiritus
2170 2952 2392 3035 sancti,
2432 2977 2463 3014 α
2511 2953 2581 3017 in
2610 2955 2930 3021 auriculas
2965 2960 3128 3043 ejus.
3177 2981 3210 3019 n
3248 2959 3406 3026 Item

1859 3054 1941 3119 ad
1981 3060 2580 3141 contemplationem
2618 3063 3025 3146 divinorum3
3072 3068 3243 3132 unde
3290 3068 3407 3134 Za·-

1859 3163 2103 3245 chaeus,
2138 3166 2292 3249 quia
2326 3168 2371 3202 ¹⁶
2408 3191 2439 3228 a
2462 3187 2591 3235 non
2637 3174 2885 3254 poterat
2924 3172 3144 3239 Jesum
3190 3176 3408 3243 videre

1855 3287 1992 3352 prae
2038 3273 2249 3355 turba,
2299 3296 2331 3334 ι)
2367 3276 2483 3341 etc.
2534 3276 2713 3343 Certe
2755 3278 2808 3341 si
2859 3297 2989 3344 non
3042 3282 3221 3365 ejicis
3260 3303 3301 3349 a
3343 3290 3406 3349 te

1854 3378 2114 3443 turbam
2143 3379 2461 3447 malorum
2496 3384 2562 3447 in
2590 3386 2865 3466 munde,
2895 3406 3028 3452 non
3072 3393 3405 3473 pervenies

1855 3484 1937 3548 ad
1965 3487 2224 3551 turbam
2263 3488 2599 3555 beatorum
2640 3491 2709 3556 in
2757 3492 2941 3574 coe10,
2979 3495 3059 3560 de
3097 3515 3226 3579 qna
3263 3502 3402 3564 tur-

1855 3590 1940 3655 ba
1966 3592 2010 3627 ¹⁷
2046 3615 2061 3657 ε
2097 3615 2130 3653 α
2154 3592 2295 3659 Vidi
2323 3598 2578 3662 turbam
2611 3617 2937 3682 magnam,
2968 3623 3001 3661 ι»
3047 3609 3167 3667 etc.
3188 3603 3403 3672 Isido-

1855 3717 1969 3763 rus
1995 3698 2041 3735 ¹⁸
2072 3716 2090 3763 z
2128 3723 2160 3762 α
2187 3700 2308 3777 Qui
2344 3721 2691 3786 supernam
2713 3708 2983 3789 patriam
3009 3708 3402 3794 desiderant,

1853 3824 1986 3871 non
2016 3807 2226 3873 solum
2258 3809 2575 3875 malorum
2617 3830 2848 3894 mores,
2896 3815 3007 3881 sed
3045 3822 3109 3881 et
3143 3835 3403 3885 consor-

1853 3913 1945 3976 tia
1964 3913 2245 3996 fugiant.
2274 3937 2305 3976 ι»

1936 4018 2298 4087 Secundum
2328 4024 2751 4108 significatur,
2789 4048 2937 4094 cum
2974 4031 3208 4097 dicitur
3235 4056 3251 4100 :
3283 4037 3401 4103 ln-

1854 4130 2080 4195 travit.
2138 4128 2299 4195 Cum
2357 4132 2527 4195 enim
2589 4134 2785 4199 homo
2806 4184 2832 4216 ,
2887 4138 3402 4220 magnitudinem

1852 4235 2315 4318 suppliciorum
2382 4242 2445 4301 et
2514 4241 2931 4321 praemiorum
3006 4251 3398 4316 aeternorum

1850 4343 2198 4425 pensando,
2238 4343 2319 4408 de
2359 4343 2563 4410 salute
2609 4347 2845 4414 animae
2885 4369 3022 4417 suae
3062 4354 3404 4425 efficaciter

1852 4452 2110 4531 cogitat,
2140 4455 2297 4516 tunc
2322 4451 2530 4533 Iesus,
2560 4456 2673 4538 qui
2711 4457 3171 4542 interpretatur
3195 4467 3400 4545 sabas,

1851 4556 2115 4621 domum
2146 4561 2377 4623 mentis
2417 4579 2530 4643 per
2577 4565 2856 4644 gratiam
2899 4572 3399 4650 praevenientem

1849 4661 2065 4727 intrat.
2106 4663 2306 4730 Intrat
2336 4673 2553 4732 autem
2581 4670 2661 4734 ad
2696 4673 3160 4758 suscitandum,
3191 4679 3272 4744 ad
3297 4681 3403 4744 de·

1849 4770 2254 4850 fensandum,
2289 4776 2369 4839 ad
2398 4777 2899 4844 convivandum.
2934 4779 3133 4849 Intrat
3155 4786 3237 4850 ad
3255 4805 3400 4853 sus-

1850 4879 2179 4947 citandum
2204 4883 2275 4948 in
2297 4886 2780 4967 Justiflcatione,
2812 4890 2981 4955 sicut
3004 4891 3111 4957 hic
3137 4894 3398 4976 signifi-

1849 4992 2053 5054 catur.
2116 4991 2417 5058 Libenter
2482 4993 2668 5059 Iesus
2734 4995 2931 5061 intrat
3001 4998 3071 5063 in
3135 5001 3403 5071 domum

1850 5102 2106 5181 mentis,
2138 5102 2206 5165 in
2247 5120 2376 5185 qua
2413 5107 2711 5169 mortuus
2751 5102 3106 5187 plangitur.
3153 5107 3401 5194 Plange

1851 5272 1900 5394 ζ
1919 5274 2234 5394 ἕωὲξηηῗέι,
2262 5274 2342 5326 33.
2375 5299 2439 5311 -
2465 5275 2521 5338 ‚¹⁸
2544 5276 2682 5339 Luc„
2710 5286 2834 5342 111,
2861 5278 2909 5328 3.
2938 5303 3001 5316 -
3042 5277 3080 5313 ¹¹¹
3106 5280 3276 5346 apoc..
3305 5294 3400 5352 vu,

1915 5433 1988 5500 (a)
2020 5434 2142 5486 Goet.
2170 5432 2298 5484 edit.
2331 5434 2506 5485 manui
2533 5438 2587 5485 et
2610 5434 2746 5488 voci.
