4059 6317
1423 438 1526 509 nr:
1566 437 1633 542 s.
1672 437 2061 509 MARTlNo.

140 580 264 641 cari
301 579 456 643 solet
493 597 510 641 z
553 578 621 639 ut
666 576 838 653 Regis
887 591 997 657 per
1037 573 1435 641 innocentiam
1487 577 1687 650 posset

142 673 518 749 complacere
574 670 940 746 conspectui,
1008 670 1174 742 cujus
1230 668 1685 728 contubernium

138 766 447 840 diligebat.
484 764 727 825 Ratione
760 765 929 837 cujus
952 762 1147 823 dicere
1175 766 1406 838 poterat
1432 762 1582 823 illud
1613 762 1632 796 ¹
1664 781 1679 820 :

145 878 174 911 α
199 863 265 919 ln
293 860 671 918 multitudine
710 858 963 917 videbor
1001 857 1198 917 bonus
1227 877 1243 916 ε
1280 878 1310 913 n
1344 856 1561 916 scilicet
1588 871 1685 915 su-

136 954 430 1012 blimitate
457 952 640 1012 animi
671 951 1040 1023 continentie,
1057 951 1121 1009 in
1146 951 1309 1011 bello
1336 950 1523 1022 fortiS,
1544 949 1681 1008 diu-

136 1049 416 1106 turnitate
462 1045 656 1105 meriti
701 1045 1095 1120 praevalentis.
1158 1047 1288 1105 Baec
1340 1043 1500 1103 enim
1559 1043 1682 1101 duo

137 1140 368 1199 suntin
396 1140 669 1216 quolibet
694 1139 1059 1211 continente,
1098 1138 1315 1197 scilicet
1352 1137 1683 1196 sublimitas

137 1234 328 1293 animi
352 1234 417 1292 in
445 1233 857 1309 aspernatione
874 1231 1152 1291 desiderii
1179 1231 1456 1303 lascivias,
1475 1234 1533 1288 et
1554 1230 1685 1288 diu-

139 1328 387 1387 turnitas
420 1327 614 1386 meriti
656 1328 723 1386 in
768 1324 1275 1386 consummatione
1314 1324 1502 1400 proelii
1545 1339 1687 1382 con-

139 1422 453 1495 surgentis.
482 1424 662 1494 Nam,
698 1425 763 1480 ut
801 1420 943 1479 dicit
979 1420 1330 1494 Augustinus
1351 1420 1407 1476 ²:
1455 1436 1483 1472 α
1534 1420 1685 1477 lnter

140 1520 351 1577 caetera
376 1515 835 1577 Christianorum
873 1514 1222 1586 certamina,
1264 1511 1508 1570 duriora
1551 1515 1686 1570 sunt

139 1609 351 1684 praelia
391 1609 701 1681 castitatiS,
745 1608 853 1668 ubi
907 1606 1254 1683 quotidiana
1290 1621 1529 1681 pugna,
1576 1604 1685 1662 sed

141 1719 280 1763 rara
324 1703 591 1763 victoria.
636 1724 666 1759 »
710 1701 855 1777 liuic¹
889 1700 1209 1777 opponitur
1251 1699 1483 1757 foeditas
1518 1701 1684 1773 petu-

141 1795 360 1869 lantiae,
374 1797 705 1873 q11aefoedat
719 1800 1014 1865 naturam,
1043 1792 1393 1852 exterminat
1409 1793 1680 1866 gratiam,

145 1890 435 1967 depravat
487 1896 544 1951 et
593 1891 909 1951 deordinat
943 1889 1364 1949 conscientiam
1375 1907 1395 1962 5
1445 1886 1520 1944 de
1564 1902 1686 1965 qua

141 1986 427 2045 Dominus
457 1985 604 2046 dixit
625 1988 649 2025 ⁸
681 2006 696 2045 ε
732 2004 762 2041 «
808 1984 992 2046 Malus
1025 1983 1211 2045 bomo
1257 1983 1333 2041 de
1375 1981 1537 2039 malo
1568 1981 1684 2039 the-

141 2097 322 2139 sauro
350 2080 548 2141 cordis
574 2081 667 2140 sui
704 2079 930 2156 profert
944 2079 1202 2138 malum.
1244 2095 1274 2132 n
1304 2080 1387 2135 Ex
1409 2078 1686 2149 corrupta

143 2174 504 2233 conscientia
519 2189 645 2235 non
669 2174 782 2232 nisi
801 2174 1078 2250 corrupta
1097 2186 1281 2245 opera
1307 2172 1681 2244 generantur.

141 2272 385 2344 Propter
409 2268 526 2328 boc
553 2267 782 2327 malum
807 2271 958 2326 Deus
983 2265 1278 2325 mundum
1320 2263 1548 2322 diluvio
1583 2280 1687 2341 pe-

139 2364 336 2435 remit,
369 2364 519 2421 sicut
543 2365 704 2438 patet
725 2362 749 2397 ⁸
778 2380 793 2419 ε
828 2380 858 2415 α
899 2360 1055 2419 Vidit
1087 2362 1238 2418 Deus
1273 2358 1438 2433 quod
1474 2362 1687 2416 cuncta

141 2456 422 2530 cogitatio
445 2457 643 2515 cordis
660 2455 908 2513 humani
935 2454 1157 2513 intenta
1175 2457 1325 2511 esset
1351 2452 1432 2511 ad
1457 2453 1686 2511 malum

141 2549 597 2625 omnitempore
629 2568 644 2609 z
672 2548 945 2624 poenituit
984 2564 1124 2607 eum
1149 2547 1457 2607 bominem
1484 2546 1685 2606 fecisse

143 2660 326 2720 super
351 2647 590 2715 terram,
619 2663 649 2700 n
682 2645 793 2701 etc.
1517 2629 1521 2632 ⁴

213 2739 455 2811 Quarto,
482 2739 547 2797 in
590 2738 908 2798 refectione
935 2736 1242 2806 sobrietaS,
1279 2734 1356 2793 de
1382 2750 1504 2810 qua
1541 2733 1687 2792 dici-

140 2839 235 2895 tur
262 2836 285 2869 ⁸
317 2853 334 2894 ε
370 2855 399 2891 α
424 2838 588 2895 Bona
613 2838 702 2918 est
734 2833 923 2893 oratio
964 2848 1100 2890 cum
1136 2830 1386 2906 Jejunio,
1431 2834 1491 2889 et
1536 2829 1684 2888 elee-

140 2945 427 3005 mosyna,
474 2929 666 3003 magis
717 2944 898 3003 quam
951 2926 1257 2985 thesauros
1306 2924 1436 2984 auri
1482 2939 1686 2982 recon-

143 3023 308 3095 dere,
330 3043 360 3079 »
393 3023 537 3099 quia
566 3037 676 3098 per
700 3022 1029 3079 orationem
1065 3018 1361 3077 reficimur
1399 3018 1684 3076 suavitate

143 3115 680 3191 contemplationis,
709 3119 767 3174 et
789 3130 897 3189 per
916 3112 1210 3188 jejunium
1246 3111 1538 3171 afficimur
1574 3129 1686 3186 pu·

140 3211 312 3269 ritate
337 3213 396 3269 et
421 3210 737 3269 alacritate.
765 3207 860 3266 Ad
883 3205 1214 3265 devotionis
1243 3206 1686 3280 eleemosynam

140 3301 480 3362 faciendam
522 3305 761 3363 notatur
799 3302 821 3337 ⁶
862 3301 1063 3360 votiva
1092 3300 1483 3375 promissione
1519 3299 1686 3358 retri-

143 3396 409 3457 butionis
433 3396 621 3456 oratio
652 3414 668 3454 z
707 3392 872 3454 unde
897 3394 1098 3453 media
1123 3394 1274 3453 inter
1322 3394 1460 3453 istas
1495 3393 1687 3453 socias

145 3492 462 3551 constituta
485 3489 650 3549 volat
684 3489 919 3548 duabus
955 3487 1065 3547 alis
1099 3487 1180 3546 ad
1207 3487 1442 3562 coelum,
1471 3491 1535 3547 ut
1562 3491 1687 3546 tan-

143 3589 273 3643 tum
326 3583 561 3645 noverit
613 3582 876 3642 carnalia
940 3580 1381 3653 blandimenta,
1448 3585 1687 3656 propter

145 3681 396 3737 aeternas
423 3677 687 3750 deliciaS,
712 3675 996 3735 fastidire.
1017 3678 1258 3750 Propter
1278 3674 1395 3735 hoc
1421 3673 1688 3747 Augusti-

143 3788 257 3830 nus
285 3773 348 3830 ”;
385 3790 418 3826 α
444 3771 625 3830 Pedes
653 3771 813 3829 enim
836 3771 1025 3829 nostri
1046 3769 1294 3845 quidam
1319 3768 1531 3829 animae
1555 3784 1690 3842 per-

144 3864 307 3926 nices
334 3869 493 3938 sunt,
531 3864 682 3924 fides
718 3867 894 3940 atque
916 3863 1230 3938 jejunium.
1263 3883 1292 3920 n
1329 3863 1438 3934 Qui
1465 3862 1580 3921 cito
1610 3862 1685 3921 de

142 3958 569 4019 humilioribus
592 3958 672 4019 ad
698 3958 908 4018 altiora
942 3956 1290 4029 ascendunt,
1316 3944 1431 4015 cito
1459 3956 1535 4015 de
1571 3959 1686 4015 ter-

142 4054 301 4112 renis
337 4052 420 4113 ad
467 4053 726 4113 coelestia
765 4052 1133 4128 gradiuntur.
1179 4055 1307 4110 Haec
1344 4050 1578 4109 bonitas
1623 4049 1688 4109 in

143 4147 394 4209 martino
418 4152 758 4221 praestanter
769 4145 1016 4218 refulsit,
1044 4144 1171 4221 qui,
1196 4148 1263 4203 ut
1289 4143 1522 4213 dicitur,
1551 4159 1686 4219 per·

142 4239 290 4314 vigil
309 4241 379 4300 in
403 4241 692 4311 oratione,
717 4239 1077 4300 fastidientes
1102 4242 1261 4297 artus
1298 4238 1527 4317 spiritui
1568 4254 1689 4297 ser-

143 4334 269 4393 vire
314 4336 610 4409 cogebat,
655 4333 1037 4393 considerans
1088 4331 1239 4391 illud
1291 4330 1556 4407 Apostoli
1594 4331 1617 4367 ⁸
1667 4351 1683 4391 ε

149 4430 425 4486 «Bonum
441 4431 527 4487 est
549 4427 779 4486 homini
792 4442 917 4485 non
943 4424 1254 4484 comedere
1273 4423 1349 4501 (a)
1374 4441 1601 4498 carncS,
1631 4429 1688 4483 et

142 4536 267 4580 non
291 4520 507 4583 bibere
545 4521 776 4592 vinum,
804 4539 834 4576 n
865 4520 929 4579 in
950 4535 1072 4594 quo
1107 4518 1285 4577 frater
1325 4522 1460 4577 tuus
1502 4517 1687 4578 offen-

144 4617 321 4681 datur
346 4616 559 4692 judicii
585 4615 930 4685 temeritate,
956 4618 1059 4672 aut
1083 4612 1412 4671 infirmetur
1439 4629 1548 4671 sua
1571 4613 1688 4676 ira-

143 4712 389 4787 gilitate.
420 4709 563 4769 Huic
589 4709 753 4770 bono
792 4709 988 4768 obstat
1017 4706 1308 4766 voracitas
1351 4706 1527 4781 gulae,
1555 4723 1688 4784 quas

142 4805 327 4866 hodie
354 4807 562 4879 regnat
585 4804 651 4862 in
674 4802 897 4875 multia,
926 4800 1030 4877 qui
1055 4800 1120 4858 in
1144 4799 1364 4859 ventris
1388 4802 1687 4863 saturitate

143 4917 316 4959 suam
333 4898 589 4974 gloriam
600 4899 945 4973 posueruut.
968 4898 1044 4953 De
1064 4909 1185 4968 qua
1210 4892 1422 4952 dicitur
1438 4896 1462 4931 ’
1483 4912 1498 4951 ε
1527 4916 1557 4950 α
1576 4900 1689 4956 Ma-

143 4992 274 5053 lum
298 4997 389 5052 est
416 4991 669 5064 homini,
699 4989 804 5065 qui
839 5003 948 5064 per
973 4986 1400 5047 offendiculum
1433 4988 1687 5049 mandu-

206 5167 227 5201 ¹
256 5167 400 5229 sap„
428 5174 552 5225 vni,
586 5166 666 5214 15.
694 5186 748 5197 —
773 5160 793 5191 ²
823 5162 975 5224 Aug„
1004 5173 1157 5212 serm.
1187 5158 1249 5208 de
1276 5157 1523 5223 Tempore,
1549 5171 1683 5212 cem.

148 5262 210 5275 —
231 5237 256 5273 ⁸
274 5234 481 5297 naeth..
506 5246 604 5297 ιιι,
628 5235 705 5283 35.
732 5258 789 5271 -
818 5230 837 5262 ⁴
866 5233 1010 5293 Gen..
1039 5244 1113 5297 vr,
1141 5233 1190 5283 6.
1213 5256 1277 5268 -
1303 5230 1327 5266 ⁸
1349 5228 1484 5295 Tob.,
1512 5242 1608 5295 ιιι,
1635 5234 1681 5283 8.

150 5335 212 5347 -
249 5309 272 5344 ⁸
303 5308 475 5359 Locus
507 5306 794 5368 corruptus.
824 5328 880 5339 -
918 5303 935 5327 ’
968 5304 1102 5368 Aug.
1129 5327 1191 5340 —
1222 5301 1246 5338 ⁸
1282 5302 1437 5364 Rom„
1469 5312 1576 5365 xiv,
1603 5305 1683 5354 st.

153 5407 207 5417 —
250 5382 270 5412 ⁹
307 5379 457 5443 ibid„
491 5380 571 5428 20.
605 5401 665 5412 —-
703 5376 738 5405 ¹⁰
764 5375 919 5436 Rom„
951 5385 1050 5438 111,
1077 5377 1157 5424 21.
1186 5397 1248 5412 —
1279 5374 1319 5408 ¹¹
1355 5374 1511 5439 Rom„
1543 5385 1604 5440 11,
1636 5379 1684 5427 Ἰ.

3210 466 3330 533 697

1792 579 1920 637 cat:
1950 597 1982 634 ι»
2011 579 2241 639 malum
2268 582 2538 658 quidem,
2579 587 2722 663 quia
2742 604 2868 651 non
2890 597 3140 666 possunt
3169 614 3333 663 men-

1795 669 1936 729 tales
1982 672 2224 732 delicias
2273 692 2411 735 cum
2467 681 2806 744 carnalibus
2852 687 3191 766 possidere3
3247 711 3336 753 se·

1793 764 2025 838 cundo,
2074 768 2214 842 quia
2269 770 2626 833 scandalizat
2681 778 3045 851 proximum.

1863 858 2099 932 Quinto,
2125 861 2186 920 in
2228 866 2611 940 responsione
2656 868 3072 946 longanimitas
3105 879 3335 954 patien-

1792 950 1913 1024 tiae,
1946 970 2078 1029 quaa
2114 959 2407 1034 praecipue
2448 961 2511 1020 in
2550 963 2999 1029 adversitatibus
3039 976 3097 1031 et
3130 979 3336 1037 contu-

1792 1045 1984 1105 meliis
2034 1052 2472 1125 comprobatur.
2516 1059 2596 1115 De
2637 1063 2856 1134 quam:
2896 1084 2921 1119 α
2945 1066 3074 1124 Noli
3103 1067 3259 1129 vinci
3298 1086 3336 1133 a

1793 1142 1973 1216 malo,
1994 1146 2102 1204 sed
2120 1146 2288 1207 vince
2307 1150 2370 1209 in
2391 1152 2556 1212 bono
2569 1155 2830 1233 malum3
2847 1179 2877 1215 »
2900 1161 3068 1235 quasi
3085 1162 3332 1225 diceret:

1792 1237 1950 1295 Tunc
1976 1239 2249 1315 vinceris,
2278 1260 2417 1304 cum
2455 1247 2766 1310 irascendo
2805 1255 3167 1330 recalcitras;
3198 1262 3337 1317 tunc

1792 1331 2106 1407 praevaleS,
2140 1351 2277 1394 cum
2322 1342 2708 1403 contumelias
2750 1345 3214 1410 obmutescendo
3247 1368 3340 1411 re-

1792 1422 1977 1485 laxas.
2000 1430 2065 1486 Et
2090 1429 2140 1487 si
2169 1430 2268 1490 ille
2295 1438 2460 1509 putet
2480 1452 2808 1514 superasse,
2837 1443 3101 1515 gaudeas
3126 1446 3192 1505 in
3216 1463 3340 1509 ma-

1791 1515 1864 1575 lis
1890 1520 2190 1581 silentium
2216 1527 2500 1601 posuisse,
2523 1532 2851 1593 secundum
2886 1536 3041 1595 illud
3066 1537 3107 1574 ¹¹
3140 1557 3156 1596 ε
3187 1558 3218 1595 α
3242 1540 3340 1601 His

1794 1612 2067 1687 quidem,
2110 1616 2214 1693 qui
2252 1634 2362 1692 per
2396 1621 2741 1696 patientiam
2775 1626 2926 1687 boni
2973 1631 3168 1707 operis
3211 1632 3341 1707 glo-

1790 1704 1964 1779 riam,
1993 1712 2050 1765 et
2076 1708 2389 1786 bonorem,
2422 1719 2479 1774 et
2501 1715 3011 1795 incorruptionem
3047 1732 3336 1802 quaerunt,

1792 1798 1975 1861 vitam
1997 1804 2277 1864 aeternam
2304 1807 2572 1884 (reddet).
2603 1833 2633 1867 ιι
2662 1815 2820 1873 Hanc
2840 1816 3170 1879 bonitatem
3194 1822 3340 1883 Mar·
3440 1880 3447 1889 .

1793 1892 1949 1952 tinus
1974 1897 2234 1956 exercuit
2251 1942 2271 1971 ,
2301 1900 2407 1974 qui
2437 1902 2583 1963 dure
2626 1905 2962 1986 increpatus
2987 1928 3025 1970 a
3050 1914 3337 1989 principe,

1792 1986 1961 2046 nulla
1998 1989 2215 2051 fractus
2242 1998 2345 2052 aut
2368 2000 2627 2057 mutatus
2651 2000 2889 2075 injuria,
2915 2005 3220 2067 moderate
3248 2023 3339 2067 re-

1793 2081 2096 2154 spondens
2112 2126 2133 2157 ,
2179 2087 2473 2160 patientiae
2523 2094 2802 2154 meritum
2864 2113 2990 2158 non
3040 2101 3338 2176 perdidit,

1792 2174 1899 2233 sed
1926 2181 2199 2241 servavit.
2222 2184 2289 2239 Et
2307 2182 2447 2241 ideo
2466 2184 2654 2245 iturus
2673 2188 2753 2246 ad
2771 2190 3085 2264 Christum,
3108 2199 3342 2270 poterat

1792 2268 2056 2341 proferre
2101 2288 2341 2333 securus
2376 2277 2528 2337 illud
2554 2282 2809 2341 Ezechioe
2836 2287 2879 2321 ¹¹
2911 2304 2925 2343 :
2962 2305 2990 2341 α
3018 2290 3338 2362 Memento,

1792 2377 2015 2438 quaeso,
2050 2368 2312 2440 Domine,
2345 2375 2403 2429 et
2428 2373 2703 2447 obsecr0,
2732 2380 3042 2452 quomodo
3070 2382 3342 2444 ambula-

1792 2457 1979 2515 verim
2007 2474 2211 2520 coram
2241 2467 2296 2521 te
2323 2463 2389 2525 in
2408 2467 2672 2540 veritate,
2697 2472 2832 2529 etin
2853 2473 3031 2532 corde
3057 2476 3340 2553 perfecto,

1794 2552 1852 2606 et
1877 2551 2046 2625 quod
2071 2554 2304 2615 bonum
2331 2558 2505 2617 estin
2532 2562 2720 2621 oculis
2745 2565 2862 2622 tuis
2887 2565 3146 2627 fecerim.
3166 2589 3196 2624 ι»
3228 2572 3344 2633 Sed

1789 2640 1931 2701 huic
1946 2645 2109 2704 bono
2124 2648 2318 2710 obstat
2334 2652 2674 2714 animositas
2691 2657 3030 2733 iracundiae,
3041 2661 3116 2720 de
3130 2679 3252 2738 qua
3264 2667 3337 2723 ²⁸:

1801 2755 1830 2790 α
1864 2738 2106 2813 Semper
2127 2742 2327 2816 jurgia
2352 2748 2564 2823 quaerit
2587 2750 2823 2827 malus3
2859 2754 3117 2829 Angelus
3142 2763 3343 2817 autem

1792 2831 2048 2890 crudelis
2099 2835 2357 2897 mittetur
2406 2846 2611 2900 contra
2666 2860 2828 2903 eum.
2875 2866 2904 2902 n
2952 2849 3227 2927 Sequitur
3252 2848 3293 2885 ¹⁸
3322 2870 3338 2911 :

1802 2943 1828 2977 α
1853 2924 1963 2995 Qui
1988 2927 2189 2987 reddit
2223 2931 2385 2991 mala
2429 2951 2540 3009 pro
2566 2936 2767 3012 bonis,
2811 2955 2936 2998 non
2962 2943 3197 3003 recedet
3220 2960 3345 3005 ma-

1793 3017 1923 3079 lum
1960 3021 2037 3080 de
2079 3024 2262 3084 domo
2310 3030 2456 3103 ejus.
2489 3051 2518 3087 n
2570 3033 2752 3106 Huius
2791 3034 2967 3112 culpa
3015 3040 3344 3100 ostenditur

1792 3116 2079 3191 maxima,
2143 3122 2433 3198 quoniam
2487 3141 2596 3200 per
2646 3127 2839 3203 ipsam
2901 3129 3216 3193 destruitur
3285 3138 3344 3194 et

1791 3207 2029 3271 vitiatur
2090 3211 2293 3289 imago
2353 3216 2571 3277 divina.
2634 3222 2799 3280 Unde
2860 3225 3172 3300 Gregorius
3221 3228 3267 3266 ¹⁸
3321 3247 3337 3288 :

1797 3320 1828 3357 α
1853 3303 2084 3373 Quanta
2121 3308 2196 3366 sit
2229 3308 2552 3371 iracundia
2593 3314 2800 3390 culpa,
2840 3332 3193 3394 pensemus,
3234 3337 3342 3396 per

1863 3587 2076 3660 Sexto,
2106 3589 2170 3647 in
2213 3590 2521 3653 affectione
2577 3595 2828 3659 charitas
2880 3600 3151 3662 amicitias
3159 3622 3181 3678 3
3233 3620 3342 3680 per

1791 3677 1947 3738 banc
1974 3682 2135 3743 enim
2162 3686 2357 3743 omnis
2384 3687 2568 3747 virtus
2592 3690 2915 3767 perficitur,
2945 3695 3021 3754 de
3048 3713 3169 3771 qua
3195 3697 3340 3759 dici-

1790 3774 1888 3831 tur
1915 3774 1957 3810 ¹⁶
1986 3793 2002 3832 z
2039 3795 2068 3831 α
2097 3777 2300 3837 Amico
2345 3779 2509 3842 fideli
2539 3784 2709 3843 nulla
2734 3789 2823 3845 est
2852 3791 3237 3864 comparatio,
3282 3797 3341 3852 et

1792 3879 1918 3923 non
1950 3872 2036 3926 est
2057 3868 2239 3943 digna
2264 3873 2615 3947 ponderatio
2637 3880 2863 3952 argenti
2891 3884 2950 3939 et
2975 3883 3104 3941 auri
3132 3889 3338 3945 contra

1792 3959 2120 4021 bonitatem
2158 3964 2303 4024 fidei
2340 3967 2519 4028 illius,
2560 3990 2591 4026 »
2634 3974 2793 4032 Hanc
2840 3975 3165 4037 bonitatem
3203 3995 3339 4055 per-

1791 4052 1938 4114 fecte
1966 4057 2218 4117 ostendit
2241 4062 2536 4136 MartinuS,
2560 4064 2665 4141 qui
2687 4066 2840 4126 inter
2857 4085 3024 4143 spem
3043 4087 3337 4133 amorem-

1793 4164 1912 4223 que
1939 4150 2184 4224 positu3‚
2216 4153 2526 4216 dubitabat
2554 4174 2726 4233 pene,
2753 4162 2904 4236 quid
2928 4164 3164 4225 mallet:
3192 4168 3335 4243 quia

1792 4256 1902 4300 nec
1938 4244 2252 4319 Ecclesiam
2291 4248 2497 4321 Christi
2538 4251 2838 4327 deserere,
2881 4273 2990 4316 nec
3030 4275 3068 4317 a
3110 4259 3333 4322 Clu-isto

1793 4335 2034 4395 volebat
2085 4337 2302 4399 diutius
2351 4346 2632 4418 separari,
2686 4348 2992 4409 attendens
3045 4352 3199 4415 illud
3226 4354 3267 4391 ¹⁷
3313 4373 3330 4415 ε

1798 4445 1829 4482 α
1853 4429 2036 4503 Spera
2061 4431 2126 4490 in
2150 4433 2422 4507 Domino,
2452 4440 2510 4495 et
2545 4438 2641 4497 fac
2674 4440 3022 4518 bonitatem,
3061 4451 3120 4505 et
3162 4448 3333 4509 inha-

1791 4522 1917 4581 bita
1943 4527 2182 4597 terram,
2223 4529 2282 4585 et
2313 4530 2573 4604 pasceris
2613 4533 2676 4591 in
2703 4533 2919 4595 divitiis
2959 4538 3106 4612 ejus.
3143 4561 3173 4594 »
3201 4544 3333 4603 Haec

1794 4621 1882 4673 est
1905 4617 2185 4677 virtutum
2212 4621 2432 4694 nutrix,
2457 4623 2582 4683 baec
2609 4631 2694 4685 est
2718 4628 3021 4693 bonorum
3063 4635 3333 4695 omnium

1793 4714 2274 4774 consummatrix.
2311 4715 2475 4774 Unde
2511 4719 2663 4779 sicut
2694 4722 2838 4783 solis
2876 4725 3079 4786 radius
3114 4730 3332 4793 terram

1793 4804 2121 4875 germinare
2147 4806 2317 4880 facit,
2346 4814 2403 4868 et
2422 4810 2542 4870 alia
2567 4813 2774 4874 virtute
2813 4817 3025 4877 caloris
3061 4823 3333 4883 membra

1793 4894 2097 4959 foecundat
2120 4903 2421 4977 corporis3
2451 4904 2534 4965 sic
2561 4923 2732 4968 amor
2754 4909 2992 4971 divinus
3025 4933 3054 4969 ι
3088 4915 3139 4974 si
3161 4932 3332 4977 men·

1793 5101 1857 5113 —
1886 5076 1926 5110 ¹²
1951 5078 2073 5142 Isa„
2099 5090 2326 5142 xxxvm,
2352 5083 2398 5130 3.
2419 5106 2481 5119 —
2507 5082 2551 5119 ¹⁸
2573 5084 2748 5152 prov„
2773 5099 2902 5155 xvir,
2930 5095 3009 5143 11.
3037 5094 3155 5130 —¹⁴
3178 5095 3305 5147 lbid.

1797 5147 1876 5196 1⁸.
1898 5173 1961 5185 -
1989 5150 2027 5184 ¹⁸
2050 5150 2223 5232 Greg„
2252 5152 2460 5217 Moral„
2486 5154 2577 5206 lib.
2608 5157 2670 5221 V,
2699 5174 2748 5210 c.
2777 5172 2897 5227 ην,
2921 5163 2990 5215 al.
3018 5178 3146 5232 m,
3166 5181 3220 5218 n.
3248 5136 3330 5221 *1ss

1793 5240 1858 5255 ——
1885 5219 1931 5254 ¹⁸
1958 5220 2138 5282 Ecclz„
2169 5232 2236 5286 v1,
2268 5223 2347 5272 ¹5.
2377 5249 2437 5261 —
2464 5226 2502 5260 ¹⁷
2530 5228 2665 5278 Psal.
2690 5234 2947 5299 xxxv1„3.

1857 5308 1926 5391 (a)
1975 5309 2123 5393 Vulq.
2166 5311 2467 5365 manducare
2525 5342 2584 5354 —
2627 5319 2695 5384 (ὁ)
2732 5321 2810 5373 Ita
2847 5324 2985 5390 apud
3015 5326 3167 5395 (ἕντο.
3205 5330 3328 5386 Coet.

1792 5378 1911 5429 edu.
1939 5395 2124 5434 omme.
