4059 6317
683 559 802 622 202

683 691 865 772 gitur
901 692 943 768 ¹,
988 693 1158 773 quod
1189 693 1452 757 transito
1486 690 1650 755 mari
1679 689 1918 770 Rubro,
1948 690 2223 773 sumpsit

681 797 881 862 Maria
903 802 1308 881 tympanum,
1340 803 1405 863 et
1432 799 1836 883 praecinebat.
1865 798 2063 863 Maria
2088 798 2219 862 ani-

680 922 856 968 mam
900 905 1234 984 devotam;
1274 924 1451 971 mare
1504 906 1776 970 rubrum
1798 954 1819 985 ,
1861 906 2220 988 passionem

680 1011 784 1076 vel
818 1013 1207 1095 sanguinem
1234 1014 1593 1096 significat,
1636 1013 1705 1078 in
1731 1031 1863 1097 quo
1901 1012 2127 1088 Israel,
2156 1011 2220 1076 id

680 1125 775 1185 est
812 1121 1058 1204 fideleS,
1091 1124 1461 1202 salvantur3
1491 1122 1775 1207 AEgyptii
1800 1169 1817 1201 ,
1849 1121 1914 1185 id
1954 1125 2050 1185 est
2085 1120 2222 1185 dae-

682 1246 905 1294 mones
929 1230 1032 1295 vel
1063 1231 1275 1314 impii,
1323 1236 1615 1314 pereunt.
1662 1228 2073 1313 Tympanum
2101 1248 2223 1292 au-

681 1342 813 1401 tem
837 1343 935 1403 est
958 1338 1241 1406 Christus
1259 1341 1327 1404 in
1353 1358 1562 1405 eruce.
1584 1338 1760 1404 Sicut
1773 1340 1946 1403 enim
1964 1338 2035 1401 in
2057 1341 2223 1420 tym-

681 1462 850 1528 pano
889 1446 1071 1528 pellis
1114 1465 1305 1530 super
1352 1447 1606 1527 lignum
1630 1494 1648 1525 ,
1692 1446 1783 1509 ita
1823 1444 2110 1509 Christus
2157 1446 2226 1508 in

685 1571 872 1618 cruce
906 1554 1221 1619 distensus
1246 1558 1362 1619 est.
1395 1554 1804 1636 Tympanum
1827 1570 1986 1634 ergo
2031 1553 2126 1631 fit,
2166 1556 2230 1615 et

683 1660 1008 1743 praecinit,
1055 1661 1170 1744 qui
1214 1661 1532 1725 Christum
1574 1662 1644 1725 in
1698 1679 1885 1726 cruce
1938 1661 2228 1725 conside-

684 1786 871 1846 ram,
918 1767 1205 1832 imitatur
1223 1815 1241 1842 ,
1271 1772 1334 1831 et
1358 1768 1601 1848 gratias
1636 1768 1797 1849 agit.
1832 1767 1990 1832 ltem
2018 1786 2225 1851 quan-

683 1876 891 1960 doque
921 1877 1313 1956 inciduntur,
1343 1881 1419 1941 ut
1445 1896 1616 1961 aqua
1642 1877 1968 1942 emittatur
2002 1899 2017 1940 :
2051 1877 2141 1940 sic
2168 1879 2231 1940 et

685 1986 970 2050 Christus
1013 1991 1036 2025 ¹
1083 2005 1100 2048 z
1139 2008 1172 2046 α
1209 1984 1386 2050 Unus
1443 1986 1723 2049 militum
1790 1984 2009 2053 lancea
2061 1984 2230 2049 latus

683 2098 829 2176 ejus
854 2095 1105 2177 aperuit
1123 2142 1143 2173 ‚
1174 2098 1238 2159 et
1266 2093 1571 2159 continuo
1597 2092 1797 2157 exivit
1831 2091 2101 2175 sang-uis
2118 2139 2138 2170 ‚
2168 2097 2232 2156 et

685 2184 872 2282 aqua.
903 2222 932 2260 υ
977 2201 1135 2267 Vere
1150 2219 1312 2283 ergo
1329 2202 1688 2283 lanquores,
1705 2204 1824 2263 etc.
1844 2199 2231 2265 Lunaticum

684 2313 750 2373 et
775 2308 1180 2391 epilepticum
1206 2309 1326 2374 fuit
1351 2326 1560 2389 genus
1589 2308 1952 2373 humanum
1977 2325 2089 2389 per
2115 2327 2233 2391 gu-

684 2417 815 2480 lam
841 2421 905 2481 et
931 2416 1374 2481 ebrietatem⁸z
1413 2440 1443 2478 α
1468 2416 1752 2495 Domine,
1775 2415 2079 2479 miserere
2100 2416 2232 2481 filio

686 2544 853 2604 me0,
874 2525 990 2608 qui
1009 2524 1324 2590 lunaticus
1347 2528 1549 2589 ests«
1579 2523 1759 2588 Sicut
1786 2522 2232 2587 enimlunatici

684 2638 992 2699 corruunt
1017 2637 1078 2697 et
1101 2633 1448 2710 insaniunt,
1470 2632 1559 2696 ita
1580 2637 1642 2696 et
1656 2632 1842 2696 ebrii.
1877 2632 2077 2696 Istum
2104 2631 2233 2695 lan-

686 2759 954 2822 guorem
981 2758 1098 2822 pro
1124 2740 1308 2804 nobis
1339 2739 1648 2805 Dominus
1690 2739 1836 2804 tulit
1867 2758 1979 2823 per
2005 2740 2233 2804 simili-

684 2850 1005 2927 tudinem,
1037 2848 1204 2912 sicut
1247 2851 1439 2930 patet.
1494 2846 1713 2912 Solent
1759 2847 1933 2911 enim
1975 2847 2134 2910 tales
2168 2865 2235 2911 se

685 2957 1080 3040 praecipitare
1119 2956 1189 3018 in
1233 2955 1459 3036 ignem
1487 3005 1504 3034 ,
1533 2958 1597 3018 et
1634 2955 1702 3018 in
1739 2972 1974 3037 aquam
2006 2975 2021 3017 z
2056 2954 2146 3017 sic
2173 2957 2237 3017 et

691 3063 977 3130 Christus
1004 3079 1072 3126 se
1097 3063 1282 3146 quasi
1304 3062 1728 3145 praepritavit
1750 3063 1820 3126 in
1851 3063 2076 3143 ignem
2102 3079 2238 3144 pas·

690 3172 907 3236 sionis·
957 3169 1133 3235 Unde
1181 3171 1318 3252 ipse
1360 3170 1666 3235 Dominus
1701 3169 1722 3205 ⁴
1761 3188 1779 3232 :
1818 3193 1849 3231 α
1877 3169 2015 3252 Ego
2053 3189 2232 3248 sum,

689 3280 744 3343 si
770 3296 874 3342 me
899 3278 1212 3360 quaeritis,
1241 3300 1274 3337 »
1308 3283 1426 3343 etc.
1461 3276 1578 3341 Hic
1604 3281 1700 3341 est
1723 3277 1930 3358 igniS‚
1961 3294 2092 3358 quo
2120 3294 2237 3340 ru-

689 3387 810 3451 bus
848 3385 1268 3449 humanitatis
1313 3385 1610 3461 ardebat,
1641 3385 1711 3447 iu
1757 3401 1888 3466 quo
1930 3383 2240 3449 Dominus

694 3492 1011 3575 apparuit.
1054 3489 1480 3575 Praecipitavit
1515 3491 1708 3555 etiam
1740 3508 1809 3555 se
1844 3491 1908 3553 in
1941 3509 2139 3570 mare,
2172 3491 2240 3555 in

690 3599 1183 3664 amaritudinem
1201 3599 1285 3681 (a)
1300 3599 1670 3681 passionum
1682 3599 1704 3634 ⁸
1728 3620 1789 3662 :e
1809 3598 2033 3663 Mittite
2043 3599 2125 3681 (b)
2138 3617 2240 3663 me

692 3709 763 3772 in
788 3725 987 3786 mare,
1019 3729 1050 3766 n
1086 3711 1199 3772 etc.
1245 3706 1405 3772 Item
1439 3707 1644 3770 solent
1678 3724 1980 3789 spumare
2011 3729 2025 3769 ε
2061 3705 2153 3769 sic
2180 3710 2242 3769 et

693 3815 979 3881 Christus
1005 3814 1169 3880 bene
1182 3814 1575 3895 significatur
1592 3814 1657 3877 in
1679 3811 1900 3893 David,
1928 3813 2006 3878 de
2033 3832 2165 3897 quo
2182 3815 2236 3877 ⁰:

700 3946 732 3984 α
771 3921 1270 4004 Defluebantque
1322 3921 1543 3986 salivae
1589 3924 1731 4003 ejus
1778 3921 1847 3984 in
1882 3922 2174 3986 barbam.
2202 3944 2233 3980 n

694 4030 927 4096 Salivae
967 4030 1202 4094 scilicet
1250 4029 1737 4113 conspuentium
1788 4029 1811 4064 ⁷
1851 4051 1867 4092 ι
1920 4052 1952 4091 α
1992 4028 2243 4092 Faciem

694 4155 905 4201 meam
955 4154 1087 4200 non
1135 4138 1360 4201 averti.
1389 4158 1419 4195 ι
1457 4136 1614 4200 Item
1651 4135 1855 4199 solent
1891 4134 2245 4199 horrendas

694 4262 882 4310 voces
922 4244 1214 4308 emittere
1247 4265 1262 4305 ι
1295 4244 1385 4307 sic
1424 4249 1487 4307 et
1535 4243 1821 4307 Christus
1852 4242 1875 4278 ⁸
1919 4265 1935 4307 :
1987 4265 2017 4303 (ι
2066 4242 2248 4307 Jesus

696 4356 911 4415 autem
949 4352 1229 4414 clamans
1279 4368 1432 4415 voce
1479 4367 1759 4432 magna,
1799 4349 2010 4414 emisit
2056 4350 2242 4431 spiri-

698 4463 858 4523 tum.
882 4481 914 4519 n
926 4457 1078 4523 Haec
1087 4476 1214 4522 vox
1225 4458 1625 4522 daemonibus
1639 4458 1762 4522 fuit
1779 4457 2125 4536 horrenda,
2139 4457 2250 4521 sed

699 4566 1071 4631 hominibus
1088 4566 1364 4630 multum
1385 4565 1788 4630 attendenda.
1815 4564 2090 4630 Bernard
2099 4585 2172 4629 us
2191 4565 2244 4630 ἐ

709 4697 741 4737 <1
761 4673 980 4739 Valide
1013 4673 1348 4752 clamavit,
1380 4679 1453 4738 ut
1476 4673 1808 4737 audiretur
1846 4673 1927 4737 ab
1968 4672 2250 4736 homini-

700 4784 822 4847 bus
846 4805 861 4847 :
885 4783 1269 4847 clamoribus
1297 4782 1613 4865 lacrymas
1647 4782 1923 4861 addidit,
1956 4786 2027 4845 ut
2055 4781 2251 4844 homo

703 4895 1188 4976 compateretur.
1256 4913 1288 4951 n
1351 4890 1812 4973 Sanguifluum
1884 4890 2076 4954 etiam
2107 4888 2255 4964 ‚fuit

704 5018 911 5082 genus
952 5001 1315 5064 humanum
1374 5017 1488 5082 per
1526 4998 1856 5062 luxuriam
1901 5000 1946 5038 ¹⁰
1995 5017 2072 5061 :-«
2097 4996 2255 5061 Ecce

706 5107 966 5187 mulier,
993 5124 1139 5189 quae
1170 5105 1503 5186 sanguinis
1530 5106 1821 5186 fluxum,
1851 5128 1881 5165 ι)
1917 5108 2039 5169 etc.
2081 5104 2257 5169 Sicut

706 5216 878 5280 enim
925 5214 1292 5280 verecunda
1330 5219 1427 5277 est
1467 5214 1590 5278 ista
1646 5215 1983 5279 infirmitas
2000 5261 2018 5291 ,
2062 5213 2153 5277 sic
2193 5218 2258 5279 et

769 5342 786 5376 ¹
823 5341 1006 5403 Exod„
1045 5353 1136 5403 κν,
1168 5343 1248 5391 20.
1279 5366 1342 5376 -
1377 5339 1399 5372 ²
1422 5340 1591 5403 loun„
1628 5354 1745 5405 xtx,
1790 5342 1867 5391 34.
1894 5367 1958 5376 —
1996 5339 2018 5374 ⁸
2052 5338 2254 5402 Manli„

709 5425 851 5471 xvn,
900 5417 971 5462 14.
1003 5439 1062 5450 -·
1107 5416 1119 5438 ⁴
1163 5414 1334 5478 loun„
1374 5422 1534 5472 xvm,
1586 5415 1633 5463 8.
1665 5438 1724 5449 —
1766 5413 1788 5448 ⁸
1820 5414 1949 5473 Jon„
1999 5425 2047 5475 1,
2091 5415 2168 5461 12.
2197 5438 2257 5448 -

711 5486 731 5514 ⁰
764 5487 776 5534 Ι
813 5484 945 5547 Rey„
975 5496 1098 5547 xxi,
1131 5487 1208 5534 13.
1242 5510 1305 5522 -
1344 5484 1360 5513 ⁷
1391 5485 1509 5546 Iso„
1538 5496 1596 5545 L,
1635 5486 1684 5533 6.
1711 5509 1770 5523 —-
1799 5483 1822 5519 ⁸
1853 5484 2059 5546 Maean,
2090 5495 2257 5545 xxvii,

714 5559 794 5606 50.
825 5581 885 5594 —
915 5558 932 5586 ⁰
965 5558 1115 5607 Bern.
1143 5581 1204 5594 —
1233 5557 1276 5591 ¹⁰
1302 5556 1504 5620 Mami„
1534 5568 1608 5620 n,
1637 5558 1717 5605 ΞΟ.
1745 5582 1807 5593 -
1841 5555 1874 5589 ¹¹
1901 5554 2010 5615 lob,
2040 5566 2146 5618 xvi,
2180 5558 2251 5605 19.

1774 553 2192 621 SERMONES
2240 553 2339 619 DE
2380 551 2774 620 TEMPORE.

2331 694 2658 772 peccatum
2687 690 2988 755 luxuriae.
3020 689 3220 754 Istum
3247 688 3629 770 languorem
3658 687 3855 751 Domi·

2333 816 2455 861 nus
2486 815 2604 880 pro
2640 798 2825 862 nobis
2863 797 3010 861 tulit
3034 814 3149 880 per
3174 794 3679 874 similitudinem,
3706 793 3860 858 sicut

2333 909 2505 987 patet
2554 925 2570 966 ε
2628 905 2956 969 manifeste
3034 903 3209 968 enim
3273 902 3593 984 sanguine
3653 902 3855 966 fluxit.

2334 1015 2376 1051 ¹¹
2413 1037 2444 1076 α
2465 1013 2660 1079 Terra
2681 1062 2698 1093 ,
2735 1032 2817 1078 ne
2860 1014 3111 1096 operias
3138 1012 3520 1094 sanguinem
3556 1029 3792 1076 meum.
3825 1033 3855 1070 ι

2335 1119 2493 1186 Item
2518 1121 2674 1185 tales
2700 1120 3161 1201 decolorantur,
3192 1121 3354 1183 sicut
3380 1123 3443 1183 et
3468 1117 3752 1183 Christus
3774 1117 3819 1153 ¹²
3846 1138 3859 1180 :

2342 1251 2373 1290 α
2410 1228 2550 1293 Non
2595 1231 2690 1292 est
2732 1227 2969 1311 species
3012 1228 3073 1292 ei
3117 1244 3325 1310 neque
3378 1226 3586 1290 decor.
3638 1246 3670 1284 x·
3715 1224 3865 1289 item

2336 1336 2604 1402 interius
2645 1336 2954 1400 torsiones
2998 1340 3061 1400 et
3104 1334 3350 1399 dolores
3387 1334 3628 1397 habent
3657 1351 3675 1396 z
3705 1339 3767 1396 et
3803 1334 3869 1396 in

2338 1442 2583 1508 Christo
2621 1462 2813 1527 super
2854 1461 3076 1507 omnes
3114 1443 3362 1507 dolores
3388 1441 3674 1524 corporis
3696 1446 3872 1505 exte-

2337 1553 2473 1616 rius
2492 1600 2509 1631 ,
2552 1552 2674 1615 fuit
2716 1552 2894 1616 dolor
2938 1551 3016 1617 de
3075 1551 3363 1615 humana
3413 1549 3875 1631 ingratitudIne

2342 1659 2630 1724 interius.
2662 1658 2995 1724 Psalmista
3019 1661 3065 1700 ¹⁸
3098 1681 3163 1723 :a
3194 1657 3397 1741 Super
3420 1657 3707 1723 dolorem
3733 1657 3872 1722 vnl-

2340 1786 2569 1832 nerum
2609 1786 2898 1832 meorum
2946 1768 3342 1844 addiderunt,
3375 1790 3405 1826 n
3442 1770 3559 1831 etc.
3600 1765 3873 1830 Bernar-

2341 1875 2459 1939 dus
2486 1876 2530 1912 ¹⁸
2558 1898 2571 1939 :
2610 1899 2641 1937 α
2679 1875 2918 1955 Homo,
2949 1875 3094 1941 vide
3122 1874 3277 1958 quid
3310 1892 3427 1956 pro
3469 1878 3533 1937 te
3567 1875 3798 1956 patior,
3828 1874 3877 1937 si

2339 1986 2435 2047 est
2460 1982 2641 2048 dolor
2664 1986 2830 2048 sicut
2855 2002 2983 2067 quo
3010 1984 3259 2048 crucior
3285 2005 3299 2048 ;
3324 1983 3405 2047 ad
3432 1986 3494 2046 te
3517 1981 3748 2061 clamo,
3771 1983 3880 2065 qui

2340 2107 2458 2171 pro
2486 2094 2544 2154 te
2572 2091 2852 2155 morior:
2884 2090 3034 2155 vide
3073 2108 3293 2173 poenas
3326 2090 3561 2174 quibus
3594 2088 3876 2153 afficior:

2340 2198 2487 2262 vide
2508 2198 2719 2263 clavos
2736 2198 2975 2282 quibus
2996 2198 3341 2264 confodior.
3365 2198 3524 2262 Cum
3552 2198 3636 2261 sit
3668 2202 3886 2261 tantus

2340 2306 2520 2371 dolor
2570 2308 2872 2387 exterior,
2910 2308 3175 2372 interior
3212 2312 3429 2371 tamen
3463 2308 3757 2389 planctus
3792 2310 3887 2371 est

2344 2416 2627 2498 gravior,
2658 2416 2813 2481 dum
2843 2423 2903 2480 te
2930 2416 3259 2498 ingratum
3298 2415 3613 2498 experior.
3644 2437 3678 2473 n

2889 2596 3181 2667 SERMO
3225 2598 3340 2666 111.

2428 2741 2589 2808 Cum
2638 2741 2884 2808 videris
2924 2741 3191 2822 nudum,
3243 2741 3419 2823 operi
3468 2757 3609 2806 eum
3648 2739 3891 2804 “Nida

2342 2868 2503 2932 ergo
2543 2851 2743 2916 oculis
2781 2850 3012 2914 mentis
3057 2848 3455 2914 Salvatorem
3494 2867 3612 2931 pro
3649 2852 3717 2912 te
3758 2867 3892 2913 nu-

2343 2960 2499 3024 dum
2528 2960 2596 3023 in
2623 2978 2810 3024 cruce
2838 2959 3238 3042 pendentem,
3269 2962 3334 3022 et
3359 2956 3535 3040 operi
3567 2975 3722 3020 eum
3744 2956 3889 3033 fide,

2345 3066 2674 3147 charitate,
2704 3066 3071 3146 devotione,
3104 3069 3168 3129 et
3193 3064 3493 3147 operibus
3522 3064 3889 3128 misericor-

2344 3175 2492 3240 diae.
2544 3173 2763 3239 Solent
2809 3178 3023 3237 autem
3067 3176 3346 3256 quatuor
3396 3190 3641 3254 genera
3678 3172 3891 3237 homi·

2345 3302 2506 3348 num
2543 3301 2677 3345 esse
2728 3281 2937 3360 nuda,
2987 3280 3305 3357 videlicet,
3358 3280 3541 3357 ebrii,
3594 3281 3893 3363 spoliati,

2346 3391 2640 3470 mendici,
2675 3389 2858 3453 mimi
2884 3388 3019 3453 sive
3044 3406 3305 3452 scurrae.
3332 3387 3427 3451 Ita
3454 3387 3751 3454 Christus
3779 3390 3900 3454 fuit

2346 3498 2646 3564 nudatus.

2429 3607 2514 3671 De
2563 3605 2774 3687 primo
2801 3606 2846 3645 ¹⁶
2880 3620 2898 3665 ε
2939 3626 2969 3665 α
3000 3603 3231 3668 Bibens
3268 3603 3619 3667 inebriatus
3659 3607 3792 3682 est,
3840 3608 3904 3669 et

2347 3714 2624 3778 nudatus
2642 3712 2844 3794 jacuit
2871 3711 2940 3774 in
2967 3710 3396 3776 tabernaculo.
3428 3732 3459 3770 ι)
3496 3713 3647 3791 Noe,
3670 3711 3755 3776 de
3774 3730 3904 3793 quo

2347 3821 2506 3886 illud
2533 3820 2792 3899 dicitur,
2824 3818 3146 3883 Christum
3172 3817 3487 3898 significat
3506 3867 3524 3898 ,
3556 3819 3668 3901 qui
3695 3817 3906 3884 fortis-

2349 3931 2512 3994 simo
2542 3929 2866 3994 charitatis
2907 3927 3060 3993 vino
3087 3926 3439 3989 inebriatus
3464 3926 3606 4004 fuit,
3636 3927 3906 4009 quando

2350 4058 2468 4123 pro
2513 4037 2796 4102 hominis
2834 4035 3037 4099 salute
3075 4032 3240 4098 mori
3282 4032 3506 4098 voluit.
3564 4032 3680 4098 Cui
3741 4035 3906 4098 bene

2352 4147 2678 4211 ebriorum
2722 4143 3136 4228 proprietates
3186 4141 3577 4206 conveniunt
3620 4164 3635 4205 z
3679 4142 3908 4206 ebrius

2352 4254 2526 4318 enim
2552 4251 2833 4317 nudatur
2857 4249 3278 4333 quandoque;
3323 4248 3414 4312 sic
3444 4248 3734 4313 Christus
3777 4269 3904 4314 nu-

2353 4362 2538 4427 datus
2562 4359 2683 4424 fuit
2709 4357 3095 4441 quandoque
3115 4403 3135 4434 ,
3169 4361 3232 4419 et
3258 4355 3538 4435 derisus,
3569 4354 3741 4421 sicut
3778 4356 3911 4420 Noe

2355 4487 2394 4532 a
2421 4468 2640 4533 Cham.
2676 4465 2849 4531 Unde
2878 4482 3104 4529 versus
3134 4481 3152 4525 ε

2419 4649 2581 4699 Cham
2600 4646 2752 4708 ridet,
2771 4644 2894 4695 dum
2916 4643 3151 4694 membra
3170 4641 3310 4692 videt
3326 4643 3527 4693 detecta
3545 4643 3780 4707 parentis
3802 4658 3815 4694 :

2420 4718 2583 4773 Judaei
2612 4718 2772 4769 risere
2809 4714 2904 4767 Dei
2928 4728 3138 4780 poenam
3177 4714 3435 4779 patientis.

2361 4898 2517 4963 Item
2555 4897 2769 4962 ebrius
2809 4897 2983 4961 fatue
3028 4896 3297 4973 incedit;
3347 4895 3439 4957 sic
3488 4898 3552 4958 et
3595 4894 3917 4959 Christus.

2363 5007 2541 5072 Unde
2575 5008 2712 5090 ipse
2750 5010 2846 5070 est
2867 5004 3089 5088 David,
3122 5005 3199 5068 de
3226 5021 3356 5086 quo
3379 5003 3445 5068 ⁸:
3479 5026 3511 5064 a
3538 5001 3923 5067 collabeba-

2360 5119 2472 5179 tur
2517 5115 2681 5178 inter
2726 5130 2956 5177 manus
2993 5128 3216 5185 eorum
3239 5159 3258 5188 ,
3290 5115 3353 5174 et
3387 5110 3802 5192 impingebat
3853 5112 3921 5176 in

2362 5223 2522 5287 ostia
2567 5223 2769 5304 portae
2792 5267 2810 5299 ,
2852 5218 3341 5300 defluebantque
3387 5218 3610 5282 salivae
3652 5220 3809 5300 ejus
3852 5220 3923 5284 in

2364 5420 2425 5432 -
2453 5393 2497 5427 ¹²
2520 5393 2640 5454 Isca,
2671 5402 2796 5452 Lm,
2825 5391 2872 5438 2.
2903 5414 2964 5427 —
3003 5388 3037 5418 ¹³
3076 5386 3212 5437 Psal.
3243 5399 3436 5452 vaiu,
3476 5392 3554 5437 27,
3593 5416 3653 5427 ..
3686 5392 3729 5424 ιι
3766 5393 3923 5441 gem,

2364 5492 2425 5504 —
2446 5465 2487 5500 ¹⁵
2518 5466 2636 5527 isa„
2666 5474 2824 5526 Lvm,
2849 5464 2894 5510 7.
2925 5488 2979 5497 -
3007 5461 3048 5495 ¹⁶
3077 5460 3221 5523 Gen.,
3250 5471 3332 5523 lx,
3363 5464 3442 5511 21.

2434 5554 2501 5619 (α)
2531 5554 2655 5605 Coet.
2684 5550 2805 5603 edit.
2836 5548 3193 5602 amaritudine.
3216 5575 3278 5587 —-
3300 5547 3367 5613 (b)
3395 5551 3513 5599 Item
3542 5550 3707 5603 Mitte.
