4059 6317
929 484 1309 553 DOMINICA
1349 479 1459 553 XV
1499 477 1698 552 POST
1739 477 2327 553 PENTECOSTEN.
2371 484 2640 552 SERMO
2678 486 2730 552 1.

234 618 360 685 mis
382 616 561 686 odito
588 620 1056 689 execrationem
1070 623 1399 704 justorum
1427 620 1535 704 (α),
1556 619 1671 703 qui
1695 618 1777 686 de

232 727 458 792 erratis
482 733 547 793 et
571 728 919 794 defectibus
950 730 1225 813 propriis
1266 743 1398 795 nou
1424 733 1680 807 curant,
1713 731 1778 794 et

233 834 472 901 alienos
500 835 925 902 dissimulant.
956 837 1042 906 Et
1067 852 1363 921 cognosce
1383 836 1689 918 justitias
1718 840 1779 903 et

225 942 492 1026 judicia
517 944 657 1025 Dei,
688 961 838 1029 quae
865 963 1090 1011 severa
1119 946 1368 1012 suntin
1396 944 1722 1028 puniendo
1752 966 1768 1008 :

236 1067 512 1134 quorum
538 1053 782 1116 terrore
807 1053 1202 1135 perterritae,
1220 1058 1324 1120 sta
1349 1055 1426 1121 in
1446 1057 1615 1121 sorte
1629 1066 1777 1135 pro·

235 1160 606 1241 positionis,
635 1162 693 1226 ct
727 1159 1049 1227 orationis
1074 1159 1324 1226 devotae
1350 1175 1569 1225 eoram
1598 1177 1776 1223 cons-

234 1269 422 1349 pectu
449 1267 765 1334 altissimi
790 1263 941 1348 Dei3
972 1268 1126 1351 quia
1150 1269 1306 1332 tunc
1323 1266 1776 1350 adimplebitur

234 1371 388 1436 illud
414 1372 434 1410 ²
467 1390 485 1436 ε
524 1394 556 1433 α
577 1371 736 1437 Ecce
773 1373 842 1437 in
880 1374 1132 1456 justitia
1176 1375 1479 1456 regnabit
1519 1393 1670 1453 rex,
1714 1375 1778 1441 et

234 1478 551 1562 principes
594 1479 664 1544 in
693 1477 936 1564 judicio
979 1485 1328 1565 praeerunt.
1369 1503 1404 1543 a
1453 1479 1779 1564 Rogemus

115 1625 127 1642 .
234 1588 570 1667 erg0,etc.

323 1811 692 1894 DoMmmA
735 1818 852 1896 XV
895 1818 1084 1895 POST
1127 1819 1684 1897 PENTEGOSTEN.

636 1985 928 2058 SERMO
971 1987 1297 2059 PRIMUS
1324 1996 1370 2059 ¹.

315 2119 483 2188 Ecce
516 2120 862 2202 deuinctus
905 2121 1276 2205 efferebatur
1317 2124 1379 2204 ⁸,
1427 2126 1550 2190 etc.
1602 2124 1782 2191 Sicut

235 2229 573 2295 defunctus
611 2229 878 2294 effertur
921 2229 1335 2313 corporaliter
1352 2279 1371 2312 ,
1400 2231 1492 2295 sic
1517 2250 1632 2315 per
1657 2233 1782 2297 ini-

237 2338 471 2414 micos,
499 2353 617 2420 per
639 2336 965 2402 daemones
1006 2339 1072 2401 et
1115 2336 1319 2401 malos
1361 2337 1777 2419 consiliarios,

235 2446 300 2510 ct
326 2461 445 2527 per
466 2443 784 2527 quoslihet
810 2424 902 2509 ¹ad
931 2444 1180 2509 malum
1227 2443 1607 2526 instigantes
1640 2463 1784 2528 pec-

235 2554 413 2617 cator
428 2550 694 2616 estet-tur
707 2551 1141 2635 spiritualiter.
1169 2551 1465 2632 Effertur,
1489 2553 1776 2635 inquam,

235 2659 320 2724 de
344 2658 514 2723 mala
554 2659 881 2724 voluntate
922 2659 1002 2724 ad
1047 2660 1286 2724 malam
1322 2660 1639 2726 actionem
1652 2709 1672 2743 ,
1700 2660 1782 2726 de

236 2766 409 2832 mala
435 2766 682 2832 actione
712 2767 793 2831 ad
820 2768 1371 2848 consuetudinem,
1403 2769 1483 2834 de
1514 2767 1673 2834 vitio
1700 2769 1783 2835 ad

235 2873 497 2939 vitium.
523 2872 1064 2940 Considerandum
1088 2879 1307 2939 autem
1347 2876 1519 2958 quod
1560 2875 1778 2942 homi-

236 2999 355 3047 nes
380 2981 737 3047 efferuntur
765 2982 834 3046 in
866 2983 1373 3064 transgressione
1406 2983 1683 3064 mortali,
1713 2984 1781 3049 in

237 3091 654 3156 conversione
681 3090 1118 3174 poenitentiali,
1145 3092 1217 3156 in
1234 3091 1619 3157 resolutione
1645 3111 1782 3159 cor-

236 3198 467 3283 porali,
495 3197 567 3262 in
593 3198 1052 3263 resurrectione
1081 3199 1390 3280 generali.

321 3304 537 3370 Primo
563 3304 756 3369 modo
792 3303 1150 3369 efferuntur
1191 3305 1272 3370 de
1310 3306 1521 3388 gratia
1545 3307 1614 3371 in
1641 3308 1780 3373 cul-

238 3411 536 3495 pam,'de
570 3411 742 3476 hono
774 3414 945 3477 statu
983 3411 1052 3476 in
1091 3412 1369 3490 malum,
1418 3414 1497 3480 de
1540 3416 1779 3497 templo

244 3521 471 3604 gratiae
499 3521 580 3586 ad
605 3537 888 3604 regnum
926 3521 1274 3605 spiritualis
1312 3521 1679 3606 Babyloniae
1707 3523 1730 3558 ⁸
1759 3541 1778 3588 z

250 3651 284 3692 c
309 3629 506 3695 Sacra
529 3647 682 3694 vasa
706 3647 903 3694 aurea
922 3677 941 3708 ,
979 3650 1011 3692 o
1048 3629 1112 3694 id
1140 3633 1259 3710 est,
1307 3631 1614 3713 perfectos
1661 3631 1779 3696 ho-

241 3738 471 3814 mines,
510 3759 543 3799 c
568 3742 632 3802 et
654 3742 987 3819 argentea,
1016 3759 1048 3798 n
1079 3737 1145 3802 id
1188 3740 1306 3817 est,
1355 3738 1776 3821 imperfectos,

250 3869 285 3907 ι
305 3844 537 3909 extulit
561 3843 1142 3909 Nabuchodonosor
1162 3844 1243 3910 de
1263 3845 1454 3909 domo
1471 3844 1603 3925 Dei,
1632 3863 1782 3930 quae

246 3957 343 4018 est
369 3952 435 4015 in
462 3950 835 4017 Jerusalem.
863 3973 897 4011 a
931 3949 1012 4016 Et
1038 3950 1205 4017 sicut
1230 3956 1519 4034 raptores
1536 3957 1600 4018 et
1613 3954 1788 4019 fures

248 4060 552 4126 libentius
572 4058 851 4124 eflerunt
876 4075 1074 4124 aurea
1095 4077 1291 4142 quam
1319 4065 1651 4142 argentea,
1677 4062 1786 4128 vel

241 4170 457 4252 lignea
483 4185 637 4234 vasa
658 4189 676 4248 ;
708 4168 800 4232 sic
823 4172 887 4233 et
921 4167 1211 4233 diabolus
1235 4185 1350 4251 per
1387 4187 1457 4233 se
1471 4217 1491 4248 ,
1539 4168 1646 4235 vel
1671 4188 1786 4254 per

245 4279 405 4343 alios
431 4277 746 4356 homines,
779 4275 978 4341 trahit
1003 4276 1084 4341 ad
1117 4281 1447 4359 peccatum
1483 4276 1788 4343 libentius

241 4385 538 4451 chafiora
552 4382 844 4448 Ecclesiae
866 4384 1177 4448 membra.
1200 4381 1379 4449 Unde
1400 4383 1593 4448 ethic
1615 4384 1788 4450 filius

244 4492 484 4559 unicus
526 4490 910 4555 efferebatur
950 4512 968 4556 t
1013 4492 1246 4556 unicus
1276 4491 1449 4556 enim
1495 4493 1593 4556 est
1633 4491 1788 4557 cha-

243 4598 566 4664 rissimus.
618 4596 740 4663 Sed
783 4602 953 4663 certe
1004 4600 1084 4664 ad
1138 4598 1384 4663 malum
1442 4617 1604 4682 opus
1653 4617 1785 4664 non

248 4706 536 4788 effertur,
563 4706 688 4771 nisi
714 4707 829 4790 qui
854 4707 1037 4791 prius
1064 4706 1477 4772 involuntate
1489 4706 1784 4773 moritur.

243 4814 318 4879 ln
358 4789 716 4880 voluntate.
728 4815 901 4880 enim
952 4831 1129 4879 mors
1170 4814 1405 4879 animae
1458 4814 1717 4898 ponitur
1766 4837 1782 4879 z

246 4937 524 5002 morere,
555 4921 610 4985 si
635 4922 776 5003 vis3
807 4921 993 4999 vive,
1036 4921 1091 4985 si
1117 4921 1239 4988 vis.
1267 4922 1676 5004 Augustinus
1711 4921 1734 4959 ⁸
1765 4945 1782 4987 ι

253 5028 468 5094 «Deus
485 5029 783 5110 amissus,
804 5046 981 5094 mors
1005 5028 1273 5093 animm:
1295 5029 1512 5094 anima
1526 5028 1786 5110 amissa,

250 5153 430 5200 mors
458 5136 766 5218 corporiS.
798 5158 829 5197 n
863 5135 1034 5201 Mors
1074 5136 1357 5219 corporis
1394 5138 1785 5218 necessaria3

317 5264 330 5293 ¹
352 5261 476 5322 Ιεα..
497 5273 668 5325 xxxn,
692 5268 740 5314 1.
761 5289 822 5301 —
847 5262 868 5293 ²
890 5263 1038 5313 Hunc
1060 5264 1112 5312 et
1134 5261 1263 5312 duos
1280 5275 1390 5327 seq.
1409 5262 1566 5314 habet
1584 5278 1790 5329 quoque

252 5333 379 5384 edit.
409 5333 569 5385 Paris.
599 5347 687 5384 an.
722 5336 862 5386 1521.
888 5360 952 5371 —
983 5334 1004 5366 ⁸
1034 5333 1166 5391 Luc„
1197 5344 1292 5397 vn,
1324 5337 1397 5386 12.
1431 5361 1487 5371 —
1515 5335 1538 5370 ὅ
1565 5336 1583 5384 l
1618 5335 1791 5396 Eadm,

252 5416 339 5467 vt,
368 5406 419 5455 5.
447 5425 509 5443 -
541 5405 561 5436 ⁸
588 5406 739 5470 Aug„
788 5407 962 5457 Enarr.
997 5405 1053 5454 in
1093 5402 1230 5453 Paul.
1266 5415 1399 5467 Lxx,
1437 5418 1494 5455 n.
1530 5407 1580 5466 3,
1621 5407 1792 5469 quoad

256 5488 487 5527 sensum.
505 5501 568 5515 -
597 5477 617 5506 ⁸
643 5476 820 5537 Lavit„
850 5488 921 5540 iv,
947 5479 1027 5527 21.
1048 5499 1108 5513 -
1130 5475 1149 5506 ⁹
1172 5475 1309 5526 Paul.
1335 5487 1388 5538 ι,
1412 5480 1491 5526 21.
1524 5505 1578 5514 —
1608 5477 1632 5514 ⁸
1654 5479 1791 5539 Luc„

3306 487 3428 552 aa

1887 633 2069 684 mors
2092 619 2330 685 animas
2346 619 2729 687 voluntaria.
2748 620 2957 688 Homo
2975 627 3135 704 ergo
3148 619 3429 687 moritur

1883 726 1951 790 in
1978 725 2150 810 mals
2175 727 2534 822 voluntate,
2556 728 2822 793 effertur
2842 729 2910 792 in
2929 728 3167 812 peccati
3190 733 3420 810 perpe«-

1884 836 2179 916 tratione‚
2211 835 2518 920 sepelitur
2551 836 2623 899 in
2658 835 3137 901 cousuetudine.
3171 832 3324 900 Haec
3344 833 3429 899 si·

1888 942 2194 1024 gnificata
2219 947 2371 1009 sunt
2408 945 2480 1008 in
2502 943 2710 1009 trihus
2736 943 3042 1024 mortuiS,
3074 942 3153 1007 de
3195 942 3429 1026 quibus

1883 1050 2145 1133 require
2172 1050 2337 1115 infra
2356 1050 2427 1114 in
2452 1053 2747 1134 proximo
2774 1067 3091 1115 sermone.
3209 1123 3217 1144 ¹

1966 1157 2259 1223 Secundo
2272 1157 2457 1223 modo
2471 1158 2829 1222 efferuntur
2840 1157 3136 1223 homines
3150 1147 3229 1221 de
3242 1155 3430 1240 culpa

1886 1264 1965 1328 ad
1994 1264 2273 1346 gratiam
2296 1313 2314 1343 ,
2366 1264 2445 1329 de
2476 1264 2646 1329 malo
2696 1268 2865 1330 statu
2905 1264 2986 1329 ad
3027 1265 3268 1329 bonum
3292 1311 3312 1344 ,
3348 1263 3431 1328 de

1886 1371 2132 1436 mundo
2160 1370 2241 1436 ad
2267 1370 2670 1452 religionem.
2707 1370 3078 1436 Efferuntur
3106 1370 3180 1455 (b)
3211 1375 3430 1436 autem

1885 1497 2001 1563 per
2019 1484 2315 1561 rectores,
2347 1497 2460 1562 per
2485 1480 2793 1559 doctores,
2824 1495 2939 1562 per
2964 1480 3278 1544 orationes
3306 1475 3428 1543 bo-

1885 1604 2146 1652 norum.
2168 1586 2191 1622 ⁶
2222 1585 2497 1671 «Ipsum
2527 1605 2682 1652 vero
2705 1585 2980 1652 vitulum
3003 1585 3223 1651 efferet
3249 1589 3433 1651 extra

1887 1699 2116 1774 castra,
2146 1698 2337 1780 atque
2371 1695 2723 1761 comburet.
2753 1716 2786 1754 ι
2815 1693 3071 1760 Vitulus
3114 1695 3214 1758 est
3239 1693 3430 1776 quili-

1886 1806 1995 1869 bet
2031 1823 2148 1888 per
2189 1805 2573 1888 martyrium
2592 1851 2614 1884 ,
2675 1803 2778 1868 vel
2833 1820 2948 1884 per
2991 1801 3431 1885 poenitentiam

1887 1915 2018 1977 Deo
2049 1911 2414 1976 immolatus
2450 1910 2518 1975 in
2549 1910 2731 1975 altari
2760 1909 2952 1989 {iden
3001 1907 3333 1973 psalmista
3355 1907 3379 1944 ‘¹
3408 1928 3428 1972 ε

1895 2042 1928 2082 ι
1968 2018 2307 2102 Imponent
2365 2036 2559 2101 super
2607 2018 2806 2083 altare
2851 2020 3038 2081 tuum
3090 2013 3351 2080 vitulos.
3394 2036 3426 2078 ι

1890 2126 2011 2204 Qui
2052 2131 2235 2191 extra
2274 2126 2388 2209 huj
2396 2145 2477 2191 us
2532 2124 2761 2190 mundi
2809 2130 3017 2189 castra
3057 2121 3431 2202 efferuntur,

1890 2234 1969 2299 de
1997 2234 2222 2298 mundi
2249 2233 2512 2313 malitia,
2547 2251 2622 2297 ac
2655 2232 2979 2297 malorum
3006 2230 3302 2296 societate
3327 2230 3424 2292 vi-

1889 2340 2130 2405 tiorum
2174 2343 2571 2423 separantur.
2602 2338 2702 2402 Ab
2737 2338 2840 2401 his
2883 2336 3091 2426 turbis
3120 2340 3185 2400 et
3210 2334 3433 2400 castris

1886 2446 2076 2512 debet
2116 2446 2495 2530 sequestrari
2511 2494 2533 2526 ,
2581 2445 2697 2529 qui
2733 2441 3077 2509 Dominum
3125 2443 3439 2509 desiderat

1890 2555 2326 2639 contemplari.
2356 2558 2380 2595 ⁸
2416 2577 2449 2617 ι
2480 2554 2820 2634 Quaerebat
2846 2552 3062 2619 videre
3090 2552 3124 2618 J
3127 2561 3308 2616 esum
3324 2599 3344 2630 ,
3375 2553 3440 2615 et

1888 2681 2021 2727 nou
2069 2668 2315 2746 poterat
2357 2679 2494 2745 prae
2543 2662 2752 2726 turba.
2782 2683 2814 2721 υ
2850 2659 3037 2742 Fuge
3081 2675 3247 2740 ergo
3293 2662 3438 2722 tur-

1891 2769 2064 2836 bam,
2095 2771 2504 2836 Cassiodorus
2527 2770 2550 2806 ⁹
2583 2791 2600 2834 ε
2642 2792 2673 2831 α
2700 2767 2915 2833 Turba
2962 2766 3266 2831 vitiorum
3295 2764 3441 2828 sine

1890 2878 2160 2942 crimine
2183 2878 2497 2956 vincitur,
2530 2875 2784 2960 quando
2812 2874 3169 2941 sollicitudo
3207 2872 3438 2955 gratiae

1891 2985 2314 3067 suffragatur.
2342 3006 2374 3044 ι)
2410 2983 2639 3049 Efferri
2673 2985 2892 3047 autem
2921 2982 3137 3057 debet,
3166 2983 3241 3044 ut
3262 2995 3440 3043 com·

1891 3095 2166 3160 huratur
2182 3094 2336 3174 igne
2363 3090 2758 3157 contritionis
2790 3087 2893 3156 vel
2918 3089 3177 3154 amoris.
3208 3086 3295 3152 De
3311 3103 3440 3170 quo

1889 3205 2047 3285 igne
2073 3205 2120 3243 ¹⁰
2150 3219 2168 3267 t
2199 3224 2232 3263 α
2264 3201 2462 3266 Totus
2488 3216 2677 3264 mons
2708 3196 2917 3278 Sinai,
2954 3219 2986 3257 n
3035 3197 3099 3261 id
3141 3199 3269 3274 est,
3306 3200 3441 3260 tota

1890 3328 2074 3374 meus
2099 3309 2302 3375 fidelis
2315 3358 2333 3389 ‚
2382 3307 2725 3373 «fumabat
2754 3305 2835 3388 (c)
2870 3326 2902 3365 n
2959 3321 3075 3387 per
3112 3302 3436 3368 contritio-

1890 3437 2064 3498 nem,
2102 3439 2134 3480 α
2159 3435 2236 3483 eo
2262 3415 2434 3500 quod
2459 3412 2893 3481 descendisset
2920 3411 3229 3476 Dominus
3246 3427 3440 3493 super

1890 3542 2044 3590 eum
2081 3526 2150 3589 in
2192 3525 2368 3606 igne,
2398 3543 2430 3584 n
2481 3521 2773 3587 videlicet
2817 3519 2975 3598 zeli,
3027 3518 3129 3585 vel
3174 3517 3431 3582 amoris.

1892 3632 2253 3697 Bel-nardus
2281 3632 2325 3668 ¹¹
2362 3652 2378 3696 ε
2411 3653 2442 3692 α
2463 3629 2644 3695 Tune
2672 3630 2790 3693 scit
2816 3627 3032 3693 anima
3057 3626 3225 3710 quod
3245 3628 3439 3709 juxta

1891 3745 1989 3805 est
2017 3740 2185 3805 Deus
2200 3784 2223 3818 ,
2250 3756 2401 3804 eum
2430 3755 2498 3802 se
2526 3736 2799 3801 senserit
2825 3735 2937 3801 illo
2976 3734 3133 3816 igne
3172 3741 3437 3799 succen-

1891 3865 2053 3913 sam.
2083 3869 2115 3907 ι)

1974 3952 2659 4019 Detertio¹¹201Ecce
2693 3950 2884 4035 pedes
2917 3946 3434 4031 eorum‚quise-

1894 4061 2214 4143 pelierunt
2242 4060 2460 4126 virum
2499 4063 2690 4124 tuum
2727 4058 2808 4123 ad
2849 4056 3087 4122 ostium
3110 4104 3127 4133 ,
3172 4062 3235 4119 et
3274 4053 3434 4119 efle-

1896 4173 2046 4235 rent
2072 4172 2158 4233 te.
2190 4189 2223 4228 n
2257 4166 2314 4231 N
2317 4171 2492 4232 otent
2510 4166 2677 4230 hanc
2688 4164 3040 4243 historiam,
3057 4166 3121 4226 et
3145 4161 3430 4242 timeant,

1896 4278 2012 4363 qui
2040 4279 2360 4360 usurpant
2384 4274 2592 4339 aliena
2612 4321 2629 4353 ‚
2680 4273 2735 4336 si
2759 4271 2850 4335 sic
2873 4271 3207 4335 subitanea
3233 4274 3436 4334 morte

1892 4390 2186 4468 pereunt,
2218 4382 2328 4465 qui
2345 4380 2663 4445 occultant
2678 4379 2955 4462 propria.
2973 4375 3264 4460 Timeant
3274 4393 3435 4458 ergo

1895 4489 2217 4567 maxime,
2261 4486 2375 4570 qui
2422 4487 2492 4550 in
2536 4483 3039 4567 congregatione
3080 4483 3433 4565 religionis,

1895 4598 2245 4679 ignorante
2266 4593 2476 4672 Petro,
2502 4591 2569 4656 id
2599 4593 2720 4670 est,
2750 4589 3040 4672 praelato,
3070 4588 3311 4653 occulte
3326 4589 3438 4653 ali-

1897 4705 2060 4790 quid
2082 4702 2355 4769 retinere
2384 4701 2809 4784 praesumunt.
2834 4696 2907 4762 In
2925 4697 3305 4762 resolutione
3329 4715 3439 4762 au-

1897 4818 2029 4879 tem
2059 4809 2372 4893 corporali
2399 4807 2666 4874 effertur
2693 4821 2924 4887 corpus
2938 4804 3019 4868 ad
3050 4803 3433 4887 sepulcrum,

1898 4921 2069 4987 mala
2094 4918 2312 4984 anima
2344 4915 2426 4981 ad
2452 4915 2777 4979 infernum
2805 4913 2850 4949 ¹⁸
2888 4932 2904 4977 ε
2956 4931 2988 4972 α
3007 4908 3315 4975 Dominus
3343 4929 3438 4975 as-
3496 4993 3503 5000 ⁶

1899 5027 2143 5112 portari
2170 5028 2234 5090 te
2260 5023 2466 5104 faciet,
2496 5021 2663 5085 sicut
2686 5022 3046 5103 asportatur
3060 5015 3272 5099 gallus
3299 5016 3437 5099 gal·

1898 5184 2015 5235 xix,
2042 5171 2091 5222 3.
2118 5195 2183 5208 --
2206 5169 2229 5205 ⁰
2251 5165 2483 5218 Cassiod.
2506 5190 2569 5203 —
2593 5166 2633 5200 ¹⁰
2657 5161 2849 5216 Ecca..
2873 5172 2985 5224 nx,
3014 5162 3094 5212 18.
3115 5185 3168 5196 -
3197 5159 3236 5195 ¹¹
3262 5161 3437 5225 Bam„

1899 5246 1954 5295 in
1983 5243 2154 5301 Cant..
2189 5252 2342 5290 serm.
2374 5247 2512 5299 nvn,
2539 5249 2594 5285 n.
2619 5236 2668 5295 Ἰ,
2701 5232 2869 5298 quoad
2895 5245 3120 5283 sensum.
3150 5257 3212 5268 —
3236 5232 3280 5269 ¹²
3303 5233 3439 5294 Aac„

1899 5326 1947 5378 v,
1979 5317 2028 5365 9.
2058 5337 2118 5351 -
2145 5311 2189 5348 ¹⁸
2213 5310 2335 5373 Isca,
2360 5319 2494 5371 xxti,
2525 5308 2603 5356 Π.

1961 5405 2034 5466 (α)
2073 5402 2222 5451 Forte
2259 5398 2354 5463 leq.
2390 5396 2709 5461 injustorum.
2755 5417 2814 5431 -
2851 5390 2916 5456 (b)
2956 5389 3082 5444 Coet.
3118 5391 3243 5444 edit.
3283 5389 3439 5448 &ffer-

1897 5481 1996 5528 tur.
2024 5499 2089 5512 -
2118 5475 2173 5536 (c)
2202 5468 2499 5534 fumigabat.
