4059 6317
750 407 1135 479 DOMINICA
1172 404 1306 476 XVI
1350 399 1550 474 POST
1590 395 2175 474 PENTEGOSTEN.
2221 397 2486 489 SERMO
2528 395 2631 473 IV.

94 553 239 618 luce
266 551 533 635 gratiae;
555 549 666 616 sed
692 548 1101 615 delectatione
1124 543 1361 630 peccati
1374 541 1637 607 obtene-

92 662 359 740 bratus,
402 659 484 725 ad
534 657 752 723 omnia
806 659 1061 740 peccata
1104 657 1201 718 est
1240 668 1501 735 pronus,
1531 646 1638 712 Se-

93 768 308 833 cundo
335 765 757 850 apprehendit
782 762 945 828 Deus
980 763 1314 826 infirmum
1358 774 1472 841 per
1499 773 1640 820 rec-

95 874 438 939 titudinem
486 872 756 957 justitiae
807 871 878 935 in
936 867 1385 952 adimpletione
1439 861 1641 929 divini

95 983 441 1067 praecepfi3
475 982 644 1046 unde
668 981 687 1017 ¹
724 1002 741 1045 ε
779 1003 812 1043 α
837 978 979 1060 Ego
1001 977 1306 1041 Dominus
1329 970 1555 1040 vocavi
1575 973 1639 1034 te

93 1090 165 1154 in
212 1089 473 1172 justitia
490 1136 512 1169 ,
574 1110 605 1148 n
663 1090 980 1171 praecepta
1035 1084 1116 1148 ad
1170 1079 1643 1147 observandum

95 1195 370 1261 fideliter
409 1193 828 1278 imponendo.
878 1215 909 1254 ιι
943 1188 1332 1274 apprehendi
1375 1202 1644 1252 manum

93 1309 306 1382 tuam,
339 1323 371 1362 υ
402 1301 700 1385 imposita
725 1301 804 1365 ad
835 1298 1285 1381 complendum
1310 1312 1506 1378 opera
1528 1291 1640 1357 ad·

92 1411 409 1496 juvand0.
439 1409 600 1476 Nam
636 1427 752 1493 per
777 1425 1012 1474 manus
1035 1423 1202 1491 opus
1223 1402 1642 1483 intelligitur;

86 1520 211 1585 -sed
226 1538 346 1603 per
358 1519 928 1602 apprehensionem
946 1514 1362 1598 adjutorium,
1380 1529 1455 1575 eo
1474 1508 1649 1592 quod

100 1632 283 1694 tanta
307 1631 406 1693 est
430 1626 716 1691 humana
737 1623 1075 1706 fragilitas,
1106 1621 1277 1703 quod
1318 1618 1441 1683 nisi
1476 1636 1516 1682 a
1543 1617 1649 1682 di·-

101 1734 258 1801 vina
299 1733 582 1817 potentia
607 1732 980 1815 adjuvetur,
1012 1730 1079 1793 in
1105 1728 1283 1793 nullo
1329 1726 1499 1791 bono
1538 1742 1651 1808 per

104 1861 173 1908 se
195 1844 407 1925 potest
431 1841 738 1924 proficere
756 1887 774 1917 ,
801 1839 910 1903 sed
949 1838 1163 1921 potius
1189 1833 1477 1901 deficere.
1519 1853 1550 1892 a
1572 1829 1652 1895 Et

105 1948 363 2014 servavi
407 1953 471 2013 te
509 1947 588 2012 ad
631 1944 1140 2030 permanendum
1181 1943 1251 2007 in
1289 1940 1416 2018 eis,
1446 1954 1654 2023 perse-

106 2055 467 2121 verantiam
493 2053 725 2119 dando.
756 2051 968 2117 Tertio
1004 2047 1424 2133 apprehendit
1447 2045 1653 2111 Domi-

106 2182 228 2229 nus
253 2163 593 2228 inssrmum
621 2179 736 2244 per
775 2158 1210 2225 fortitudinem
1234 2156 1557 2240 patientiae
1583 2155 1651 2220 in

105 2268 484 2335 toleratione
529 2266 680 2331 mali
708 2266 930 2332 inflicti
956 2285 973 2346 ;
1002 2266 1082 2332 de
1127 2283 1255 2348 quo
1308 2267 1511 2346 potest
1551 2262 1652 2326 in-

107 2376 312 2459 telligi
329 2374 494 2442 illud
514 2374 863 2440 Psalmistae
880 2374 904 2410 ²
932 2390 951 2438 :
984 2371 1448 2456 «Apprehende
1475 2387 1656 2434 arma

109 2489 170 2549 et
193 2489 478 2563 scutum,
507 2487 571 2548 et
591 2499 842 2563 exurge
869 2481 939 2545 in
965 2480 1361 2561 adjutorium
1398 2478 1582 2542 mihi.
1612 2498 1645 2537 n

109 2591 229 2664 Per
253 2607 444 2659 arma
470 2589 892 2672 designantur
916 2588 1210 2667 virtutes,
1232 2587 1472 2671 quibus
1498 2585 1657 2652 vitia

111 2699 620 2783 impugnantum
656 2714 770 2779 per
793 2701 1050 2763 scutum
1082 2694 1389 2777 patientia
1415 2693 1649 2758 intelli-

111 2807 309 2887 gitur,
341 2822 458 2888 per
473 2821 669 2885 quam
700 2803 870 2869 mala
888 2802 1240 2870 tolerantur
1257 2802 1452 2866 illata.
1477 2800 1656 2867 Unde

114 2920 265 2978 tunc
320 2911 494 2977 Deus
546 2910 967 2995 apprehendit
1019 2928 1202 2974 arma
1251 2915 1316 2975 et
1358 2912 1616 2975 scutum
1634 2955 1652 2989 ‚

117 3020 370 3104 qnando
396 3018 679 3083 infundit
710 3017 956 3084 homini
983 3017 1255 3084 virtutes
1279 3017 1514 3101 quibus
1537 3018 1659 3081 im-

119 3131 367 3212 pugnat
391 3126 552 3192 vitia
577 3128 642 3190 et
677 3128 962 3208 peccata,
992 3129 1057 3189 et
1083 3124 1477 3208 patientiam,
1507 3143 1659 3190 cum

119 3254 245 3320 qua
270 3236 501 3302 tolerat
524 3234 693 3299 mala
719 3229 932 3314 illata3
974 3234 1085 3300 sed
1110 3235 1326 3317 surgit
1353 3237 1430 3301 in
1461 3235 1657 3318 addu-

123 3347 358 3411 torium
374 3391 396 3424 ,
447 3342 709 3426 quando
761 3359 910 3407 cum
963 3342 1311 3407 tentatione
1353 3343 1658 3409 vitiorum

126 3452 265 3516 facit
278 3455 663 3535 proventum
677 3449 995 3515 virtutum
1006 3496 1020 3511 .
1043 3448 1221 3515 Unde
1231 3448 1582 3532 Gregorius
1600 3450 1623 3486 ³
1640 3473 1656 3516 ε

126 3556 252 3622 Nisi
291 3556 652 3622 misericors
687 3555 850 3622 Deus
882 3557 961 3640 (a)
1000 3557 1246 3623 viribus
1273 3562 1663 3623 tentamenta

129 3666 458 3746 modificet,
488 3666 710 3732 nullus
749 3671 845 3731 est
887 3668 1001 3750 qui
1038 3667 1355 3732 malorum
1388 3668 1470 3748 (b)
1501 3667 1658 3732 insi-

128 3771 257 3839 dias
281 3776 525 3841 evitare
548 3775 746 3858 possit
773 3777 875 3857 (c).
906 3796 937 3835 ι

202 3884 495 3950 Secundo
514 3888 776 3950 notatur
787 3883 992 3967 culpas
1018 3883 1319 3967 expiatio,
1340 3901 1491 3948 cum
1514 3883 1661 3948 sub-

128 3991 261 4058 dit:
299 3995 608 4061 Sanavit.
657 3992 817 4069 Quia
872 3991 1174 4075 quaelibet
1220 3991 1455 4058 Christi
1499 3992 1663 4057 actio

131 4103 338 4166 nostra
360 4105 459 4166 est
485 4100 816 4165 instructio
830 4146 849 4177 ,
878 4099 1022 4164 ideo
1048 4117 1163 4181 per
1190 4100 1664 4182 procurationes

132 4204 571 4271 infirmitatum
596 4225 939 4291 corporum
967 4225 1007 4271 a
1036 4206 1281 4274 Christo
1305 4207 1501 4271 factas
1524 4207 1664 4270 ins-

134 4313 406 4380 truimur
446 4314 858 4398 spiritualiter
906 4313 1264 4396 intelligere
1305 4314 1665 4379 curationes

135 4419 432 4488 vitiorum
459 4422 775 4505 spiritum.
807 4421 985 4488 Unde
1026 4421 1082 4487 si
1122 4423 1425 4488 volumus
1453 4423 1662 4488 scien-

137 4525 357 4593 tialiter
382 4528 750 4613 procedere,
781 4531 990 4614 primo
1023 4529 1360 4596 videamus
1385 4549 1534 4613 quae
1558 4549 1664 4595 ac-

140 4633 344 4700 cidunt
368 4636 474 4700 isti
500 4637 726 4702 morbo
760 4637 1092 4721 hydropisi
1138 4637 1485 4717 materiali,
1516 4637 1669 4720 quia

142 4756 244 4821 mr
271 4742 395 4808 hoc
420 4743 798 4809 devenimus
837 4744 908 4808 in
954 4745 1394 4827 cognitionem
1418 4743 1665 4828 hydro·

144 4846 284 4926 pisis
306 4848 678 4933 spirituaIiS,
705 4850 772 4914 id
794 4854 915 4930 est,
944 4852 1184 4933 peccati
1214 4874 1231 4917 ε
1260 4858 1323 4917 et
1348 4852 1433 4935 (d)
1462 4852 1552 4916 sic
1570 4870 1669 4917 co-

145 4954 316 5032 gnito
357 4957 587 5022 morbo
616 4957 956 5041 utriusque
987 4958 1355 5042 hydropisis
1372 5008 1394 5040 ‚
1441 4960 1671 5025 melius

140 5062 586 5145 explicabimus
613 5066 969 5134 curationes
995 5069 1062 5131 et
1073 5065 1360 5133 remedia
1382 5066 1671 5134 exhibita

201 5261 215 5289 ¹
247 5260 362 5322 isa„
400 5272 539 5325 xm,
575 5264 624 5313 6.
653 5289 716 5301 -
745 5262 763 5294 ²
811 5262 947 5313 Psal.
988 5275 1166 5325 xxxiv,
1203 5266 1251 5314 2.
1278 5290 1340 5302 —
1379 5263 1401 5297 ⁸
1435 5265 1672 5329 Gregor„

141 5328 337 5454 ger-0¹16,
363 5330 453 5383 lib.
480 5334 566 5398 lx,
591 5347 643 5384 c.
672 5344 819 5398 uvi,
844 5334 911 5387 al.
936 5346 1061 5398 xxv,
1089 5348 1146 5385 n.
1174 5337 1253 5388 71.
1282 5360 1338 5372 -—
1368 5335 1390 5371 δ
1416 5335 1554 5400 Luc„
1574 5347 1670 5396 vn,

220 5439 238 5466 ,
327 5441 343 5457 .

3163 413 3283 479 435

1748 556 1786 606 a
1813 538 2095 618 Christo,
2130 541 2374 608 medico
2416 557 2757 627 corporum
2794 547 2859 612 et
2900 545 3280 615 animatum.

1750 645 2057 722 Quamvis
2082 649 2258 714 enim
2279 650 2481 715 multa
2504 651 2795 716 accidant
2814 654 3038 720 morbo
3054 653 3286 739 hydro-
3346 670 3528 745 φὼς»-

1749 754 1906 836 pisis
1933 756 2400 838 principaliter,
2440 761 2656 822 tamen
2683 759 2807 826 tria
2835 765 2985 825 sunt
3011 762 3153 844 ejus
3179 782 3285 828 ac-
3313 737 3528 852 Ῑζζζῃῃῗῖ

1751 860 2022 926 cidentia
2048 884 2064 926 :
2087 868 2150 927 et
2169 865 2451 946 primum
2481 871 2575 931 est
2601 868 2880 950 corporis
2898 877 3135 948 tumor,
3153 873 3289 938 sive
3314 859 3398 902 ‘¹⁸⁰

1750 967 2172 1034 inflammatio
2195 1019 2212 1047 ,
2264 990 2380 1053 per
2425 991 2621 1056 quam
2663 975 3043 1058 intelligitur
3062 997 3287 1062 super-

1752 1073 1856 1138 bia
1874 1098 1893 1153 ;
1923 1075 2300 1157 secundum,
2331 1079 2649 1145 anhelitus
2662 1082 2869 1163 foetor,
2887 1086 3023 1150 sive
3043 1087 3290 1152 abomi-

1755 1182 1925 1246 natio
1944 1230 1962 1254 ,
1995 1201 2110 1265 per
2146 1202 2342 1266 quam
2392 1186 2777 1271 intelligitur
2818 1191 3112 1272 luxuria3
3160 1198 3291 1261 ter·

1755 1289 1918 1352 tium
1949 1294 2046 1355 est
2074 1290 2211 1355 sitis
2237 1293 2447 1372 ardor,
2476 1299 2538 1359 et
2565 1281 2885 1363 anhelatio
2905 1346 2927 1378 ‚
2956 1318 3071 1383 per
3095 1320 3294 1385 quam

1756 1396 2137 1479 intelligitur
2190 1402 2480 1467 avaritia.
2542 1402 2719 1470 Unde
2771 1411 2924 1471 tunc
2986 1408 3295 1476 Dominus

1757 1507 2007 1570 sanavit
2054 1505 2479 1591 hydropicum
2521 1528 2649 1575 non
2698 1513 2906 1578 solum
2956 1515 3296 1599 corporali·

1758 1613 1877 1688 ter,
1908 1609 2020 1673 sed
2051 1611 2245 1674 etiam
2281 1611 2724 1696 spiritualiter,
2753 1618 3008 1700 quando
3046 1620 3297 1684 sanavit

1757 1716 1969 1799 primo
1996 1722 2319 1783 tumorem
2353 1718 2702 1786 inflationis
2737 1723 3052 1806 superbias
3077 1743 3190 1809 per
3211 1726 3294 1790 ti-

1761 1842 2008 1890 morem
2048 1826 2461 1906 humilitatis;
2509 1830 2788 1895 secundo
2820 1831 3109 1896 soetorem
3151 1834 3299 1898 abo-

1762 1932 2131 1997 minationis
2165 1934 2441 2000 luxuriae
2480 1954 2595 2019 per
2639 1938 2930 2004 decorem
2956 1941 3294 2021 castitatis3

1765 2039 1951 2104 tertio
1977 2041 2273 2106 ardorem
2310 2043 2583 2109 exitialis
2627 2047 2916 2113 avaritiae
2958 2066 3071 2130 per
3118 2033 3298 2114 amo-

1763 2164 1901 2211 rem
1925 2150 2338 2232 paupertatis,
2362 2151 2535 2235 ut·(e)
2558 2152 2651 2217 sic
2671 2154 2886 2219 anima
2907 2154 3298 2238 deordinata,

1763 2259 1827 2319 et
1850 2273 2079 2320 aversa
2119 2276 2156 2320 a
2195 2256 2498 2332 Trinitate
2527 2278 2967 2343 personarum,
3008 2263 3304 2330 videlicet

1764 2380 1803 2424 a
1832 2361 2041 2426 Patris
2067 2364 2350 2445 potentia
2375 2383 2489 2448 per
2514 2369 2839 2433 tumorem
2879 2370 3235 2453 superbiae,
3264 2391 3305 2438 a

1763 2467 1906 2533 Filii
1957 2471 2272 2555 sapientia
2318 2491 2435 2556 per
2484 2475 2774 2540 foetorem
2816 2477 3094 2544 luxuriae
3113 2528 3133 2560 ‚
3175 2482 3241 2547 et
3265 2499 3306 2544 a

1767 2576 2043 2661 Spiritus
2067 2581 2271 2646 sancti
2293 2581 2628 2648 clementia
2653 2602 2768 2667 per
2808 2585 3103 2651 ardorem
3142 2605 3300 2652 ava-

1762 2685 1929 2751 ritiae
1949 2734 1968 2764 ,
1997 2688 2327 2753 ordinetur
2364 2695 2430 2755 et
2470 2697 2881 2758 convertatur
2922 2694 3003 2759 ad
3048 2693 3305 2761 Patrem

1764 2813 1880 2878 per
1907 2796 2203 2862 timorem
2234 2799 2637 2880 humilitatis,
2668 2802 2749 2867 ad
2774 2802 3010 2869 Filium
3035 2823 3151 2888 per
3190 2806 3301 2872 de-

1766 2920 1980 2968 corem
2008 2905 2331 2986 castitatis,
2353 2911 2416 2972 et
2440 2908 2521 2972 ad
2540 2908 2847 2991 Spiritum
2866 2919 3159 2978 sanctum
3186 2933 3305 2998 per

1768 3028 2055 3076 amorem
2108 3016 2530 3096 paupertatis;
2577 3021 2641 3081 et
2677 3019 2768 3082 sic
2803 3019 2873 3083 in
2917 3039 3047 3104 quo
3097 3023 3309 3090 fuerat

1767 3121 2004 3204 peccati
2021 3169 2042 3201 ‚.
2092 3122 2199 3187 vel
2239 3123 2471 3189 diaboli
2511 3127 2859 3209 vestigium
2881 3177 2898 3209 ,
2929 3130 3212 3196 reluceat
3237 3131 3307 3197 in

1768 3247 1844 3294 eo
1868 3230 2219 3312 vestigium
2239 3229 2589 3297 Trinitatis.

1850 3336 2068 3403 Primo
2094 3344 2276 3405 sanat
2303 3339 2608 3416 Dominus
2630 3343 3037 3425 spiritualiter
3063 3345 3308 3430 hydro-

1770 3443 1983 3527 picum
2015 3464 2056 3510 a
2082 3453 2336 3511 tumore
2360 3448 2703 3514 inflationis
2733 3451 3051 3535 superbias
3076 3471 3191 3535 per
3222 3454 3304 3518 ti-

1770 3569 2018 3616 morem
2048 3553 2463 3635 humilitatis;
2490 3557 2659 3622 etde
2684 3557 2808 3623 hoc
2835 3562 3039 3643 potest
3065 3561 3307 3644 exponi

1769 3658 1929 3725 illud
1956 3660 1978 3695 ⁸
2015 3682 2029 3725 :
2072 3685 2103 3722 α
2138 3660 2425 3742 Domine,
2457 3681 2589 3728 non
2616 3683 2761 3730 sum
2804 3667 3068 3749 dignus,
3098 3673 3175 3738 ut
3200 3670 3304 3735 in-

1769 3775 1899 3836 tres
1923 3769 2045 3834 sub
2071 3773 2306 3836 tectum
2335 3790 2554 3837 meum
2585 3795 2599 3839 :
2628 3777 2888 3857 propter
2905 3775 3076 3859 quod
3101 3778 3304 3860 meip-

1768 3897 1910 3947 sum
1957 3879 2299 3943 arbitratus
2344 3899 2477 3945 non
2516 3898 2666 3945 sum
2710 3882 2951 3964 dignus
2981 3883 3199 3949 venire
3224 3886 3307 3952 ad

1769 3987 1832 4048 te
1862 4003 1880 4049 ε
1915 3986 2025 4050 sed
2051 3989 2302 4050 tantum
2330 3986 2430 4051 dic
2454 3987 2675 4068 verbo,
2701 3991 2766 4053 et
2791 3989 3120 4055 sanabitur
3146 4008 3309 4073 puer

1773 4111 1979 4157 meus.
2003 4115 2036 4153 n
2072 4092 2151 4158 Et
2178 4095 2507 4176 sequitur:
2548 4118 2579 4156 ι
2608 4095 2997 4163 Invenerunt
3021 4117 3307 4179 servum,

1770 4202 1881 4285 qui
1916 4202 2258 4284 languerat
2290 4205 2390 4285 (1),
2425 4222 2678 4270 sanum.
2713 4228 2745 4265 υ
2781 4204 2998 4275 Primo
3027 4208 3133 4275 ille
3160 4226 3309 4274 cen-

1771 4311 1964 4390 turio,
1995 4311 2452 4377 considerando
2478 4312 2713 4379 divinas
2741 4317 3088 4398 majestatis
3107 4316 3316 4383 altitu-

1772 4421 2010 4502 dinem,
2038 4421 2190 4486 dicit
2222 4442 2239 4485 ε
2272 4421 2536 4489 Domine
2554 4471 2576 4503 ‚
2604 4439 2737 4491 non
2769 4440 2915 4491 sum
2942 4425 3206 4511 dianus,
3239 4433 3316 4496 ut

1775 4530 1978 4596 intres
2024 4528 2143 4594 sub
2191 4533 2419 4596 tectum
2467 4546 2693 4597 meum.
2746 4531 3037 4600 Secundo
3059 4582 3077 4612 ‚
3124 4554 3315 4600 reco-

1774 4636 2135 4721 gnoscendo
2158 4636 2434 4720 propriae
2458 4637 2846 4712 infirmitatis
2868 4641 3201 4721 vilitatem,
3233 4644 3313 4726 (ρ)

1775 4745 1988 4811 subdit
2021 4767 2036 4808 ε
2076 4744 2336 4827 Propter
2360 4744 2534 4828 quod
2557 4746 2871 4828 meipsum
2890 4763 3022 4814 non
3047 4765 3190 4815 sum
3215 4750 3320 4817 di·

1773 4869 1971 4937 qnum
1998 4852 2352 4920 arbitratus
2381 4854 2593 4919 venire
2619 4851 2711 4919 ad
2729 4858 2787 4921 te
2814 4876 2842 4920 .·
2864 4872 2997 4920 non
3026 4855 3198 4921 enim
3216 4857 3319 4921 in·-

1775 4959 2105 5041 dignitatis
2129 4959 2340 5026 vilitas
2357 4978 2508 5026 eum
2539 4959 2775 5025 latebat
2792 4979 2906 5044 per
2919 4963 3307 5044 superbiam,

1777 5067 1884 5133 sed
1923 5072 2075 5132 nota
2100 5070 2235 5132 erat
2266 5084 2380 5150 per
2421 5067 2851 5133 humilitatem
2892 5069 3312 5153 praeeipuam.

1843 5194 1912 5258 (α)
1939 5192 2113 5258 Suppl.
2143 5206 2279 5245 cum.
2307 5219 2362 5230 —
2397 5192 2462 5258 (ὁ)
2496 5193 2645 5258 Apud
2670 5194 2821 5258 Gre9.
2850 5194 3193 5261 malignorum
3218 5199 3323 5263 epi-

1775 5265 2058 5320 rituum.-
2093 5262 2156 5327 (c)
2192 5261 2320 5314 Ibid.
2358 5278 2468 5318 non
2494 5278 2739 5317 corruens
2773 5270 2960 5329 portet.
2992 5292 3054 5306 -
3085 5267 3160 5334 (d)
3193 5270 3318 5324 Goet.

1775 5336 1897 5386 edit.
1936 5339 2011 5387 nt.
2055 5361 2118 5374 —-
2165 5334 2229 5401 (e)
2265 5337 2389 5386 Item
2427 5341 2497 5388 et.
2536 5363 2600 5377 —
2641 5337 2713 5402 (s)
2753 5337 2878 5389 Item
2917 5338 3211 5404 languebat.
3256 5367 3311 5384 -·

1778 5408 1849 5473 (q)
1880 5407 2002 5459 Goee.
2038 5406 2157 5458 edit.
2184 5408 2424 5474 promiti.
2455 5422 2592 5460 cum.
