4059 6317
694 423 813 487 144

688 555 879 640 plena
901 558 1333 638 conversione,
1361 576 1524 642 pura
1567 559 1916 625 intentione
1933 610 1952 641 ,
1995 559 2226 624 devota

690 664 1188 745 continuatione,
1219 669 1284 730 et
1310 665 1754 733 humiliatione
1779 685 1955 732 vera.

771 769 858 835 De
885 772 1092 854 primo
1121 778 1141 814 1
1188 795 1203 837 :
1239 795 1271 834 α
1313 773 1387 837 In
1431 777 1564 838 toto
1597 774 1786 839 corde
1828 777 2042 838 vestro
2075 790 2225 836 con-

692 877 1014 941 vertimini
1045 877 1126 942 ad
1155 896 1279 957 me,
1309 878 1461 943 dicit
1498 880 1822 959 Dominus,
1865 880 1931 944 in
1951 878 2223 962 jejunio,

691 990 755 1049 et
778 985 968 1063 fletu,
994 1007 1025 1045 n
1061 988 1181 1050 etc.
1212 986 1335 1063 Qui
1366 1005 1529 1069 ergo
1546 988 1689 1052 vult
1714 987 2033 1052 meritorie
2054 988 2226 1069 jeju-

690 1110 869 1170 nare,
884 1094 1093 1175 primo
1115 1097 1546 1160 convertatur.
1566 1094 1800 1160 Parum
1822 1096 1995 1159 enim
2013 1098 2108 1159 est
2123 1093 2231 1157 ab·

694 1202 927 1266 stinere
957 1220 997 1266 a
1023 1202 1201 1282 cibis,
1228 1203 1484 1286 quando
1517 1221 1649 1268 non
1680 1204 2034 1268 abstinetur
2071 1221 2111 1268 a
2135 1203 2228 1267 vi·

695 1308 796 1372 tiis
816 1314 841 1348 1
877 1330 893 1374 :
929 1331 962 1371 ι
991 1310 1148 1374 Ecce
1175 1311 1245 1375 in
1273 1313 1374 1377 die
1393 1312 1625 1396 jejunii
1666 1314 1861 1378 vestri
1905 1311 2231 1376 invenitur

693 1417 993 1482 voluntas
1015 1421 1258 1497 vestra,
1287 1423 1351 1483 et
1376 1436 1602 1484 omnes
1641 1420 1951 1485 debitores
1985 1423 2232 1484 vestros

693 1526 996 1608 repetitis.
1026 1525 1184 1591 Ecce
1212 1526 1293 1590 ad
1317 1526 1484 1606 lites,
1515 1530 1579 1591 et
1603 1528 2037 1593 contentiones
2054 1528 2226 1611 jeJu-

693 1632 883 1697 natis.
911 1654 941 1693 n
975 1632 1253 1698 Isidorus
1275 1633 1299 1670 ⁸
1331 1652 1348 1696 :
1388 1655 1421 1695 α
1454 1634 1576 1711 Qui
1606 1634 1762 1699 cibis
1787 1633 2129 1714 abstinent,
2167 1638 2234 1699 et

693 1758 893 1824 prava
930 1744 1172 1822 agunt,
1223 1741 1546 1807 daemones
1590 1737 1946 1820 imitantur,
1998 1740 2233 1824 quibus

694 1864 838 1913 esca
863 1865 995 1912 non
1021 1851 1140 1925 est,
1169 1851 1233 1913 et
1252 1850 1540 1932 nequitia
1567 1868 1818 1932 semper
1843 1852 1961 1914 est.
1987 1870 2017 1908 n
2059 1847 2227 1928 Ideo,

697 1960 771 2020 ut
793 1955 854 2020 di
861 1974 992 2038 gne
1014 1958 1377 2040 jejunetur,
1424 1957 1719 2022 contritio
1759 1975 1945 2035 vera,
1995 1956 2234 2021 confes-

696 2065 816 2144 sio,
840 2065 1199 2144 satisfactio,
1222 2065 1470 2148 jejunio
1491 2066 1898 2130 associentur.
1930 2062 2231 2128 Contritio

697 2190 888 2252 vera3
920 2173 1094 2237 unde
1115 2172 1345 2237 dicitur
1376 2173 1396 2208 ¹
1425 2194 1442 2236 :
1471 2195 1501 2233 α
1520 2171 1974 2237 Convertimini
1989 2171 2057 2233 in
2068 2172 2234 2253 jeju·

696 2279 831 2360 nio,
859 2285 923 2345 et
945 2280 1123 2357 fletu,
1147 2300 1179 2340 n
1214 2284 1332 2344 etc.
1363 2279 1524 2344 Item
1558 2278 1864 2344 confessio
1891 2288 1914 2320 ⁶
1946 2301 1961 2343 :
1994 2301 2026 2339 α
2049 2278 2229 2343 Josa-

699 2389 856 2472 phat
880 2387 1109 2452 timore
1154 2389 1553 2470 perterritus,
1603 2391 1813 2452 totum
1849 2404 1918 2451 se
1965 2385 2233 2451 contulit

699 2494 776 2559 ad
806 2494 1168 2576 rogandum
1199 2492 1563 2570 Dominum,
1593 2495 1658 2558 et
1674 2493 2042 2576 praedicavit
2058 2493 2232 2575 jeJu-

701 2602 882 2666 nium
907 2602 975 2664 in
1002 2600 1304 2666 universo
1328 2599 1513 2665 Iuda.
1547 2621 1579 2660 ι
1611 2600 1645 2666 J
1651 2600 1774 2665 uda
1799 2600 2111 2679 confessio
2139 2599 2234 2663 in-

701 2713 1106 2793 terpretatur.
1137 2706 1258 2784 Qui
1298 2725 1459 2789 ergo
1504 2707 1702 2789 digne
1737 2709 1876 2773 vult
1907 2707 2230 2791 jejunare,

702 2818 887 2883 debet
904 2819 1159 2900 peccata
1175 2815 1456 2881 confiteri
1466 2861 1481 2878 .
1513 2815 1669 2880 Item
1692 2816 2031 2881 satisfactio
2053 2839 2069 2881 :
2090 2816 2236 2880 licet

704 2926 874 2991 enim
900 2944 1049 3008 pars
1069 2925 1152 2989 sit
1175 2924 1634 3003 satisfactionis,
1670 2929 1882 2988 tamen
1910 2924 2055 2989 aliae
2080 2943 2233 3008 par-

704 3037 799 3097 tes
831 3032 1200 3097 omittendae
1224 3050 1360 3097 non
1395 3055 1426 3092 a
1449 3035 1617 3096 sunt.
1649 3032 1671 3068 ⁸
1707 3031 1883 3097 Bona
1909 3039 2005 3097 est
2030 3032 2233 3096 oratio

704 3159 851 3206 cum
882 3139 1132 3224 jejunio
1146 3186 1168 3219 ,
1218 3143 1282 3203 et
1309 3139 1710 3222 eleemosyna
1723 3186 1745 3218 ,
1793 3138 2003 3220 magis
2038 3157 2235 3222 quam

705 3247 1035 3313 thesauros
1060 3247 1421 3311 recondere.
1446 3268 1478 3307 ι)

786 3353 870 3418 De
898 3353 1176 3419 secundo
1203 3353 1227 3389 ⁸
1258 3374 1273 3417 z
1310 3376 1342 3415 α
1379 3352 1725 3417 Audientes
1768 3351 2130 3434 plorabant,
2173 3358 2238 3418 et

700 3462 1100 3546 jejunabant,
1116 3464 1180 3525 et
1192 3460 1458 3525 orabant
1471 3459 1539 3523 in
1557 3463 1895 3542 conspectu
1910 3459 2182 3540 Domini,
2197 3485 2228 3522 n

705 3587 837 3634 non
878 3569 950 3633 in
975 3572 1314 3651 conspectu
1348 3566 1687 3632 hominum
1717 3583 1737 3630 t
1764 3568 1833 3629 in
1869 3584 1998 3650 quo
2038 3575 2242 3633 osten-

707 3678 904 3755 ditur,
935 3694 1132 3759 quam
1159 3693 1321 3757 pura
1357 3674 1580 3739 debeat
1604 3691 1743 3739 esse
1772 3673 2036 3739 intentio
2073 3676 2241 3758 Jeju-

705 3784 940 3849 nantis.
970 3782 1131 3849 Nota
1149 3800 1306 3864 ergo
1331 3781 1500 3865 quod
1535 3780 1959 3863 jejunandum
1989 3784 2242 3845 estnon

708 3891 1057 3956 intentione
1085 3888 1393 3971 placendi,
1424 3906 1556 3953 non
1581 3887 1929 3967 retinendi,
1972 3905 2105 3953 non
2130 3905 2242 3953 no—

709 3998 915 4063 cendi.
960 3996 1053 4080 Jej
1062 3995 1392 4061 unandum
1435 3996 1658 4078 utique
1706 4013 1837 4061 non
1882 3994 1964 4059 ad
1997 3993 2244 4077 placen-

711 4106 890 4186 dum,
923 4104 1160 4170 scilicet
1186 4103 1254 4167 in
1280 4106 1620 4186 conspectu
1646 4101 2014 4167 mortalium
2042 4102 2245 4168 homi-

712 4231 872 4279 num
884 4233 906 4295 3
935 4212 1140 4278 sedin
1185 4215 1522 4294 conspectu
1558 4209 1689 4275 Dei.
1730 4208 1907 4274 Unde
1948 4209 2244 4293 superius

713 4322 941 4387 dicitur
956 4320 981 4357 '¹
1012 4338 1032 4385 t
1070 4342 1101 4380 α
1122 4318 1278 4383 Cum
1301 4316 1626 4400 jejunatis,
1650 4336 1682 4376 υ
1705 4320 1850 4393 etc„
1871 4334 2077 4399 usque
2103 4338 2135 4377 α
2151 4332 2245 4380 re-

715 4431 1019 4512 ceperunt
1061 4425 1416 4491 mercedem
1456 4442 1662 4489 suam.
1705 4445 1736 4485 n
1789 4426 1945 4487 Item
1988 4440 2123 4487 non
2162 4422 2243 4487 ad

713 4530 1141 4596 retinendum.
1188 4526 1369 4592 Multi
1424 4527 1596 4591 enim
1640 4530 1826 4605 sunt,
1865 4525 1978 4608 qui
2014 4542 2244 4607 parum

712 4637 1061 4704 comedunt
1083 4638 1340 4719 propter
1372 4634 1766 4717 parcitatem,
1791 4637 1866 4698 ut
1901 4631 2241 4712 retineant,

714 4753 778 4812 et
800 4765 928 4824 res,
979 4749 1043 4808 et
1085 4758 1394 4827 pauperes
1419 4741 1487 4805 in
1513 4740 1822 4805 damnum
1851 4739 2111 4805 habent.
2158 4740 2245 4805 De

714 4871 944 4920 eorum
959 4851 1208 4935 jejunio
1237 4848 1579 4930 Gregorius
1602 4847 1624 4883 ⁸
1653 4865 1670 4912 ε
1714 4869 1746 4908 α
1767 4847 1908 4913 Non
1943 4848 2104 4928 Deo,
2135 4849 2247 4914 sed

714 4961 836 5027 sibi
853 4960 1126 5044 quisque
1148 4958 1420 5040 jejunat,
1464 4954 1520 5019 si
1545 4973 1621 5020 ea
1638 5002 1658 5035 ‚
1699 4971 1846 5037 quae
1875 4955 1956 5020 ad
1992 4959 2247 5038 tempus

715 5067 925 5136 ventri
978 5064 1330 5144 subtrahit,
1375 5081 1504 5130 non
1550 5063 1937 5147 pauperibus
1980 5063 2242 5143 tribuit,

779 5270 794 5300 ¹
821 5266 968 5331 Joet„
1014 5277 1083 5332 11,
1126 5267 1208 5316 12.
1247 5287 1311 5302 —
1348 5262 1369 5293 ²
1395 5260 1515 5327 Im„
1555 5272 1705 5324 mu,
1743 5261 1851 5364 34:
1876 5284 1938 5298 -
1977 5258 2001 5295 ⁸
2034 5258 2152 5310 isid.
2182 5286 2244 5300 —

717 5334 1721 5475 2¹2¹is⁰2351¹222¹52t023335s235¹¹2⁸5
1748 5357 1812 5455 ῖῐ.
1843 5332 2099 5468 „3⁸23
2112 5333 2246 5467 §⁵131

1782 417 2199 492 SERMONES
2239 413 2340 486 DE
2379 413 2774 489 TEMPORE.

2339 556 2448 620 sed
2471 557 2682 639 ventri
2712 563 2855 642 post
2875 560 3196 627 modicum
3224 557 3543 624 offerenda
3573 552 3861 623 custodit.

2338 662 2496 728 Item
2532 683 2663 730 non
2703 666 2781 731 ad
2817 667 3196 748 nocendum,
3249 667 3408 731 sicut
3450 666 3566 746 illi,
3609 666 3687 731 de
3732 665 3869 747 qui-

2336 772 2458 835 bus
2482 773 2506 808 ⁹
2541 796 2557 838 ε
2592 796 2624 835 α
2650 773 3166 841 Praedicaverunt
3184 774 3532 857 ieiunium,
3567 777 3633 837 et
3653 772 3868 837 sedere

2337 878 2625 943 fecerunt
2651 877 2705 945 N
2708 882 2878 946 abot.
2917 905 2948 942 n
2980 882 3441 965 Jejunaverunt
3466 884 3541 948 ut
3573 880 3873 944 innocen-

2338 990 2470 1052 tem
2496 989 2872 1069 occiderent‚
2902 995 2977 1056 ut
3010 1009 3125 1074 per
3143 991 3467 1074 jejunium
3497 989 3737 1053 malitia
3762 1006 3867 1054 eo-

2339 1111 2489 1157 rnm
2531 1096 2918 1178 palliaretur.
2971 1096 3064 1163 Ita
3096 1097 3390 1162 homines
3432 1095 3721 1161 haeretici
3743 1143 3761 1171 ,
3810 1100 3875 1160 et

2340 1203 2622 1284 perversi
2646 1202 2983 1269 Christiani
3005 1205 3246 1270 bonum
3274 1204 3605 1281 simulant,
3635 1207 3714 1268 ut
3734 1220 3871 1267 ma-

2341 1309 2445 1389 gis
2470 1314 2758 1375 noceant.
2791 1308 2894 1376 Sic
2918 1311 3113 1377 Iudas
3138 1310 3356 1376 osculo
3383 1309 3727 1376 Dominum
3755 1315 3878 1375 tra-

2340 1415 2519 1481 didit.
3501 1476 3505 1480 ,

2418 1521 2505 1587 De
2542 1523 2730 1589 tertio
2755 1525 2802 1565 ¹⁰
2842 1545 2858 1589 ε
2899 1547 2931 1586 οι
2955 1523 3268 1601 Quoniam
3297 1525 3624 1590 exaudivit
3662 1523 3877 1589 Domi-

2336 1648 2461 1695 nus
2489 1648 2705 1713 preces
2729 1635 2999 1708 vaetras,
3037 1632 3092 1696 si
3133 1635 3463 1696 manentes
3503 1649 3877 1714 permanse-

2340 1736 2499 1816 ritis,
2529 1738 2600 1801 in
2631 1738 2899 1822 jejuniis
2925 1742 2991 1803 et
3027 1737 3569 1802 obsecrationibus
3602 1737 3679 1801 in
3720 1755 3878 1801 con-

2338 1848 2560 1927 spectu
2612 1844 2882 1910 Domini.
2940 1866 2971 1906 n
3024 1843 3193 1910 Bene
3248 1845 3510 1928 quidam
3558 1843 3882 1928 incipiunt

2331 1952 2601 2036 jejunia,
2632 1952 2742 2018 sed
2766 1953 2890 2017 cito
2926 1953 3257 2018 desistunt.
3297 1952 3569 2032 Quidam
3602 1973 3743 2019 uno
3775 1954 3879 2018 die

2332 2059 2564 2141 jejunii
2588 2062 2762 2137 sunt,
2799 2059 2960 2124 ebrii
2995 2059 3218 2125 altero.
3262 2059 3660 2126 Continuatio
3693 2062 3793 2144 jej
3803 2079 3879 2125 u-

2338 2166 2452 2245 nii,
2482 2167 2802 2249 praecipue
2831 2170 3046 2232 autem
3072 2166 3388 2232 abstinere
3422 2186 3461 2231 a
3495 2167 3878 2250 superfluis,

2338 2275 2508 2341 valet
2531 2279 2751 2339 contra
2781 2276 3061 2358 pericula
3085 2276 3280 2339 trium
3306 2274 3589 2339 hostium
3617 2279 3878 2340 nostro·

2340 2399 2511 2461 rum,
2551 2381 2840 2447 videlicet
2864 2382 3125 2461 diaboli;
3163 2381 3336 2447 unde
3360 2377 3643 2446 Christus
3674 2379 3886 2446 Satan

2339 2489 2526 2569 vicit,
2574 2507 2723 2553 cum
2768 2489 3191 2554 continuasset
3221 2487 3544 2571 jejunium
3586 2489 3884 2571 quadra-

2340 2596 2524 2678 ginta
2546 2595 2817 2677 dierum‚
2845 2601 2909 2662 et
2931 2598 3354 2681 quadraginta
3367 2597 3671 2662 noctium.
3704 2597 3882 2661 Am-

2341 2703 2590 2768 brosius
2617 2705 2658 2740 ¹¹
2694 2725 2711 2768 ε
2752 2727 2784 2766 α
2806 2703 3019 2787 Jejuni
3043 2704 3325 2769 hominis
3351 2707 3610 2786 sputum
3651 2705 3709 2768 si
3738 2723 3885 2770 ser-

2342 2829 2500 2894 pens
2547 2811 2935 2892 gustaverit,
2982 2811 3282 2876 moritur.
3324 2831 3357 2871 1>
3407 2808 3595 2875 Vidae
3637 2818 3888 2894 quanta

2342 2922 2440 2984 vis
2458 2919 2691 3002 jejunii
2720 2919 2804 2983 sit
2824 2940 2840 2997 ;
2872 2924 2935 2984 et
2954 2923 3030 2984 ut
3055 2923 3240 3003 sputo
3265 2936 3384 2984 suo
3400 2919 3595 2983 homo
3623 2937 3888 3003 serpen-

2343 3031 2474 3090 tem
2500 3032 2828 3091 terrenum
2857 3027 3188 3106 interficit,
3218 3025 3308 3090 sic
3332 3029 3397 3090 et
3431 3026 3659 3090 merito
3686 3027 3889 3109 spiri-

2344 3134 2604 3198 tualem.
2635 3132 2792 3199 Item
2812 3133 3066 3211 mundi;
3098 3132 3266 3198 unde
3287 3132 3358 3196 in
3375 3131 3656 3216 periculo
3682 3133 3890 3198 maris

2345 3241 2580 3307 Paulus
2606 3245 2671 3307 et
2695 3241 2848 3306 socii
2879 3242 3013 3321 sui,
3043 3240 3365 3324 jejunium
3397 3241 3849 3308 continuantes
3866 3292 3884 3320 ,

2344 3353 2683 3414 evaserunt
2709 3354 2757 3391 ¹¹
2799 3368 2816 3412 ε
2856 3371 2887 3409 α
2914 3347 3149 3425 Quarta
3176 3348 3281 3412 die
3307 3351 3712 3430 expectantes
3732 3397 3752 3427 ,
3784 3351 3887 3432 je-

2337 3457 2485 3539 juni
2526 3460 2998 3540 permanenteS,
3046 3455 3209 3519 nihil
3246 3456 3622 3538 accipientes
3638 3505 3657 3536 ‚
3687 3478 3722 3516 n
3762 3463 3887 3523 etc.

2345 3562 2518 3628 Mare
2532 3567 2744 3629 autem
2765 3563 3080 3628 mundum
3097 3562 3436 3644 significat.
3453 3560 3793 3629 Psalmista
3804 3566 3886 3629 ¹⁸:

2355 3693 2387 3730 α
2416 3669 2546 3734 Hoc
2572 3687 2748 3735 mare
2793 3687 3140 3751 magnum,
3186 3691 3219 3731 ι»
3257 3676 3378 3735 etc.
3426 3670 3585 3735 Item
3630 3673 3886 3751 carnis,

2346 3793 2492 3859 quae
2529 3775 2812 3860 pericula
2848 3775 3319 3841 incontinentiae
3362 3775 3549 3842 nobis
3595 3777 3889 3842 suscitat.

2347 3881 2525 3948 Hanc
2569 3881 2919 3966 jejunando
2962 3880 3114 3945 vicit
3172 3882 3500 3946 continens
3552 3881 3743 3948 Anna
3788 3885 3837 3919 ¹⁸
3868 3905 3887 3949 t

2356 4012 2389 4052 ι
2411 3988 2568 4068 Quae
2595 4007 2725 4054 non
2751 3986 3106 4054 discedebat
3141 3987 3220 4052 de
3260 3987 3497 4071 templo
3533 3988 3799 4071 jejuniis
3825 3994 3893 4054 et

2347 4096 2888 4164 obsecrationibus
2910 4094 3196 4161 serviens
3217 4094 3320 4160 die
3349 4113 3422 4159 ac
3448 4099 3653 4161 nocte.
3683 4116 3716 4156 n

2427 4205 2515 4271 De
2535 4209 2786 4289 quarto,
2817 4201 3260 4267 Psalmista¹‘:
3300 4224 3332 4263 οι
3357 4188 3792 4268 Humiliabam
3819 4204 3891 4269 in

2342 4312 2593 4397 jejunio
2619 4311 2903 4375 animam
2921 4327 3157 4375 meam.
3172 4330 3205 4370 1>
3232 4308 3349 4375 Hic
3364 4313 3581 4375 autem
3604 4311 3887 4391 attende,

2348 4419 2554 4503 qualis
2583 4418 2806 4483 debeat
2821 4434 2967 4496 ‚esse
3006 4416 3368 4481 humiliatio
3401 4417 3611 4499 quoad
3657 4419 3889 4502 proxi·

2348 4547 2550 4595 mum.
2577 4526 2740 4593 Vera
2759 4531 2855 4592 est
2872 4525 3226 4609 jejunantis
3250 4524 3636 4604 humiliatio,
3665 4527 3721 4591 si
3748 4545 3888 4592 non

2350 4638 2431 4702 sit
2473 4635 2682 4721 quoad
2725 4653 2793 4700 se
2834 4634 3227 4698 infructuosa
3252 4631 3297 4673 ¹⁸
3345 4653 3363 4696 ι
3414 4655 3451 4694 α
3476 4631 3599 4711 Qui
3628 4635 3890 4717 ‚ieiunat

2349 4763 2466 4829 pro
2490 4743 2760 4828 peccatis
2786 4741 2949 4818 suis,
2975 4743 3038 4805 et
3075 4741 3310 4805 iterum
3348 4740 3569 4808 eadem
3606 4740 3847 4806 taciens
3866 4789 3885 4822 ,

2351 4851 2505 4934 quid
2530 4848 2780 4934 proficit
2803 4844 3200 4912 humiliando
3229 4847 3342 4910 se?
3367 4866 3400 4907 u
3433 4845 3624 4927 Item,
3666 4847 3891 4914 sinon

2349 4958 2431 5023 sit
2456 4956 2663 5041 quoad
2679 4957 2882 5022 Deum
2896 4958 3425 5038 praesumpmosa,
3448 4953 3609 5020 sicut
3624 4953 3890 5021 illorum

2350 5065 2465 5148 qui
2499 5064 2715 5129 dicunt
2751 5064 2795 5100 ¹⁷
2841 5084 2856 5126 ε
2898 5085 2930 5124 οι
2971 5060 3452 5145 Jejunavimus,
3499 5066 3561 5127 et
3601 5079 3733 5128 non
3778 5082 3885 5129 as-

2351 5287 2414 5300 -
2447 5261 2492 5298 ¹⁰
2516 5259 2712 5325 ludim,
2745 5272 2814 5325 lv,
2849 5263 2928 5311 12.
2954 5285 3017 5299 -
3046 5258 3085 5293 ¹¹
3118 5257 3357 5309 Ambros.
3383 5284 3445 5297 —
3480 5258 3522 5294 ¹²
3547 5260 3680 5324 Act„
3707 5271 3884 5328 xxvn,

2353 5333 2432 5382 33.
2458 5357 2523 5370 -
2548 5331 2589 5367 ¹²
2618 5330 2757 5382 Psal.
2787 5341 2911 5394 rm,
2938 5333 3017 5383 25.
3046 5355 3109 5369 -
3139 5329 3184 5365 ¹⁸
3206 5330 3346 5393 Luc„
3378 5340 3440 5395 n,
3477 5330 3556 5380 37.
3583 5355 3650 5369 -
3674 5331 3713 5366 ¹⁸
3740 5332 3883 5385 Paul.

2351 5414 2544 5468 xxxiv,
2575 5405 2649 5455 17.
2678 5430 2742 5442 —
2761 5404 2808 5440 ¹·
2828 5402 3005 5468 Μὴ,
3033 5412 3214 5466 xxm,
3241 5403 3322 5453 31.
3345 5426 3409 5440 -
3436 5401 3475 5438 11
3501 5401 3621 5466 ua„
3646 5414 3806 5470 mu,
3832 5406 3885 5456 3.

3949 2076 4059 2133 Jejua

3944 2141 4055 2182 conti-

3930 2203 4059 2246 natio.
