4059 6317
484 1098 685 1144 Christus

509 1166 658 1215 pastor

496 1222 654 1269 bonus.

721 414 843 481 us

1825 408 2239 479 SERMONES
2258 440 2263 449 ·
2280 404 2382 473 DE
2422 404 2822 475 TEMPORa

720 546 1120 613 abundantes
1142 547 1214 612 in
1259 544 1586 628 gressibus
1623 544 1793 626 suis,
1840 567 1873 607 n
1907 546 2262 611 secundum
2376 563 2409 603 α
2436 540 2712 607 Leonem
2734 548 2801 609 et
2828 562 3051 611 ursum
3077 545 3363 613 interfeci
3390 566 3559 631 ego:
3588 570 3619 611 n
3653 549 3876 619 invase·

719 654 890 738 quod
904 653 1136 741 dicitur
1158 653 1230 719 in
1249 652 1500 719 Psalmo
1517 653 1537 689 ¹
1546 699 1564 717 .
1585 651 1913 736 Rogemus
1927 670 2113 735 ergo,
2137 656 2257 719 etc.

1291 833 1582 905 SERMO
1624 835 1687 904 11
1716 836 1763 904 ⁸.

792 979 926 1062 Εσο
955 994 1100 1045 sum
1123 986 1342 1062 pastor
1370 979 1570 1047 bonus
1601 979 1647 1044 ⁸.
1687 978 1946 1045 Bonitas
1987 976 2257 1062 pastoris

709 1086 910 1151 nostri
942 1085 1095 1152 lesu
1126 1084 1356 1151 Christi
1390 1086 1460 1151 in
1491 1085 1843 1168 Evangelio
1875 1083 2252 1170 quadrupli-

710 1193 864 1265 citer
909 1194 1414 1275 commendatur,
1463 1193 1759 1259 videlicet
1806 1195 1876 1259 in
1912 1192 2250 1277 pascendo,

710 1301 777 1366 in
803 1301 1224 1382 defendendo,
1253 1301 1322 1366 in
1347 1302 1822 1384 cognoscendo,
1851 1302 1919 1367 in
1945 1300 2249 1367 uniendo.

788 1412 1006 1478 Primo
1032 1412 1511 1479 commendatur
1533 1412 1787 1479 bonitas
1807 1414 1878 1477 in
1904 1411 2246 1496 pascendo;

707 1519 881 1583 unde
922 1518 1013 1584 ait
1039 1537 1059 1584 t
1090 1519 1224 1602 Eoo
1263 1535 1410 1586 sum
1445 1527 1671 1601 pastor
1696 1519 1919 1587 bonus.
1960 1517 2251 1583 Pastores

581 1637 589 1645 ·
704 1627 879 1691 enim
931 1645 971 1691 a
1019 1625 1341 1709 pascendo
1393 1626 1714 1693 dicuntur.
1775 1624 1980 1692 Pascit
2031 1628 2249 1691 autem

703 1750 859 1801 oves
896 1751 1044 1799 suas
1078 1732 1364 1799 Christus
1405 1750 1520 1816 per
1548 1732 1927 1813 doctrinam,
1960 1749 2075 1816 per
2102 1750 2249 1815 gra·

701 1840 859 1906 tiam
879 1889 902 1921 ,
937 1860 1051 1925 per
1085 1841 1574 1908 Eucharistiam.
1607 1839 1816 1905 Pascit
1841 1840 2069 1924 utique
2096 1858 2248 1907 suos

699 1965 816 2029 per
871 1948 1225 2014 doctrinam
1260 1947 1284 1983 ⁴
1327 1970 1343 2012 ε
1394 1971 1426 2009 ι
1477 1946 1551 2012 In
1595 1947 1850 2031 pascuis
1904 1945 2247 2012 uberrimis

698 2072 955 2137 pascam
982 2072 1114 2134 eos,
1143 2054 1215 2118 in
1243 2054 1570 2119 montibus
1592 2053 1879 2120 excelsis.
1910 2075 1942 2114 a
1969 2053 2248 2138 Scriptu-

696 2178 920 2229 rarum
939 2161 1303 2229 altitudines
1319 2162 1503 2245 quasi
1531 2166 1779 2227 montes
1797 2179 2048 2246 pascuae
2068 2169 2241 2229 sunt.

698 2270 905 2337 Pascit
942 2274 1158 2337 autem
1192 2269 1478 2337 Christus
1516 2288 1668 2335 suos
1704 2288 1835 2335 non
1873 2269 2084 2335 solum
2130 2289 2244 2353 per

696 2394 787 2456 se,
830 2377 942 2443 sed
979 2378 1174 2442 etiam
1220 2396 1336 2460 per
1374 2378 1533 2443 alios
1572 2375 1855 2442 docendo
1895 2379 1916 2413 ⁸
1947 2398 1963 2441 z
2004 2399 2037 2438 <t
2069 2377 2242 2442 Dabo

696 2495 974 2565 pastores
999 2485 1183 2550 vobis
1208 2484 1561 2551 secundum
1589 2503 1699 2549 cor
1725 2502 1971 2563 meum,
2001 2489 2066 2549 et
2092 2503 2237 2568 pas-

692 2595 836 2655 cent
867 2608 985 2656 vos
1024 2593 1093 2655 in
1127 2590 1207 2674 (a)
1237 2591 1529 2671 scientia,
1571 2594 1637 2656 et
1673 2590 1984 2656 doctrina.
2014 2613 2047 2652 ιι
2083 2590 2238 2655 Item

692 2714 806 2778 per
829 2698 1131 2779 gratiam,
1147 2698 1321 2781 quod
1341 2698 1780 2780 significatum
1807 2701 1904 2763 est
1921 2699 1968 2776 ⁸,
1997 2698 2109 2763 ubi
2135 2698 2239 2763 di-

691 2805 855 2869 eitur
892 2805 1064 2888 quod
1097 2828 1129 2866 α
1159 2804 1406 2887 Moyses
1445 2805 1738 2888 pascebat
1771 2823 1926 2873 oves
1940 2854 1958 2886 ,
2008 2810 2072 2870 et
2121 2807 2238 2870 mi·

691 2910 873 2976 navit
898 2912 979 2979 ad
1003 2912 1305 2976 interiora
1333 2911 1601 2992 deserti,
1632 2935 1663 2973 η
1700 2913 1814 2979 ubi
1843 2912 2145 2977 Dominus
2170 2913 2238 2977 in

693 3019 858 3084 rubo
881 3019 1199 3103 apparuit.
1222 3018 1470 3103 Moyses
1488 3022 1583 3084 est
1609 3019 1919 3101 Christus,
1950 3019 2055 3085 vel
2078 3038 2239 3103 prae·

691 3125 860 3191 latus
881 3175 900 3207 ,
931 3146 1046 3210 per
1084 3145 1248 3210 quos
1275 3146 1429 3192 oves
1460 3127 1539 3192 ad
1574 3128 1878 3194 interiora
1903 3127 2137 3193 deserti
2166 3128 2239 3192 in

691 3237 946 3315 pastum
979 3234 1286 3315 veniunt,
1317 3234 1574 3318 quando
1599 3235 1981 3300 exteriorem
2007 3246 2235 3300 conso-

689 3340 990 3409 tationem
1031 3341 1434 3424 relinquunt,
1463 3341 1834 3408 interiorem
1870 3360 2025 3408 vero
2063 3360 2236 3426 quae-

690 3452 866 3526 runt,
891 3447 1006 3513 ubi
1034 3447 1338 3513 Dominus
1366 3447 1436 3512 in
1463 3448 1626 3513 rubo
1648 3448 1920 3529 ardenti,
1957 3449 2023 3513 id
2043 3450 2234 3514 estin

690 3555 878 3621 corde
919 3554 1186 3621 ferventi
1222 3558 1320 3620 est
1352 3555 1423 3619 ⁷:
1462 3577 1494 3615 c
1519 3553 1742 3620 Nonne
1791 3574 1899 3621 cor
1936 3560 2232 3622 nostrum

688 3663 939 3742 adens,
969 3684 1002 3723 ι)
1021 3666 1138 3727 etc.
1163 3661 1318 3726 Item
1334 3680 1447 3745 per
1471 3660 1938 3727 Eucharistiam
1967 3663 2129 3729 :hoc
2154 3665 2234 3729 si·-

689 3771 1066 3851 gniflcatum
1109 3775 1205 3836 est
1250 3771 1322 3834 in
1355 3769 1610 3836 ovicula
1653 3773 1948 3855 pauperis
1966 3819 1985 3849 ,
2033 3771 2095 3836 id
2137 3776 2232 3837 est

687 3876 941 3955 Christi,
975 3877 1055 3942 de
1080 3895 1210 3960 qua
1237 3875 1467 3942 dicitur
1493 3875 1516 3910 ⁸
1542 3878 1716 3961 quod
1743 3881 1877 3943 erat
1902 3901 1934 3939 c
1957 3878 2039 3943 de
2066 3897 2231 3961 pane

686 3981 859 4047 illius
893 3984 1252 4063 comedens,
1286 3986 1350 4048 et
1379 3983 1458 4048 de
1501 3983 1694 4050 calice
1736 3985 1984 4049 bibens.
2014 4006 2045 4045 n
2081 3984 2231 4050 Ber-

686 4089 926 4163 uardus
949 4090 1019 4155 ⁹:
1055 4112 1087 4151 a
1112 4088 1326 4155 Bonus
1365 4093 1611 4172 pastor,
1651 4091 1765 4174 qui
1806 4091 1916 4157 dat
1969 4109 2228 4157 carnem

684 4195 755 4265 in
782 4197 1022 4275 cibum,
1052 4197 1442 4280 sanguinem.
1463 4197 1528 4261 in
1557 4202 1819 4280 potum,
1847 4197 2130 4263 animam
2156 4198 2228 4263 in

683 4305 988 4386 pretium.
1015 4326 1045 4365 n

784 4408 1078 4475 Secundo
1140 4409 1625 4475 commendatur
1669 4409 1920 4476 bonitas
1958 4412 2228 4494 pastoris

682 4517 883 4605 nostri
908 4515 942 4582 J
945 4535 1057 4582 esu
1086 4516 1314 4583 Christi
1342 4516 1412 4581 in
1437 4516 1824 4583 defendendo
1843 4566 1861 4598 ,
1891 4537 2041 4583 cum
2079 4519 2226 4584 dici·

681 4628 789 4688 tur
806 4642 824 4688 ε
845 4625 1066 4692 Bonus
1081 4630 1307 4709 pastor
1317 4625 1606 4691 animam
1622 4640 1809 4691 suam
1826 4623 1943 4692 dac
1954 4639 2076 4707 pro
2092 4626 2226 4693 ovi-

681 4731 793 4798 bus
822 4733 997 4809 suis,
1028 4730 1417 4797 defendendo
1457 4735 1678 4795 contra
1702 4730 1940 4796 scilicet
1966 4731 2219 4815 lupum,

678 4838 839 4904 sicut
857 4838 964 4903 hic
979 4838 1231 4917 dicitur,
1263 4841 1326 4902 et
1351 4842 1573 4903 contra
1595 4836 1848 4902 leonem
1874 4842 1940 4902 et
1969 4856 2219 4903 ursum.

680 4945 860 5015 Unde
889 4945 1109 5027 David,
1137 4945 1252 5029 qui
1288 4944 1615 5011 Christum
1641 4944 1984 5028 significat,
2013 4944 2104 5013 ait
2122 4951 2213 5009 ¹⁰:

739 5108 762 5144 ²
789 5106 923 5160 Peal.
958 5117 1151 5170 cnut,
1185 5108 1262 5158 13.
1285 5131 1349 5144 —
1371 5107 1400 5143 ¹
1421 5107 1569 5157 Hunc
1595 5109 1648 5156 et
1673 5109 1896 5171 quatuor
1921 5118 2034 5171 seq.
2060 5106 2219 5159 babet

675 5193 881 5287 Quoque
923 5180 1044 5231 edit.
1086 5180 1248 5230 Paris.
1290 5191 1375 5228 an.
1422 5181 1561 5229 152¹.
1596 5203 1657 5215 -
1689 5177 1708 5207 ³
1735 5179 1900 5238 Jmn..
1935 5191 1998 5241 x,
2044 5182 2120 5228 ¹1.
2155 5204 2218 5216 —

727 5250 926 5314 Ezech„
956 5261 1134 5315 xxxvl,
1166 5253 1242 5303 14.
1274 5276 1329 5285 -
1360 5250 1382 5284 ⁸
1405 5249 1612 5309 let-em„
1649 5259 1738 5312 ιιι,
1773 5253 1848 5299 ¹5.
1877 5275 1941 5286 —
1971 5249 1994 5284 ⁸
2027 5247 2214 5311 Exod„

676 5334 764 5386 ιιι,
807 5327 853 5373 ¹.
887 5348 951 5361 —-
985 5322 1003 5355 ⁷
1044 5323 1183 5385 Luc„
1216 5332 1362 5384 xxiv,
1399 5322 1477 5371 32.
1515 5347 1570 5357 —
1607 5319 1630 5354 ⁸
1664 5320 1706 5370 11
1754 5319 1889 5384 Req„
1925 5332 2030 5385 m,
2070 5324 2119 5371 3.
2151 5347 2211 5358 -

677 5396 701 5433 ⁰
726 5395 876 5446 Bern.
903 5420 966 5432 —
999 5394 1043 5431 ¹⁶
1073 5396 1088 5444 Ι
1119 5394 1259 5461 Περ..
1287 5405 1427 5457 xvn,
1455 5394 1535 5445 36.
1565 5419 1629 5431 -
1652 5392 1692 5427 ¹¹
1735 5392 1751 5442 Ι
1791 5394 1952 5456 Petra,
1991 5404 2042 5458 v,
2074 5394 2122 5444 8.
2150 5416 2214 5429 —

2367 653 2514 713 rant
2554 650 2727 715 enim
2767 668 2919 716 oves
2960 655 3121 736 ejus.
3160 653 3233 719 In
3279 655 3460 720 leone
3511 655 3881 739 significatur

2371 754 2660 822 diabolus
2688 758 2728 794 ¹¹
2765 781 2782 823 ε
2821 783 2853 821 α
2876 758 3210 845 Tanquam
3246 761 3347 828 leo
3384 764 3685 848 rugiens,
3712 788 3742 827 n
3772 772 3878 835 etc.

2366 860 2438 926 In
2485 881 2640 928 urso
2684 869 2897 931 autem
2945 885 3091 934 caro
3134 868 3537 950 significatur
3569 875 3884 958 :sequitur

2363 966 2539 1032 enim
2593 970 2720 1036 mel
2736 1019 2759 1051 ,
2810 971 2977 1038 sicut
3012 993 3159 1040 caro
3206 975 3621 1061 voluptatem.
3676 980 3884 1046 Debilis

2363 1073 2557 1138 etiam
2586 1083 2679 1141 est
2706 1078 2776 1143 in
2800 1080 3004 1162 capite
3023 1130 3042 1161 ,
3064 1082 3245 1147 fortis
3278 1082 3349 1148 in
3374 1083 3647 1150 brachiis
3678 1108 3693 1150 ε
3726 1088 3812 1151 sic
3828 1092 3885 1152 et

2362 1181 2571 1246 carnis
2606 1182 2883 1267 impetus
2926 1187 3151 1253 debilis
3185 1194 3283 1254 est
3317 1190 3421 1273 (b),
3464 1192 3698 1257 scilicet
3732 1193 3887 1276 cogi·

2360 1290 2599 1359 tatione
2617 1342 2635 1374 ,
2684 1297 2857 1361 unde
2902 1298 2989 1363 ibi
3038 1304 3153 1377 ‚est
3208 1304 3673 1383 resistendum;
3724 1304 3887 1369 fortis

2359 1402 2578 1464 autem
2660 1401 2729 1466 in
2797 1404 3074 1470 brachiis
3135 1407 3562 1475 delectationis
3628 1428 3884 1475 consen-

2357 1524 2467 1572 sus
2510 1506 2582 1590 (c)
2620 1509 2667 1550 ¹¹
2705 1530 2722 1573 ε
2756 1531 2790 1571 α
2829 1512 3038 1577 Bestia
3085 1513 3213 1578 alia
3268 1515 3495 1581 similis
3544 1524 3888 1585 ursoztres

2356 1614 2615 1681 ordines
2660 1616 2732 1682 in
2763 1634 2878 1683 ore
2909 1620 3071 1703 ejus,
3107 1642 3139 1682 ι
3167 1622 3402 1689 scilicet
3427 1625 3763 1706 cogitatio,
3787 1628 3887 1690 de-

2353 1718 2602 1788 lectatio
2624 1769 2642 1805 ,
2670 1742 3033 1792 consensus.
3075 1726 3149 1792 In
3174 1729 3326 1813 lupo
3362 1734 3581 1797 autem
3623 1733 3890 1799 mundus

2354 1830 2754 1914 significatur
2800 1840 3055 1920 propter
3091 1840 3431 1905 avaritiam
3463 1847 3528 1906 et
3565 1843 3888 1909 crudelita-

2353 1941 2486 2004 tem
2507 1940 2690 2021 ;‚imo
2731 1946 2824 2007 tot
2862 1947 3013 2009 sunt
3046 1943 3218 2029 lupi,
3246 1953 3404 2030 quot
3445 1949 3738 2016 homines
3763 1970 3890 2036 per·

2352 2047 2521 2110 versi
2544 2047 2625 2112 ¹⁸:
2669 2071 2699 2108 α
2724 2047 2901 2115 Mitto
2926 2067 3041 2117 vos
3068 2053 3233 2119 sicut
3260 2073 3414 2120 oves
3438 2056 3604 2122 inter
3629 2058 3834 2143 lupos.
3854 2081 3882 2121 ι

2351 2150 2431 2216 Et
2484 2152 2835 2237 Gregorius
2875 2158 2921 2194 ¹⁸
2965 2181 2981 2224 :
3020 2182 3050 2221 c
3083 2157 3262 2227 Sicut
3304 2163 3457 2244 agni
3505 2164 3675 2230 inter
3715 2164 3888 2250 lupos

2348 2259 2704 2343 mittimur,
2732 2267 2806 2328 ut
2841 2269 3096 2331 scutum
3133 2273 3458 2335 servantes
3486 2271 3880 2351 innocentiae,

2349 2383 2640 2433 morsum
2714 2370 2973 2436 malitiae
3035 2392 3167 2438 non
3217 2375 3593 2443 habeamus.
3642 2401 3675 2439 n
3731 2379 3886 2446 Talis

2351 2491 2567 2556 agnus
2594 2476 2717 2542 fuit
2739 2478 3105 2562 ApostoluS‚
3134 2484 3249 2566 qui
3273 2485 3363 2549 ait
3390 2486 3434 2527 ¹⁸
3467 2508 3484 2551 ε
3522 2510 3553 2548 α
3576 2487 3884 2554 Maledici-

2347 2598 2499 2645 mur
2513 2629 2534 2662 ,
2579 2588 2643 2648 et
2685 2585 3162 2670 benedicimus;
3202 2594 3710 2673 peraeeutionem
3730 2597 3880 2679 pati-

2350 2704 2526 2767 mur,
2558 2693 2622 2753 et
2646 2691 3062 2758 sustinemus.
3090 2718 3121 2755 n

2426 2792 2639 2862 Tertio
2666 2802 3152 2868 commendatur
3181 2804 3434 2869 bonitas
3462 2809 3733 2890 pastoris
3750 2828 3881 2875 nos·

2344 2901 2425 2966 tri
2454 2901 2606 2969 Jesu
2630 2904 2699 2969 in
2725 2911 3203 2989 cognoscendo,
3232 2930 3382 2977 cum
3411 2914 3500 2978 ait
3529 2937 3545 2980 ε
3578 2916 3712 3000 Eoo
3746 2934 3881 2984 sum

2338 3016 2566 3091 pastor
2593 3010 2815 3094 bonus,
2845 3020 2905 3081 et
2929 3030 3230 3099 coquo-sco
3272 3034 3417 3088 oves
3455 3039 3652 3105 meas,
3693 3033 3753 3093 et
3783 3043 3878 3093 co·

2341 3126 2653 3198 quoscum
2706 3136 2802 3188 me
2858 3139 3031 3191 incoe.
3085 3124 3243 3193 Ecce
3305 3130 3527 3211 quales
3580 3132 3876 3199 Dominus

2342 3225 2750 3308 approbando
2779 3232 3131 3313 cognoscit,
3160 3234 3225 3301 id
3250 3240 3368 3314 est,
3400 3257 3470 3303 se
3498 3257 3872 3322 cognoscen-

2340 3337 2436 3399 tes
2481 3335 2666 3400 oculo
2705 3339 2982 3421 animae,
3030 3341 3157 3409 fide
3200 3362 3375 3410 vera.
3418 3346 3544 3413 Sed
3580 3347 3877 3415 Dominus

2340 3443 2750 3525 conqueritur
2792 3447 2837 3488 ¹⁸
2867 3465 2886 3512 z
2925 3471 2957 3510 α
2985 3448 3302 3532 Cognovit
3325 3453 3443 3519 bos
3460 3473 3875 3539 possessorem

2339 3564 2558 3629 suum,
2588 3572 2621 3610 n
2651 3556 2775 3618 etc.
2809 3553 2934 3621 Sed
2959 3575 3062 3622 vae
3088 3576 3218 3623 non
3253 3564 3659 3643 cognoscenti
3697 3563 3871 3647 pium

2340 3652 2679 3722 Dominum
2719 3659 2787 3724 in
2822 3664 3068 3728 mundo
3091 3711 3109 3742 ,
3139 3666 3292 3747 quia
3329 3673 3670 3750 cognoscet
3711 3688 3875 3735 seve·

2339 3777 2487 3826 rum
2516 3761 2559 3799 ¹⁷
2592 3785 2608 3828 z
2648 3787 2681 3825 α
2707 3766 3019 3834 Dominus
3049 3771 3370 3853 justitiam
3395 3773 3667 3856 faciens,
3698 3798 3728 3837 n
3772 3775 3873 3860 qui

2338 3886 2516 3934 nunc
2585 3871 2929 3953 ignoratur
2996 3877 3502 3967 misericordiam
3562 3901 3871 3967 quaerens.

2340 3973 2497 4043 Item
2517 3980 2845 4063 cognoscit
2861 3981 2983 4045 sibi
3002 3983 3365 4051 obedientes
3384 3988 3429 4028 ¹⁸
3453 4010 3517 4052 ει
3541 3987 3704 4056 Oves
3724 4007 3871 4057 meae

2337 4099 2561 4148 vocem
2582 4102 2790 4150 meam
2809 4087 3099 4168 audiunt,
3121 4095 3186 4157 et
3200 4110 3326 4174 ego
3340 4112 3659 4178 cognosco
3676 4116 3780 4162 eas
3799 4115 3816 4161 ι
3835 4118 3864 4158 ι

2337 4207 2560 4254 vocem
2571 4191 2794 4277 utique
2804 4201 3291 4280 praeceptorum,
3309 4205 3373 4265 et
3381 4201 3683 4269 docrinae
3695 4222 3867 4282 meae,

2336 4296 2440 4361 vel
2456 4297 2750 4363 clamoris
2767 4301 2835 4365 in
2853 4319 3063 4369 cruce.
3092 4302 3429 4375 Psalmista
3450 4310 3495 4351 ¹⁹
3521 4310 3713 4377 :oeNos
3729 4330 3872 4379 oves

2334 4421 2587 4491 pascuae
2605 4406 2767 4488 ejus,
2787 4427 2817 4466 n
2840 4408 2943 4474 vel
2964 4428 3163 4478 «oves
3181 4431 3414 4480 manus
3427 4419 3591 4501 eJus.
3611 4418 3803 4485 Hodie
3816 4419 3869 4483 si

2334 4528 2557 4576 vocem
2594 4515 2735 4596 ejus
2768 4514 3124 4598 audieritis,
3153 4540 3183 4579 n
3221 4524 3341 4586 etc.
3373 4520 3528 4603 Sed,
3560 4525 3723 4591 heu!
3755 4526 3867 4592 Do-

2336 4619 2553 4684 minus
2577 4621 2993 4704 conqueritur
3014 4624 3084 4689 in
3106 4624 3361 4695 Psalmo
3382 4630 3429 4669 ¹⁶
3459 4649 3524 4695 :c
3538 4630 3676 4698 Non
3700 4634 3870 4700 audit

2332 4725 2608 4808 populus
2636 4746 2816 4793 meus
2846 4746 3106 4810 vocem,
3136 4754 3170 4793 n
3203 4738 3324 4799 etc.
3355 4735 3515 4805 Item
3552 4740 3868 4821 cognoscit

2330 4830 2717 4900 Dominusse
2730 4840 3066 4919 sequentes
3094 4837 3138 4875 ¹⁸
3166 4861 3182 4906 ε
3207 4864 3239 4903 c
3256 4841 3582 4927 Cognoseo
3603 4824 3866 4928 meamet

2328 5003 2738 5139 goffssvifl'g'
2766 5007 2907 5128 s:
2927 5008 3211 5143 ffi'ess’rff‘
3228 5039 3302 5148 fv,
3323 5014 3862 5154 anger—egbeffiffiqg

2327 5173 2388 5185 -
2423 5149 2461 5181 ¹⁷
2491 5148 2695 5210 Jerem„
2731 5160 2896 5213 xxm,
2926 5152 2977 5214 5,
3009 5153 3181 5216 quoad
3206 5167 3435 5210 sensum.
3462 5185 3526 5198 —-
3558 5160 3600 5196 ¹⁸
3628 5162 3783 5226 ἆσαι,
3811 5173 3861 5224 x,

2325 5217 2406 5268 2¹1.
2425 5245 2490 5257 —
2514 5220 2555 5254 ¹2
2576 5219 2716 5271 Psal.
2746 5232 2887 5285 xciv,
2915 5224 3019 5273 7-8.
3041 5248 3103 5262 —
3129 5226 3175 5262 ¹⁰
3198 5226 3338 5279 Psoi.
3369 5240 3532 5296 nux,
3552 5235 3632 5283 12.

2393 5317 2460 5380 (α)
2494 5316 2640 5381 Vuly.
2683 5330 2780 5367 non
2823 5316 2970 5370 habet
3012 5320 3087 5371 in.
3114 5346 3177 5359 —
3205 5323 3276 5389 (b)
3302 5325 3481 5392 Suppl.
3516 5327 3573 5380 in
3605 5330 3782 5396 capite.
3805 5356 3858 5368 —

2326 5388 2391 5454 (c)
2420 5390 2533 5455 Leq.
2563 5400 2837 5442 consensu.
