4059 6317
777 472 859 539 IN
897 470 1448 541 coNVERstoNE
1488 471 1556 539 S.
1602 466 1842 540 PAULI
1883 470 2294 544 Aposle.
2340 473 2604 543 SERMO
2649 473 2728 541 11.

157 611 405 672 domum
431 609 624 682 gratia
647 607 958 684 praedandi
981 607 1296 684 irruperat,
1317 624 1496 684 super
1521 614 1698 683 caput

153 706 278 780 ejus
319 702 589 778 gladium
623 703 892 774 vibrans,
930 701 1066 777 quis
1102 707 1253 762 esset
1275 703 1693 776 interrogavit3

153 799 339 858 atille
366 798 451 857 sic
475 798 737 856 intentus
770 797 1206 869 investigationi
1243 796 1498 856 8818111188
1539 802 1693 867 erat,

152 893 320 969 quod
344 907 569 951 nomen
604 907 781 949 suum
825 890 1090 949 indicare
1130 906 1255 949 non
1298 891 1525 964 potuit,
1570 890 1696 950 imo

152 987 232 1046 ob
274 1001 540 1047 amorem
582 983 837 1043 scientim
873 986 1128 1042 mortem
1163 984 1547 1057 contempsit,
1585 998 1697 1041 nec

153 1080 417 1155 gladium
440 1078 746 1137 advertere
771 1076 964 1136 voluit
986 1076 1264 1135 ferientis.
1296 1080 1362 1135 Et
1396 1076 1540 1151 quia
1574 1075 1697 1135 fac·

151 1179 280 1232 tum
299 1179 407 1245 est,
425 1177 492 1232 ut
508 1172 656 1229 dum
681 1170 855 1229 militi
880 1186 1090 1245 parere
1111 1170 1318 1240 nollet,
1336 1186 1447 1229 1188
1473 1185 1694 1229 nomen

152 1269 238 1327 illi
265 1283 443 1325 suum
471 1265 784 1335 indicaret,
814 1269 881 1322 ut
904 1267 1162 1323 mortem
1182 1265 1524 1323 incurreret.
1562 1266 1608 1323 Ο
1647 1263 1698 1321 81

152 1361 299 1420 18188
341 1376 602 1419 essemus
648 1375 761 1433 pro
822 1357 1027 1417 divina
1078 1357 1323 1416 scientia
1371 1357 1696 1432 capienda,

154 1471 336 1531 quam
364 1454 576 1513 devote
611 1452 691 1511 ad
717 1451 1202 1527 praedicationem
1226 1451 1476 1510 iremus!
1513 1467 1698 1526 quam

152 1548 413 1608 studiose
468 1562 591 1606 non
651 1545 951 1605 intellecta
1007 1547 1446 1620 quaereremus!
1513 1560 1699 1619 quam

154 1650 488 1706 constanter
515 1648 573 1704 et
596 1643 823 1703 fervide
853 1660 967 1719 pro
994 1643 1210 1703 divinis
1234 1643 1430 1702 verbis
1468 1643 1699 1702 animas

152 1741 542 1818 poneremus!
571 1742 715 1797 Nam
738 1754 849 1813 pro
874 1738 988 1796 hac
1015 1738 1286 1796 doctrina
1311 1742 1433 1797 tam
1473 1744 1696 1809 sancta,

153 1842 274 1894 tam
299 1834 529 1906 solida,
561 1833 740 1891 tantis
776 1831 1081 1890 miraculis
1122 1831 1501 1903 confirmata,
1540 1847 1699 1890 mor-

152 1931 286 1988 tuus
312 1927 528 1987 Paulus
552 1926 699 1999 fuit,
724 1924 944 1987 mortui
986 1929 1123 1983 sunt
1164 1941 1371 1984 omnes
1408 1924 1661 1999 apostoli
1679 1967 1699 1995 ,

153 2022 337 2081 sancti
365 2025 423 2081 et
446 2025 738 2096 martyres
763 2035 1004 2090 omnes,
1029 2020 1154 2077 imo
1178 2022 1236 2077 et
1262 2019 1389 2094 ipse
1418 2018 1701 2077 Dominus

151 2132 264 2191 pro
289 2117 404 2175 hac
430 2114 844 2175 confirmanda
864 2112 1153 2183 doctrina,
1185 2117 1244 2171 et
1265 2112 1457 2171 voluit
1484 2111 1616 2186 capi
1644 2114 1702 2170 et

152 2211 360 2283 illudi,
403 2214 462 2269 et
493 2209 814 2283 flagellari,
853 2212 911 2266 et
950 2206 1117 2282 quod
1162 2206 1359 2280 majus
1401 2211 1517 2277 est,
1544 2203 1701 2265 tradi

152 2306 351 2364 morti.
393 2303 558 2364 Unde
597 2302 791 2377 inquit
832 2303 852 2338 ²
881 2320 897 2359 ε
942 2322 969 2356 ι
1006 2304 1129 2374 Ego
1179 2300 1260 2358 ad
1303 2300 1420 2358 hoo
1457 2299 1593 2359 veni
1637 2299 1701 2358 in

149 2399 472 2468 mundum,
506 2401 572 2454 ut
597 2394 1002 2456 testimonium
1027 2394 1376 2469 perhibeam
1394 2393 1646 2452 veritati.
1665 2415 1696 2450 n

149 2493 265 2552 Sed
291 2491 473 2551 nobis
496 2495 691 2567 potest
723 2490 840 2549 dici
868 2489 1022 2548 illud
1046 2487 1071 2522 ⁸
1100 2506 1116 2547 e
1155 2508 1183 2543 α
1208 2490 1254 2549 0
1281 2487 1558 2547 insensati
1586 2490 1701 2546 Ga·

151 2587 305 2657 latae,
327 2585 462 2661 quis
486 2602 598 2644 vos
623 2583 936 2643 fascinavit
955 2599 1078 2642 non
1097 2583 1340 2641 credere
1367 2581 1637 2641 veritati?
1666 2602 1696 2638 »

149 2683 315 2739 Nunc
343 2679 505 2738 enim
524 2680 548 2716 ⁸
569 2698 599 2734 α
619 2672 932 2737 stultoru‘m
957 2676 1223 2735 infinitus
1245 2680 1333 2733 est
1356 2692 1690 2734 numerus.»

149 2776 170 2810 ⁸
201 2794 232 2831 ι
256 2776 374 2833 Cor
397 2772 544 2831 fatui
570 2776 856 2847 tanquam
891 2788 999 2830 188
1031 2771 1426 2843 confractum,
1456 2786 1699 2829 omnem

148 2868 503 2944 sapientiam
531 2883 656 2926 non
677 2866 921 2924 tenebit.
952 2884 983 2921 »

218 2961 414 3020 Tertio
441 2959 759 3036 Apostolus
782 2959 896 3018 fuit
920 2975 1025 3017 vas
1052 2974 1271 3034 purum
1309 2961 1366 3017 et
1404 2956 1701 3016 mundum

148 3071 257 3131 per
284 3057 520 3114 donum
546 3053 938 3113 eontinentioe.
967 3054 1132 3112 Unde
1162 3052 1420 3123 dicebat,
1449 3052 1701 3127 loquens

151 3150 227 3208 de
253 3148 623 3209 continentia
641 3149 664 3184 ⁸
687 3168 702 3204 ε
739 3166 770 3201 ι
789 3147 937 3206 Volo
965 3151 1166 3205 autem
1192 3161 1403 3204 omnes
1429 3145 1701 3203 homines

149 3260 278 3302 esse
317 3244 474 3302 sicut
502 3242 829 3318 meipsum,
855 3261 885 3297 ι»
914 3239 1081 3298 etsie
1107 3240 1408 3298 continere
1425 3281 1445 3310 ,
1471 3242 1539 3295 ut
1563 3255 1702 3296 con·

151 3338 312 3397 tineo
351 3336 667 3412 meipsum.
719 3338 788 3394 Et
829 3335 908 3393 de
948 3334 1066 3394 hoc
1106 3350 1248 3393 1888
1285 3335 1703 3393 801118111811181·

151 3436 349 3506 potest
372 3430 595 3505 exponi
633 3428 786 3488 illud
811 3431 833 3466 ⁸
865 3447 881 3486 2
916 3447 947 3484 α
972 3428 1182 3498 Aufer,
1218 3428 1443 3503 inquit,
1477 3426 1705 3500 rubigi-

151 3542 291 3584 nem
318 3525 402 3584 de
423 3527 695 3599 argento,
725 3527 784 3582 et
809 3522 912 3580 fiet
933 3538 1041 3580 vas
1067 3520 1469 3597 purissimum.
1499 3541 1528 3577 »
1550 3525 1703 3595 Apo·

152 3620 341 3679 stolus
369 3618 531 3677 enim
558 3617 670 3676 fuit
687 3633 795 3676 vas
821 3622 1186 3690 argenteum,
1209 3614 1389 3673 etiam
1406 3618 1540 3672 ante
1564 3630 1704 3673 con-

151 3713 494 3772 versionem
507 3754 529 3784 ,
554 3716 794 3787 propter
821 3710 1050 3769 donum
1077 3708 1378 3784 sapientiae
1390 3727 1412 3779 3
1447 3707 1556 3765 sed
1581 3710 1705 3766 erat

149 3808 608 3882 rubiginosum,
630 3809 875 3880 propter
904 3803 1373 3879 persecutionem
1401 3816 1584 3876 quam
1610 3801 1702 3859 in-

149 3899 385 3959 ferebat
413 3899 697 3958 Ecclesiae.
728 3903 878 3957 Dum
906 3913 1052 3971 ergo
1077 3898 1338 3955 Christus
1364 3895 1477 3970 ipsi
1515 3895 1578 3952 in
1604 3895 1706 3953 via

151 3996 458 4072 apparuit,
488 3995 688 4054 verbis
713 3995 937 4068 terruit,
970 3998 1029 4052 et
1054 4009 1278 4052 caecum
1305 3991 1386 4051 ad
1412 3992 1705 4050 exteriora

153 4082 442 4163 reddidit,
457 4093 531 4148 ·81
553 4090 713 4149 intus
738 4089 962 4148 lumine
986 4088 1186 4162 gratiss
1210 4085 1540 4157 inosti-avit,
1568 4100 1705 4159 pec-

155 4185 272 4243 cati
297 4183 642 4257 rubiginem
672 4183 750 4242 ab
786 4186 1030 4256 argento
1055 4181 1336 4253 removit,
1367 4185 1424 4238 et
1448 4195 1555 4238 vas
1591 4195 1705 4253 pu·

154 4281 462 4338 rissimnm
509 4277 682 4335 illum
717 4276 871 4335 iecit.
915 4279 1108 4335 Potest
1146 4279 1347 4333 tamen
1383 4273 1502 4332 dici
1540 4273 1704 4347 quod

154 4373 480 4448 Apostolus
502 4372 615 4429 fuit
634 4387 742 4429 vas
765 4386 1008 4444 purum,
1041 4385 1144 4426 vas
1168 4367 1362 4441 magis
1387 4382 1630 4442 purum,
1653 4369 1709 4424 et

154 4483 266 4525 vas
301 4466 713 4542 purissimum.
754 4466 900 4522 Nam
937 4462 1047 4521 fuit
1089 4478 1196 4520 vas
1229 4477 1448 4536 purum
1476 4459 1539 4519 in
1567 4475 1711 4519 con-

153 4562 438 4620 versione
447 4579 468 4633 3
489 4559 598 4617 fuit
611 4557 839 4632 purius,
861 4557 990 4615 sive
1005 4556 1197 4628 magis
1218 4570 1459 4629 purum,
1479 4554 1542 4611 in
1564 4569 1707 4612 con·

153 4654 529 4725 versatione3
557 4652 666 4710 fuit
689 4667 793 4709 vas
815 4650 1199 4729 purissimum
1227 4649 1292 4705 in
1318 4647 1524 4706 mortis
1560 4646 1708 4704 tole-

152 4751 412 4809 ratione.
461 4748 574 4807 Sed
617 4748 753 4823 quis
795 4746 977 4804 hodie
1019 4749 1109 4803 est
1150 4760 1258 4803 vas
1293 4741 1553 4817 purum?
1576 4740 1710 4815 quis

156 4843 342 4903 hodie
385 4842 585 4901 dicere
629 4846 822 4916 potest
848 4842 872 4878 '¹
911 4858 926 4898 :
962 4857 991 4895 α
1032 4837 1285 4898 nundus
1323 4852 1457 4895 sum
1497 4852 1534 4894 a
1572 4850 1710 4909 pec-

157 4940 390 4998 88ῑοῖ»
425 4940 552 4996 11110
578 4936 683 5010 qui
720 4938 857 4992 sunt
888 4933 1105 5004 hodie,
1147 4933 1254 5007 qui
1290 4947 1416 4990 non
1454 4931 1713 4990 serviant

157 5032 452 5091 lumi-izei
485 5029 640 5088 Facti
685 5031 822 5087 sunt
859 5043 1068 5086 omes
1096 5024 1120 5061 ⁸
1163 5045 1193 5081 α
1225 5026 1380 5084 sicut
1418 5041 1612 5100 equus
1655 5027 1714 5083 et

158 5126 388 5198 mulus,
416 5122 638 5199 quibus
664 5137 792 5180 non
814 5124 903 5180 est
927 5120 1321 5180 intellectus.»
1343 5118 1436 5179 Ad
1459 5117 1712 5177 modum

158 5218 324 5277 8111111
349 5218 558 5277 leaenae
571 5258 591 5289 ,
619 5215 896 5274 homines
919 5214 1136 5272 ausvis
1159 5211 1534 5288 temporibus
1551 5228 1711 5271 sem·

221 5349 242 5384 ¹
269 5347 642 5410 Joan.‚‘xv1u.
674 5346 756 5395 37.
783 5368 847 5383 —
877 5344 897 5374 ²
929 5342 1069 5405 Gal„
1105 5353 1189 5406 111,
1222 5344 1268 5392 t.
1296 5366 1362 5378 —
1395 5339 1417 5373 ⁸
1446 5340 1635 5406 Eccle„
1664 5353 1712 5404 1,

165 5423 244 5475 15.
271 5445 336 5459 -·
364 5418 387 5453 ⁸
415 5415 598 5479 Eoeln’„
617 5428 730 5480 xxi,
755 5418 899 5467 17.-
927 5415 988 5465 ι1
1021 5414 1159 5474 Cor„
1188 5424 1293 5475 111,
1323 5413 1371 5462 7.
1397 5436 1463 5452 -
1490 5413 1513 5449 ⁸
1540 5415 1709 5472 Prou„

3232 478 3349 539 827

1803 627 1912 686 per
1934 612 2165 672 fervent
2203 613 2284 672 ad
2322 613 2577 684 coitum,
2616 626 2743 671 non
2783 611 3079 685 expavent
3122 608 3352 668 adulte-

1801 706 1988 779 rium,
2019 723 2144 765 non
2170 711 2471 782 stuprum,
2504 722 2628 765 non
2655 706 2976 773 incestum,
3005 720 3116 761 nec
3140 719 3352 777 peeca-

1802 804 1930 857 tum
1958 801 2126 874 quod
2154 805 2242 860 est
2266 806 2487 860 naturoe
2510 799 2893 858 conti-arium.
2922 801 3051 857 Non
3076 797 3222 855 tales
3249 813 3353 855 an-

1802 893 1952 967 tiqui
1998 893 2373 970 philosophi,
2417 894 2521 969 qui
2561 892 2733 968 quasi
2767 891 3223 951 inveniebantur
3257 891 3353 965 inf

1803 987 2148 1060 sensibiles,
2194 993 2252 1046 et
2297 989 2467 1063 quasi
2515 1004 2731 1062 corpus
2774 1002 2895 1045 uon
2939 986 3226 1045 habentes
3269 985 3352 1043 ad

1802 1083 2113 1154 peccatum
2141 1083 2334 1140 carnis
2355 1100 2370 1140 :
2391 1087 2449 1140 et
2468 1085 2535 1139 ut
2563 1082 2637 1139 de
2665 1081 2866 1139 multis
2891 1085 3141 1150 taceam,
3161 1095 3353 1138 unum

1803 1174 2057 1232 referam
2072 1217 2092 1247 ,
2146 1175 2309 1234 unde
2368 1179 2573 1233 nostra
2628 1174 3025 1234 confundatur
3085 1173 3349 1232 lascivia.

1803 1267 1825 1301 ι
1864 1271 2244 1341 Xenocrates,
2290 1270 2484 1342 major
2532 1268 2857 1343 discipulus
2909 1267 3198 1339 Platonis,
3247 1267 3352 1342 qui
3436 1277 3592 1319 snm-

1806 1361 1934 1435 ejus
1971 1362 2205 1422 scholas
2240 1366 2377 1437 post
2415 1379 2553 1421 eum
2570 1407 2588 1435 ,
2614 1368 2681 1421 ut
2708 1362 2947 1436 dicitur,
2976 1363 3159 1435 rexit,
3186 1361 3353 1420 mirae
3376 1338 3518 1395 ptum.

1805 1457 2178 1517 continentioe
2210 1458 2395 1516 homo
2429 1457 2568 1529 fuit,
2613 1457 2781 1533 quod
2820 1457 3100 1533 quaedam
3138 1456 3354 1516 mulier

1805 1551 2054 1626 pulchra
2077 1552 2163 1610 sic
2194 1552 2492 1626 probavit.
2520 1554 2669 1610 Nam
2700 1568 2837 1610 cum
2865 1551 3225 1627 quibusdam
3248 1551 3350 1625 ju·

1804 1645 2058 1703 venibus
2084 1646 2304 1721 pignus
2330 1647 2550 1721 posuit,
2579 1646 2747 1721 quod
2775 1662 2912 1704 eum
2941 1644 3265 1720 deciperet,
3295 1649 3356 1704 et

1806 1740 1885 1798 ad
1905 1740 2206 1799 luxuriam
2230 1742 2525 1800 excitaret.
2552 1741 2659 1800 lvit
2679 1740 2858 1814 igitur
2882 1740 3097 1799 mulier
3120 1741 3351 1813 insana,

1807 1837 1864 1892 et
1892 1837 2064 1908 juxta
2099 1851 2238 1894 eum
2273 1851 2337 1893 se
2371 1835 2602 1910 posuit,
2632 1838 2690 1893 et
2725 1837 2902 1909 caput
2929 1834 3193 1892 suumin
3218 1848 3354 1907 gre-

1806 1928 1995 1986 mium
2021 1928 2149 2000 ejus
2172 1928 2391 2004 posuit.
2420 1931 2491 1987 At
2534 1928 2635 1987 ille
2677 1944 2787 1987 nec
2820 1944 2955 1986 eam
2987 1928 3205 2002 tetigit,
3243 1944 3352 1987 nec

1807 2037 1942 2080 eam
1988 2022 2239 2097 repulit,
2292 2038 2403 2081 nec
2457 2022 2651 2081 verbis
2701 2022 2888 2081 ullam
2939 2022 3219 2097 injuriam
3263 2021 3353 2080 illi

1807 2115 1991 2188 dixit3
2021 2115 2131 2173 sed
2156 2116 2449 2191 quamdiu
2475 2116 2694 2185 voluit,
2723 2116 2787 2174 in
2813 2117 2947 2174 sinu
2974 2117 3100 2190 ejus
3130 2115 3353 2175 morari

1806 2209 2117 2283 permisit:
2145 2210 2272 2285 ipse
2302 2211 2626 2286 permansit
2661 2210 2989 2269 immobilis
3028 2211 3093 2268 in
3129 2225 3353 2284 propo·

1807 2302 1919 2360 sito
1945 2302 2255 2375 castitatis,
2292 2319 2404 2361 nec
2443 2303 2639 2361 ullum
2684 2303 3047 2362 incentivum
3085 2303 3355 2361 libidinis

1808 2396 2004 2455 sensit.
2040 2400 2106 2456 At
2132 2396 2238 2456 illa
2265 2413 2394 2456 cum
2433 2398 2551 2455 hoc
2578 2396 2754 2467 vidit,
2805 2396 3053 2454 confusa
3095 2396 3348 2457 recessit.

1809 2491 2075 2566 Cumque
2102 2491 2271 2564 pueri
2299 2507 2431 2548 eam
2459 2489 2827 2561 deriderent,
2866 2490 3035 2565 quod
3070 2489 3219 2548 nihil
3260 2490 3352 2548 fa·-

1810 2599 1942 2642 cere
1967 2583 2285 2659 potuisset,
2324 2588 2383 2642 et
2409 2589 2649 2659 pactum
2691 2584 2950 2643 victoriae
2994 2583 3351 2658 flagitarent,

1804 2675 1913 2735 1118
1938 2678 2245 2752 respondit
2277 2697 2292 2736 ε
2332 2681 2451 2751 Ego
2491 2677 3045 2753 vobiscum-pignus,
3070 2678 3245 2753 posui
3275 2679 3352 2739 de

1806 2769 2091 2844 homine;
2135 2771 2229 2829 hic
2272 2777 2490 2842 autem,
2530 2776 2595 2829 ut
2627 2776 2869 2846 experta
2903 2788 3071 2844 sum,
3114 2788 3236 2831 non
3268 2775 3357 2832 est

1806 2863 2021 2937 home,
2068 2864 2176 2922 sed
2221 2868 2429 2923 statua.
2488 2868 2556 2922 Et
2610 2866 2752 2924 dicit
2806 2866 3348 2942 historiographus,

1809 2957 1976 3032 quod
2001 2973 2123 3016 non
2152 2958 2344 3032 potuit
2381 2960 2574 3032 magis
2611 2960 3015 3018 commendari
3054 2960 3131 3018 de
3166 2962 3353 3019 conti-

1808 3052 2037 3120 nentia,
2061 3052 2346 3127 quamab
2370 3052 2483 3111 1188
2511 3054 2961 3112 commendatus
2988 3053 3061 3111 sit
3084 3051 3351 3113 foemina.

1809 3149 2017 3218 Magna
2063 3162 2205 3219 ergo
2249 3145 2586 3205 Christianis
2625 3150 2712 3205 est
2754 3146 3151 3220 verecundia,
3209 3148 3355 3207 dum

1808 3242 1961 3300 inter
1995 3248 2196 3315 gentes
2236 3258 2505 3317 paganas
2562 3244 2755 3317 magis
2807 3260 2994 3318 quam
3044 3246 3195 3304 inter
3250 3261 3356 3305 eos

1809 3335 2106 3394 invenitur
2134 3336 2513 3395 continentia.

1884 3433 2103 3499 Quarto
2137 3431 2451 3505 Apostolus
2496 3428 2607 3489 fuit
2649 3446 2754 3488 vas
2798 3431 3060 3489 solidum
3107 3448 3217 3513 per
3245 3432 3357 3492 do·

1811 3538 1956 3581 num
2007 3524 2325 3597 patientias.
2376 3525 2488 3582 Vas
2533 3524 2694 3582 enim
2733 3523 2995 3583 solidum
3038 3542 3162 3585 non
3203 3527 3359 3587 cedit

1809 3616 1983 3675 facile
2009 3617 2357 3692 impellenti,
2389 3618 2531 3692 quia
2561 3617 2708 3675 dum
2729 3618 2885 3676 intus
2912 3620 3130 3678 malleo
3153 3620 3364 3679 fundi-·

1812 3714 1930 3782 tur,
1956 3726 2082 3770 non
2108 3711 2266 3770 intus
2291 3710 2607 3786 frangitur,
2654 3712 2762 3770 sed
2799 3713 3050 3771 malleus
3085 3729 3360 3788 repercu-

1812 3804 1950 3861 titur
1975 3822 1990 3862 1
2015 3804 2133 3863 1188
2160 3806 2339 3863 8118111
2365 3810 2611 3880 apparet
2646 3806 2711 3862 in
2746 3806 2901 3881 pila,
2943 3823 3076 3881 qum
3116 3807 3196 3876 ad
3230 3824 3360 3866 mu-

1812 3912 1946 3955 rum
1975 3912 2274 3971 percussa,
2303 3914 2428 3957 non
2448 3915 2559 3973 per
2586 3915 2825 3957 murum
2842 3942 2859 3971 ,
2903 3901 3007 3958 sed
3037 3900 3117 3958 ad
3143 3917 3358 3959 manus

1813 3992 2176 4066 projicientis
2211 3992 2493 4051 velociter
2533 3993 2708 4051 redit.
2755 3993 2900 4051 Dicit
2943 3994 3118 4052 etiam
3162 3994 3357 4053 Hiero·
3441 4003 3599 4045 Exem-

1814 4101 2071 4160 nym¹¹⁸2
2113 4086 2281 4162 quod
2308 4086 2518 4159 sagitta
2543 4086 2621 4145 ab
2664 4100 2807 4144 arcu
2834 4087 3097 4145 immissa
3120 4089 3185 4146 in
3212 4088 3359 4164 lapi-
3385 4064 3527 4120 ¹³¹¹¹¹¹¹·

1817 4177 1989 4251 dem,
2020 4179 2117 4237 vel
2143 4180 2207 4236 in
2232 4178 2490 4250 ferrum,
2535 4194 2661 4238 non
2703 4182 2871 4252 ante,
2913 4180 3020 4239 sed
3062 4186 3220 4241 retro
3266 4198 3361 4240 re·

1817 4272 2007 4345 diens,
2037 4288 2192 4347 ssepe
2215 4273 2465 4347 percutit
2484 4272 2878 4346 sagittantem.
2911 4274 3002 4332 Sic
3029 4278 3086 4333 et
3111 4280 3358 4350 Aposto-

1815 4364 1911 4423 lus
1936 4382 2075 4424 cum
2106 4372 2256 4425 esset
2285 4382 2391 4424 188
2418 4366 2709 4438 solidum,
2748 4369 2807 4424 et
2850 4368 3040 4440 gratia
3082 4367 3359 4442 plenum,

1815 4476 1928 4519 nec
1951 4459 2126 4532 laedi,
2153 4476 2263 4518 nec
2301 4476 2515 4518 sonum
2560 4460 2754 4535 potuit
2798 4460 2941 4519 dare
2984 4477 3362 4536 percussum,

1820 4555 1964 4629 quia
1987 4569 2111 4612 non
2145 4557 2319 4612 sonat
2360 4557 2580 4613 tactum
2627 4570 2733 4613 vas
2776 4554 3055 4630 plenum,
3106 4556 3213 4614 sed
3256 4572 3363 4615 18·

1820 4663 2020 4705 81111111.
2063 4650 2141 4705 De
2186 4647 2482 4707 soliditate
2527 4664 2671 4722 ergo
2727 4649 2882 4707 vasis
2933 4648 3112 4721 hujus
3170 4652 3364 4724 potest

1820 4741 2042 4815 exponi
2087 4741 2238 4799 illud
2273 4740 2317 4776 ¹⁰
2357 4759 2373 4799 τ
2411 4762 2440 4795 α
2468 4743 2579 4800 Vas
2606 4742 2734 4800 auri
2779 4741 3041 4800 solidum
3087 4747 3364 4802 ornatum

1821 4834 1987 4893 omni
2011 4834 2214 4909 lapide
2241 4836 2522 4910 pretioso.
2553 4855 2583 4890 n
2615 4838 2763 4894 Nota
2789 4852 2974 4910 quare
3003 4836 3232 4895 dicatur
3257 4852 3365 4895 vas

1822 4943 2108 4999 aureum,
2147 4944 2257 4986 vas
2295 4928 2586 4998 solidum,
2628 4945 2736 4987 vas
2775 4934 3071 4988 ornatum.
3104 4933 3216 4989 vas
3256 4948 3364 4990 au·-

1819 5040 1991 5084 reum
2037 5023 2251 5083 dicitur
2296 5028 2540 5098 propter
2585 5023 2996 5097 refulgentiam
3040 5025 3365 5101 charitatis,

1820 5119 1966 5194 qm'a
1990 5122 2147 5177 totus
2166 5117 2445 5192 ardebat3
2471 5132 2579 5176 188
2620 5118 2912 5192 solidum,
2949 5125 3192 5195 propter
3222 5137 3370 5181 con-

1822 5212 2096 5272 stantiam
2132 5211 2453 5284 firmitatis‚
2496 5211 2640 5285 quia
2681 5211 2831 5270 nulli
2858 5210 3164 5273 afflictioni
3192 5216 3368 5275 cede·

1823 5349 1949 5401 xxv,
1976 5341 2025 5390 4.
2045 5364 2099 5375 —-
2119 5339 2136 5370 '¹
2163 5336 2315 5401 thid„
2342 5347 2441 5400 xx,
2460 5338 2589 5386 9.-
2609 5337 2629 5366 ·
2653 5335 2790 5388 Ρεαί.
2812 5347 2969 5402 xxxx,
2997 5340 3123 5390 8.-
3144 5341 3165 5372 ·
3190 5341 3364 5393 valer.

1817 5412 1986 5475 Max„
2013 5408 2101 5460 lib.
2137 5410 2272 5475 lV,c.
2302 5421 2387 5473 m,
2422 5410 2623 5459 extern.
2648 5421 2702 5461 n.
2733 5410 2782 5460 3.
2806 5432 2874 5448 --
2902 5411 2946 5447 ¹⁰
2972 5412 3153 5476 Eucti„
3190 5425 3255 5478 1.,
3284 5416 3362 5466 1⁰.
