4059 6317
67 5140 189 5191 Tritia

39 5208 176 5251 m

929 416 1312 485 DOMINIGA
1351 418 1436 492 IN
1478 417 2155 499 QUINQUAGESIMA.
2199 424 2462 490 SERMO
2502 424 2554 490 I.

178 550 450 618 tradendo
462 552 836 635 Dominum,
864 558 1124 638 propter
1147 553 1549 622 exellentIam
1579 556 1682 622 di-

180 661 413 742 gnitatis
458 663 840 745 apostolicae.
878 662 912 728 J
915 662 1078 729 udas
1114 664 1288 730 enim
1320 683 1453 730 non
1481 663 1689 730 solum

181 771 242 834 ad
261 770 532 853 gratiam
571 777 640 836 et
675 772 754 837 ad
794 772 1145 837 doctrinam
1179 773 1329 838 fidei
1369 778 1465 837 est
1496 790 1687 837 voca-

184 880 265 941 tus
276 900 295 957 3
336 879 444 944 sed
470 879 669 944 etiam
694 879 772 943 ad
799 880 1142 961 dignitates
1176 880 1561 962 apostolatus
1594 883 1690 943 est

184 988 514 1068 asumptus
534 1035 553 1065 ‚
587 986 746 1051 dum
771 1003 920 1049 eum
957 985 1240 1051 Christus
1276 987 1440 1051 inter
1462 986 1692 1050 duode-

186 1091 288 1153 cim
312 1092 611 1173 dignatus
638 1096 733 1156 est
756 1092 1200 1158 adnumerare.
1230 1092 1408 1158 Unde
1446 1093 1526 1158 de
1553 1094 1691 1180 ipso

191 1196 314 1261 dicit
333 1197 628 1263 Dominus
661 1201 681 1235 ²
726 1222 740 1262 :
797 1224 829 1262 α
854 1199 1033 1266 Unus
1056 1219 1139 1266 ex
1166 1200 1369 1280 vobis,
1389 1223 1422 1261 s
1455 1199 1693 1265 scilicet

193 1304 505 1385 duodecim,
542 1329 573 1367 ι
595 1324 700 1371 me
728 1307 953 1372 tradet.
983 1329 1015 1367 ι
1047 1307 1347 1372 Similiter
1371 1309 1394 1342 ³
1415 1330 1478 1372 :a
1517 1306 1695 1372 Unus

200 1409 264 1493 (a)
312 1411 385 1476 dc
441 1412 773 1480 duodecim
795 1461 815 1492 ‚
877 1415 993 1498 qui
1056 1414 1382 1480 dicebatur
1440 1414 1515 1495 (b)
1571 1413 1605 1479 J
1610 1434 1693 1479 u-

199 1517 310 1596 das‚
333 1542 363 1579 a
393 1525 506 1584 ete.

264 1623 450 1691 Tertio
489 1646 731 1710 magna
770 1629 894 1693 fuit
935 1628 1299 1712 malignitas
1332 1628 1516 1694 Judae
1540 1647 1690 1712 pro-

207 1738 323 1811 pter
341 1735 889 1812 concupiscentiam
917 1735 1274 1819 cupiditatis
1290 1740 1354 1801 et
1375 1736 1687 1802 avaritiae.

213 1835 358 1903 Unde
391 1840 528 1905 dicit
557 1841 754 1907 Judas
780 1842 1175 1926 principibus
1200 1843 1593 1908 sacerdotum
1621 1844 1689 1906 ’z

223 1964 249 2002 1
273 1943 409 2021 Quid
442 1948 623 2012 vultis
656 1948 814 2012 mihi
853 1949 1028 2029 dare,
1074 1954 1140 2014 et
1183 1968 1305 2030 ego
1331 1968 1485 2015 eum
1512 1950 1695 2014 vobis

223 2052 465 2117 tradam?
505 2055 585 2120 At
634 2055 731 2119 illi
797 2058 1261 2124 constituerunt
1307 2057 1368 2122 ei
1427 2058 1697 2139 triginta

231 2166 522 2239 argenteos,
547 2184 579 2222 1
613 2162 853 2244 Magna
876 2164 1189 2246 siquidem
1221 2165 1340 2228 fuit
1364 2164 1544 2227 istius
1566 2163 1690 2227 ini-

220 2267 391 2349 quitas
397 2270 741 2351 proditoria,
761 2271 818 2334 si
836 2271 1303 2336 consideremus
1321 2289 1437 2356 pro
1451 2275 1693 2354 quanto

213 2376 450 2441 vendidit
472 2376 809 2442 Dominum
828 2398 844 2440 :
862 2378 1014 2458 quia
1030 2395 1162 2441 non
1178 2395 1442 2459 magno,
1456 2377 1565 2441 sed
1581 2376 1696 2441 vili

213 2483 400 2562 pretio,
421 2484 642 2550 scilicet
667 2485 938 2566 triginta
961 2487 1304 2567 argenteis.
1352 2484 1554 2567 Maior
1584 2503 1692 2550 ve-

216 2606 298 2669 ro,
321 2590 366 2654 si
389 2591 840 2657 consideremus
881 2592 1117 2674 quibus
1155 2592 1412 2657 tradidit
1453 2597 1517 2657 et
1546 2610 1699 2658 ven-

219 2695 363 2776 didit,
386 2697 520 2780 quia
543 2717 674 2763 non
698 2697 944 2779 amicis,
973 2699 1084 2764 sed
1111 2698 1384 2763 inimicis
1399 2703 1462 2764 et
1480 2703 1695 2764 extra-

224 2803 334 2867 neis
366 2809 777 2889 quaerentibus
812 2807 1098 2872 animam
1122 2810 1285 2892 ejus.
1312 2806 1611 2888 Maxima,
1646 2808 1699 2871 si

231 2911 630 2979 consideremus
661 2914 747 2979 ad
783 2914 937 2997 quid
971 2932 1124 2978 eum
1157 2914 1416 2980 tradidit
1443 2919 1508 2978 et
1539 2933 1698 2979 ven·

228 3014 387 3082 didit:
412 3022 550 3104 quia
570 3040 702 3087 000
729 3021 810 3086 ad
836 3021 1270 3100 serviendum,
1295 3021 1408 3086 sed
1434 3021 1702 3086 illuden-

226 3120 367 3204 dum,
389 3126 852 3209 flagellandum,
881 3128 1386 3211 conspuendum,
1419 3135 1482 3193 et
1507 3131 1705 3195 cruci·

222 3228 524 3311 figendum.
569 3234 693 3301 Sed
739 3240 907 3301 certe
950 3236 1004 3299 si
1045 3236 1518 3301 consideremus
1557 3238 1704 3320 quis

220 3339 474 3406 venditur
510 3346 571 3407 et
599 3342 874 3408 traditur
890 3391 910 3423 ‚
945 3342 1194 3407 infinita
1234 3347 1329 3406 est
1363 3343 1535 3406 enim
1559 3346 1702 3426 ejus

217 3442 517 3527 iniquitas:
548 3449 701 3531 quia
727 3450 750 3484 ⁴
789 3472 821 3509 a
850 3448 983 3514 Rex
1009 3467 1266 3531 regum,
1300 3453 1365 3512 et
1399 3448 1704 3514 Dominus

214 3549 651 3620 dominantium.
703 3577 737 3616 n
791 3554 871 3619 Et
921 3559 1179 3639 propter
1228 3554 1352 3620 hoc
1396 3554 1703 3621 Dominus

210 3657 339 3723 dicit
361 3660 544 3726 Pilato
570 3667 593 3701 ⁸
625 3685 642 3725 ι
682 3685 714 3724 α
740 3661 945 3745 Maius
970 3666 1303 3746 peccatum
1331 3663 1523 3727 habet
1540 3709 1563 3743 ,
1592 3664 1702 3747 qui

207 3783 300 3838 me
325 3768 428 3833 tibi
453 3771 725 3836 tradidit.
753 3792 787 3830 n
822 3768 902 3834 Et
926 3770 1078 3854 quia
1103 3770 1471 3852 malignitas
1498 3771 1704 3854 prodi-

208 3874 362 3954 toris,
388 3880 619 3943 ratione
648 3895 786 3943 3010
825 3878 1198 3962 iniquitatis,
1235 3878 1428 3943 estin
1455 3877 1704 3943 Domini

208 3982 394 4047 verbis
427 3969 767 4069 explicata3
813 3984 960 4051 ideo
997 3985 1147 4049 nolo
1173 3984 1452 4068 amplius
1474 3985 1548 4049 in
1585 3985 1707 4049 1100

209 4090 434 4171 morari,
462 4093 568 4156 sed
586 4093 787 4156 finem
819 4092 974 4157 dare
1005 4090 1305 4156 sermoni.

277 4194 540 4262 Secundo
588 4201 849 4266 notatur
891 4198 1444 4282 contemptibilitas
1496 4197 1707 4262 ultimi

209 4303 497 4385 opprobrii
533 4305 602 4369 in
643 4303 1068 4387 flagellatione
1097 4307 1162 4369 et
1194 4304 1376 4368 faciei
1411 4305 1709 4388 conspui-

210 4409 354 4474 tione
370 4459 391 4491 ,
416 4429 563 4478 cum
590 4411 744 4476 dicit
773 4432 790 4475 ε
821 4410 1139 4479 laudetur
1166 4419 1228 4481 et
1253 4411 1704 4494 flaqenabitum

211 4522 264 4584 et
290 4525 671 4603 conspuetur.
701 4517 844 4583 Non
869 4519 1043 4582 enim
1068 4520 1206 4584 sine
1230 4537 1469 4602 magna
1494 4538 1705 4601 causa,

209 4623 319 4689 imo
362 4627 571 4692 divina
622 4626 1090 4709 dispensatione
1140 4627 1381 4692 tactum
1442 4631 1540 4692 est
1556 4676 1579 4707 ,
1634 4632 1711 4693 ut

212 4726 377 4797 Filius
399 4733 505 4799 Dei
529 4733 928 4813 illuderetur,
962 4732 1415 4815 flagellaretur,
1436 4739 1500 4799 01
1524 4753 1705 4800 cons·-

208 4845 498 4917 pueretur.
538 4837 683 4905 Non
725 4839 901 4904 enim
945 4839 1082 4903 sine
1119 4858 1311 4908 causa
1327 4889 1349 4920 ,
1404 4843 1708 4925 quoniam

209 4959 306 5023 per
333 4947 446 5011 ista
481 4947 607 5012 tria
637 4945 808 5010 miro
839 4945 1029 5010 modo
1056 4946 1193 5029 ipse
1219 4947 1329 5011 Dei
1355 4946 1577 5029 Filius,
1607 4968 1708 5013 re-

209 5060 432 5131 parator
475 5053 749 5119 humani
805 5053 1062 5133 generis
1079 5100 1102 5132 ‚
1161 5054 1427 5121 destruit
1483 5074 1712 5141 corpus

209 5160 438 5237 peccati.
479 5159 646 5226 Nam
681 5159 756 5223 in
795 5161 1048 5242 peccato
1083 5162 1181 5224 est
1205 5160 1429 5228 trontis
1453 5164 1708 5229 invere-

264 5320 444 5383 ¹Joan.,
468 5333 598 5384 ι111,
623 5322 709 5370 21.
737 5306 804 5355 -ss
829 5317 850 5346 ²
877 5317 1088 5380 naith„
1117 5330 1274 5384 xxvi,
1310 5326 1386 5372 14.
1413 5349 1478 5360 —
1507 5322 1526 5353 ³
1561 5323 1712 5387 thid„

214 5389 278 5440 15.
314 5418 364 5428 --
405 5393 424 5421 ⁴
464 5394 633 5457 Apoe„
682 5399 807 5450 m,
848 5389 929 5438 16.
976 5414 1037 5426 -
1082 5391 1101 5420 ⁸
1146 5392 1314 5455 loon„
1356 5406 1476 5458 ιιι,
1527 5399 1603 5448 11.
1647 5419 1710 5433 -·

3208 431 3319 492 131

1797 558 2048 639 cundia,
2103 559 2446 630 excludens
2495 559 2840 648 0011010103
2899 559 3329 628 delectationis

1796 664 2246 746 complacentia
2263 716 2282 747 ‚
2313 668 2654 733 excludens
2678 668 2993 746 dolorem;
3024 670 3087 732 et
3108 667 3327 732 elatio·

1796 772 1895 835 nis
1936 775 2271 858 superbia,
2314 776 2655 842 excludens
2683 776 2979 840 timorem
3012 797 3029 838 :
3059 778 3122 839 et
3166 791 3326 856 quo-

1796 880 1969 944 niam
2015 883 2329 947 contraria
2365 884 2696 949 contrariis
2736 892 3041 947 curantur
3058 928 3080 959 ,
3121 879 3330 962 primo

1796 985 2108 1052 destruxit
2144 988 2368 1053 frontis
2410 989 2930 1055 inverecundiam
2943 1035 2965 1066 ,
3026 987 3097 1050 in
3139 986 3332 1069 susti-

1796 1093 2005 1158 nendo
2043 1095 2350 1176 pudorem
2377 1096 2444 1160 in
2478 1096 2810 1175 illusione3
2841 1095 3119 1160 secundo
3134 1141 3156 1172 ‚
3198 1092 3328 1158 ela-
3452 1109 3457 1114 “

1797 1199 1987 1265 tionis
2031 1201 2549 1285 complacentiam
2565 1251 2588 1283 ‚
2631 1202 2999 1268 sustinendo
3045 1201 3330 1265 dolorem

1798 1304 1868 1369 in
1888 1306 2311 1389 flagellatione
2333 1332 2351 1388 ;
2375 1312 2560 1375 tertio
2580 1359 2597 1390 ‚
2629 1310 2917 1376 elationis
2941 1308 3327 1391 superbiam3

1799 1410 2166 1476 sustinendo
2199 1411 2672 1492 vilificationem
2698 1414 2768 1478 in
2795 1412 3251 1494 conspuitione.

1880 1517 2094 1582 Primo
2146 1501 2458 1584 destruxit
2544 1521 2768 1585 frontis
2818 1519 3335 1586 inverecundiam

1801 1625 2166 1692 sustinendo
2203 1627 2515 1710 pudorem
2551 1627 2622 1690 in
2656 1626 2946 1692 illusione
2972 1648 2989 1705 ;
3020 1626 3188 1691 etde
3215 1626 3336 1690 ista

1801 1729 2095 1795 illusione
2120 1731 2349 1797 dicitur
2373 1741 2397 1776 ⁸
2431 1756 2445 1797 :
2477 1756 2509 1795 11
2535 1733 2945 1817 Cblamydem
2981 1736 3336 1798 coccineam

1801 1837 2350 1905 circumdederunt
2375 1842 2457 1920 ei,
2485 1844 2550 1907 et
2572 1839 2913 1924 plectentes
2930 1858 3230 1905 coronam
3257 1839 3338 1904 de

1799 1944 2021 2028 spinis,
2053 1951 2403 2029 posuerunt
2430 1967 2622 2032 super
2646 1952 2836 2031 caput
2856 1950 3018 2028 eiua,
3042 1951 3108 2013 et
3134 1964 3334 2029 genu-

1801 2050 1969 2115 flexo
2005 2059 2153 2118 ante
2201 2073 2384 2136 eum,
2423 2055 2774 2120 illudebant
2811 2073 2987 2119 eum.
3019 2077 3050 2114 1)
3086 2054 3336 2119 Fletum

1802 2159 2115 2224 deducant
2144 2161 2310 2227 oculi
2337 2163 2487 2240 mei,
2510 2167 2573 2227 et
2594 2163 2901 2245 liquescat
2914 2163 2984 2226 in
3004 2180 3106 2228 me
3124 2162 3340 2226 anima

1804 2283 1947 2330 mea
1960 2266 2188 2338 ,dolore
2214 2269 2664 2352 compassionis
2690 2288 2882 2353 super
2895 2269 3341 2335 contritionem

1802 2373 1928 2437 viri
1945 2374 2176 2457 hujus:
2195 2376 2347 2457 quia
2366 2376 2564 2442 Filius
2577 2377 2689 2443 Dei
2705 2377 3039 2461 chlamyde
3056 2376 3344 2441 coccinea

1803 2481 2114 2561 induitur,
2141 2501 2275 2548 non
2300 2488 2374 2549 ut
2405 2485 2757 2550 honoretur
2776 2533 2796 2563 ‚
2836 2483 2947 2548 sed
2984 2486 3057 2548 ut
3090 2483 3342 2565 vitupe-

1804 2593 2013 2669 retur3
2060 2608 2295 2655 corona
2339 2591 2419 2655 de
2457 2590 2655 2675 spinis
2708 2609 2902 2674 super
2952 2592 3143 2673 caput
3204 2590 3345 2671 ejus

1803 2697 2063 2777 ponitur
2077 2744 2096 2773 ‚
2137 2703 2214 2761 ut
2261 2698 2503 2781 pudore
2561 2697 2942 2763 confusionis
2981 2696 3340 2780 repleatur3

1804 2804 2052 2868 arundo
2075 2805 2143 2868 in
2172 2805 2433 2870 dextera
2459 2808 2600 2888 ejus
2620 2806 2906 2888 ponitur,
2934 2808 2998 2870 et
3023 2808 3170 2869 ante
3192 2821 3343 2868 eum

1809 2911 2285 2993 genuflectitur,
2317 2915 2656 2996 ut0regius
2688 2914 2890 2979 honor
2929 2929 3160 2997 parum
3197 2915 3345 2976 ante

1807 3020 1870 3083 ei
1893 3020 2215 3086 exhibitus
2234 3022 2484 3105 plenius
2497 3022 2908 3088 derideretur.
2929 3020 3105 3086 Unde
3118 3019 3348 3085 frontis

1807 3130 2155 3194 meretricis
2192 3131 2711 3196 inverecundiam
2760 3131 2830 3194 in
2878 3132 3132 3213 peccato
3145 3175 3168 3207 ‚
3199 3144 3347 3192 cum

1808 3233 2052 3301 Christo
2105 3237 2186 3301 ad
2233 3254 2376 3301 eam
2429 3236 2876 3302 destruendam
2931 3235 3001 3299 in
3051 3234 3347 3302 illusione

1808 3343 1908 3407 sui
1960 3343 1983 3378 ⁷
2029 3346 2267 3425 peccati
2320 3344 2633 3427 pudorem
2668 3360 2799 3407 non
2835 3359 3159 3409 assumere
3172 3390 3192 3423 ,
3252 3346 3351 3406 est

1810 3467 2070 3531 magnae
2097 3449 2472 3532 iniquitatis.

1889 3555 2182 3622 Secundo
2231 3555 2545 3622 destruxit
2591 3555 3022 3622 delectationis
3064 3554 3349 3639 compla-

1808 3663 2079 3727 centiam
2097 3711 2117 3741 ‚
2174 3663 2541 3729 sustinendo
2603 3662 2888 3729 dolorem
2941 3664 3011 3728 in
3061 3663 3350 3746 flagella·-

1806 3770 1978 3835 tione
1998 3792 2017 3850 3
2039 3770 2210 3835 unde
2234 3775 2257 3810 ⁸
2290 3794 2307 3835 ε
2347 3794 2378 3832 ι
2404 3769 2684 3835 Tradidit
2722 3769 2962 3837 Pilatus
2999 3768 3092 3835 eis
3126 3769 3349 3836 sesam

1808 3878 2077 3961 flagellis
2119 3896 2377 3944 caesum.
2424 3900 2456 3938 1)
2502 3877 2788 3943 Christus
2839 3877 2921 3942 ad
2969 3878 3094 3942 hoc
3145 3877 3352 3942 voluit

1809 3985 2299 4050 amaritudinem
2350 3983 2586 4050 doloris
2619 3984 2930 4049 sustinere
2956 3984 3028 4049 in
3062 3983 3349 4067 flagella-

1809 4092 2001 4170 tione,
2034 4095 2108 4156 ut
2135 4090 2487 4155 destrueret
2519 4090 2921 4155 dulcedinem
2945 4091 3216 4157 carnalis
3237 4091 3350 4157 de-

1806 4196 2179 4263 lectationis.
2227 4196 2368 4282 Non
2410 4215 2568 4279 ergo
2584 4245 2604 4276 ‚
2638 4196 2988 4261 charissimi
3005 4245 3029 4277 ‚
3072 4215 3346 4263 evacue-

1809 4323 1960 4369 mus
1983 4305 2054 4368 in
2081 4304 2268 4369 nobis
2300 4303 2562 4369 effectus
2606 4303 2846 4368 divinae
2874 4303 3344 4386 flagellationis,

1810 4430 2006 4497 quam
2045 4412 2349 4478 sustinuit
2387 4429 2506 4495 pro
2532 4410 3001 4494 nobismetipsis
3035 4434 3051 4476 :
3081 4429 3210 4476 non
3242 4410 3344 4476 Fi·-

1807 4517 1971 4584 lium
2016 4518 2129 4583 Dei
2157 4536 2384 4583 rursus
2412 4517 2813 4599 flagellemus
2841 4536 2956 4601 per
2988 4518 3345 4584 delectatio·

1809 4644 1959 4691 nem
1989 4625 2251 4710 peccati,
2280 4625 2435 4708 quia
2460 4623 2853 4707 mitigandus
2867 4627 2963 4688 est
2976 4626 3121 4707 ejus
3146 4625 3346 4705 dolor,

1812 4752 1946 4798 non
1971 4732 2245 4816 amplius
2265 4731 2689 4795 innovandus.
2712 4729 2890 4796 Unde
2915 4729 3346 4798 Bernardus⁹2

1821 4863 1852 4902 α
1879 4839 2021 4905 Heu
2062 4855 2165 4904 me
2200 4838 2540 4902 miserum!
2572 4836 2739 4903 Deus
2783 4855 2968 4902 meus
3019 4838 3352 4921 adaptatur

1812 4949 1895 5013 ad
1940 4947 2208 5013 verbera
2241 4968 2257 5008 :
2294 4963 2437 5010 ecce
2473 4946 2617 5026 jam
2660 4946 2922 5011 caeditur
2944 4993 2967 5027 ,
3026 4947 3351 5031 rumpitur

1814 5058 2031 5122 sancta
2055 5072 2202 5119 caro
2220 5053 2527 5118 violentia
2543 5052 2965 5136 flagellorum,
2993 5058 3058 5118 01
3072 5054 3352 5124 crudelia

1817 5227 1841 5262 ⁸
1876 5225 2086 5288 Mattio„
2121 5235 2299 5285 xxm,
2343 5224 2515 5273 28-29.
2560 5248 2624 5261 —
2671 5225 2689 5255 ²
2733 5224 2902 5274 Locus
2946 5228 3239 5289 corruptus.
3292 5249 3346 5262 -

1815 5298 1838 5332 ⁸
1861 5299 2044 5357 Marc„
2073 5307 2161 5358 xv,
2195 5298 2272 5346 15.
2301 5321 2363 5333 -
2389 5297 2410 5327 ⁹
2439 5295 2592 5346 Bern.

1878 5396 1944 5461 (a)
1980 5395 2106 5446 coet.
2131 5392 2254 5447 edit.
2284 5404 2368 5443 ex.
2389 5418 2450 5429 —
2480 5390 2545 5456 (ὁ)
2573 5394 2699 5442 Item
2717 5392 2916 5444 dicitur.
3054 5391 3057 5398 '
