4059 6317
702 520 822 584 1250

699 669 852 718 mus
886 652 968 736 (α)
1014 666 1152 718 esse
1186 653 1372 737 qnasi
1396 654 1591 720 homo
1629 653 1743 737 qui
1768 653 1968 718 tentat
2001 651 2229 732 Deum,

700 763 958 844 propter
994 764 1318 845 aspectum
1356 761 1672 845 superbias
1688 809 1710 841 ,
1764 759 2123 842 reputando
2165 773 2234 824 se

700 866 941 951 aliquid
991 885 1343 954 magnum,
1371 886 1523 934 cum
1567 868 1731 933 nihil
1771 868 1852 932 sit
1879 884 1900 949 3
1929 868 2092 931 sicut
2128 867 2235 932 ille

703 973 1066 1040 Pharisaeus
1103 975 1145 1054 ¹,
1188 974 1303 1058 qui
1346 974 1810 1058 aspernabatur
1857 979 2143 1055 caeteros,
2172 978 2238 1039 et

702 1097 842 1145 suae
876 1080 1226 1148 temeritate
1263 1081 1782 1165 presumptionis
1807 1082 2239 1147 arbitrabatur
2320 1087 2327 1100 ’

702 1205 772 1253 se
810 1203 947 1254 esse
976 1190 1227 1271 justum
1257 1207 1272 1251 ε
1302 1192 1367 1254 et
1389 1193 1645 1273 propter
1672 1189 1795 1255 hoc
1833 1189 2233 1273 publicanus,

703 1295 948 1361 ratione
971 1312 1108 1360 suae
1130 1295 1504 1361 humilitatis
1522 1345 1540 1377 ,
1582 1295 1899 1362 descendit
1920 1297 2239 1379 justifica-

704 1405 809 1467 tus
834 1402 904 1466 in
925 1401 1188 1467 domum
1213 1421 1399 1469 suam
1421 1403 1502 1468 ab
1523 1404 1634 1469 illo
1659 1404 1955 1487 superbo.

783 1508 1000 1575 Tertio
1024 1511 1290 1577 tentavit
1327 1511 1407 1575 de
1452 1510 1750 1591 avaritia,
1804 1514 1880 1575 ut
1923 1511 2241 1594 deciperet

706 1634 822 1699 per
863 1616 1209 1682 mundanae
1255 1617 1745 1701 pulchritudinis
1794 1617 2240 1683 delectabilita-

708 1727 861 1804 tem,
892 1741 1041 1789 cnm
1064 1723 1225 1789 dixit
1247 1725 1270 1759 ⁸
1300 1746 1317 1790 ε
1348 1725 1580 1793 Omnia
1599 1725 1724 1794 tibi
1740 1724 1922 1805 dabo,
1948 1727 2014 1793 si
2036 1728 2240 1807 proci·

706 1831 863 1900 dots
916 1830 1290 1899 adoraveris
1339 1847 1457 1899 me.
1505 1831 1902 1899 Ostendendo
1959 1834 2132 1899 enim
2179 1834 2241 1897 ei

709 1939 1003 2005 omnium
1030 1957 1251 2005 rerum
1291 1939 1830 2024 pulchritudinem
1848 1989 1866 2019 ,
1916 1942 2104 2025 quasi
2129 1959 2244 2008 vo·

709 2048 847 2113 lens
869 2063 1018 2111 eum
1041 2063 1267 2130 capere
1293 2065 1407 2131 per
1432 2046 1712 2114 illicitam
1740 2048 2241 2127 delectationem,

711 2157 786 2219 nt
825 2171 939 2238 per
977 2153 1316 2220 avaritiam
1358 2154 1548 2220 ducat
1594 2173 1743 2221 eum
1781 2156 1862 2221 ad
1912 2160 2245 2240 peccatum

711 2260 1103 2328 idololatrias.
1134 2260 1312 2325 Hanc
1352 2262 1767 2328 tentationem
1809 2263 2096 2330 avaritias
2138 2264 2249 2329 do-

713 2368 845 2433 cuit
873 2367 1156 2432 Christus
1182 2367 1436 2434 vincere
1462 2386 1578 2452 per
1603 2370 1943 2436 mundanae
1983 2388 2249 2453 prospe·

711 2475 919 2540 ritatis
971 2475 1231 2540 totalem
1282 2475 1765 2559 despectionem.
1822 2478 1845 2514 ⁸
1898 2477 2252 2560 Respondit

713 2583 897 2650 ,Iesus
915 2602 938 2648 .·
966 2584 1302 2665 Scriptum
1315 2588 1411 2651 est
1435 2600 1459 2649 .·
1478 2584 1818 2652 Dominum
1847 2587 2047 2653 Deum
2069 2591 2250 2653 tuum

716 2690 1048 2770 adorabis,
1083 2695 1148 2757 et
1190 2689 1295 2757 illi
1326 2690 1451 2757 soli
1486 2693 1724 2758 servies
1749 2709 1773 2756 .·
1806 2694 1988 2775 quasi
2033 2694 2200 2759 dicat
2229 2717 2246 2761 ε

718 2797 842 2877 Qui
867 2799 1123 2881 propter
1146 2813 1404 2877 aurum,
1423 2797 1527 2864 vel
1551 2799 1808 2882 aliquod
1833 2800 2027 2881 aliud,
2051 2802 2251 2868 alium

717 2921 913 2991 quam
938 2904 1140 2970 Deum
1166 2904 1387 2969 adorat
1401 2952 1421 2984 ‚
1467 2903 1796 2971 idololatra
1831 2912 1952 2987 est3
1997 2909 2105 2974 sed
2137 2910 2252 2994 qui

718 3013 937 3079 omnia
959 3012 1305 3077 contemnit
1331 3015 1589 3094 propter
1628 3013 1829 3078 Deum
1843 3063 1861 3094 ,
1904 3016 2106 3081 servit
2135 3018 2253 3082 soli

720 3120 871 3199 Deo,
900 3133 979 3184 eo
1004 3119 1177 3201 quod
1203 3118 1386 3183 nulla
1409 3118 1686 3184 admittit
1708 3123 2048 3202 contraria,
2069 3124 2246 3189 nulla

720 3226 1076 3310 aeqniparat
1113 3224 1450 3308 disparata,
1495 3230 1559 3290 et
1596 3226 1677 3291 ad
1716 3226 1876 3291 nihil
1921 3228 2093 3293 aliud
2140 3249 2257 3313 per

720 3334 1019 3400 affectum
1053 3332 1355 3416 alligatur
1388 3338 1622 3417 praeter
1671 3335 1747 3419 (b)
1795 3336 1980 3403 illum
1993 3387 2013 3418 ,
2056 3340 2162 3404 cui
2187 3341 2257 3405 in

720 3441 1055 3508 dilectione
1079 3443 1285 3506 totum
1308 3456 1418 3506 cor
1439 3441 1726 3508 debetur.
1760 3442 1834 3508 Et
1860 3451 2119 3529 propter
2134 3449 2257 3512 hoc

721 3548 1059 3633 Apostolus
1084 3547 1236 3612 dicit
1276 3552 1301 3589 ⁸
1341 3568 1356 3612 ι
1409 3570 1442 3608 α
1490 3547 1806 3616 Habentes
1846 3551 2151 3619 alimenta
2195 3561 2259 3621 et

724 3657 958 3740 quibus
980 3658 1280 3737 tegamur
1293 3703 1311 3735 ,
1358 3655 1462 3720 his
1503 3658 1781 3721 contenti
1821 3659 2045 3725 simus.
2094 3659 2258 3729 Nam

722 3763 837 3847 qni
862 3762 1089 3828 volunt
1112 3761 1337 3828 divites
1365 3762 1508 3827 fleri
1544 3763 1830 3829 incidunt
1867 3766 1937 3830 in
1969 3770 2259 3835 tentatio·

723 3885 897 3949 nem,
923 3875 987 3935 et
1020 3869 1091 3933 in
1118 3868 1420 3951 laqueum
1463 3868 1720 3951 diaboli,
1752 3876 1817 3936 et
1837 3872 1908 3937 in
1946 3873 2258 3942 desideria

720 3978 930 4043 multa
958 3982 1022 4042 et
1046 3976 1296 4042 inutilia
1322 3980 1385 4040 et
1408 3993 1598 4058 vana,
1628 3995 1778 4061 quae
1812 3988 2120 4063 mergunt
2146 3985 2261 4049 ho-

726 4086 933 4151 mines
956 4085 1027 4149 in
1062 4083 1390 4148 interitum
1407 4132 1426 4163 ,
1469 4087 1534 4148 et
1571 4086 2011 4168 perditionem.
2058 4090 2258 4157 Radix

725 4194 902 4259 enim
918 4191 1208 4257 omnium
1226 4189 1545 4256 malorum
1570 4195 1665 4256 est
1684 4194 2015 4276 cupiditas.
2047 4217 2078 4257 s
2096 4199 2261 4281 Apo-

728 4298 876 4364 stoli
900 4311 1178 4380 namque
1214 4299 1496 4362 contenti
1537 4304 1721 4363 erant
1772 4299 2119 4384 alimentis;
2151 4307 2261 4371 sed

728 4406 1016 4472 diabolus
1041 4405 1303 4489 apponit
1325 4405 1571 4489 cupidis
1591 4413 1654 4471 et
1677 4409 1890 4475 avaris
1919 4412 2259 4478 mundanas

727 4511 1222 4598 pulchritudinis
1246 4511 1721 4593 delectamenta,
1747 4515 1857 4597 qui
1884 4519 2062 4581 tanto
2089 4537 2264 4584 amo-

730 4637 800 4687 re
826 4633 993 4686 caeco
1019 4618 1377 4701 cupiditatis
1415 4619 1498 4685 ad
1539 4635 1616 4685 ea
1641 4620 1960 4702 feruntur,
2001 4630 2076 4690 ut
2116 4645 2266 4709 per-

730 4730 988 4794 mittant
1010 4727 1176 4792 sein
1217 4726 1523 4809 laqueum
1559 4746 1599 4792 a
1641 4728 1891 4796 diabolo
1930 4732 2160 4798 adduci
2197 4736 2266 4799 in

729 4836 1062 4901 interitum
1087 4829 1457 4917 perditionis
1482 4838 1762 4902 aeternoe.
1797 4836 1974 4904 Unde
1999 4839 2267 4907 Bernar-

732 4943 894 5008 dus⁸
926 4964 942 5006 :
983 4963 1014 5004 ι
1053 4942 1344 5007 Avaritia
1381 4946 1476 5007 est
1507 4942 1691 5007 radix
1727 4946 2020 5010 omnium
2062 4949 2267 5014 malo-

733 5063 906 5130 rum,
937 5049 1190 5116 funesta
1224 5051 1434 5131 pestis,
1480 5050 1663 5116 virus
1703 5052 2019 5137 Ecclesiae,
2064 5062 2268 5122 mater

799 5213 814 5242 ¹
840 5212 980 5271 Luc„
1019 5224 1175 5277 xvm,
1213 5217 1259 5264 9.
1292 5239 1345 5249 -
1384 5213 1403 5243 ²
1438 5213 1642 5275 lisama„
1679 5226 1747 5276 ιν,
1786 5218 1832 5266 9.
1866 5243 1915 5252 -
1951 5217 1972 5252 ³
2007 5218 2158 5284 ibid„
2186 5224 2266 5273 to.

736 5309 799 5322 —
839 5284 859 5314 ⁴
898 5284 916 5334 Ι
954 5283 1110 5347 Tim„
1152 5296 1228 5348 vr,
1257 5283 1388 5336 8—10.
1417 5305 1480 5326 υ-
1515 5286 1540 5322 ⁸
1568 5283 1721 5337 Bern.
1748 5313 1812 5325 —
1836 5288 1860 5324 ⁸
1885 5289 2033 5340 Hunc
2067 5294 2267 5357 etseq.

735 5368 898 5420 usqne
928 5355 994 5405 ad
1022 5356 1171 5408 Dom.
1202 5357 1266 5420 ll,
1292 5369 1447 5410 serm.
1477 5368 1550 5413 iv,
1578 5358 1854 5422 exclusive,
1885 5361 2039 5412 babet
2064 5377 2269 5429 quoque

736 5426 858 5477 edit.
890 5426 1050 5478 Paris.
1086 5441 1170 5479 an.
1215 5427 1351 5479 152¹.
1393 5455 1454 5467 —
1500 5429 1519 5462 ⁹
1554 5429 1758 5493 natm,
1800 5442 1870 5494 iv,
1909 5438 1954 5483 ι.
1981 5459 2046 5471 -
2070 5435 2096 5466 ⁸
2124 5435 2270 5494 Gen„

725 5499 830 5561 m,
857 5499 906 5548 5.
932 5519 996 5537 -·
1025 5499 1095 5550 Ἰ
1133 5500 1268 5565 naq„
1303 5507 1440 5564 mr,
1473 5501 1553 5553 3⁴.
1578 5525 1642 5542 —
1673 5503 1716 5538 1·
1746 5503 1913 5567 Dent„
1942 5509 2181 5572 v111,¹5.

1794 511 2209 584 SERMONES
2250 509 2352 584 DE
2385 515 2780 585 TEMPORE.

2338 654 2714 738 hypocrisiS,
2751 653 2974 720 livoris
3013 671 3245 737 parens
3261 703 3281 734 ,
3321 655 3609 721 criminis
3650 657 3856 737 fomes,

2340 763 2654 829 virtutum
2678 779 2926 845 aerugo,
2955 762 3128 827 tinea
3149 761 3487 844 largitatis.
3517 786 3551 825 υ

2854 944 3144 1016 SERMO
3196 946 3290 1015 111
3314 944 3366 1015 ⁸.

2424 1085 2664 1156 Ductus
2699 1091 2793 1155 est
2828 1087 3010 1155 Iesus
3046 1090 3123 1154 in
3150 1087 3477 1157 desertum
3518 1103 3565 1155 a
3590 1091 3862 1172 Spu-tua

2343 1198 2418 1261 ut
2444 1198 2796 1261 remoretur
2823 1211 2867 1261 a
2891 1193 3143 1262 diabolo
3177 1194 3223 1257 ⁷.
3258 1194 3437 1260 Sicut
3477 1199 3735 1279 propter
3757 1213 3868 1258 nos

2343 1305 2557 1381 natuS,
2606 1307 2865 1385 propter
2903 1319 3021 1367 nos
3050 1301 3315 1382 occisus,
3354 1303 3444 1366 ita
3484 1307 3741 1385 propser
3762 1304 3872 1368 nos

2344 1411 2623 1473 tentatus
2648 1413 2743 1473 est
2760 1408 3067 1489 Christus,
3093 1413 3167 1473 ut
3189 1408 3560 1492 exemplum
3588 1407 3874 1473 vincendi

2345 1516 2531 1580 nobis
2554 1515 2753 1580 daret.
2787 1515 3076 1580 Christus
3102 1533 3265 1598 ergo
3296 1516 3469 1597 gerit
3491 1521 3727 1599 typum
3767 1532 3876 1579 cu-

2336 1621 2599 1706 juslibet
2636 1621 2872 1701 tidelis,
2921 1622 3034 1706 qui
3078 1623 3150 1686 in
3185 1623 3438 1688 deserto
3462 1621 3665 1705 huius
3694 1639 3879 1686 mun-

2346 1729 2904 1810 di,·ve1E0c1esiae,
2941 1729 3042 1796 vel
3067 1727 3403 1812 religionis
3434 1729 3516 1795 ad
3542 1747 3746 1813 quam
3768 1746 3873 1795 ve-

2346 1837 2445 1902 nit
2485 1836 2681 1902 ductu
2728 1836 3001 1921 Spiritus
3044 1836 3247 1901 sancti
3268 1883 3286 1916 ,
3336 1853 3468 1901 non
3506 1839 3719 1920 potest
3754 1853 3886 1900 esse

2349 1944 2488 2010 sine
2526 1944 2977 2011 tentationibus
3006 1943 3280 2025 maligni
3312 1943 3593 2027 spiritua.
3642 1942 3722 2008 In
3760 1948 3884 2008 ten-

2349 2052 2698 2118 tationibus
2739 2068 2900 2133 ergo
2924 2050 3158 2116 nostris
3198 2050 3511 2116 babemus
3542 2067 3585 2114 a
3618 2050 3881 2115 Domino

2350 2139 2715 2242 exemplum
2731 2208 2749 2236 ,
2801 2175 2932 2241 quo
2983 2156 3411 2236 instruamur3
3463 2157 3844 2239 apparatum
3864 2201 3886 2234 ‚

2354 2284 2482 2351 qno
2527 2265 3048 2347 congrediamur;
3096 2265 3438 2345 auxilium,
3481 2279 3610 2348 quo
3636 2263 3889 2329 munia-

2355 2391 2535 2453 mur3
2573 2372 2982 2456 promissum,
3016 2390 3146 2456 quo
3173 2371 3553 2437 alliciamur.

2435 2482 2524 2548 De
2567 2484 2781 2566 primo
2814 2481 3049 2547 dicitur
3093 2482 3202 2546 hic
3249 2504 3264 2546 ε
3329 2481 3408 2550 Ut
3457 2486 3819 2549 terum-etur
3854 2497 3897 2547 a

2356 2589 2630 2658 diabolo.
2658 2587 2951 2654 Tentavit
2989 2593 3205 2654 autem
3244 2588 3534 2654 diabolus
3572 2587 3895 2653 Christum

2357 2699 2429 2762 in
2442 2698 2689 2763 deserto
2711 2695 2790 2760 de
2804 2677 3166 2760 carnalitate
3182 2717 3199 2774 ;
3218 2695 3290 2758 in
3309 2694 3571 2777 templo,
3584 2693 3665 2760 de
3683 2711 3899 2777 super-

2357 2806 2482 2871 bias
2507 2804 2815 2883 vanitate3
2860 2803 2929 2867 in
2974 2805 3222 2880 monte,
3262 2802 3342 2867 de
3379 2801 3750 2884 cupiditate.
3788 2800 3899 2864 His

2359 2912 2533 2978 enim
2556 2911 2765 2976 tribus
2780 2910 3240 2975 tentationibus
3260 2909 3549 2993 primum
3566 2908 3897 2973 hominem

2360 3019 2694 3102 dejecerat,
2722 3036 2871 3083 cum
2904 3017 3056 3082 dicit
3083 3018 3106 3054 ⁸
3137 3037 3155 3084 t
3194 3041 3227 3079 ιι
3253 3016 3327 3081 In
3363 3032 3779 3100 quat-umque
3801 3015 3900 3080 die

2361 3125 2743 3202 comederis,
2786 3146 2818 3184 ιι
2869 3129 2990 3190 etc.
3041 3123 3156 3188 His
3196 3124 3403 3188 tribus
3445 3123 3905 3189 tentationibus

2362 3232 2570 3299 adbuc
2596 3233 2940 3314 impugnat
2962 3230 3177 3296 fideles
3204 3230 3510 3314 quotidie,
3535 3233 3660 3295 etc.
3694 3229 3904 3313 Signi-

2364 3343 2568 3406 ficatae
2596 3343 2808 3405 autem
2837 3344 2986 3404 sunt
3031 3339 3099 3402 in
3140 3337 3346 3418 leone,
3391 3337 3464 3401 in
3500 3355 3658 3402 urso
3698 3341 3768 3403 et
3812 3337 3907 3419 gi-

2364 3453 2591 3531 gante,
2620 3464 2782 3530 quos
2825 3445 3049 3512 occidit
3092 3443 3324 3524 David,
3371 3444 3535 3510 sicut
3580 3445 3833 3526 legitur
3854 3451 3902 3509 ².

2366 3555 2488 3621 Per
2511 3555 2763 3620 leonem
2789 3551 2986 3632 enim,
3015 3551 3127 3635 qui
3147 3551 3388 3616 animal
3405 3552 3764 3635 superbum
3786 3555 3905 3632 est,

2366 3662 2689 3745 superbia3
2741 3678 2856 3743 per
2912 3677 3142 3725 ursum
3159 3707 3182 3739 ‚
3232 3658 3345 3742 qui
3406 3659 3534 3724 mel
3574 3661 3906 3742 sequitur,

2367 3768 2907 3852 concupiscentia3
2936 3783 3053 3850 per
3077 3768 3435 3850 gigantem,
3463 3767 3575 3850 qui
3601 3768 3799 3849 quasi
3816 3769 3913 3831 in-

2368 3875 2743 3960 superabilis
2768 3874 3125 3954 videbatur,
3169 3874 3436 3940 avaritia
3482 3875 3910 3957 significatur,

2368 3985 2521 4069 quia
2546 3985 2812 4050 avaritia
2848 3983 3032 4068 quasi
3075 3982 3520 4067 insuperabilis
3548 3986 3667 4047 est.
3720 3982 3914 4048 Inve-

2370 4094 2546 4157 nitur
2570 4092 2746 4157 enim
2771 4091 2885 4175 qui
2906 4091 3157 4156 leonem
3177 4095 3244 4156 et
3268 4109 3495 4156 ursum
3520 4091 3738 4156 carnis
3762 4091 3912 4155 vin-

2371 4203 2500 4278 cat3
2531 4200 2643 4265 sed
2667 4198 2719 4262 si
2748 4199 2895 4282 quis
2920 4216 3170 4276 usuras,
3192 4199 3471 4284 rapinas,
3505 4201 3570 4262 et
3601 4195 3914 4280 quaslibet

2370 4307 2610 4389 injusta
2647 4306 2817 4371 bona
2843 4306 3075 4370 babeat
3112 4306 3446 4370 restituere
3468 4354 3487 4383 ,
3528 4309 3683 4370 tunc
3723 4307 3915 4389 quasi

2372 4415 2704 4497 gigantem
2729 4412 2998 4492 invadit,
3038 4416 3196 4477 t‘unc
3224 4412 3485 4478 vincere
3519 4427 3651 4478 non
3674 4415 3913 4496 potest.

2373 4522 2498 4587 Sed
2524 4521 2670 4605 quis
2694 4522 2950 4585 vincere
2992 4523 3200 4603 potest
3215 4569 3233 4601 ‚
3271 4521 3395 4584 nisi
3435 4521 3767 4586 ductorem
3803 4523 3921 4588 ha-

2372 4629 2518 4694 beat
2543 4628 2851 4711 Spiritum
2874 4629 3210 4693 sanctum?
3229 4629 3279 4669 ¹⁸
3308 4648 3339 4689 ι
3368 4626 3600 4692 Ductor
3627 4632 3789 4693 tuns
3826 4629 3922 4694 mi

2373 4737 2441 4800 in
2468 4733 2826 4814 solitudine,
2857 4735 2925 4799 in
2951 4753 3082 4819 qua
3117 4738 3255 4801 erat
3279 4751 3539 4818 serpens
3568 4731 3731 4800 flatu
3760 4736 3923 4802 adu-

2374 4861 2524 4908 rens
2565 4847 2631 4909 et
2665 4842 2911 4926 scorpio
2955 4857 3030 4907 ac
3071 4843 3305 4925 dipsas.
3359 4861 3392 4902 ι
3438 4841 3711 4925 Serpens
3754 4844 3924 4910 flatu

2376 4949 2654 5017 adurens
2716 4951 3034 5032 significat
3106 4947 3440 5014 inflantem
3518 4949 3919 5032 superbiam.

2378 5057 2661 5141 Scorpio,
2699 5055 2812 5140 qui
2840 5056 2909 5120 in
2935 5055 3094 5120 facie
3117 5054 3462 5135 blanditur,
3492 5055 3696 5120 cauda
3720 5055 3929 5122 inter·

2378 5166 2531 5244 ficIt,
2559 5165 2772 5246 signat
2811 5160 3408 5244 concupiscentiam.
3452 5160 3672 5246 Dipsas
3693 5207 3715 5242 ,
3765 5181 3926 5247 qun

2379 5271 2726 5338 mordendo
2777 5269 2922 5334 facit
2989 5268 3283 5334 hemines
3329 5267 3508 5334 sitire
3562 5287 3769 5354 usque
3843 5271 3927 5336 ad

2446 5435 2519 5500 (a)
2543 5433 2656 5498 [ις.
2676 5429 2918 5483 nolimus.
2947 5455 3007 5467 —
3037 5427 3103 5495 (ὁ)
3135 5425 3255 5483 eat.
3283 5429 3401 5482 eda.
3426 5431 3480 5484 at.
3502 5427 3627 5485 nihil
3653 5430 3799 5486 aliud
3826 5445 3925 5503 per

2381 5506 2467 5559 aff.
2494 5505 2632 5572 allig.
2660 5506 2851 5570 praeter
2880 5501 2963 5554 ad.
