4059 6317
738 483 816 544 14
1833 470 2256 539 SERMONES
2297 469 2398 536 DE
2439 469 2837 537 TEMPORE.

732 620 836 680 tor
869 620 1024 680 tuus
1062 627 1228 693 sum,
1260 617 1320 678 et
1357 625 1591 678 merces
1618 612 1732 675 tua
1773 624 2013 691 mena
2052 607 2278 673 nimis.

732 720 883 785 Haec
912 738 1153 785 mercae
1174 736 1325 783 cum
1352 717 1597 782 Christo
1622 718 1783 780 erat.
1811 714 1952 781 Non
1978 731 2137 796 ergo
2163 731 2245 778 ne
2258 748 2279 760 -

731 845 901 891 cesse
926 831 1064 892 erat
1083 844 1226 891 eam
1244 844 1282 890 a
1306 825 1540 890 Judaeis
1567 826 1865 888 mutuare
1879 870 1897 903 ,
1929 821 2042 886 sed
2069 839 2282 884 saccu-

728 933 867 998 lum
890 934 1228 999 tantum-in
1250 950 1378 1016 quo
1396 930 1752 996 mercedem
1768 927 2116 993 abscondit.
2141 925 2277 991 Hu-

730 1059 987 1105 manam
1003 1058 1166 1122 ergo
1184 1043 1438 1105 tantum
1463 1043 1786 1115 naturam,
1808 1037 1877 1099 in
1903 1054 2033 1118 qua
2058 1034 2278 1098 divina

727 1148 935 1229 latuit,
966 1167 1007 1212 a
1029 1148 1061 1213 J
1070 1147 1267 1212 udaeis
1293 1146 1568 1229 accepit3
1599 1144 1709 1209 sed
1744 1145 1919 1208 hunc
1948 1142 2276 1207 sacculum

725 1260 1068 1336 ruperunt,
1099 1254 1255 1319 dum
1282 1271 1515 1335 corpus
1541 1255 1683 1335 ejus
1712 1250 2217 1334 perforaverunt.
2256 1250 2273 1284 ¹

731 1363 853 1436 Qui
878 1361 1190 1429 mercedes
1215 1364 1646 1443 concrepavit,
1680 1359 1865 1426 misit
1894 1373 2002 1423 eas
2028 1359 2107 1423 in
2135 1372 2277 1423 sac-

723 1486 867 1536 cum
898 1478 1250 1552 pertusum.
1292 1468 1397 1533 Sic
1434 1485 1596 1548 ergo
1633 1466 1814 1530 venit
1851 1464 2156 1542 Christus,
2199 1467 2274 1528 ut

724 1597 839 1660 per
869 1582 1167 1642 naturam
1202 1593 1398 1658 quam
1437 1573 1817 1655 assumpsit,
1847 1590 1962 1655 per
1989 1571 2270 1651 gratiam

723 1703 921 1767 quam
947 1683 1264 1762 exhibuit,
1288 1700 1400 1765 per
1426 1699 1683 1760 poenam
1712 1698 1907 1762 quam
1936 1678 2267 1756 sustinuit,

721 1810 838 1874 per
857 1791 1129 1873 gloriam
1148 1807 1344 1873 quam
1369 1787 1678 1871 promisit,
1711 1804 1829 1851 nos
1856 1786 2264 1851 beatificaret.

721 1898 872 1963 Haec
899 1903 1176 1981 quatuor
1192 1897 1553 1979 significata
1570 1897 1758 1959 sunt:
1789 1894 1945 1959 Ecce
1970 1908 2090 1959 rex
2118 1898 2267 1960 tuus

720 2007 929 2072 veniet
953 2004 1077 2072 tibi
1092 2004 1309 2087 justus
1327 2052 1343 2080 ,
1376 2010 1435 2069 et
1460 2003 1776 2079 salvator,
1807 2001 1945 2082 ipse
1970 2017 2217 2083 pauper
2247 2023 2262 2066 ε

716 2129 965 2194 pauper
983 2160 999 2189 ‚
1052 2114 1115 2176 in
1159 2114 1486 2193 assumpta
1526 2114 1793 2187 natura3
1840 2106 2156 2188 salvator,
2198 2109 2265 2173 in

720 2219 930 2301 gratia
951 2244 967 2298 ;
986 2219 1230 2300 justus,
1262 2219 1330 2282 in
1359 2235 1587 2301 poena3
1616 2233 1757 2297 νοω,
1790 2215 1859 2280 in
1888 2215 2122 2296 gloria.

1243 2395 1534 2465 SERMO
1584 2396 1728 2465 VH.

795 2541 1176 2609 Benedictus
1199 2544 1319 2625 qui
1342 2544 1519 2609 venit
1545 2543 1621 2607 in
1647 2541 1903 2607 nomine
1927 2541 2195 2606 Domini
2213 2542 2258 2604 ⁸.

717 2646 849 2713 Hoc
873 2651 1146 2714 verbum
1180 2650 1421 2731 legitur
1458 2650 1641 2714 bodie
1671 2650 1740 2712 in
1783 2646 2157 2729 Evangelio.
2191 2646 2259 2711 Si

716 2757 954 2839 quaeris
998 2774 1126 2839 qua
1162 2757 1531 2821 auctoritate
1550 2805 1572 2835 ,
1617 2774 1747 2838 qno
1788 2756 2047 2820 nomine
2087 2754 2261 2819 venit

712 2862 894 2927 Jesus
916 2863 998 2927 ad
1022 2862 1399 2928 salvandum
1415 2910 1434 2939 ,
1464 2862 1612 2927 audi
1642 2862 1815 2945 quod
1840 2862 2071 2927 dicitur
2100 2884 2117 2925 ε
2148 2863 2260 2928 Be-

715 2968 1010 3035 nedictus
1029 2971 1146 3051 qui
1161 2971 1342 3036 venit
1363 2971 1439 3035 in
1458 2971 1718 3035 nomine
1744 2971 2029 3036 Domini.
2058 2967 2217 3033 Vere
2234 2968 2258 3004 ⁸

715 3074 1076 3142 benedictus
1105 3076 1351 3155 fructus
1372 3076 1617 3143 veniris
1635 3077 1758 3144 tui.
1789 3074 1949 3141 Vere
1972 3077 2258 3141 benedic·

711 3186 851 3261 tus,
882 3187 945 3246 et
972 3184 1053 3247 ab
1078 3184 1379 3247 omnibus
1414 3183 1598 3248 nobis
1624 3183 1853 3248 merito
1874 3183 2252 3249 benedicen-

712 3290 853 3369 duS,
884 3290 937 3354 si
965 3291 1367 3356 attendamus
1393 3291 1714 3374 quomodo
1733 3295 1798 3355 et
1823 3309 2023 3374 quare
2048 3292 2248 3356 venit.

708 3395 1025 3462 Attendite
1051 3416 1236 3480 ergo,
1269 3397 1649 3463 inveniendo
1680 3397 1884 3462 Patris
1909 3399 2250 3463 auctorita-

704 3507 835 3567 tem
854 3552 872 3584 ,
904 3504 1046 3568 Filii
1072 3505 1499 3570 humilitatem
1517 3553 1536 3584 ‚
1572 3503 1846 3587 Spiritus
1874 3506 2075 3571 sancti
2102 3508 2249 3570 cha-

702 3610 977 3691 ritatem,
999 3612 1256 3693 generis
1269 3611 1537 3677 humani
1550 3611 1888 3677 utilitatem
1897 3660 1914 3677 .

783 3716 872 3782 De
881 3718 1089 3801 primo
1101 3719 1332 3784 dicitur
1346 3719 1450 3783 hic
1468 3719 1884 3787 :Benedictus
1901 3722 2021 3802 qui
2043 3721 2242 3788 venit.

701 3822 938 3907 Magna
963 3827 1335 3892 auctoritate
1371 3826 1571 3907 venit,
1601 3827 1714 3910 qui
1750 3828 1818 3891 in
1848 3828 2110 3892 nomine
2136 3827 2244 3892 Dei

705 3930 908 3996 Patris
934 3934 1133 3997 venit.
1167 3932 1313 4011 Sed,
1344 3933 1511 3998 heul
1544 3932 1851 3998 Dominus
1867 3935 2079 4000 adhuc
2102 3953 2247 3999 con-

701 4040 881 4120 queri
902 4045 1105 4123 potest
1127 4041 1206 4105 de
1222 4040 1455 4120 avaris,
1479 4040 1559 4105 de
1583 4040 1839 4119 invidiS,
1861 4041 1940 4106 de
1958 4042 2245 4108 luxurio-

698 4145 807 4224 515,
837 4147 914 4211 de
942 4147 1083 4212 aliis
1109 4148 1426 4230 perversis
1455 4146 1823 4212 Christianis
1845 4198 1863 4228 ,
1889 4150 2063 4233 quod
2088 4150 2241 4214 olim

696 4253 857 4318 dixit
891 4253 1132 4319 Judaeis
1157 4254 1180 4290 ⁸
1211 4277 1226 4318 :
1267 4256 1411 4337 qu
1435 4257 1589 4322 veni
1615 4257 1691 4321 in
1729 4257 1989 4323 nomine
2019 4257 2240 4325 Patris

694 4363 824 4429 mei
834 4380 862 4444 ;
906 4368 965 4429 et
1011 4378 1142 4429 non
1189 4363 1531 4446 accepistis
1574 4379 1691 4428 me.
1739 4363 2033 4431 Perversi
2067 4365 2238 4429 enim

691 4469 923 4536 Filium
948 4471 1059 4537 Dei
1085 4489 1214 4536 non
1241 4472 1585 4554 accipiunt,
1616 4471 1769 4555 quia
1793 4472 1915 4556 ipsi
1944 4472 2062 4537 filii
2092 4473 2235 4538 dia-

690 4577 818 4642 boli
846 4583 1015 4644 sunt.
1050 4578 1119 4643 Si
1145 4579 1317 4642 enim
1336 4578 1452 4642 fllii
1472 4578 1583 4643 Dei
1603 4583 1833 4660 essent,
1862 4578 2099 4644 Filium
2124 4578 2238 4643 Dei

690 4686 1051 4768 diligerent.
1081 4692 1104 4727 ⁸
1130 4688 1204 4752 Si
1231 4686 1399 4753 Deus
1423 4691 1610 4769 pater
1635 4691 1838 4754 vester
1866 4691 2048 4767 esset,
2080 4686 2237 4754 dili-

688 4797 918 4876 qeretis
945 4795 1165 4877 utique
1189 4810 1311 4860 me.
1340 4795 1473 4877 qu
1502 4795 1677 4862 enim
1695 4811 1779 4862 ex
1806 4796 1927 4862 Deo
1951 4798 2236 4878 processi

690 4908 750 4967 et
790 4904 954 4969 veni.
988 4902 1200 4985 Neque
1227 4901 1400 4968 enim
1431 4917 1475 4967 a
1497 4905 1863 4987 memetipso
1887 4905 2062 4970 veni.
2092 4902 2232 4968 Non

688 5006 896 5076 solum
929 5013 1145 5074 autem
1183 5009 1402 5073 verbis
1417 5056 1440 5088 ,
1480 5009 1590 5073 sed
1626 5013 1690 5075 et
1724 5011 1931 5092 signis
1959 5011 2233 5075 ostendit

686 5134 755 5180 se
782 5116 1062 5182 Christus
1089 5116 1463 5182 auctoritate
1492 5115 1695 5181 Patris
1724 5119 1992 5184 venisse.
2020 5119 2043 5153 ⁶
2072 5120 2230 5185 Sci-

748 5243 765 5277 ¹
796 5243 946 5306 1109„
972 5255 1010 5306 1,
1043 5246 1091 5295 6.
1112 5269 1174 5282 -
1204 5245 1227 5278 ²
1247 5241 1453 5305 Manli„
1482 5254 1591 5308 xx1,
1622 5245 1668 5294 9.
1697 5270 1759 5282 -
1786 5244 1804 5274 ³
1828 5245 1965 5306 Luc„
1995 5257 2035 5308 1,
2065 5248 2141 5296 42.
2165 5271 2228 5283 -

684 5311 886 5370 monn..
918 5325 967 5375 v,
1003 5317 1082 5365 43.
1113 5342 1168 5352 -
1203 5316 1226 5351 ⁸
1261 5316 1424 5377 loon„
1456 5324 1587 5375 vm,
1614 5317 1693 5364 42.
1721 5341 1783 5354 —
1817 5317 1836 5346 ⁸
1863 5318 2026 5379 loun„
2061 5327 2142 5378 ιιι,
2172 5319 2220 5366 2.

683 5410 746 5422 -
786 5385 801 5415 ⁷
843 5384 1045 5447 matth..
1087 5398 1184 5448 xx,
1224 5389 1303 5437 28.
1333 5410 1392 5423 -
1421 5384 1445 5421 ⁸
1470 5384 1675 5451 Philip„
1715 5398 1784 5449 ιι,
1821 5389 1868 5437 8.
1898 5413 1961 5425 -
1996 5388 2019 5424 ⁹
2047 5389 2224 5451 Rern„

684 5470 838 5508 serm.
869 5457 963 5508 fer.
1000 5469 1071 5521 iv,
1110 5458 1267 5510 hebd.
1299 5461 1518 5521 sanctoe,
1545 5472 1599 5508 n.
1632 5463 1710 5509 ¹⁰.
1737 5484 1799 5498 —
1839 5461 1877 5495 ¹⁰
1904 5460 2020 5510 lsa..
2061 5471 2217 5521 nui,

2391 621 2534 671 mus
2582 608 2745 689 quia
2792 623 2836 673 a
2880 609 3009 675 Deo
3060 611 3306 677 venisti
3352 609 3683 693 Macister.
3739 608 3929 680 Nemo

2391 713 2561 779 enim
2579 719 2786 796 potest
2810 714 2942 781 hoec
2968 718 3161 798 siqua
3184 717 3393 797 facere
3408 763 3431 795 ‚
3461 721 3581 782 etc.
3612 717 3789 783 Sicut
3815 737 3933 784 au-

2389 825 2523 884 tem
2552 821 2927 903 temporalia
2938 823 3127 904 signa
3153 824 3366 906 ipsum
3386 824 3642 890 venisse
3663 826 3729 889 in
3748 844 3932 890 mun·

2388 924 2544 991 dum
2560 975 2578 1008 ,
2609 927 2697 992 ita
2724 929 3075 1012 spiritualia
3101 930 3293 1012 signa
3318 932 3388 997 in
3414 932 3662 998 animas
3685 938 3933 999 nostras

2389 1034 2636 1100 venisse
2686 1037 3032 1102 ostendunt
3084 1037 3196 1102 Dei
3258 1037 3495 1103 Filium
3519 1087 3544 1119 ,
3599 1039 3891 1105 videlicet
3912 1089 3929 1120 ,

2386 1142 2639 1221 quando
2687 1141 2968 1226 leprosas
3011 1145 3256 1210 animas
3299 1145 3604 1224 mundat,
3648 1152 3934 1211 mortuas

2384 1249 2675 1330 suscitat,
2706 1251 3029 1317 famelicas
3055 1253 3238 1318 satiat
3261 1257 3506 1336 septem
3534 1254 3841 1335 panibus,
3869 1254 3934 1319 id

2382 1359 2479 1417 est
2520 1359 2760 1438 septem
2800 1358 2984 1423 donis
3016 1358 3285 1442 Spiritus
3321 1360 3543 1424 sancti.

2461 1460 2549 1524 De
2592 1463 2869 1527 secundo
2899 1471 2919 1505 ⁷
2961 1487 2975 1526 ι
3012 1464 3223 1532 Filius
3265 1466 3548 1533 hominis
3587 1482 3720 1534 non
3757 1467 3935 1534 venit

2381 1567 2774 1646 ministrari,
2803 1569 2921 1636 sed
2953 1572 3347 1639 ministrare.
3393 1572 3581 1638 Venit
3615 1591 3781 1655 ergo
3820 1574 3934 1639 hu·

2380 1673 2613 1738 militer
2640 1697 2656 1739 :
2689 1694 2819 1741 non
2846 1677 3010 1741 sicut
3036 1678 3335 1744 dominus
3360 1683 3598 1756 noster,
3633 1680 3742 1744 sed
3771 1681 3935 1745 sicut

2377 1799 2605 1846 servus
2631 1786 2896 1850 noster.⁸
2921 1785 3322 1855 Eoeinanivit
3343 1789 3777 1871 semetipsum,
3813 1789 3934 1869 for-

2375 1906 2546 1955 mam
2570 1892 2742 1957 servi
2767 1895 3106 1976 accipiens.
3124 1900 3148 1935 ⁹
3184 1917 3215 1954 α
3232 1894 3429 1959 Filius
3446 1877 3608 1975 erat,
3639 1900 3705 1959 et
3731 1895 3936 1960 factus

2375 2001 2678 2081 tanquam
2718 2018 2962 2066 servus.
3008 2001 3151 2067 Non
3188 2001 3398 2067 solum
3442 2003 3716 2067 formam
3759 2005 3934 2067 servi

2372 2106 2632 2188 accepit,
2655 2111 2728 2171 ut
2748 2108 3053 2188 subesset,
3085 2108 3194 2173 sed
3225 2109 3420 2173 etiam
3446 2108 3600 2173 mali
3628 2111 3828 2189 servi,
3861 2115 3936 2175 ut

2371 2213 2738 2295 vapularet3
2771 2219 2835 2280 et
2856 2217 3024 2282 servi
3050 2217 3311 2300 peccati,
3343 2222 3417 2282 ut
3442 2234 3698 2306 poenam
3724 2218 3935 2284 solve-

2371 2323 2489 2398 ret,
2510 2337 2660 2383 cum
2680 2320 2935 2404 culpam
2951 2340 3082 2386 non
3109 2322 3394 2387 haberet.
3422 2345 3454 2383 n
3489 2323 3568 2388 Et
3594 2328 3770 2389 certe
3799 2343 3936 2390 non

2371 2443 2597 2492 servus
2620 2445 2957 2492 servorum
2984 2427 3117 2508 Dei,
3138 2430 3302 2493 sicut
3321 2428 3493 2513 Papa
3516 2450 3535 2509 ;
3567 2431 3680 2495 sed
3702 2449 3936 2497 servus

2369 2550 2709 2599 servorum
2737 2534 2970 2600 diaboli
2995 2536 3198 2600 factus
3231 2541 3328 2601 est
3354 2537 3638 2603 serviens
3662 2538 3732 2602 in
3764 2542 3932 2605 fimo

2369 2648 2773 2724 peccatorum
2794 2645 3289 2727 expurgando.¹⁰
3319 2646 3566 2713 Servire
3587 2664 3683 2713 me
3710 2649 3935 2728 fecisti

2367 2750 2441 2814 in
2474 2752 2748 2829 peccatis
2791 2754 2947 2819 tuis.
2986 2750 3263 2818 Servivit
3297 2759 3514 2819 autem
3559 2754 3747 2820 nobis
3795 2775 3930 2821 non

2367 2873 2499 2920 uno
2525 2875 2695 2922 anno
2714 2906 2732 2937 ,
2763 2859 2874 2923 sed
2899 2878 3105 2941 usque
3140 2860 3220 2924 ad
3260 2865 3555 2925 mortem.
3600 2860 3782 2927 Unde
3812 2883 3928 2928 ne-

2364 2965 2460 3028 fas
2502 2971 2596 3030 est
2648 2966 2944 3031 fraudare
2985 2986 3139 3032 eum
3183 2969 3472 3033 mercede
3514 2988 3670 3047 sua,
3715 2971 3786 3035 id
3831 2979 3930 3036 est

2365 3072 2582 3137 anima
2608 3077 2748 3152 tua,
2780 3091 2896 3155 pro
2930 3092 3060 3156 qua
3091 3075 3375 3139 servivit.
3407 3075 3450 3110 ¹¹
3484 3076 3616 3156 Qui
3641 3076 3932 3159 effundit

2362 3183 2766 3263 sanquinem,
2784 3191 2846 3249 et
2867 3183 2983 3264 qui
3000 3182 3160 3261 facit
3188 3183 3484 3262 fraudem
3503 3190 3926 3266 mercenario,

2363 3288 2599 3367 tra-tres
2649 3294 2823 3354 sunt.
2883 3289 3039 3352 Ecce
3085 3294 3159 3353 tu
3182 3337 3200 3368 ,
3250 3291 3442 3354 miser
3484 3310 3677 3357 avare
3696 3339 3714 3372 ,
3768 3297 3930 3377 quia

2362 3395 2758 3460 mercenario
2788 3402 2901 3459 tuo
2927 3394 3173 3460 Christo
3192 3402 3452 3479 propter
3479 3397 3722 3481 injusta
3749 3402 3929 3468 hona

2359 3502 2640 3565 animam
2668 3505 2850 3565 tuam
2878 3500 3129 3580 auferS,
3158 3502 3350 3566 frater
3377 3523 3445 3567 es
3471 3506 3922 3587 crucifigentis

2356 3611 2420 3673 et
2447 3608 2767 3673 fundentis
2792 3607 3181 3690 sanguinem
3206 3608 3433 3673 Christi
3460 3628 3478 3674 t
3507 3615 3571 3675 et
3594 3614 3666 3676 tu
3684 3660 3701 3693 ,
3727 3613 3924 3681 luxu·

2355 3715 2523 3781 riose
2555 3738 2570 3778 :
2601 3721 2666 3780 et
2690 3721 2798 3795 tu,
2836 3715 3056 3781 invide
3084 3739 3100 3779 ι
3139 3717 3318 3780 etsie
3351 3716 3431 3782 de
3461 3716 3621 3782 aliis.

2433 3824 2522 3890 De
2547 3825 2735 3889 tertio
2763 3827 2807 3861 ¹¹
2839 3848 2853 3888 :
2906 3825 3237 3892 Timebunt
3263 3828 3381 3909 qui
3421 3827 3500 3894 ab
3544 3829 3878 3899 occidente
3899 3882 3917 3915 ,

2354 3947 2581 3998 nomen
2600 3932 2861 3999 Domini
2876 3953 2894 4010 ;
2921 3935 3119 4014 etqui
3147 3933 3227 4000 ab
3253 3941 3402 4001 ortu
3429 3935 3612 4016 solis,
3631 3936 3920 4020 aleriam

2351 4038 2493 4119 eius
2533 4059 2556 4104 .-
2592 4056 2737 4106 cum
2779 4040 3023 4106 venerit
3068 4042 3261 4123 quasi
3300 4042 3546 4122 fluvius
3584 4046 3918 4115 violentus

2352 4163 2537 4230 quem
2580 4149 2877 4229 Spiritus
2919 4149 3190 4214 Domini
3230 4151 3418 4231 coqu.
3467 4150 3538 4215 In
3581 4152 3918 4221 occidente

2353 4259 2532 4335 sunt,
2565 4255 2771 4338 quiin
2805 4255 3035 4319 timore
3063 4255 3283 4320 servili
3308 4262 3493 4336 sunt;
3523 4258 3591 4322 in
3626 4260 3909 4343 oriente,

2350 4361 2544 4444 quiin
2564 4363 2795 4426 timore
2808 4362 2986 4426 filiali
3012 4367 3184 4427 sunt.
3200 4360 3387 4427 Venit
3416 4363 3699 4431 Christus
3713 4371 3912 4449 quasi

2349 4469 2623 4550 fluvius,
2645 4470 2966 4549 doctrina,
2996 4472 3059 4534 et
3089 4469 3320 4551 gratia,
3359 4476 3423 4536 et
3453 4472 3766 4555 sanguine
3811 4475 3908 4540 la·

2349 4596 2529 4655 vanS,
2560 4577 2852 4641 reficiens
2885 4582 2951 4641 et
2989 4576 3267 4658 irrigans
3301 4579 3639 4644 mundum.
3670 4581 3718 4622 ¹⁸
3756 4581 3907 4667 Eoo

2346 4687 2539 4768 quasi
2555 4685 2798 4766 fluvius
2817 4684 3023 4750 Dorice
3048 4687 3160 4766 (a).·
3181 4689 3242 4751 et
3265 4686 3435 4752 sicut
3451 4703 3636 4769 aquoe
3659 4687 3906 4760 ductus

2345 4795 2530 4859 exivi
2572 4791 2653 4856 de
2695 4791 3037 4874 paradiso,
3078 4790 3310 4856 scilicet
3337 4792 3643 4874 virginali
3678 4802 3897 4866 utem.

2342 4900 2510 4967 Dixi
2533 4919 2556 4966 .·
2584 4898 2831 4982 thabo
2848 4904 3055 4965 ortum
3077 4899 3554 4980 plantationum
3571 4918 3898 4986 mearum,

2341 5007 2408 5072 id
2457 5012 2552 5072 est
2600 5005 2964 5070 Ecclesiam.
3006 5005 3055 5068 Ο
3104 5023 3300 5088 quam
3354 5007 3744 5073 medicinalis
3789 5019 3899 5078 est

2338 5113 2458 5179 iste
2502 5113 2746 5179 fluvius
2790 5113 3186 5193 generationi
3227 5112 3531 5179 humanae
3554 5163 3573 5196 ,
3616 5134 3896 5198 genera-

2337 5287 2419 5336 2⁴.
2455 5309 2519 5322 —
2558 5285 2594 5319 ¹¹
2635 5283 2815 5346 Eccli„
2854 5295 3032 5346 xxxiv,
3069 5285 3151 5334 27.
3182 5309 3245 5321 -
3289 5285 3327 5319 ¹²
3371 5285 3489 5348 1521„
3534 5298 3657 5352 mx,
3705 5293 3780 5339 ¹9.
3821 5317 3889 5328 —

2335 5357 2376 5391 ¹⁸
2398 5355 2584 5420 Exti„
2613 5366 2757 5418 xxxv,
2784 5358 2862 5419 4¹,
2892 5358 2970 5406 42.

2399 5456 2471 5521 (a)
2501 5456 2624 5519 Leg.
2652 5456 2804 5520 fluvii
2835 5454 3040 5519 dioryx,
3071 5457 3128 5505 ut
3153 5454 3207 5505 in
3242 5454 3391 5520 vulg.
