4059 6317
1131 423 1234 491 DE
1276 424 1346 492 8.·
1388 418 2023 488 ΒΑΡιΤΗΟΙιΟΜᾸΞΟ.
2070 419 2337 488 SERMO
2376 421 2426 488 1.

188 562 279 620 est
292 560 424 619 vita
450 559 670 632 sordis,
696 578 725 617 ιι
759 559 908 619 sicut
925 563 1107 632 nugo
1145 558 1304 617 dicit.
1335 562 1487 632 Ergo
1517 556 1618 631 qui
1643 555 1729 615 al-

3255 429 3373 492 593

1841 555 1985 630 quia
2010 555 2266 614 Christus
2302 572 2415 632 pro
2440 553 2545 614 illo
2562 514 2566 519 .
2586 570 2651 615 se
2680 556 2927 629 obtulit,
2973 561 3030 617 et
3065 558 3378 634 Apostolus

73 692 82 697 -
185 654 297 712 teri
325 653 428 713 dat
454 669 721 713 amorem
746 671 943 726 suum,
973 653 1075 711 dat
1098 652 1187 710 illi
1226 668 1334 727 per
1360 664 1729 725 consequens
1838 665 2009 707 versa
2030 649 2160 706 vice
2186 666 2296 724 pro
2318 650 2541 709 Christo
2569 666 2632 709 se
2658 650 2968 727 impendit.
2998 652 3255 711 Christus
3280 656 3376 711 to-

0 3606 171 3648 Exem-

186 751 248 806 et
275 763 380 807 cor
414 764 590 806 suum
636 765 652 805 ε
693 748 798 806 sed
845 763 947 805 cor
989 746 1249 804 hominis
1293 747 1380 803 est
1420 742 1726 803 cellarium

187 841 499 899 continens
531 855 708 900 omne
753 844 1040 900 secretum
1086 858 1101 897 z
1134 854 1309 912 ergo,
1338 854 1477 895 cum
1502 836 1729 894 amicus

186 933 294 993 det
318 935 513 994 amico
540 951 644 994 cor
664 950 863 1005 suum,
889 933 1037 991 nihil
1065 949 1137 990 ex
1164 931 1443 990 omnibus
1465 932 1622 988 tenet
1647 927 1733 986 illi

186 1029 447 1087 celatum
487 1048 502 1087 :
536 1044 713 1103 ergo,
752 1027 859 1086 ubi
905 1030 991 1085 est
1035 1025 1292 1084 amicitia
1311 1067 1331 1097 ,
1376 1025 1501 1081 sive
1527 1027 1735 1080 mutua

186 1122 437 1181 donatio
452 1122 745 1193 cordium,
769 1121 857 1181 ibi
877 1125 965 1179 est
988 1118 1448 1179 communicatio
1464 1115 1734 1176 omnium

185 1221 574 1275 secretorum.
631 1218 778 1275 Cum
830 1214 1011 1289 igitur
1074 1214 1228 1272 inter
1279 1211 1629 1288 Apostolum
1678 1210 1736 1267 et

186 1310 487 1368 Christum
510 1308 685 1369 fuerit
708 1311 916 1368 mutua
954 1306 1201 1367 donatio
1223 1307 1560 1365 animorum
1580 1345 1599 1375 ,
1625 1302 1737 1360 suit

190 1409 254 1463 et
277 1406 428 1462 inter
467 1420 570 1464 eos
613 1401 1070 1463 communicatio
1115 1399 1519 1459 consiliorum.
1572 1396 1736 1456 Unde

188 1499 479 1557 Dominus
506 1498 648 1557 dicit
670 1495 690 1532 ¹
718 1516 734 1556 ε
770 1518 799 1550 «
822 1499 953 1555 Jam
981 1510 1104 1554 non
1131 1495 1329 1553 dicam
1375 1507 1483 1550 vos
1512 1506 1734 1564 servos,

191 1592 306 1651 sed
333 1592 578 1665 amicos,
615 1590 760 1665 quia
783 1605 989 1648 servus
1027 1588 1213 1647 nescit
1251 1585 1401 1662 quid
1423 1584 1600 1645 faciat
1623 1588 1736 1644 Do-

190 1686 395 1745 minus
421 1687 585 1760 ejns3
614 1701 726 1770 vos
751 1687 949 1742 autem
994 1682 1119 1741 dixi
1164 1682 1414 1752 amicos,
1440 1680 1583 1755 quia
1608 1695 1739 1737 om-

191 1781 320 1853 nia,
353 1796 490 1856 quae
511 1795 550 1838 a
574 1782 739 1837 Patre
758 1793 897 1836 meo
924 1775 1150 1845 audivi,
1179 1777 1324 1834 nota
1347 1773 1460 1833 feci
1486 1772 1678 1832 vobis.
1702 1792 1731 1830 n

191 1875 313 1933 Sed
338 1874 474 1949 quis
496 1873 677 1933 hodie
718 1872 926 1935 christi
953 1871 1180 1931 amicus
1198 1870 1351 1930 ‘lubi
1377 1873 1513 1929 sunt
1535 1868 1736 1942 hodie,

192 1969 421 2044 quibus
443 1968 783 2043 pandantur
810 1967 1018 2026 divina
1043 1968 1267 2025 secreta
1282 1968 1311 2022 Τ
1339 1964 1443 2023 ubi
1473 1968 1610 2022 sunt
1630 1962 1739 2020 ho-

194 2062 299 2121 die
327 2062 530 2120 divina
564 2059 891 2119 miracula?
913 2059 1021 2118 ubi
1061 2058 1352 2134 propheta
1370 2100 1389 2130 ,
1438 2055 1533 2115 cui
1558 2054 1740 2114 hodie

192 2156 540 2237 pandantur
580 2155 788 2213 divina
833 2155 1097 2212 secreta?
1140 2151 1299 2210 Unde
1336 2153 1531 2225 potest
1561 2148 1741 2208 hodie

195 2251 394 2308 dicere
419 2265 556 2308 cum
583 2248 874 2323 Propheta
898 2246 1111 2320 religio
1152 2244 1474 2303 Christiana
1499 2241 1522 2274 ²
1551 2262 1565 2300 :
1601 2261 1630 2297 α
1657 2241 1742 2301 Si-

192 2361 321 2419 gna
364 2350 565 2404 nostra
609 2360 736 2404 non
790 2341 1051 2401 vidimus
1071 2382 1091 2414 ,
1138 2341 1275 2414 jam
1304 2355 1429 2397 non
1478 2339 1567 2396 est
1597 2352 1741 2411 pro-

193 2441 415 2515 pheta,
462 2442 518 2497 et
555 2455 665 2497 nos
701 2452 828 2496 non
866 2439 1183 2510 cognoscet
1224 2433 1501 2509 amplius.
1529 2451 1558 2486 n
1586 2434 1652 2490 Et
1675 2431 1746 2489 il-

193 2534 309 2592 lud
337 2534 361 2571 ⁸
392 2550 408 2590 ε
447 2552 473 2586 ι
493 2533 796 2607 Prophetae
822 2530 1006 2588 nostri
1031 2544 1155 2587 non
1194 2528 1546 2586 invenerunt
1564 2524 1745 2584 visio-

192 2644 342 2686 nem
360 2643 400 2685 a
423 2627 694 2685 Domino.
721 2645 750 2679 »
771 2624 921 2695 Quis
937 2623 1140 2693 hodie,
1149 2623 1321 2697 juxta
1338 2618 1687 2696 Apostolum
1701 2618 1768 2689 ⁸,-

201 2743 236 2777 ι
262 2721 544 2794 cognovit
568 2736 811 2779 sensum
853 2718 1125 2778 Domini?
1169 2721 1272 2777 aut
1312 2716 1446 2791 quis
1474 2715 1746 2774 consilia-

195 2819 327 2878 rius
353 2819 482 2892 ejus
499 2817 649 2876 ruit?
678 2839 706 2873 w
741 2820 857 2878 Sed
894 2833 1102 2892 quare,
1145 2831 1183 2874 o
1210 2814 1451 2885 iratres,
1472 2812 1598 2870 haec
1625 2826 1748 2869 om·

197 2913 342 2971 nia?
369 2928 556 2987 qnare
596 2912 682 2970 sio
730 2910 951 2971 exclusi
989 2924 1195 2967 sumus
1220 2924 1259 2967 a
1295 2906 1527 2965 Domini
1565 2904 1750 2962 nostri

197 3006 551 3081 praesentia?
590 3004 894 3080 Numquid
930 3020 1053 3063 non
1098 3001 1324 3061 suntin
1346 2999 1602 3061 Ecclesia
1627 2999 1749 3071 Dei,

199 3101 313 3176 qui
339 3101 506 3177 digni
536 3105 730 3160 essent
755 3102 866 3160 hac
904 3099 1132 3174 gratia?
1167 3100 1313 3157 Sunt
1340 3097 1584 3173 quidem
1609 3095 1750 3171 plu-

197 3195 362 3269 rimi,
390 3196 497 3267 sed
515 3195 593 3254 ab
613 3196 726 3254 hac
750 3194 939 3269 gratia
949 3192 1177 3257 exclusi
1199 3195 1338 3251 sunt
1353 3194 1593 3266 propter
1611 3204 1752 3264 pee-

200 3293 339 3349 cata
361 3289 593 3364 populi.
637 3293 768 3347 Non
804 3303 1012 3346 sumus
1032 3330 1052 3359 ,
1077 3285 1282 3344 fratres
1308 3285 1448 3356 mei,
1476 3284 1589 3343 hac
1617 3298 1751 3356 gra-

198 3386 287 3445 tia
314 3384 480 3458 digni
500 3427 519 3457 ,
553 3383 698 3460 quia
732 3399 856 3443 non
884 3398 1087 3442 sumus
1112 3382 1214 3441 Dei
1241 3382 1455 3453 amici,
1501 3380 1607 3439 sed
1642 3396 1752 3454 po·

201 3480 322 3539 tius
345 3478 594 3537 inimici.
619 3478 761 3548 Quis
784 3493 914 3549 rex,
942 3476 991 3534 si
1019 3475 1253 3551 sapiens
1280 3476 1372 3546 sit,
1402 3475 1626 3532 secreta
1646 3487 1755 3530 sua

201 3572 455 3632 consilia
487 3572 755 3648 publicat
794 3569 1186 3630 adversariis?
1210 3571 1356 3627 Nam
1387 3571 1445 3625 et
1472 3564 1756 3624 animalia

203 3668 390 3727 bruta
416 3667 538 3725 vias
563 3682 722 3737 suas,
743 3669 1031 3741 quantum
1050 3667 1318 3738 possunt,
1338 3661 1458 3720 suis
1483 3660 1754 3719 hostibus

207 3762 446 3821 celant:
475 3761 541 3818 in
572 3763 800 3819 tantum
815 3802 834 3832 ,
882 3762 950 3818 ut
988 3757 1085 3817 leo
1124 3757 1322 3816 cauda
1354 3773 1463 3814 sua
1506 3754 1754 3827 vestigia

208 3856 508 3928 destruat,
536 3869 614 3912 ne
633 3895 653 3925 ,
697 3869 822 3928 quo
860 3851 1075 3925 vadat,
1124 3854 1370 3911 venator
1403 3848 1750 3924 perpendat.

204 3953 452 4022 Cervus,
479 3964 689 4008 canem
730 3947 912 4006 latere
954 3947 1159 4006 volens
1174 3988 1195 4017 ,
1235 3943 1417 4003 saltus
1457 3944 1665 4009 mutat,
1697 3945 1757 4002 et

204 4059 372 4103 nunc
417 4042 498 4101 ad
545 4041 882 4113 dexteram,
928 4055 1089 4099 nunc
1128 4040 1209 4098 ad
1236 4037 1531 4097 sinistram
1560 4036 1754 4109 saltat,

203 4142 276 4196 ut
297 4136 383 4195 sic
403 4151 613 4195 canem
629 4179 648 4208 ,
690 4137 1036 4210 sequentem
1078 4149 1162 4204 se,
1205 4131 1390 4190 fallat.
1432 4134 1585 4206 Ergo
1628 4145 1755 4190 non

205 4233 302 4289 est
340 4229 557 4288 mirum
580 4271 601 4301 ,
654 4229 704 4288 si
748 4227 1209 4303 sapientissimus
1253 4225 1534 4285 Dominus
1577 4224 1753 4284 nobis

203 4340 321 4383 sna
358 4323 604 4383 consilia
645 4322 831 4395 celat,
869 4338 1006 4380 cum
1041 4335 1154 4379 nos
1200 4318 1400 4379 hostes
1445 4335 1585 4378 suos
1627 4333 1753 4377 esse

203 4418 564 4494 perpendat.

164 4544 176 4557 ·
284 4514 567 4585 Quartum
599 4513 660 4569 et
685 4508 1070 4569 certissimum
1096 4512 1354 4581 signum,
1383 4522 1506 4581 quo
1533 4505 1755 4580 proba-

208 4611 310 4668 tur
335 4604 654 4664 amicitiam
681 4619 807 4663 esse
831 4618 1059 4673 veram,
1090 4605 1195 4673 est,
1225 4600 1275 4658 si
1315 4615 1472 4658 unus
1495 4615 1607 4674 pro
1635 4598 1753 4657 alio

209 4698 380 4758 mala
403 4699 525 4773 pati
563 4713 689 4756 non
730 4696 1009 4770 refugiat,
1055 4695 1164 4753 sed
1207 4709 1361 4752 unus
1387 4707 1500 4767 pro
1529 4691 1649 4751 alio
1674 4690 1756 4750 ad

209 4791 569 4869 patiendum
591 4807 654 4849 se
682 4789 907 4849 offerat.
938 4788 1091 4847 Talis
1117 4802 1328 4847 revera
1364 4785 1622 4845 amicitia
1646 4785 1758 4844 fuit

210 4888 371 4946 inter
418 4885 736 4952 Christum,
773 4886 830 4941 et
850 4883 1011 4942 hunc
1045 4883 1316 4941 sanetum
1354 4880 1703 4955 Apostolum
1735 4898 1751 4938 ε

283 5085 295 5115 ¹
326 5082 493 5141 Joan..
535 5091 627 5140 xv,
666 5080 745 5130 ¹5.
775 5103 831 5115 -
866 5077 884 5108 ²
921 5074 1055 5127 Psal-
1089 5087 1290 5138 unu,
1323 5076 1372 5125 9.
1409 5098 1470 5112 —-
1504 5073 1526 5108 ⁸
1559 5072 1755 5133 flu-en..

209 5166 278 5221 11,
310 5157 361 5206 9.
387 5178 452 5192 -
475 5152 496 5184 ⁴
523 5151 684 5214 Rom„
715 5162 786 5213 ii,
820 5151 898 5199 34.
927 5174 988 5186 —
1015 5149 1037 5184 ⁸
1063 5148 1202 5212 Luc„
1230 5158 1330 5210 xii,
1356 5148 1458 5198 4-5.
1479 5171 1540 5183 —
1565 5145 1588 5181 ⁸
1615 5143 1753 5198 Psal.

208 5236 428 5290 xxxvn,
452 5225 532 5275 12.
560 5246 621 5260 —-
650 5223 667 5254 ²
693 5219 865 5282 nich„
889 5231 982 5281 vu,
1013 5222 1058 5269 l.
1086 5245 1150 5257 —
1170 5218 1194 5255 ⁸
1222 5217 1481 5282 Ambros.,
1507 5216 1569 5268 de
1594 5215 1755 5282 ome„

207 5299 302 5351 lib.
332 5298 385 5362 l,
411 5310 463 5348 o.
493 5307 610 5361 xm,
634 5308 692 5347 n.
725 5295 845 5358 2163
882 5292 1012 5355 Cic„
1048 5291 1109 5342 de
1136 5293 1370 5356 Amicit.,·
1396 5290 1564 5342 Valer-
1594 5292 1754 5352 Max„

209 5371 300 5423 lib.
332 5370 425 5435 lV,
447 5382 498 5419 c.
524 5379 618 5431 vn,
638 5365 700 5417 de
721 5366 962 5416 amicitia
989 5362 1190 5417 vinculo
1203 5378 1228 5429 ,·
1250 5363 1405 5428 idque
1427 5375 1493 5415 ex
1516 5361 1755 5428 Euripide

495 5473 648 5522 ΊὉΙ.
688 5473 825 5520 xm.

1839 745 1965 800 tum
1992 759 2211 818 corpus
2246 759 2421 803 suum
2466 746 2914 806 crucifixoribus
2951 746 3381 820 flagellandum

1842 836 2007 894 dedit
2017 856 2035 910 3
2075 838 2181 895 sed
2218 838 2678 898 Bartholomaeus
2712 841 2774 898 in
2810 840 3087 900 manibus
3118 841 3379 900 hostium

1841 930 2068 989 corium
2125 932 2459 1007 dereliquit.
2507 934 2598 992 Ad
2630 934 2886 993 litteram
2921 935 3081 994 enim
3121 935 3380 994 excoria-

1842 1027 1933 1080 tus
1959 1023 2070 1083 fuit
2096 1043 2112 1082 ε
2141 1026 2309 1100 quod
2336 1042 2460 1085 non
2499 1027 2624 1086 sine
2670 1029 2838 1102 gravi
2868 1029 3079 1088 dolore
3118 1028 3244 1087 fieri
3270 1046 3381 1104 po·

1843 1120 1969 1178 tuit.
2011 1120 2243 1180 Sciebat
2294 1122 2453 1180 enim
2497 1124 2812 1182 Dominum
2863 1124 3079 1183 dixisse
3124 1124 3276 1183 illud
3309 1125 3333 1160 ⁸
3364 1142 3379 1183 ε

1850 1214 2041 1273 «Dico
2069 1215 2230 1274 enim
2256 1217 2430 1276 vobis
2469 1218 2677 1277 amicis
2719 1219 2869 1278 meis
2897 1238 2914 1278 ε
2944 1235 3020 1279 ne
3046 1221 3385 1281 terreamini

1844 1307 1923 1366 ab
1952 1308 2082 1381 his,
2129 1310 2235 1385 qui
2279 1310 2560 1369 occidunt
2602 1327 2848 1387 corpus,
2875 1316 2934 1372 et
2962 1314 3236 1389 posthoc
3258 1330 3386 1375 non

1843 1401 2067 1461 hahent
2087 1403 2375 1478 amplius,
2416 1405 2567 1480 quid
2595 1405 2848 1481 faciant3
2889 1407 2998 1466 sed
3022 1409 3220 1483 potius
3247 1425 3387 1469 eum

1844 1496 2076 1569 timete,
2101 1498 2205 1573 qui
2229 1501 2567 1573 postquam
2586 1499 2899 1575 occiderit,
2928 1501 3111 1562 habet
3133 1507 3390 1578 potesta-

1845 1593 1965 1648 tem
2000 1590 2264 1650 animam
2304 1590 2531 1651 mittere
2576 1593 2640 1651 in
2680 1594 3034 1667 gehennam.
3064 1616 3094 1651 n
3126 1599 3256 1657 Non
3277 1601 3387 1671 est,

1846 1683 2195 1758 charissimi,
2225 1685 2490 1746 timenda
2517 1704 2679 1747 mors
2703 1690 2991 1764 corperis,
3014 1707 3148 1766 quoe
3178 1693 3256 1751 de
3280 1708 3389 1751 ne-

1848 1778 2114 1837 cessitate
2139 1779 2303 1838 venit
2314 1799 2335 1853 3
2364 1780 2473 1839 sed
2497 1797 2662 1840 mors
2689 1783 2953 1843 timenda
2978 1788 3066 1844 est
3090 1785 3390 1859 gehenna·

1846 1871 1940 1942 lis,
1972 1889 2127 1948 quae,
2155 1873 2302 1932 sicut
2343 1878 2430 1933 est
2453 1875 2848 1950 importabilis
2866 1921 2885 1951 ,
2916 1877 2999 1936 sic
3038 1883 3126 1939 est
3147 1879 3393 1940 inevita-

1847 1964 2007 2038 bilis,
2040 1969 2098 2023 et
2124 1966 2303 2025 etiam
2345 1970 2658 2028 aeternalis.
2691 1974 2737 2031 Ο
2766 1988 2951 2047 quam
2974 1973 3131 2032 bene
3149 2017 3169 2047 ,
3209 1990 3392 2050 quam

1848 2057 2093 2117 feliciter
2118 2059 2262 2132 nati,
2293 2061 2396 2135 qui
2438 2063 2621 2122 vitam
2657 2064 2812 2125 hanc
2838 2066 3247 2141 temporalem,
3284 2067 3393 2127 ali-

1850 2153 2095 2227 quando
2122 2156 2467 2229 necessario,
2485 2158 2809 2232 perituram
2830 2202 2851 2232 ,
2890 2176 3002 2235 pro
3030 2161 3253 2220 Christo
3282 2177 3394 2236 po-

1850 2252 2059 2306 nerent
2080 2247 2143 2305 in
2171 2249 2404 2308 ruinam
2421 2292 2442 2322 ,
2471 2267 2582 2325 pro
2611 2257 2798 2312 morte
2842 2254 3126 2327 fugienda
3155 2260 3393 2329 aeterna,

1852 2345 1910 2398 et
1946 2341 2068 2399 vita
2112 2343 2478 2418 acquirenda
2516 2348 2835 2421 perpetual
2880 2347 2996 2406 Sed
3040 2347 3222 2407 hodie
3266 2350 3396 2409 hoec

1852 2450 1995 2492 vera
2034 2435 2292 2495 amicitia
2320 2439 2551 2511 penitus
2578 2440 2817 2498 recessit
2843 2440 2922 2499 ab
2951 2441 3091 2499 aula
3118 2460 3135 2499 z
3164 2458 3289 2501 non
3310 2446 3400 2502 est

1856 2527 2014 2586 enim
2058 2530 2163 2603 qui
2189 2546 2300 2605 pro
2329 2531 2556 2591 Christo
2598 2533 2742 2593 velit
2767 2534 2890 2609 pati
2907 2577 2928 2606 ,
2957 2551 3083 2594 non
3108 2535 3246 2596 dico
3273 2553 3400 2597 sus-

1854 2621 2173 2694 pendium,
2222 2639 2347 2682 non
2390 2625 2663 2685 aculeum
2680 2669 2702 2698 ,
2743 2644 2869 2687 non
2896 2629 3266 2705 diruptiones
3304 2646 3399 2691 os-

1855 2718 2051 2788 sium,
2090 2716 2188 2775 vel
2234 2734 2469 2776 morsus
2508 2719 2869 2794 bestiarum,
2910 2722 3017 2781 sed
3045 2739 3153 2782 nec
3181 2724 3401 2784 durum

1855 2811 2143 2878 verbum,
2187 2812 2310 2870 imo
2336 2828 2448 2871 nec
2488 2813 2737 2889 aliquod
2773 2814 3064 2876 loesivum.
3120 2818 3283 2878 Unde
3311 2819 3402 2877 di-

1857 2904 1936 2963 cit
1977 2904 2259 2963 Dominus
2313 2922 2422 2980 per
2473 2908 2826 2982 prophetam
2860 2911 2883 2947 ⁶
2920 2929 2935 2968 ε
2970 2929 3001 2965 ι
3025 2912 3212 2971 Amici
3256 2913 3398 2986 mei,

1858 3002 1915 3056 et
1933 2999 2190 3073 proximi
2217 3000 2357 3071 mei,
2385 3000 2705 3061 adversum
2736 3019 2863 3077 me,
2893 3024 2923 3060 n
2949 3008 3058 3064 etc.
3089 3008 3135 3065 Ο
3160 3008 3402 3068 stultitia

1858 3092 2204 3162 christiana,
2259 3097 2317 3152 et
2369 3094 2627 3155 amicitia
2675 3095 2827 3155 falsa
2841 3140 2860 3170 ,
2917 3099 3029 3158 sub
3084 3099 3400 3160 christiano

1859 3187 2100 3245 nomine
2151 3186 2428 3262 palliata,
2485 3205 2617 3264 quas
2670 3190 2782 3249 sub
2836 3192 2993 3266 pelle
3057 3194 3188 3252 ovis
3248 3195 3402 3270 lupi-

1858 3295 2004 3337 num
2055 3280 2321 3339 animum
2359 3281 2544 3354 gerit!
2601 3283 2753 3352 Quid
2796 3282 3170 3346 fraudulente
3216 3286 3399 3346 chris-

1858 3374 2086 3432 tianum
2114 3389 2238 3432 esse
2265 3379 2321 3433 te
2349 3376 2598 3448 asseris,
2629 3382 2688 3435 et
2724 3378 3013 3438 Christum
3047 3396 3174 3439 non
3213 3381 3405 3441 imita-

1859 3466 1962 3539 ris,
1991 3467 2097 3525 sed
2125 3469 2322 3542 potius
2360 3467 2425 3527 in
2465 3470 2584 3527 suis
2611 3472 2894 3531 membris
2920 3490 3058 3532 eum
3081 3490 3402 3550 perseque-

1859 3561 1942 3619 ris
1956 3562 1986 3618 ἵ
2013 3581 2043 3616 α
2072 3564 2286 3621 Omnes
2312 3562 2757 3652 dgreliquerunt
2780 3582 2900 3638 me,
2929 3567 3071 3627 dicit
3094 3570 3399 3646 Dominus,

1862 3661 1921 3715 et
1945 3656 2133 3714 factus
2179 3671 2313 3715 sum
2351 3656 2502 3715 sicut
2541 3657 2647 3732 qui
2693 3659 2921 3734 colligit
2957 3677 3225 3723 racemos
3266 3667 3406 3739 post

1862 3751 2249 3824 vindemiam,
2276 3753 2426 3812 sicut
2450 3753 2664 3813 dicitur
2692 3757 2735 3813 ⁷.
2766 3759 2973 3817 Narrat
2986 3759 3331 3820 Ambrosius
3354 3761 3399 3834 ⁸,

1861 3845 2030 3919 quod
2077 3846 2198 3904 duo
2240 3846 2479 3905 fuerunt
2509 3848 2882 3924 philosophi,
2922 3852 3028 3925 qui
3054 3852 3206 3913 inter
3231 3870 3297 3913 se
3324 3854 3403 3915 de

1860 3942 2052 3999 morte
2075 3940 2530 4015 contendebant,
2552 3944 2961 4020 unusquisque
2974 3961 3086 4021 pro
3106 3947 3227 4007 alio
3245 3949 3403 4010 mori

1862 4031 2120 4091 volebat.
2150 4037 2355 4093 Narrat
2380 4038 2439 4094 et
2462 4036 2791 4096 Macrobius
2816 4040 2862 4110 ⁸,
2891 4040 3059 4114 quod
3078 4041 3249 4101 multi
3273 4042 3403 4103 fue-

1860 4130 1999 4184 runt
2033 4126 2230 4198 servi,
2274 4132 2331 4188 et
2363 4130 2583 4204 pagani
2600 4173 2621 4203 ,
2670 4132 2776 4206 qui
2819 4148 2931 4207 pro
2977 4132 3236 4194 dominis
3278 4137 3404 4196 suis

1861 4220 2292 4296 temporalibus
2331 4238 2394 4280 se
2435 4223 2807 4285 tradiderunt
2850 4226 3045 4286 morti.
3084 4231 3256 4303 Ergo,
3286 4229 3403 4290 fra·

1863 4317 1981 4373 tres
1999 4315 2141 4387 mei,
2169 4319 2391 4390 quanta
2426 4317 2694 4379 confusio
2725 4319 2901 4378 nobis
2928 4337 3053 4380 esse
3071 4323 3269 4396 debet,
3296 4325 3403 4399 qui

1861 4425 2066 4468 sumus
2092 4409 2322 4483 fideles,
2352 4411 2513 4470 nolle
2552 4429 2663 4488 pro
2703 4412 2809 4472 illo
2851 4415 3035 4487 mori,
3066 4416 3162 4475 vel
3186 4434 3298 4493 pro
3326 4435 3401 4479 eo

1860 4503 2167 4561 modicum
2194 4503 2340 4579 pati,
2365 4504 2468 4579 qui
2489 4520 2601 4580 pro
2628 4507 2806 4566 nobis
2843 4508 3054 4568 affixus
3080 4515 3167 4570 est
3190 4513 3353 4572 cruci
3369 4515 3401 4572 ‘P

1860 4597 2177 4673 Apostolus
2202 4598 2442 4658 tradidit
2464 4615 2576 4674 pro
2610 4599 2716 4659 illo
2761 4602 2992 4662 corium
3011 4647 3031 4677 ,
3059 4609 3117 4664 et
3140 4621 3252 4664 nos
3276 4607 3403 4682 pati

1860 4707 1986 4750 non
2014 4706 2331 4766 possumus
2376 4707 2565 4751 unum
2611 4694 2909 4754 verbum?
2948 4698 3097 4769 Quia
3135 4715 3280 4773 ergo
3314 4700 3400 4760 sie

1861 4785 2068 4844 Christi
2090 4783 2200 4843 fuit
2225 4785 2469 4858 amicus,
2500 4785 2639 4845 ideo
2670 4787 2878 4848 audire
2899 4791 3114 4850 meruit
3143 4810 3159 4849 ε
3189 4794 3397 4866 Amice,

1861 4880 2083 4939 accende
2110 4883 2379 4953 supa-ias.
2408 4885 2555 4941 Nam
2581 4883 2848 4943 ascendit
2872 4885 3068 4959 primo
3097 4886 3175 4946 ad
3204 4887 3397 4963 digni-

1860 5075 1915 5126 in
1941 5075 2187 5141 Ephiqen.
2219 5077 2271 5126 in
2305 5075 2548 5142 Touo-idq
2575 5081 2629 5129 et
2653 5079 2857 5146 Hygin„
2886 5096 2935 5133 c.
2967 5096 3089 5148 cxx,
3121 5086 3187 5138 de
3219 5087 3398 5139 Oreste

1864 5151 1916 5196 et
1941 5146 2129 5211 Pylade
2156 5145 2211 5196 in
2237 5146 2420 5197 fabulis
2448 5148 2684 5213 tragicis,
2709 5164 2817 5202 non
2847 5157 3019 5211 autem
3047 5155 3112 5208 de
3137 5156 3395 5224 philosop.

1861 5219 2115 5268 narratur.
2155 5217 2296 5268 ldem
2332 5217 2486 5270 docet
2520 5223 2751 5285 August„
2796 5223 2856 5274 de
2897 5226 3123 5293 Amisia,
3165 5243 3213 5282 c.
3261 5241 3306 5291 ι,
3346 5235 3401 5282 et

1863 5289 2106 5353 consess„
2132 5288 2223 5339 lib.
2264 5290 2351 5352 lv,
2385 5303 2431 5341 e.
2466 5302 2538 5342 vi.
2564 5316 2628 5331 —
2655 5294 2676 5326 ⁸
2705 5295 2951 5361 Maerob„
2974 5298 3204 5367 Satara„
3235 5301 3326 5354 lib.
3355 5304 3396 5371 1,

1862 5376 1910 5412 c.
1939 5374 2013 5427 xi,
2043 5365 2162 5413 ante
2189 5362 2328 5414 med.

3041 5466 3121 5527 38
