4059 6317
712 457 832 523 626

713 589 798 647 sic
823 584 1035 649 merito
1062 584 1333 645 dicamus
1353 582 1429 645 de
1450 597 1524 642 eo
1550 581 1703 641 iliud
1724 583 1777 641 ¹:
1814 603 1845 638 ι
1861 584 2105 644 placens
2131 586 2249 643 Deo

710 680 899 739 factus
937 681 1024 738 est
1070 678 1334 749 dilectus,
1365 679 1423 736 et
1447 675 1655 736 vivens
1688 677 1839 737 inter
1880 680 2247 754 peccatores,

713 774 1026 834 translatus
1064 777 1168 831 est.
1204 794 1234 829 ι
1267 772 1412 831 Dicit
1451 772 1674 846 igitur:
1717 776 1783 831 In
1814 774 2078 845 bonitate,
2117 776 2250 841 etc„

712 885 850 928 cum
876 867 1097 926 malum
1118 883 1225 942 per
1249 867 1590 942 oppositum
1616 866 1804 941 privet
1830 866 2081 939 bonum,
2109 864 2253 940 quia

713 960 1070 1021 contrarium
1098 960 1326 1019 malum
1369 960 1556 1032 bono,
1596 960 1744 1019 sicut
1787 960 2000 1019 dicitur
2045 960 2110 1017 in
2152 961 2253 1016 Ec-

710 1059 1005 1115 clesiastico
1029 1059 1072 1114 ¹.

779 1151 943 1222 Ideo,
970 1155 1038 1209 ut
1063 1150 1281 1209 clareat
1313 1148 1548 1208 bonitas
1574 1147 1835 1221 virtutis,
1867 1163 1936 1206 ac
1965 1163 2042 1205 ex
2058 1146 2253 1222 seipsa

710 1262 773 1304 se
787 1245 958 1303 nobis
971 1243 1293 1303 amabilem
1307 1248 1362 1301 et
1377 1241 1832 1301 desiderabilem
1845 1241 2077 1314 reddat,
2093 1239 2250 1299 ordi·

709 1355 922 1398 nemus
948 1342 1152 1397 contra
1177 1338 1369 1413 ipsam
1411 1353 1484 1395 ex
1522 1335 1797 1412 opposito
1826 1335 2076 1406 malum,
2101 1350 2251 1410 qua-

709 1437 879 1492 tenus
915 1432 1207 1508 opposita,
1232 1432 1401 1504 Juxta
1428 1445 1492 1487 se
1529 1429 1744 1506 posita,
1779 1428 2083 1504 pulchrius
2123 1427 2249 1485 elu-

709 1530 943 1586 cescant
976 1526 1018 1583 ⁸.
1061 1528 1302 1603 Propter
1335 1524 1501 1599 quod
1528 1524 1676 1582 scire
1718 1522 2037 1594 debemus,
2083 1522 2252 1597 quod

709 1621 940 1680 bonitas
966 1619 1170 1678 circuit
1195 1634 1406 1677 omnes
1440 1618 1698 1689 virtutes,
1727 1617 1876 1675 sicut
1905 1632 2012 1691 per
2054 1630 2249 1689 oppo-

709 1715 888 1773 situm
912 1712 1137 1772 malitia
1163 1712 1367 1771 omnia
1408 1727 1629 1787 genera
1669 1710 1946 1770 vitiorum
1975 1727 1991 1766 z
2029 1712 2087 1767 et
2113 1708 2250 1766 ideo

711 1811 934 1884 quanto
961 1806 1224 1867 nobilior
1250 1809 1310 1863 et
1331 1804 1666 1880 perfectior,
1693 1807 1854 1863 tanto
1883 1803 1945 1861 in
1978 1801 2253 1878 pluribus

708 1902 1019 1977 reperitur,
1044 1905 1101 1959 et
1127 1916 1167 1958 a
1190 1899 1463 1975 pluribus
1480 1899 1799 1972 indigetur,
1828 1896 2108 1955 videlicet
2138 1914 2153 1954 ε
2183 1895 2249 1953 in

712 1996 1076 2070 subJectione
1090 2037 1108 2069 ,
1137 1991 1438 2052 humilitas
1473 1992 1847 2065 reverentiae3
1885 1990 1952 2049 in
1984 2005 2252 2064 compas-

708 2090 895 2163 sione,
926 2088 1113 2164 pietas
1141 2086 1540 2160 conscientia-,3
1581 2087 1643 2145 in
1673 2084 2142 2155 conversatione,
2169 2083 2256 2141 in·

708 2182 947 2257 tegritas
996 2181 1366 2239 continentiae
1377 2200 1397 2254 3
1456 2180 1519 2238 in
1568 2178 1884 2238 refectione
1902 2220 1922 2251 ,
1966 2177 2254 2236 sobrietas

709 2275 1139 2352 temperantiam
1173 2275 1234 2332 in
1260 2275 1666 2350 responsione,
1683 2272 1951 2345 virilitas,
1969 2272 2093 2330 sive
2120 2270 2250 2328 lon-

708 2371 1019 2445 ganimitas
1035 2368 1356 2446 patientiae3
1383 2367 1447 2426 in
1470 2367 1802 2438 affectione,
1829 2366 2081 2425 charitas
2108 2363 2257 2422 ami·

710 2465 894 2535 citiae3
950 2464 1012 2522 in
1063 2462 1429 2537 operatione,
1478 2462 1786 2520 strenuitas
1841 2458 2252 2534 providentiae.

709 2557 1028 2617 Humilitati
1055 2555 1256 2615 obviat
1294 2556 1552 2628 malum,
1583 2553 1750 2630 quod
1787 2554 2001 2612 dicitur
2037 2553 2256 2611 fastuo-

710 2655 849 2714 sitas
898 2652 1287 2726 arrogantiae3
1343 2649 1563 2726 pietati,
1622 2649 1914 2724 cupiditas
1965 2647 2222 2706 avaritiae
2232 2666 2251 2720 3

714 2747 984 2819 castitati,
1013 2747 1245 2806 i'oeditas
1271 2745 1641 2820 petulantioe3
1672 2743 1994 2815 sobrietati,
2025 2741 2256 2800 voraci-

709 2848 797 2903 tas
833 2843 1018 2917 gulae3
1047 2840 1329 2912 virilitati,
1357 2838 1698 2897 animositas
1733 2836 2081 2905 iracundioe;
2114 2838 2255 2893 stre-

709 2936 938 3009 nuitati,
967 2935 1242 3012 tepiditas
1264 2932 1655 3007 negligentiae.
1687 2936 1753 2991 Et
1776 2932 1859 2989 sic
1887 2934 2067 3006 patet.

780 3034 996 3101 Primo,
1014 3028 1423 3104 complectitur
1441 3026 1768 3085 bonitatem
1782 3026 1842 3083 in
1863 3023 2253 3097 subjectione,

707 3124 1008 3184 humilitas
1018 3123 1377 3181 reverentiae.
1396 3124 1542 3179 Nam
1557 3120 1655 3179 ille
1671 3121 1923 3195 perfecte
1935 3120 2132 3178 bonus
2146 3119 2253 3189 est,

718 3220 822 3295 qul
836 3234 959 3276 non
973 3218 1137 3276 timet
1149 3215 1373 3289 animo,
1384 3231 1507 3273 non
1535 3218 1699 3273 tonat
1720 3214 1928 3287 verbo,
1942 3229 2065 3271 non
2074 3210 2256 3270 recal-

710 3315 877 3372 citrat
913 3310 1103 3383 facto;
1133 3309 1237 3367 sed
1264 3309 1326 3366 in
1365 3308 1528 3367 omni
1558 3324 1623 3366 re
1657 3324 1720 3365 se
1748 3307 1985 3380 subjicit
2009 3310 2254 3382 propter

708 3410 916 3478 Deum,
942 3404 1270 3463 secundum
1290 3401 1442 3461 illud
1467 3404 1491 3439 ⁸
1522 3421 1584 3461 :a
1613 3401 1723 3471 Qui
1749 3401 1946 3460 bonus
1974 3405 2081 3473 est,
2106 3401 2253 3458 hau-

708 3501 818 3560 riet
843 3516 881 3559 a
907 3499 1157 3558 Domino
1187 3496 1458 3571 gratiam,
1486 3516 1513 3553 n
1540 3495 1772 3571 supple,
1796 3493 2247 3569 justificationis.

707 3598 836 3654 Haec
863 3598 950 3653 est
973 3593 1080 3651 illa
1105 3592 1313 3666 gratia,
1342 3607 1475 3666 quae
1500 3593 1630 3648 sola
1654 3591 1911 3664 respicit,
1941 3595 1997 3649 et
2034 3606 2252 3664 cogno-

706 3690 814 3749 scit
837 3687 1107 3759 humilia,
1138 3686 1267 3745 sola
1303 3685 1625 3758 dignificat,
1655 3689 1712 3743 et
1737 3683 1962 3743 extollit
1987 3684 2069 3742 ad
2094 3700 2253 3741 sum-

708 3800 839 3855 ma,
876 3781 952 3840 de
994 3797 1115 3857 qua
1166 3778 1432 3855 loquitur
1473 3777 1906 3836 Ecclesiasticus
1949 3777 2153 3836 dicens
2179 3776 2202 3811 ⁸
2232 3795 2247 3835 ε

716 3898 746 3932 α
780 3879 1009 3947 Quanto
1052 3890 1305 3948 magnus
1347 3889 1430 3944 οε,
1469 3871 1720 3931 humilia
1758 3875 1811 3929 te
1847 3871 1911 3928 in
1948 3871 2251 3942 omnibus,

711 3975 769 4031 et
787 3986 989 4030 coram
1006 3971 1124 4027 Deo
1149 3967 1414 4027 invenies
1443 3966 1710 4040 gratiam.
1733 3988 1760 4019 ιι
1774 3968 1932 4024 lianc
1957 3964 2251 4025 humilita-

710 4068 832 4124 tem
857 4063 1133 4124 Martinus
1159 4061 1344 4119 verbo
1372 4064 1430 4119 et
1448 4060 1723 4136 exemplo
1741 4060 2019 4132 firmavit,
2040 4062 2098 4117 et
2114 4075 2251 4118 con-

710 4166 799 4220 tra
826 4159 1312 4220 consuetudinem
1340 4161 1717 4232 magnatum,
1754 4173 1879 4216 non
1907 4156 2105 4215 solum
2146 4173 2248 4214 su-

707 4255 1044 4331 perioribus
1104 4270 1179 4311 ex
1231 4250 1429 4311 officio
1482 4254 1717 4327 paruit,
1775 4250 1883 4308 sed
1936 4249 2104 4324 quod
2166 4253 2252 4309 est

709 4348 1042 4408 mirabilius
1067 4391 1087 4422 ,
1145 4346 1410 4420 subjecto
1475 4345 1588 4404 sibi
1643 4344 1869 4402 famulo
1929 4360 1992 4402 se
2052 4342 2249 4400 humi-

707 4443 865 4502 litate
908 4442 1175 4515 subjecit.
1205 4440 1368 4498 Unde
1414 4439 1476 4497 in
1503 4437 1775 4511 Legenda
1801 4454 1906 4496 sua
1943 4437 1966 4472 ⁸
2012 4436 2245 4509 dicitur,

709 4552 834 4595 uno
861 4539 1089 4595 tantum
1123 4550 1318 4604 servo,
1356 4532 1589 4603 comite,
1637 4535 1943 4590 contentus
1978 4534 2124 4602 erat,
2154 4529 2248 4588 cui

709 4647 880 4688 versa
905 4630 1034 4688 vice
1063 4629 1340 4686 dominus
1367 4627 1679 4696 serviebat,
1709 4632 1815 4684 ete.
1848 4626 2111 4683 Pudeant
2141 4624 2249 4699 igi·

709 4728 822 4797 tur,
862 4724 965 4799 qui
1011 4723 1073 4780 in
1103 4721 1433 4781 honoribus
1476 4720 1803 4791 constituti,
1846 4717 2100 4777 humilia
2142 4718 2246 4777 de·

710 4819 1050 4892 dignantur,
1079 4834 1215 4875 cum
1241 4815 1540 4874 humilitas
1569 4814 1631 4871 in
1670 4813 1911 4871 homine
1949 4812 2146 4870 honor
2178 4813 2250 4872 sit

706 4911 973 4985 honoriS,
1003 4915 1058 4969 et
1084 4910 1340 4984 dignitas
1369 4908 1684 4983 dignitatis,
1720 4914 1784 4966 ut
1825 4907 1964 4966 dicit
1997 4911 2245 4966 Bernar-

709 5006 823 5065 dus
845 5007 890 5062 ⁷.
935 5009 1174 5081 Propter
1208 5005 1324 5063 hoc
1364 5007 1592 5080 poterat
1630 5001 1872 5061 martino
1920 5018 1957 5059 a
1994 5002 2245 5060 Domino

768 5179 788 5212 1
821 5178 962 5242 Sap„
1000 5188 1072 5239 iv,
1108 5180 1183 5229 10.
1214 5202 1276 5214 —
1309 5176 1332 5210 ¹
1357 5174 1541 5239 Eecli„
1578 5186 1777 5238 xxxin,
1817 5177 1893 5225 ¹5.
1925 5199 1990 5213 —
2016 5175 2035 5205 ³
2071 5174 2245 5238 Arist„

708 5248 903 5309 Probl„
943 5252 1068 5300 sect.
1106 5259 1248 5312 xxii,
1293 5250 1415 5299 text.
1465 5249 1540 5299 11.
1580 5272 1643 5285 —
1681 5247 1705 5282 ⁸
1737 5248 1902 5307 Pron„
1947 5256 2054 5310 xu,
2094 5248 2140 5296 2.
2184 5271 2245 5283 —

706 5320 730 5356 ⁸
770 5321 948 5383 Ecclz'„
986 5331 1078 5387 ιιι,
1117 5323 1195 5371 20.
1238 5345 1301 5357 -—
1340 5319 1363 5354 ⁸
1405 5318 1611 5380 surius,
1651 5317 1733 5369 die
1763 5321 1815 5369 11
1867 5316 2147 5369 Novembr.
2179 5342 2239 5354 —

704 5390 729 5426 '¹
755 5392 908 5443 Bern.
942 5417 1006 5429 —
1039 5393 1059 5422 ⁸
1092 5392 1280 5455 11329„
1305 5402 1462 5454 xxix,
1491 5392 1551 5452 8,
1579 5394 1626 5440 6.
1657 5416 1716 5426 —
1747 5390 1771 5425 1
1798 5389 1937 5442 Prae.
1973 5402 2125 5453 xcvi,
2165 5394 2244 5439 10.

1726 446 2142 517 SERMONES
2182 447 2286 517 DE
2324 446 2673 517 SANCTIS.
2718 446 2876 514 Lm.

2359 583 2476 643 dici
2502 583 2676 656 illud,
2700 582 2866 659 quod
2886 582 3102 655 legitur
3118 582 3183 640 in
3199 580 3359 642 libro
3378 583 3578 659 primo
3604 589 3804 665 Reum
3824 591 3848 628 ⁸
3872 609 3887 650 ε

2363 700 2393 731 «
2418 682 2624 737 Beatus
2650 694 2714 736 es
2727 680 2814 750 tu,
2832 681 2891 735 et
2906 676 3102 736 bonus
3121 676 3184 735 in
3201 683 3522 754 conspectu
3544 697 3681 741 meo
3706 684 3891 742 exitus

2357 774 2512 844 tuuS,
2541 776 2599 830 et
2621 772 2891 830 introitus
2907 774 3042 828 tuus
3069 786 3309 830 mecum
3330 776 3439 844 est,
3464 778 3523 832 et
3548 790 3677 833 non
3700 777 3891 837 inveni

2357 865 2689 943 quidquam
2702 864 2865 923 mali.
2892 864 3005 923 Sed
3025 881 3149 923 non
3162 865 3361 939 places
3377 869 3695 943 satrapis,»
3710 870 3774 928 id
3792 876 3891 944 est,

2356 958 2647 1034 superbis.
2676 963 2742 1017 Et
2766 958 2903 1017 ideo
2930 958 3067 1017 huic
3106 958 3302 1017 obstat
3336 960 3588 1034 malum,
3620 963 3792 1038 quod
3814 964 3895 1022 di·

2360 1053 2507 1111 citur
2541 1052 2872 1112 fastuositas
2912 1053 3296 1126 arrogantioe,
3343 1055 3420 1113 de
3464 1072 3591 1130 qua
3618 1057 3643 1092 ⁹
3673 1077 3689 1115 ε
3726 1078 3756 1110 ι
3794 1060 3891 1127 Qui

2358 1147 2601 1221 diligitis
2625 1149 2960 1221 Dominum,
2988 1148 3149 1206 odite
3186 1154 3442 1223 malum,
3471 1172 3500 1207 n
3536 1153 3778 1228 supple,
3813 1171 3893 1213 su·

2354 1241 2614 1316 perbioe:
2644 1241 2786 1317 quia
2814 1244 2856 1280 ¹⁰
2887 1261 2915 1297 α
2937 1242 3177 1301 odibilis
3203 1259 3411 1302 coram
3437 1246 3587 1318 Deo,
3614 1249 3677 1305 et
3713 1247 3893 1306 homi·

2357 1334 2538 1394 nibus
2565 1340 2653 1394 est
2676 1336 2975 1411 superbia.
3004 1358 3033 1390 n
3260 1336 3277 1353 ⁹

2429 1429 2722 1503 Secundo,
2752 1431 2814 1488 in
2841 1430 3250 1504 compassione
3275 1430 3469 1507 pietas
3510 1433 3897 1508 conscientia,

2360 1522 2437 1581 de
2467 1539 2587 1598 qua
2614 1522 2756 1581 dicit
2793 1524 3035 1599 Sapiens
3053 1525 3136 1582 ¹¹:
3170 1543 3200 1579 α
3221 1527 3349 1583 Non
3370 1526 3705 1601 prohibere
3730 1526 3898 1585 bene-

2356 1614 2579 1691 facere3
2610 1616 2716 1675 sed
2742 1617 2792 1675 si
2830 1617 3016 1690 vales,
3048 1622 3106 1676 et
3143 1618 3267 1694 ipse
3290 1618 3568 1679 benefac.
3615 1640 3649 1675 ι
3682 1624 3752 1679 Et
3769 1620 3896 1680 ideo

2358 1708 2796 1785 ignorantibus,
2836 1711 2937 1769 vel
2977 1710 3122 1770 forte
3163 1713 3689 1773 contemnentibus
3728 1715 3900 1789 pieta·

2357 1811 2498 1879 tem,
2531 1806 2746 1866 dicitur
2765 1810 2802 1849 ¹¹
2838 1827 2853 1866 ε
2890 1827 2919 1863 ι
2943 1806 3224 1867 Indicabo
3258 1808 3389 1882 tibi,
3417 1808 3638 1883 homo,
3666 1811 3813 1886 quid
3835 1810 3898 1869 sit

2356 1899 2607 1973 bonum,
2638 1905 2696 1959 et
2722 1901 2873 1978 quid
2907 1902 3189 1960 Dominus
3219 1903 3487 1979 requirat
3514 1919 3556 1962 a
3582 1907 3641 1963 te
3664 1922 3683 1961 ι
3705 1906 3895 1980 utique

2357 1992 2550 2053 facere
2583 1994 2908 2070 judicium,
2954 1998 3011 2054 et
3050 1995 3296 2070 diligere
3333 1997 3831 2057 misericordiam.
3866 2019 3891 2055 ι

2358 2092 2438 2147 Ex
2477 2089 2593 2146 hoc
2620 2089 2786 2147 bono
2818 2089 3267 2147 commendatus
3306 2093 3394 2147 est
3418 2092 3643 2150 Tobias
3690 2094 3762 2164 ¹³,
3800 2094 3893 2167 qui

2357 2197 2650 2257 pauperes
2670 2181 2898 2241 vicinos
2919 2182 3157 2241 vocavit
3177 2183 3257 2241 ad
3273 2183 3631 2258 prandium,
3662 2185 3893 2244 afflictos

2361 2276 2781 2336 consolabatur
2824 2277 3090 2352 eloquio,
3133 2280 3190 2335 et
3228 2278 3480 2335 mortuis
3532 2279 3783 2338 sollicite
3815 2296 3892 2339 se-

2358 2371 2659 2445 pulturam
2700 2370 3035 2429 exhibebat.
3086 2374 3326 2446 Propter
3353 2372 3529 2446 quod
3570 2372 3797 2431 dictum
3818 2378 3895 2431 est

2358 2465 2481 2524 filio
2515 2465 2710 2523 Tobiae
2746 2459 2783 2495 ¹⁸
2815 2483 2831 2521 :
2865 2486 2894 2519 α
2932 2465 3111 2523 Filius
3146 2465 3293 2524 boni
3337 2470 3395 2524 et
3434 2465 3653 2542 optimi
3680 2468 3787 2525 viri
3811 2483 3891 2539 es;

2358 2557 2514 2617 bene
2542 2558 2616 2617 sit
2639 2559 2766 2630 tibi,
2796 2559 2884 2617 fili
2903 2561 3009 2617 mi.
3038 2580 3067 2614 n
3100 2561 3257 2618 Hanc
3283 2559 3621 2619 bonitatem
3650 2562 3895 2621 habebat

2361 2655 2656 2726 Martinus,
2685 2653 2811 2729 qui,
2839 2657 2904 2711 ut
2939 2653 3172 2725 dicitur,
3202 2654 3483 2713 studebat
3518 2657 3788 2715 assistere
3818 2656 3897 2714 la·

2360 2745 2733 2819 borantibus,
2766 2763 2944 2822 opem
2977 2746 3129 2805 ferre
3165 2748 3417 2820 miseris,
3456 2748 3625 2807 alere
3669 2765 3894 2823 egenos,

2359 2840 2571 2899 vestire
2600 2841 2815 2909 nudos,
2836 2840 3100 2915 nihilque
3118 2840 3231 2899 sibi
3249 2846 3460 2916 proeter
3489 2842 3898 2917 quotidianum

2358 2934 2582 2993 victum
2612 2952 2936 2994 reservans.
2972 2935 3321 3010 Exemplum
3357 2936 3435 2994 de
3468 2952 3772 3011 paupere,
3810 2937 3898 2995 mi
3962 2953 4056 2995 n-

2363 3022 2676 3088 dimidiam
2702 3028 3110 3104 chlamydem,
3144 3029 3241 3087 vel
3274 3033 3526 3102 vestem,
3568 3047 3635 3088 se
3662 3031 3899 3103 nudato,
3917 3016 4022 3073 μ·

2362 3122 2602 3181 dimisit.
2642 3126 2883 3198 Propter
2923 3123 3093 3198 quod
3124 3122 3489 3199 ponderator
3527 3140 3781 3199 operum
3796 3167 3813 3197 ,
3846 3130 3898 3183 et

2360 3216 2677 3275 retributor
2717 3216 3032 3289 virtutum,
3074 3215 3223 3274 dixit
3258 3235 3275 3272 ε
3324 3238 3353 3267 α
3394 3219 3680 3277 Martinus
3714 3218 3897 3277 adhuc

2362 3310 2818 3369 catechumenus
2844 3311 2957 3369 hac
2974 3326 3070 3370 me
3100 3313 3256 3368 veste
3283 3313 3547 3368 contexit
3559 3312 3626 3369 ¹⁸.
3642 3334 3670 3368 ι
3692 3317 3757 3371 Et
3770 3313 3896 3371 ideo

2359 3408 2516 3462 recte
2544 3408 2736 3479 potest
2757 3404 2875 3464 dici
2903 3403 2979 3462 de
3012 3419 3085 3462 eo
3113 3402 3264 3462 illud
3285 3405 3328 3440 ¹⁸
3354 3423 3373 3461 ε
3408 3405 3757 3465 «Benetacit
3781 3406 3897 3465 aui-

2361 3514 2475 3556 moe
2492 3514 2612 3555 suae
2639 3496 2730 3555 vir
2756 3497 3119 3569 misericors3
3151 3498 3256 3571 qui
3282 3500 3484 3556 autem
3512 3499 3774 3557 crudelis
3799 3502 3897 3570 est,

2358 3592 2731 3667 propinquos
2758 3591 2978 3664 abjicit.
3003 3610 3033 3646 r
3066 3593 3303 3666 Propter
3340 3594 3515 3666 quod
3548 3592 3693 3651 huic
3716 3593 3899 3651 obstat

2362 3684 2652 3759 cupiditas
2682 3685 2954 3743 avaritiae.
2974 3686 3019 3722 ¹⁷
3040 3705 3069 3738 ι
3097 3683 3287 3743 Radix
3314 3685 3594 3744 omnium
3611 3686 3897 3745 malorum

2361 3783 2445 3837 est
2472 3778 2763 3852 cupiditas
2793 3796 2807 3834 :
2836 3797 2866 3833 r
2897 3778 3053 3836 hanc
3090 3781 3291 3836 amant
3326 3783 3384 3837 et
3420 3780 3774 3855 exquirunt,
3801 3780 3895 3854 qui

2360 3888 2485 3930 non
2530 3872 2775 3950 cupiunt
2807 3888 3055 3946 regnare
3085 3888 3221 3931 eum
3267 3872 3519 3932 Christo.
3566 3875 3648 3932 De
3689 3873 3896 3949 quibus

2362 3966 2577 4027 dicitur
2603 3966 2680 4023 ¹⁸:
2707 3987 2736 4020 ι
2752 3965 2902 4025 Odio
2928 3966 3264 4025 habuerunt
3285 3966 3544 4039 bonum,
3562 3970 3625 4025 et
3656 3966 3896 4042 diligunt

2358 4060 2611 4132 malum,
2640 4059 2744 4134 qui
2770 4059 3058 4118 violenter
3082 4059 3295 4118 tollunt
3317 4058 3514 4134 pelles
3539 4075 3776 4134 eorum,
3798 4061 3893 4120 de·

2360 4170 2539 4229 super
2567 4154 2652 4212 eis
2672 4170 2876 4213 carnes
2903 4169 3133 4224 eorum,
3157 4173 3186 4208 n
3221 4158 3330 4213 etc.

2428 4247 2640 4319 Tertio,
2671 4248 2733 4306 in
2773 4248 3213 4307 conversatione
3256 4246 3562 4321 integritas
3596 4251 3891 4309 continen-

2359 4342 2470 4399 tiae.
2490 4343 2557 4398 Et
2580 4341 2709 4399 haec
2726 4345 2813 4399 est
2844 4341 3066 4417 puritas
3104 4341 3238 4411 illa,
3279 4359 3415 4417 quoe
3448 4342 3676 4403 relucet
3700 4345 3763 4404 in
3788 4346 3888 4416 his,

2361 4435 2466 4511 qui
2491 4434 2743 4509 diligunt
2768 4435 3030 4510 corporis
3064 4438 3124 4493 et
3160 4435 3376 4494 animae
3402 4442 3793 4497 venustatem.
3819 4441 3888 4497 De

2360 4546 2482 4605 qua
2518 4529 2658 4588 dicit
2685 4528 2998 4605 Apostolus
3036 4529 3078 4567 ¹⁹
3108 4547 3124 4587 z
3159 4533 3438 4589 «Bonum
3474 4535 3567 4590 est
3598 4531 3887 4592 hominisi

2358 4623 2442 4681 sic
2469 4624 2875 4698 permanserit,
2903 4623 3053 4681 sicut
3084 4626 3138 4681 et
3164 4639 3275 4697 ego
3309 4643 3324 4682 ε
3354 4644 3385 4678 ι
3425 4625 3664 4700 supple,
3708 4628 3884 4700 virgo,

2357 4720 2415 4776 et
2440 4721 2631 4775 castus
2656 4735 2671 4775 ε
2697 4717 2865 4792 cujus
2882 4717 3192 4792 proprium
3219 4721 3305 4775 est
3330 4733 3459 4776 non
3479 4719 3680 4778 solum
3705 4726 3884 4777 actum

2358 4812 2658 4885 cohibere,
2687 4811 2795 4869 sed
2818 4812 3143 4885 appetitum
3176 4811 3549 4885 restringere.
3593 4816 3751 4873 Hanc
3791 4828 3884 4887 pu-

2357 4908 2586 4966 ritatem
2615 4906 2826 4965 habuit
2850 4906 3148 4982 Martinus,
3176 4906 3303 4982 qui,
3325 4913 3391 4964 ut
3417 4907 3654 4979 dicitur,
3677 4909 3884 4980 inoegar

2358 5001 2435 5059 ab
2462 5001 2555 5058 his
2579 5000 2735 5058 vitiis
2757 4999 2886 5072 fuit,
2910 5000 3130 5074 quibus
3148 5016 3335 5074 genus
3360 5000 3678 5060 hominum
3703 5000 3883 5074 impli-

2356 5200 2419 5211 —
2444 5173 2487 5209 ¹⁶
2513 5170 2692 5234 Eccli„
2722 5182 2772 5235 x,
2803 5171 2851 5219 7.
2878 5194 2942 5206 —
2962 5170 3001 5204 11
3031 5169 3198 5232 Pron..
3227 5180 3306 5232 111,
3339 5171 3420 5220 27.
3450 5195 3515 5209 —
3540 5170 3588 5206 ¹¹
3609 5170 3787 5230 Rich„
3812 5181 3879 5233 vx,

2356 5246 2405 5295 8.
2434 5270 2497 5281 -
2528 5242 2571 5278 ²⁸
2605 5240 2740 5305 Tob.‚
2770 5252 2815 5303 1,
2843 5243 2924 5303 20,
2952 5243 3051 5290 etc.
3081 5267 3143 5280 -
3170 5242 3211 5275 ¹⁴
3239 5239 3377 5304 Tob„
3405 5252 3507 5306 v11,
3534 5243 3582 5294 7,
3612 5268 3671 5280 -
3703 5244 3739 5278 ιι
3762 5242 3879 5305 Lag,

2356 5318 2410 5367 S.
2440 5314 2664 5379 martin..
2703 5319 2753 5365 11
2786 5314 2921 5364 Nov.
2946 5337 3011 5350 -
3035 5313 3077 5348 ¹⁶
3103 5314 3273 5377 mv„
3307 5325 3386 5374 11,
3413 5316 3489 5366 17.
3512 5339 3577 5353 -
3619 5314 3655 5351 ¹¹¹
3694 5316 3713 5366 1
3741 5314 3879 5378 Τίσι,

2358 5399 2430 5453 vr,
2458 5390 2538 5437 1ο.
2563 5414 2615 5424 -
2651 5386 2695 5423 ¹⁸
2715 5384 2888 5447 mela,
2917 5396 3005 5447 ιιι,
3031 5386 3078 5438 2.
3108 5411 3168 5424 —
3194 5386 3235 5421 11
3256 5386 3277 5435 l
3302 5386 3445 5451 Con,
3472 5398 3568 5451 vu,
3594 5388 3643 5440 8.
